2498 4075
365 191 479 234 paruit
508 194 622 223 -venter
645 189 654 219 ζ
685 185 813 220 Tenuia
837 190 943 217 autem
976 184 1125 221 intestina
1166 185 1277 219 omnia
1300 194 1364 217 tam

362 236 460 272 atra,
481 243 577 275 quam
599 228 697 263 carbo
721 227 784 267 est.
818 227 1006 268 Eodemque
1028 226 1175 274 sphacelo
1197 230 1259 265 lien
1282 239 1367 269 quo-

368 289 455 322 que,
478 275 589 308 saltem
612 281 651 309 ex
675 282 784 313 parte,
807 272 941 308 vitiatus
964 278 1054 303 erat.
1080 272 1292 309 Ventriculus
1315 279 1366 306 ta-

368 332 464 359 men,
488 327 646 360 quantum
656 313 851 353 eirtrinsecus
864 313 1000 355 judicari
1017 316 1128 360 potnit
1143 337 1152 354 ‚
1176 312 1363 351 sanusfuit‚

369 367 401 398 &
425 359 584 406 quidquid
609 361 726 402 pariter
749 359 789 392 de
809 356 926 391 Craffis
958 357 1116 391 intestinis
1150 358 1189 391 ab
1220 368 1365 393 extremo

364 408 434 445 Ileo
458 404 494 438 ad
519 404 676 438 sinistrum
702 401 800 444 usque
822 399 1105 442 hypochondrium
1120 402 1278 444 pertinet:
1303 412 1365 434 cae-

363 458 432 483 tera
456 450 544 486 enim
566 448 733 489 >inquirere
757 443 927 487 prohibuit
950 444 1150 482 incredibilis
1172 444 1281 478 odoris
1303 441 1368 479 foe-

365 492 472 532 ditas,
495 503 533 525 eo
556 493 654 524 etiam
680 488 783 530 major
806 487 893 530 quod
909 488 1135 528 perincuriam
1150 512 1159 527 ,
1181 490 1212 523 δι
1234 485 1364 523 festina-

363 537 492 575 tionem
516 533 681 575 perforato
702 531 859 567 intestino
872 530 962 567 auffita
985 532 1107 569 interea
1119 530 1280 573 proluvies
1293 528 1363 566 fue-

365 589 436 619 rat,
461 589 599 622 quacum
625 587 705 611 teres
729 573 899 608 mediocris
922 573 1099 621 lumbricus
1125 573 1307 614 prodierat,

412 633 461 664 15.
486 621 633 660 Vidisti,
656 631 731 659 cum
753 616 1020 655 Adolescentulus
1044 628 1109 658 jam
1130 617 1244 653 melius
1267 616 1364 650 habe-

360 678 396 706 te
420 665 603 701 videretur,
624 673 784 706 quantum
807 662 881 695 vitii
904 659 1028 700 effetin
1042 660 1213 698 Tenuibus
1237 660 1364 696 intesti-

364 714 415 749 nis
438 709 611 747 omn-ibus.
637 707 695 741 Sed
721 706 852 749 putasne
876 703 997 737 faffum
1023 703 1209 745 priusquam
1231 704 1264 735 in
1292 705 1364 736 No,

363 754 547 791 :socomium
569 751 714 788 veniret,
741 759 778 782 an
803 748 969 790 postquam
993 744 1108 783 venit?
1131 747 1164 779 Si
1187 748 1330 788 primum
1351 758 1361 785 ;

363 799 508 842 quinque
531 795 636 836 igitur
656 792 723 828 ,dies
747 801 876 824 tanturn
901 791 978 825 mali
1011 789 1074 826 sine
1099 791 1138 823 iis
1171 791 1259 826 notis
1293 801 1365 833 quae

363 839 521 879 comitari
543 837 728 881 sphacelum
752 834 1019 874 solent,deli.tuit
1035 835 1088 867 ,Si
1102 834 1260 872 alterum5
1282 844 1365 875 quo-

362 886 465 921 modo
499 882 562 919 sirie
602 879 875 921 inflammationis
911 878 1007 920 signis
1033 903 1041 917 ‚
1077 879 1109 910 &
1149 876 1214 913 fine
1248 876 1365 914 affidua

360 926 540 975 praesertim
565 923 652 964 febre
674 933 783 961 ortum
807 923 874 961 est?
909 922 1019 965 Atque
1051 920 1158 957 eadem
1190 919 1256 956 fere
1284 930 1326 970 *te
1350 931 1366 956 a

363 983 414 1006 me
439 969 632 1011 interrogari
667 966 752 1009 posse
775 989 787 1006 ,
818 965 944 999 credito
957 967 971 1002 ‚'
989 975 1063 1002 cum
1095 975 1143 998 eas
1177 976 1249 1006 quae
1280 963 1366 999 inse..

362 1025 534 1057 quuntur,
556 1010 810 1051 Observationes
832 1007 1045 1052 producam,
1079 1019 1132 1041 aut
1162 1019 1237 1042 cum
1275 1007 1366 1042 illam

361 1059 473 1100 Segeri
506 1057 641 1100 legeris,
664 1065 735 1102 quae
757 1054 791 1086 in
816 1052 875 1091 hac
898 1050 1097 1093 Sepulchreti
1123 1051 1218 1088 XIV.
1242 1051 1366 1085 Sestio-

360 1097 437 1142 ne*(
459 1105 514 1142 n)
551 1108 673 1136 extat.
710 1097 884 1136 Nimirum
918 1097 1020 1129 Senex
1056 1094 1264 1138 posteaquam
1297 1093 1366 1127 dies

360 1144 431 1190 jam
449 1143 575 1189 aliquot
600 1144 638 1176 de
671 1142 792 1178 ventris
822 1138 1015 1179 doloribus,
1037 1139 1155 1185 quibus
1176 1146 1241 1173 erat
1261 1137 1368 1186 fabrio-a

358 1191 452 1226 xius,
474 1186 662 1230 conquestus
683 1184 788 1224 fuerat
810 1206 821 1221 ‚
855 1193 920 1219 riori
944 1193 1052 1220 tamen
1077 1181 1156 1214 adeo
1178 1180 1331 1222 gravibus
1355 1202 1365 1219 ,

359 1227 399 1267 ut
422 1231 651 1270 decumberet;
675 1228 804 1268 tandem
825 1227 911 1259 circa
936 1224 1100 1266 vesperam
1124 1235 1162 1257 ex
1185 1224 1284 1258 horto
1309 1224 1365 1259 suo

359 1268 496 1309 domum
521 1273 643 1308 rediens
666 1294 678 1312 ‚
711 1281 778 1303 tam
802 1270 931 1308 acerbos
965 1266 1066 1311 passus
1089 1267 1133 1301 est
1155 1289 1168 1307 ,
1207 1278 1244 1301 ut
1269 1268 1366 1304 nullis

357 1319 508 1359 remediis
543 1314 789 1360 proficientibus
813 1338 822 1352 ‚
854 1313 977 1346 obierit
1003 1310 1157 1354 postridie
1187 1312 1272 1345 circa
1306 1311 1367 1345 ho-

363 1375 435 1398 ram
459 1371 608 1407 quartam
634 1360 828 1399 matutinam
856 1369 866 1395 ,-
898 1358 928 1394 δέ
960 1357 1094 1393 inventa
1127 1355 1261 1397 quidem
1295 1354 1367 1389 sunt

362 1408 427 1445 alia
459 1409 493 1442 in
519 1413 708 1448 pancreate‚
733 1400 874 1448 jecinore
890 1423 901 1439 ,
933 1400 1015 1433 liene
1039 1399 1228 1448 antiquiora
1252 1399 1333 1448 vitia
1355 1409 1370 1442 ‚-

360 1449 414 1490 sed
441 1449 522 1484 illud
557 1458 663 1482 recens
687 1471 695 1485 ,
729 1444 817 1489 quod
840 1441 1004 1483 intestina,
1035 1441 1208 1492 praesertzm
1229 1450 1336 1480 tenum
1359 1465 1368 1482 ‚

360 1506 432 1533 cum
463 1492 527 1533 colo
561 1491 728 1535 nigerrima
751 1488 857 1523 fuere.
884 1486 978 1524 Num
1002 1498 1079 1528 ergo
1090 1486 1161 1533 ‘hoc
1182 1496 1268 1519 intra
1291 1496 1370 1528 pau-

364 1551 418 1573 cas
442 1537 539 1571 horas
564 1533 685 1574 faRum
709 1534 753 1566 est
777 1544 815 1570 ex
836 1542 903 1573 quo
927 1530 1061 1572 segerus
1086 1530 1169 1573 justo
1182 1530 1370 1579 celeriorem

362 1580 615 1625 ,deprehenderat
649 1578 773 1612 arteriae
797 1572 962 1613 motum?
996 1573 1057 1607 Sed
1089 1573 1127 1608 de
1162 1572 1211 1608 his
1245 1572 1372 1606 videbi-

361 1638 435 1664 mus
455 1627 552 1660 etiam
585 1622 671 1661 insra
697 1624 707 1660 (
731 1631 747 1652 ο
769 1623 780 1658 )
809 1644 816 1650 .
851 1618 953 1651 Nunc
977 1626 1015 1650 ut
1038 1617 1077 1651 ad
1101 1616 1245 1653 nostrum
1280 1615 1373 1649 Ado-

359 1668 571 1709 lescentulurn
595 1665 778 1704 redeamus3
803 1662 830 1700 fi
852 1659 1045 1699 constitisset
1068 1685 1076 1701 ,
1112 1671 1177 1692 non
1200 1671 1239 1692 ex
1272 1669 1373 1692 teme-

359 1727 393 1750 re
417 1711 586 1747 vulnerato
610 1734 618 1749 ,
654 1707 706 1746 sed
730 1718 769 1741 ex
803 1714 894 1743 antea
918 1702 1070 1752 disrupto
1093 1701 1248 1751 intestino
1283 1704 1374 1744 puti-

358 1757 518 1793 dissimam
532 1755 623 1793 illam
639 1751 822 1792 proluviem
835 1746 971 1781 effusam
982 1746 1041 1780 esse
1053 1756 1087 1778 in
1100 1755 1222 1779 ventris
1233 1755 1372 1795 cavum-3

360 1812 440 1839 tunc
465 1799 563 1837 animi
589 1795 804 1831 defeetionem
828 1817 837 1833 ‚
869 1793 901 1837 {Sc
936 1788 1147 1823 consecutum
1173 1787 1283 1839 ‘hanc‘
1299 1789 1374 1822 obi-

359 1856 432 1883 tum
457 1841 584 1881 fortasse
609 1837 788 1877 accidisse,
811 1835 1047 1877 conjiceremus
1071 1844 1145 1882 cum
1170 1843 1207 1882 ¹¹¹.
1220 1833 1375 1883 alvieiroj

362 1888 512 1928 nerandae
535 1885 708 1920 conatibus
732 1879 890 1915 fracidam
913 1879 1055 1926 aliquam
1078 1875 1209 1926 distenti
1225 1873 1372 1911 intestini

361 1943 490 1981 partem
513 1929 579 1972 ipse
603 1927 664 1964 sibi
687 1922 898 1969 perrupisset.
923 1923 975 1958 Sic
1000 1932 1086 1954 enim
1108 1917 1279 1961 Wepferus
1289 1929 1373 1959 quo-

363 1990 451 2022 que,
474 1984 510 2011 ut
535 1973 655 2016 pariter
681 1972 715 2005 in
739 1968 886 2005 Sei-“tione
909 1965 970 2000 hac
984 1961 1191 2014 Sepulchreti
1214 1965 1228 2003 (
1247 1972 1270 2004 p
1292 1964 1307 2000 )
1328 1961 1375 1994 le-

365 2034 444 2066 ges,
467 2022 502 2055 in
526 2013 729 2054 atrociffimis
751 2011 921 2047 doloribus
944 2007 1085 2049 intestzna
1108 2005 1250 2049 disrupta
1283 2015 1375 2038 com-

366 2062 524 2104 memorat
539 2085 551 2103 ,
575 2071 609 2093 ac
626 2058 732 2102 sordes
756 2064 859 2090 omnes
881 2054 914 2090 ,in
939 2062 1051 2086 cavum
1083 2048 1194 2099 effusas
1226 2059 1296 2083 cum
1328 2058 1374 2085 re.

365 2100 493 2154 pentina
526 2114 677 2147 aegrorum
710 2097 966 2142 interemptione.
993 2095 1105 2144 Quam
1139 2094 1231 2143 illico
1264 2101 1374 2127 tamen

368 2164 435 2192 non
459 2151 581 2191 semper
603 2143 775 2181 necessario
807 2140 897 2182 sequi
924 2166 934 2181 ‚
967 2138 1039 2189 duae
1073 2148 1106 2170 in
1141 2137 1291 2188 pectione
1324 2146 1375 2170 ea-

368 2198 442 2233 dem
467 2190 723 2227 Observationes
748 2190 758 2225 (
783 2196 802 2228 q
824 2186 838 2223 )
862 2184 1023 2221 Fernelii,
1049 2183 1080 2217 ,δι
1106 2182 1258 2231 niver-n,
1282 2191 1375 2213 com-

367 2239 569 2279 monstrant.-
596 2245 653 2269 nec
686 2230 844 2272 discrepat
868 2238 931 2261 una
953 2238 991 2260 ex
1015 2224 1129 2263 nostris
1152 2222 1300 2266 Epistola
1326 2223 1375 2272 su-

393 2286 493 2319 eriore
517 2275 533 2320 ('
551 2280 600 2323 r)
627 2275 789 2317 descripta
817 2295 823 2305 ‚
856 2270 911 2304 Ad
934 2270 991 2305 has
1018 2295 1027 2309 ‚
1068 2280 1106 2302 an
1131 2268 1168 2302 ad
1191 2267 1263 2300 illas
1297 2275 1377 2300 atti-

366 2299 440 2364 gere
471 2321 579 2359 credas
609 2332 683 2364 quae
706 2320 741 2350 in
767 2317 978 2350 Commercio
1011 2313 1191 2349 Litterario
1213 2309 1270 2360 (s
1288 2313 1322 2359 λ,
1345 2312 1378 2345 &

367 2376 402 2408 in
419 2366 674 2405 AstisCaesareae
686 2359 872 2396 Academiae
899 2362 908 2396 (
932 2365 947 2393 t
970 2361 980 2395 )
1004 2357 1178 2404 leguntur,
1203 2357 1377 2390 arbitrium

369 2425 464 2454 tuum
490 2412 596 2446 facio.
622 2408 668 2444 At
692 2412 776 2438 certe
801 2401 837 2434 ad
862 2401 933 2435 illas
970 2408 1088 2432 attinet
1118 2408 1189 2439 quae
1225 2408 1326 2445 nuper
1360 2409 1377 2429 a

371 2460 428 2495 el.
453 2453 608 2489 Galeatio
629 2452 644 2489 (
666 2460 686 2483 u
707 2451 721 2490 )
744 2442 908 2489 proposita
932 2441 997 2481 est3
1021 2441 1099 2475 adeo
1123 2440 1239 2489 subito.
1268 2450 1375 2473 Virum

367 2488 560 2541 necaverant
583 2493 748 2529 tormina,
774 2488 865 2531 cujus
888 2495 998 2519 venter
1031 2484 1142 2534 plenu-s
1174 2492 1300 2532 pariter¹
1326 2494 1378 2516 re-

389 2550 609 2582 rementorum
634 2539 783 2570 inventus
807 2532 849 2565 est
872 2541 943 2572 quae
969 2541 984 2563 e
999 2537 1098 2568 rupto
1121 2535 1376 2562 irruerantinte-

367 2561 467 2629 simo*
605 2581 678 2626 Jam
702 2587 778 2611 vero
802 2574 958 2608 funestam
991 2571 1160 2605 historiam
1188 2596 1197 2611 ,
1228 2572 1377 2611 quamvis

368 2613 498 2671 dom-'es
520 2637 586 2663 non
611 2622 710 2661 modo
734 2618 945 2660 remiserant,
970 2615 1021 2652 sed
1043 2616 1183 2653 omnino
1207 2614 1378 2658 abierant,

363 2674 586 2728 proferamus.
790 2707 797 2714 ,
817 2706 825 2716 ⁹
1112 2704 1120 2710 ι
1197 2703 1204 2710 ‚
1223 2702 1230 2708 ‚

419 2722 466 2753 16.
490 2711 684 2751 MULIER
710 2707 865 2752 gracilis,
889 2704 1007 2740 statura
1030 2703 1147 2743 brevi,
1170 2700 1290 2752 bilioso
1307 2724 1319 2742 ‚
1343 2709 1380 2736 ut

372 2755 493 2802 vocant
509 2785 518 2800 ,
542 2762 821 2801 temperamento,
844 2760 945 2783 annos
969 2756 1044 2781 nata
1067 2747 1105 2780 ad
1129 2745 1345 2789 quadraginta
1370 2768 1380 2784 ‚

373 2822 392 2847 a
416 2807 522 2845 [sibus
545 2800 676 2839 circiter
700 2797 818 2831 vidua,
842 2793 882 2826 ab
916 2792 994 2826 οᾶο
1018 2790 1082 2824 sine
1115 2789 1287 2826 menstruis
1310 2812 1319 2827 ‚
1351 2791 1382 2824 δε

373 2858 568 2897 propterea,
593 2852 629 2877 ut
652 2840 823 2877 credebat,
847 2835 982 2870 subinde
1020 2833 1208 2883 sanguinem
1230 2832 1380 2874 exspuere

371 2896 490 2934 solita,
512 2891 553 2926 fic
576 2896 681 2922 tamen
696 2905 705 2921 ‚
728 2893 763 2916 ut
787 2879 870 2916 mihi
892 2881 929 2914 de
940 2878 1106 2927 pharynge
1130 2886 1262 2927 potius,
1281 2886 1378 2918 quam

371 2940 413 2976 de
435 2936 588 2979 pulmone
603 2956 612 2970 ‚
637 2926 787 2971 prodiisse
800 2924 965 2958 videretur
981 2947 989 2961 ,
1014 2920 1180 2954 noviffime
1191 2931 1231 2953 ex
1253 2929 1300 2952 ira
1315 2945 1324 2959 ‚
1347 2921 1378 2952 &

372 2981 474 3019 animi
499 2974 689 3020 aegritudine
722 2971 756 3002 in
789 2969 937 3003 dolorem
973 2963 1113 3004 incidit,
1137 2964 1190 3014 ob·
1213 2974 1309 3009 quem
1344 2973 1378 2999 in

368 3019 567 3061 Bononiensi
590 3019 621 3055 S.
646 3014 763 3052 Mariae
801 3012 841 3046 de
865 3011 977 3044 Morte
1009 3008 1215 3044 Nosocomio
1248 3005 1378 3057 decurii-

370 3059 583 3106 bere'coac’ca
606 3061 648 3097 est
682 3056 739 3093 sub
761 3056 894 3091 initium
920 3054 1037 3086 Martii
1059 3053 1103 3086 A.
1131 3054 1223 3093 1706.
1251 3051 1329 3084 Erat
1352 3060 1379 3083 is

369 3099 472 3149 dolor*
491 3105 580 3154 quasi
605 3117 622 3138 a
644 3101 758 3137 cultris
781 3097 1020 3132 scindentibus,
1045 3098 1186 3141 primum
1222 3093 1307 3128 infra
1339 3093 1380 3127 si-

366 3156 504 3192 ›nistram
531 3157 704 3186 mammam
720 3169 728 3184 ,
752 3153 848 3187 quam
872 3140 974 3174 sedern
998 3150 1062 3174 non
1098 3139 1282 3188 relinquens
1305 3161 1314 3177 ‚
1349 3136 1379 3170 se

373 3198 476 3243 postea
502 3193 649 3231 extendit
682 3190 780 3224 etiam
804 3184 887 3222 infra
911 3184 1099 3223 dexteram,
1121 3182 1314 3232 sed-lemor,
1342 3190 1378 3219 ut

371 3246 407 3278 in
432 3241 491 3274 hoc
515 3240 600 3273 latus
621 3235 738 3269 cubare
761 3230 893 3266 sineret.
920 3228 971 3261 Ad
985 3228 1117 3277 raecum
1141 3237 1227 3261 enim
1258 3226 1376 3259 cresce.

370 3287 449 3323 bat:
473 3281 706 3322 difficilemque
738 3273 878 3309 faciebat
911 3271 1154 3313 respirationem
1176 3293 1183 3299 .
1216 3269 1378 3303 Invaserat

371 3341 447 3367 cum
472 3325 580 3362 febrili
606 3325 711 3364 rigore
737 3333 747 3352 .-
782 3319 839 3361 qui
862 3314 974 3352 diebus
997 3314 1129 3357 fingulis
1162 3313 1345 3363 recurrebat
1367 3327 1377 3352 3

368 3385 428 3407 nec
451 3370 549 3404 febris
571 3375 679 3401 tamen
702 3359 962 3398 intermittebat.
987 3358 1140 3392 Rubebat
1167 3354 1280 3390 facies:
1306 3369 1376 3390 mo-

372 3406 455 3453 lesta*
471 3422 536 3447 erat
559 3411 651 3448 fitis·‚
675 3408 726 3442 sed
751 3405 838 3441 tuffis
863 3404 984 3445 magis,
1009 3411 1044 3434 ut
1077 3413 1149 3445 quae
1172 3399 1374 3447 exa-sperabat

368 3459 539 3494 dolorem.
565 3455 667 3496 Sputa
681 3451 759 3492 saepe
771 3457 926 3485 cruenta,·
951 3446 1029 3479 alias
1040 3445 1132 3492 alba,
1154 3444 1273 3481 crassa,
1300 3445 1374 3486 spu-

370 3503 478 3542 mosa.
501 3498 617 3535 Sensus
640 3493 817 3539 aliquando
848 3489 936 3533 quasi
959 3491 1007 3523 rei
1031 3488 1070 3522 ad
1092 3487 1243 3535 Jugulum
1267 3486 1372 3523 asem-

372 3606 1650 3640 ῥῤ-,ᾲ--θη-ύ--ῄ-’Μ-ῄ-,ῇ

1028 3655 1042 3685 (
1059 3660 1076 3685 ρ
1092 3654 1106 3683 )
1121 3654 1146 3678 in
1162 3652 1287 3678 Melitam,
1307 3651 1366 3676 Obs.
1385 3660 1406 3681 3.
1646 3680 1651 3685 ⁸

819 3690 833 3717 (
848 3696 865 3711 ιι
880 3688 894 3715 )
910 3688 1053 3710 Comment.
1069 3683 1098 3713 de
1118 3687 1210 3711 Bonon.
1227 3685 1265 3709 Se.
1280 3682 1356 3710 Aeaci.
1372 3684 1447 3710 Tom-
1464 3689 1488 3716 3.
1505 3687 1568 3708 inter
1583 3681 1695 3707 Medica.

431 3641 577 3693 (nlobfi
594 3664 619 3686 θ’
680 3655 964 3689 (0)n.19.&seqq.

429 3697 473 3759 ἶς’
486 3693 500 3755 3
515 3693 589 3715 Tom.
605 3693 627 3715 8.
643 3691 701 3715 Obs.
718 3698 756 3718 47.

517 3723 559 3748 lv.
577 3721 692 3749 Animad.
708 3727 748 3751 ²5·
808 3719 823 3751 ς
839 3725 857 3747 z
873 3717 887 3747 2
904 3717 945 3746 lx.
961 3723 1038 3747 n214.

952 102 1107 160 Liber
1139 103 1229 162 ΙΙΙ.
1264 105 1343 161 De
1380 104 1588 162 Morbis
1621 104 1847 159 Ventris·
2262 124 2290 130 e

1417 182 1544 216 dentis.
1567 183 1674 216 Dolor
1696 184 1835 227 denique
1859 184 1943 218 circa
1966 184 2160 219 umbilicum
2184 195 2248 220 non
2274 184 2361 222 secus
2385 197 2422 221 ae

1418 227 1444 260 fi
1467 237 1558 263 canes
1581 225 1785 260 morderent.
1809 228 1915 262 Alvus
1940 237 2007 260 erat
2029 229 2119 261 laxa.
2145 229 2261 264 Missus
2278 230 2325 263 est
2350 231 2423 263 san-

1417 271 1488 312 guis
1512 282 1527 302 e
1552 269 1650 311 pede:
1674 273 1704 307 ἃ
1729 271 1791 304 alia
1810 283 1886 313 quae
1921 273 2016 306 utilia
2048 271 2119 307 fore
2151 272 2274 307 credita
2307 273 2381 308 sunt
2406 295 2419 312 ‚

1414 313 1637 348 ,administrata
1653 336 1661 344 .
1687 314 1809 349 Diebus
1833 313 1901 356 post
1924 316 2035 357 paucis
2059 326 2069 353 3
2103 314 2191 349 nulla
2214 319 2331 358 praevia
2358 319 2423 350 cri-

1413 358 1478 390 tica
1501 356 1732 402 evacua-tione,
1755 357 1833 391 adeo
1861 358 2007 392 remisere
2029 359 2138 391 omnia
2157 381 2170 398 ,
2200 369 2239 393 ut
2273 360 2421 395 Medicus

1415 398 1587 445 foeminam
1610 410 1675 442 Jam
1699 399 1777 435 bene
1800 399 1940 441 habere,
1962 401 2252 444 pronunciaverit.
2272 405 2422 446 Surgiti-

1417 443 1490 485 psa:
1514 443 1565 477 sed
1587 440 1815 478 fatiscentibus
1838 444 1982 484 viribus,
2006 456 2084 478 mox
2108 444 2146 478 ad
2183 444 2338 480 leeculum
2372 458 2425 480 re-

1414 487 1485 521 dire
1507 489 1664 527 cogitur,
1687 487 1744 521 ubi
1768 488 1802 520 in
1828 486 1856 521 se
1880 489 2069 526 contracta,
2095 498 2130 522 ut
2154 500 2170 520 a
2192 486 2312 530 frigore
2343 488 2425 524 sole-

1416 542 1507 569 mus,
1529 531 1561 562 &
1577 528 1640 563 sine
1652 529 1988 570 pulsibusinvenitur.
2014 531 2242 571 Quaerentibus
2256 557 2264 572 ‚
2289 544 2327 565 an
2348 532 2424 568 tho-

1416 575 1518 612 racis,
1545 584 1583 606 an
1609 574 1728 606 ventris
1751 573 1861 607 dolore
1884 574 2156 612 confiietaretur,
2180 585 2331 608 neutrum
2355 587 2422 609 am-

1416 618 1501 659 plius
1524 614 1642 650 sentire
1666 615 1714 653 se,
1738 617 1805 648 ait.
1834 617 1959 651 Eodem
1970 617 2187 654 diefoetidurn
2206 617 2342 660 dejicere
2353 618 2424 653 sari-

1414 661 1549 703 guinem
1571 660 1673 701 coepit
1695 684 1703 693 .
1736 659 1897 695 Deliravit
1920 662 2026 703 postea
2049 675 2060 695 .·
2093 664 2124 693 &
2159 662 2330 695 tendinum
2362 662 2423 704 qui

1413 704 1452 737 ad
1475 714 1589 745 carpos
1612 703 1705 742 sunt,
1728 704 1907 736 convulsivi
1933 703 2093 738 subsultus
2106 704 2135 738 se
2149 704 2417 738 seostenderunt.

1418 750 1476 783 Pei·
1500 747 1568 783 haec
1591 746 1731 780 debilior
1756 744 1862 783 fasta,
1887 756 1922 779 ut
1943 748 2032 790 loqui
2046 749 2185 790 amplius
2208 759 2273 782 non
2296 746 2422 791 posset,

1413 791 1468 827 die
1491 790 1530 823 ab
1553 791 1683 824 ineunte
1701 792 1818 824 morbo
1841 790 1936 824 XVI.
1963 792 2071 825 vivere
2090 790 2185 825 deiiit
2201 815 2208 822 .
2341 792 2420 825 AB·

1416 832 1636 872 DOMINE,
1659 833 1745 876 quod
1757 832 1961 872 subsidebat,
1983 834 2110 873 inciso,
2133 833 2329 873 &diduesm
2357 833 2423 870 foe-

1417 887 1496 918 ror,
1520 877 1624 919 qualis
1646 887 1684 910 ex
1709 887 1879 919 gangraena
1903 875 2000 917 solet,
2021 890 2097 913 cum
2130 879 2234 911 odore
2267 878 2327 911 illo
2359 880 2420 911 mi-

1417 920 1503 959 stus,
1526 922 1583 962 qui
1608 920 1663 953 ubi
1687 920 1841 955 lumbrici
1866 919 1956 957 sunt,
1981 920 2069 963 quasi
2094 933 2132 955 ex
2165 922 2254 956 acida
2288 922 2423 954 materia

1417 965 1545 998 -videtur
1566 964 1698 998 emitti,
1725 963 1797 997 Nec
1822 963 1892 996 sane
1913 964 2068 998 lumbrici
2091 973 2205 997 teretes
2224 964 2356 998 deerant
2388 965 2423 997 iri

1419 1008 1590 1043 Tenuibus
1613 1007 1789 1044 intestinis,
1812 1019 1886 1040 ουκ
1910 1005 1976 1040 fere
1998 1008 2108 1040 omnia
2133 1018 2171 1041 ex
2191 1008 2292 1041 rubro
2315 1008 2425 1042 colore

1418 1051 1458 1084 ad
1482 1050 1641 1089 lividum,
1667 1050 1962 1093 nigrescentemque
1983 1051 2206 1085 inclinabant.
2231 1050 2321 1084 Idem
2334 1062 2438 1084 mor-s

1417 1094 1512 1128 bosus
1537 1095 1621 1127 livor
1644 1093 1757 1128 fimam
1779 1094 1873 1130 lienis
1894 1093 2009 1130 faciem
2042 1093 2178 1129 inferius
2208 1094 2389 1136 occupabat
2412 1116 2425 1134 ‚

1413 1138 1454 1171 in
1479 1136 1607 1181 e'usque
1631 1136 1841 1171 substantiam
1865 1138 2019 1173 nonnihil
2052 1138 2206 1182 pergebat
2226 1163 2234 1170 .
2270 1138 2423 1171 Pancreas

1416 1193 1471 1214 cra
1499 1192 1545 1213 ius
1568 1180 1690 1213 fafium
1704 1205 1712 1219 ‚
1733 1192 1772 1213 ex
1794 1180 1954 1215 induratis
1976 1183 2068 1224 quasi
2082 1181 2225 1223 globulis
2239 1181 2423 1215 constabat.

1416 1223 1650 1263 Duriusculurn
1673 1235 1801 1266 quoque
1824 1234 1891 1257 erat
1914 1223 2023 1266 jecur,
2044 1223 2136 1266 cujus
2159 1223 2327 1258 vesiculam
2361 1224 2427 1257 cal-

1417 1269 1485 1302 culi
1509 1267 1548 1302 ad
1571 1278 1700 1301 centum
1725 1268 1891 1309 vigintiin
1915 1269 1978 1302 bile
2004 1267 2160 1310 pallidula
2182 1267 2404 1301 distendebant
2419 1291 2429 1303 .

1418 1312 1553 1345 Horum
1575 1314 1632 1355 qui
1653 1311 1810 1352 maximi,
1836 1312 1957 1354 viginti
1970 1313 2119 1351 circiter,
2143 1311 2290 1345 avellanae
2305 1312 2430 1353 magni-

1419 1353 1568 1389 tudinem
1579 1356 1770 1399 aequabant.
1793 1356 1924 1388 Caetera
1945 1367 2016 1397 quae
2050 1354 2089 1389 ad
2124 1353 2184 1388 hos
2207 1356 2369 1394 attinent,
2394 1355 2428 1388 iii

1422 1398 1624 1432 Adversariis
1658 1402 1668 1439 (
1695 1408 1717 1431 x
1740 1401 1751 1437 )
1786 1400 1895 1441 primo
1918 1399 1992 1432 loco
2015 1397 2161 1441 descripsi
2183 1421 2190 1430 .
2236 1398 2275 1430 In
2309 1398 2429 1440 quibus

1418 1444 1476 1485 (y
1494 1441 1512 1485 )
1535 1443 1576 1477 de
1600 1442 1660 1475 situ
1681 1453 1814 1483 quoque
1826 1442 1911 1475 uteri
1933 1441 2028 1484 huius
2040 1440 2350 1476 Viduaeindicatum
2364 1441 2406 1474 est
2420 1466 2430 1481 ,

1420 1486 1466 1519 ob
1490 1486 1617 1519 brevius
1639 1485 1831 1519 Rotundum
1856 1486 2024 1520 vinculum
2046 1488 2093 1519 ita
2115 1487 2149 1518 in
2175 1485 2343 1519 dexterum
2364 1485 2433 1525 pel-

1421 1532 1470 1563 vis
1493 1529 1578 1563 latus
1600 1529 1751 1568 serrasti,
1775 1538 1811 1561 ut
1837 1529 1979 1562 medium
2003 1530 2103 1573 pelvis
2129 1528 2194 1562 fine
2217 1537 2310 1561 utero
2334 1527 2433 1562 esset.

1423 1574 1528 1609 Porro
1551 1585 1615 1616 qua
1641 1571 1763 1608 sinistra
1786 1571 1886 1607 Tuba
1909 1584 1948 1607 ex
1971 1583 2064 1606 utero
2077 1572 2260 1615 emergebat
2275 1593 2284 1608 ‚
2308 1573 2432 1614 promi-

1424 1617 1520 1650 nebat
1544 1615 1667 1658 pustula
1693 1615 1767 1649 albo
1791 1626 1870 1657 pure
1893 1614 2026 1659 turgida
2049 1641 2058 1655 ,
2082 1616 2231 1659 lupinum
2265 1626 2395 1657 aeqnans
2417 1625 2431 1655 ,·

1425 1659 1600 1696 substantia
1624 1666 1730 1693 autem
1754 1661 1944 1700 uteriquam
1969 1659 2090 1700 pustula
2113 1667 2322 1696 excavaverat
2337 1684 2345 1699 ,
2370 1658 2429 1692 hac

1426 1702 1554 1744 pertusa
1569 1728 1578 1742 ,
1604 1703 1635 1735 ,δε
1658 1700 1773 1734 εόυξὶο
1797 1711 1899 1743 pure,
1924 1703 1956 1735 ni
1984 1702 2123 1736 rescebat
2138 1727 2146 1735 .
2170 1702 2276 1735 Tubae
2299 1712 2363 1735 nori
2386 1703 2434 1735 al-

1426 1747 1526 1786 bam,
1549 1745 1599 1779 sed
1622 1755 1661 1777 ex
1684 1744 1791 1778 colore
1814 1755 1930 1778 carneo
1980 1746 2190 1779 lavescentem
2222 1746 2434 1781 continebant

1428 1791 1617 1826 materiam.
1645 1788 1755 1824 Testes
1778 1789 1966 1829 contraisti,
1990 1799 2064 1822 cum
2091 1790 2200 1831 paucis
2234 1789 2321 1822 intus
2355 1788 2435 1822 vesi-

1427 1835 1510 1867 culis
1533 1845 1544 1865 .·
1576 1834 1607 1864 &
1641 1832 1771 1867 alterius
1802 1833 1912 1868 tunica
1947 1833 2036 1875 quasi
2070 1832 2304 1874 cartilaginea.

1423 1876 1610 1910 Thoracem
1635 1874 1806 1916 aperiendo
1827 1896 1836 1911 ‚
1873 1875 2041 1917 pulmones
2065 1878 2224 1910 anteriore
2254 1874 2338 1909 facie
2364 1887 2437 1919 per-

1426 1920 1537 1962 paucis
1561 1920 1595 1951 in
1619 1918 1699 1952 locis
1719 1917 1758 1950 ad
1783 1918 1924 1960 pleuram
1949 1930 2003 1962 per
2025 1919 2261 1955 membranulas
2285 1919 2436 1961 alligatos

1426 1964 1609 1996 invenimus
1626 1984 1635 2000 ‚
1657 1971 1773 1996 caetera
1796 1960 1942 1996 solutos:
1966 1963 2057 1997 sanos
2088 1974 2238 2005 quoque,
2262 1962 2285 1995 si
2306 1963 2433 1998 dexteri

1426 2007 1623 2041 anteriorem
1646 2005 1787 2046 excipias
1809 2015 1954 2047 partem,
1976 2018 2016 2040 cu
2035 2017 2070 2040 us
2093 2006 2283 2048 compaffii,
2307 2005 2436 2040 sednon

1426 2049 1591 2086 maxime,
1615 2057 1682 2082 erat
1707 2047 1901 2084 substantia.
1927 2018 2029 2084 Nihil
2052 2051 2086 2083 in
2112 2048 2293 2092 pericardio
2316 2049 2435 2084 humo-

1425 2094 1491 2129 ris:
1515 2093 1549 2124 iri
1575 2090 1703 2128 flaccidi
1727 2100 1839 2126 autem
1863 2093 1971 2127 cordis
2005 2093 2188 2127 ventriculo
2221 2092 2380 2134 dextero,
2401 2097 2434 2128 &

1426 2136 1466 2174 ad
1488 2137 1601 2171 omnia
1624 2134 1750 2168 orificia
1774 2136 1940 2179 polyposae
1963 2136 2146 2173 ‚mediocres
2177 2138 2401 2171 concretiones
2427 2162 2436 2170 .

1556 2179 1689 2220 Qibus
1714 2188 1821 2212 autem
1844 2191 1861 2213 e
1890 2179 2065 2223 pliaryngis
2084 2180 2210 2214 sedibus
2221 2190 2352 2213 cruenta
2365 2179 2438 2223 spu-

1426 2232 1459 2256 ta
1484 2222 1723 2264 provenissent,
1748 2223 1783 2258 in
1806 2223 1963 2265 Epistolis
1985 2224 2192 2258 Anatomicis
2227 2227 2237 2262 (
2263 2224 2321 2265 z)
2358 2225 2439 2259 scri·

1427 2276 1520 2309 ptum
1547 2267 1612 2300 est.
1747 2267 1858 2308 Caput
1881 2266 2021 2309 denique
2043 2278 2118 2301 cum
2143 2280 2159 2301 a
2178 2268 2357 2303 cervicibus
2381 2269 2439 2309 ab,-

1427 2309 1641 2348 scinderetur,
1668 2320 1723 2353 per
1748 2310 2089 2354 maximumoccipitis
2102 2311 2246 2345 foramen
2270 2323 2359 2353 aquae
2372 2324 2438 2346 non

1428 2356 1545 2396 exigua
1557 2355 1652 2395 copia
1666 2351 1789 2395 prodiit
1803 2365 1812 2385 .·
1836 2364 1909 2395 quae
1921 2376 1930 2392 ,
1943 2355 2056 2388 cranio
2072 2355 2232 2395 reserato,
2256 2352 2314 2388 sub
2325 2357 2438 2390 Tenui

1427 2409 1558 2439 quoque
1582 2398 1754 2439 meninge,
1778 2408 1794 2429 a
1818 2394 1950 2432 sinistris
1974 2398 2174 2440 praesertim,
2211 2401 2344 2433 inventa
2368 2400 2411 2433 est
2426 2424 2433 2431 .

1425 2442 1465 2478 ln
1489 2441 1692 2474 Lateralibus
1714 2440 1838 2475 cerebri
1863 2442 2051 2476 ventriculis
2076 2441 2270 2476 subrubrum
2297 2441 2399 2476 serum
2424 2466 2435 2482 ,

1425 2486 1457 2518 i&
1482 2482 1592 2525 plexus
1610 2483 1792 2517 Choroides
1803 2483 1915 2518 multis
1925 2484 2138 2526 liydatidibus
2151 2486 2320 2527 inaequales
2334 2509 2344 2525 ‚
2366 2498 2439 2529 quae

1427 2527 1517 2561 raeiri
1539 2525 1633 2560 facile
1653 2525 1936 2569 disrumpebantur
1951 2551 1959 2560 .
1984 2528 2014 2560 E
2047 2529 2232 2563 medullaris
2253 2528 2437 2564 substantiae

1428 2569 1625 2604 sectionibus
1646 2582 1709 2613 qua
1734 2572 1849 2612 panesa
1864 2570 2042 2612 sanguifera
2056 2571 2083 2605 se
2106 2571 2339 2613 ostendebant,
2362 2575 2437 2617 plus

1429 2612 1592 2655 sanguinis
1614 2625 1712 2657 quam
1736 2613 1849 2656 saepius
1871 2613 1988 2652 soleat,
2015 2616 2277 2656 exprimebatur.
2301 2617 2354 2650 Ex
2375 2617 2438 2652 hoc

1430 2657 1585 2698 cerebro,
1608 2660 1754 2693 utetiam
1766 2669 1804 2691 ex
1815 2658 1945 2699 lingua,
1972 2657 2159 2701 pharynge,
2182 2658 2321 2701 ipsisque
2335 2661 2435 2700 adeo,

1431 2713 1516 2744 quos
1539 2701 1693 2740 dissecui,
1717 2702 1822 2735 oculis
1845 2703 1932 2737 idem
1955 2701 2009 2738 ille
2032 2701 2070 2735 de
2093 2714 2160 2746 quo
2182 2704 2217 2737 iri
2242 2703 2365 2738 Ventre
2386 2706 2437 2739 di-

1431 2747 1487 2783 xi,
1512 2746 1674 2779 vermium
1698 2745 1779 2779 odor
1804 2745 1977 2781 existebat.

1481 2799 1530 2832 17.
1557 2790 1589 2821 Si
1613 2801 1684 2831 quae
1709 2789 1746 2822 ad
1759 2789 1910 2825 delirium
1926 2813 1934 2827 ,
1956 2787 1994 2823 ad
2006 2790 2251 2827 convulsiones‚
2277 2790 2314 2826 ad
2326 2803 2436 2826 cruen-

1433 2842 1503 2867 tum
1528 2833 1658 2875 sputum
1680 2857 1688 2872 ‚
1724 2831 1763 2865 ad
1794 2833 1934 2875 pectoris
1966 2832 2117 2873 dolores,
2141 2832 2178 2866 ad
2204 2834 2346 2878 aliosque
2386 2834 2436 2869 af-

1431 2876 1535 2913 fefius
1560 2901 1569 2917 ,
1601 2888 1684 2918 quos
1715 2875 1769 2910 hic
1794 2887 1858 2909 non
1884 2876 2101 2915 attendimus,
2126 2876 2258 2917 seponas
2281 2900 2290 2915 ‚
2323 2881 2354 2912 &
2376 2881 2436 2913 do-

1429 2921 1511 2956 lores
1534 2929 1663 2954 tantum
1688 2918 1915 2954 intestinorum
1938 2919 2107 2962 respicias5
2130 2919 2224 2955 facile
2248 2923 2433 2965 intelliges,

1427 2975 1503 2997 cum
1525 2963 1559 2998 hi
1581 2988 1591 3003 ‚
1624 2972 1660 2997 ut
1683 2973 1818 3003 caetera,
1843 2963 1929 2997 nulla
1952 2964 2147 3007 praecedente
2165 2965 2280 2999 critica
2304 2977 2436 3001 evacua-

1428 3008 1543 3048 tione,
1568 3006 1596 3041 se
1619 3007 1697 3041 adeo
1720 3007 1932 3046 remiserunt,
1954 3017 1991 3043 ut
2015 3007 2119 3041 valere
2143 3008 2259 3041 mulier
2291 3011 2435 3044 credere..

1429 3061 1501 3089 tur,
1526 3063 1581 3085 nec
1605 3049 1672 3093 ipsa
1695 3051 1832 3096 amplius
1854 3050 2001 3084 dolorem
2025 3051 2127 3085 ullum
2154 3050 2287 3086 sentiret
2311 3061 2327 3090 3'
2355 3063 2434 3087 tunc

1429 3095 1580 3131 intestina
1604 3096 1701 3130 livere
1723 3105 1813 3137 jam,
1836 3096 1865 3127 δι
1891 3093 2067 3137 nigrescere
2090 3091 2246 3136 coepisse,
2267 3096 2355 3138 quod
2380 3098 2435 3130 de-

1430 3138 1529 3181 jedio
1553 3138 1660 3173 foetidi
1684 3138 1846 3179 sanguinis
1869 3137 2069 3178 illoipsodie
2091 3147 2184 3174 ortai
2209 3139 2292 3172 utde
2317 3139 2433 3182 asphy-

1430 3185 1482 3215 xia
1506 3180 1588 3216 nihil
1607 3181 1779 3219 dicamus;
1813 3181 2088 3216 commonstrabat
2114 3205 2121 3213 .
2158 3181 2309 3215 Omnino
2348 3182 2432 3216 nihil

1430 3225 1633 3268 suspiciosius
1657 3224 1698 3258 est
1713 3247 1722 3263 ‚
1746 3236 1843 3268 quam
1867 3234 1994 3268 repente
2017 3248 2026 3263 ‚
2060 3227 2091 3260 &
2121 3233 2237 3267 praeter
2270 3227 2431 3261 rationem

1430 3269 1558 3302 dolores
1581 3270 1783 3302 evanescere.
1810 3269 1991 3303 Recentem
2015 3267 2096 3303 milii
2121 3267 2208 3302 suam
2230 3280 2356 3306 narrare
2393 3271 2428 3304 iri

1429 3313 1511 3347 hanc
1547 3324 1615 3346 rem
1648 3311 1919 3346 Observationem
1954 3313 2086 3353 memini
2122 3310 2374 3352 sagacissimum,
2397 3317 2430 3348 &

1429 3355 1731 3398 experientiffimum
1757 3355 1946 3392 Medicum,
1968 3367 2065 3398 quem
2089 3356 2122 3387 iri
2154 3355 2312 3389 Valsalvae
2348 3356 2427 3391 Vita

1428 3400 1577 3436 laudavi,
1602 3400 1731 3432 Petrum
1756 3398 2001 3433 Molinellium.
2026 3397 2268 3432 Melancholico
2304 3408 2427 3440 tempe-

1426 3453 1572 3476 ramento
1597 3444 1751 3485 praeditus
1775 3441 2023 3476 adolescentulus
2046 3441 2132 3474 febre
2157 3450 2248 3474 acuta
2270 3453 2344 3474 curn
2357 3443 2428 3477 fau-

1423 3489 1510 3524 cium
1522 3485 1785 3522 inflammatione
1797 3507 1808 3525 ,
1822 3488 1853 3522 &
1865 3486 1988 3523 delitiis
1999 3486 2194 3528 corripitur.
2219 3485 2316 3560 Circai
2328 3487 2425 3521 XIV.

2322 3540 2383 3561 ῙΕΠ]

1469 3652 1484 3681 (
1500 3658 1514 3685 q
1530 3651 1545 3680 )
1560 3658 1594 3680 ²3·
1609 3649 1631 3673 8c
1650 3657 1686 3674 ιι.
1697 3650 1753 3682 §.4
1866 3650 1880 3678 )
1895 3657 1921 3674 n.
1935 3657 1960 3706 g:
2023 3649 2031 3677 (
2047 3648 2301 3680 s)A-1742.Hebd·
2314 3657 2386 3680 fidi·
2399 3656 2422 3676 a·

1757 3682 1765 3711 (
1784 3688 1799 3705 x
1815 3649 1895 3711 grill-
1911 3682 1932 3707 A
1952 3679 2024 3706 imad.
2041 3680 2079 3706 ²8.
