2498 4075
459 271 680 340 Epistola
718 274 877 328 Anat.
916 272 1132 329 Medica
1169 275 1259 328 IV.
1293 273 1416 328 Art·
1454 291 1536 328 20.
1569 276 1624 330 &
1655 288 1731 327 21.

74 346 341 384 cri-firmitudine
363 362 374 392 3
407 361 488 395 aqua
512 361 615 387 autem
636 351 730 393 copia
745 362 816 384 *non
840 349 965 385 mod-ica
989 353 1072 386 intra

73 392 219 427 cranium
243 391 349 428 fuisset
370 418 376 425 .
403 395 490 436 Nam
513 403 725 437 praeterquam
748 395 837 439 quod
859 394 1004 429 cerebelli
1026 395 1073 427 la-

72 434 180 473 mellas
204 437 298 477 potui
321 437 410 472 nullo
432 439 562 478 negotio
585 437 730 470 diducere
749 460 758 475 ‚
797 437 899 480 reapse
923 450 1001 480 aqua
1035 450 1074 474 ex

73 480 184 511 cranio
205 478 372 516 effluxerat
394 491 412 514 a
432 481 610 514 cervicibus
633 491 821 524 amputato,
844 484 875 515 δε
900 483 976 515 dum
994 480 1073 514 serra

72 521 196 555 circum
220 522 372 558 secaretur
398 545 407 561 ‚
442 521 594 561 effluebat
615 548 627 563 ‚
661 528 692 557 &
716 523 772 559 sub
794 526 902 559 Tenui
929 525 1073 567 meninge

73 561 177 598 adhuc
202 566 303 601 inerat
325 591 333 604 ,
365 568 397 598 ἃ
419 576 483 598 non
519 579 615 610 pauca
638 567 774 610 denique
806 569 839 600 in
872 567 1073 604 Lateralibus

71 609 286 650 ventriculis,
309 619 358 644 me
380 608 544 645 cerebrum
568 637 575 648 ,
609 620 645 645 ut
670 609 781 653 saepius
805 611 890 645 soleo
915 639 923 652 ,
952 613 985 645 in
1020 612 1072 644 sua

69 650 137 691 sede
160 651 302 692 secante,
326 651 515 694 deprehensa
537 652 579 688 est
599 679 606 687 .
633 654 684 689 Sic
707 664 813 689 autern
834 654 934 692 facere
956 654 1070 689 solitus

68 695 136 730 sum
162 705 231 733 tuni
264 696 302 728 ad
325 695 498 732 naturalem
532 699 673 740 partium
706 697 807 735 sedem
826 723 838 739 ,
873 710 906 732 ac
931 698 1070 741 positum

67 739 187 785 certius,
207 736 479 780 cognoscendum,
506 751 543 775 ut
565 739 628 784 jam
650 741 732 774 olim
757 741 906 775 adnotavi
942 744 975 774 in
999 741 1070 775 Ad-

67 784 210 829 versariis
231 784 245 821 ζ
267 785 321 830 ua)
347 803 356 819 ,
389 783 478 823 quod
504 788 533 818 8<
558 783 661 827 postea
693 785 748 818 alii
773 785 870 821 secuti
894 785 965 821 sunt
992 809 1004 825 ,
1036 788 1069 819 δε

68 826 209 869 MaJ01·es
232 824 434 865 iudicarant,
459 836 495 860 ut
518 828 636 870 opinor
656 851 665 865 ,
698 840 773 862 cum
795 829 873 870 saepe
904 828 1068 864 cerebrum

67 868 160 916 nobis
181 878 245 903 non
268 868 367 915 modo
391 879 407 901 e
429 871 539 904 cranio
562 870 733 910 eductum,
758 871 808 906 sed
832 874 862 906 δι
886 873 996 905 cranio
1018 873 1067 904 in-

67 910 187 952 sidens,
210 911 377 948 disiectum
399 914 530 954 pinxere
551 925 560 947 :
594 925 665 949 tum
688 916 784 950 etiam
809 927 846 948 ne
868 914 891 949 si
914 914 997 948 forte
1020 913 1066 946 ef-

66 955 133 993 susa
158 967 258 998 aqua,
283 965 336 988 aut
361 955 479 991 fluidus
502 958 633 1000 sanguis
653 959 841 993 ventriculis
864 957 962 996 insit3
985 969 1065 992 con..

66 998 202 1031 trestato
213 1022 226 1038 ,
250 1001 282 1032 &
306 999 517 1035 multifariam
542 1001 670 1036 dimoto
693 1002 842 1042 cerebro,
866 1002 1064 1044 abruptoque

65 1040 297 1080 infundibulo,
325 1054 378 1077 aut
401 1045 508 1079 locum
532 1055 635 1080 mutet
662 1069 675 1085 ,
706 1055 758 1079 aut
782 1056 895 1087 magna
919 1056 958 1078 ex
982 1053 1069 1087 parte

62 1084 219 1120 elabatur.
245 1086 337 1129 Qu
361 1089 459 1123 etiam
484 1100 519 1120 ne
541 1101 579 1123 ex
602 1087 676 1131 ipsis
699 1088 826 1124 Sinibus
859 1088 981 1131 sanguis
1005 1099 1069 1122 non

62 1139 248 1170 concretu-s,
274 1133 446 1172 amputatis
477 1134 564 1166 venis
591 1131 802 1177 jugulat-ibus
822 1156 835 1174 ,
868 1141 922 1165 aut
945 1133 1034 1164 Cava
1057 1155 1070 1171 ‚

63 1173 232 1220 Super-iore
256 1173 429 1219 praesertim
453 1198 462 1212 ,
496 1174 607 1211 effluat
627 1199 639 1216 ,
672 1188 687 1208 a
710 1177 814 1218 capite
848 1173 1068 1210 diffeffionem

62 1217 203 1256 incipere
225 1216 377 1259 ejusmodi
402 1217 506 1252 adhuc
520 1221 720 1261 integrorum
743 1230 916 1261 corporum
931 1242 940 1257 ‚
963 1231 1066 1262 quan-

60 1257 229 1301 docunque
252 1261 347 1299 licet,
371 1262 517 1303 institui3
543 1273 608 1295 non
621 1262 739 1304 semper
761 1273 867 1296 autem
892 1263 986 1298 licet.
1011 1272 1064 1296 aut

58 1300 103 1337 ob
126 1304 188 1336 alia
210 1305 422 1341 commodum
443 1304 503 1343 est,
527 1317 562 1340 ut
587 1308 729 1349 nequein
754 1305 815 1340 hoc
828 1304 913 1342 fuit.
939 1306 1066 1339 Minus-

58 1356 118 1387 que
143 1357 310 1389 propterea
333 1351 466 1382 miratus
490 1348 557 1383 sum
576 1375 584 1388 ,
622 1349 708 1391 quod
733 1351 827 1383 Sinus
860 1359 968 1382 omnes
988 1371 996 1385 ,
1029 1351 1063 1382 &

58 1389 366 1437 Receptacularquae
390 1391 460 1427 sunt
486 1393 522 1425 ad
547 1394 708 1434 Equinam
723 1393 852 1432 sellam,
875 1394 982 1425 inania
995 1390 1064 1425 fue-

58 1442 144 1465 rint.
171 1433 255 1479 Vasa
280 1443 387 1469 tamen
410 1447 480 1478 quae
505 1447 559 1478 per
583 1437 920 1479 Tenuemmeningem
941 1434 1063 1468 discur-

57 1484 154 1514 runt,
175 1475 258 1519 justo
281 1478 462 1521 turgidiora
484 1478 632 1522 conspexi
655 1504 668 1521 ‚
692 1481 762 1522 plus
785 1489 891 1512 tamen
916 1478 1006 1518 [ει-ο,
1030 1481 1063 1513 &

57 1529 123 1552 aere
133 1542 150 1559 ,,
170 1529 206 1554 ut
229 1521 418 1559 videbatur,
444 1533 539 1565 quam
562 1522 733 1565 sanguine.
751 1521 816 1556 ‘Sed
842 1522 879 1557 ad
903 1524 1063 1555 ventricu-

55 1561 105 1595 los
129 1572 166 1596 ut
192 1562 315 1598 redeam
331 1576 355 1605 ,1,
376 1566 410 1598 in
435 1567 522 1607 Septi
546 1565 704 1609 interjecti
729 1566 931 1608 duplicatura
955 1565 1062 1599 inveni

55 1605 235 1647 pauxillum
259 1620 371 1651 aquae,
392 1609 427 1641 in
449 1607 671 1643 Choroidibus
695 1619 800 1643 autem
815 1609 984 1652 plexibus,
1005 1610 1062 1651 qui

55 1647 163 1686 diluto
184 1651 293 1686 colore
318 1661 382 1684 non
407 1662 518 1692 erant,
543 1652 691 1687 veficulas
713 1654 814 1696 plures
834 1676 842 1690 ‚
864 1652 972 1687 eadem
996 1654 1060 1695 ple-

53 1703 130 1730 nas.
157 1693 286 1729 Inverso
308 1694 438 1730 tandem
460 1695 588 1729 cerebro
604 1720 616 1737 ,
649 1695 835 1739 posteriores
860 1696 970 1734 ambos
994 1697 1059 1729 Ca-

56 1734 200 1781 rotidum
224 1739 414 1773 arteriarum
439 1750 569 1780 ramos,
592 1742 647 1784 qui
672 1750 706 1773 ut
730 1742 905 1783 plurimum
928 1739 1060 1783 quidem

54 1781 125 1813 sunt
148 1782 325 1823 perexiles,
349 1782 428 1817 adeo
452 1783 604 1817 dilatatos
621 1783 832 1817 animadverti
858 1808 869 1824 ‚
901 1792 937 1817 ut
962 1781 985 1816 fi
1018 1784 1064 1816 ita

53 1822 162 1869 forent
184 1835 202 1861 a
226 1835 337 1859 natura
353 1850 360 1864 ‚
383 1827 439 1860 vix
460 1837 570 1861 eorum
596 1826 778 1860 Williliana
800 1826 975 1860 delineatio
997 1829 1062 1867 (x)

52 1866 124 1900 esset
146 1865 242 1910 digna
275 1867 510 1912 reprehenfione
533 1896 540 1903 .
572 1871 646 1904 Nec
669 1872 775 1905 minus
809 1870 936 1904 dilatati
973 1880 1062 1904 erant

49 1911 105 1953 qui
129 1922 204 1946 cum
225 1911 299 1954 ipfis
323 1913 588 1953 communicant,
611 1914 750 1956 ramuli,
776 1913 815 1946 ab
837 1926 871 1947 ea
895 1914 1006 1947 arteria
1032 1924 1063 1945 e-

51 1953 130 1988 missi
153 1955 187 1989 in
210 1967 305 1998 quam
327 1956 493 1991 confluunt
516 1957 734 1991 Vertebrales.
760 1956 820 1990 Sed
841 1967 990 2001 praeterea
1014 1968 1062 1989 ra-

50 1997 215 2034 mulorum
238 2011 347 2033 eorum
369 1999 489 2033 sinister
510 2000 651 2042 quodam
674 2002 772 2039 loco,
807 2004 838 2034 δε
861 2000 1060 2035 Vei-tebralis

49 2053 180 2084 quoque
191 2040 310 2077 sinistra
335 2054 432 2086 prope
442 2055 513 2078 eum
535 2045 722 2080 confluxuri]
735 2044 935 2077 albicabant.
961 2045 1057 2085 Qo-

51 2095 122 2118 rum
156 2084 303 2131 vasorum
324 2096 497 2130 utrumque
529 2099 603 2121 cum
636 2097 802 2131 propterea
846 2088 1054 2130 aperuiffem3

23 2168 25 2171 v
48 2129 273 2171 corpusculum
296 2129 342 2163 ibi
366 2131 470 2163 inveni
495 2131 623 2168 album,
646 2131 878 2166 craffiusculum
903 2155 916 2171 ,
938 2128 1056 2164 subdu-

47 2181 121 2220 'rum
133 2194 146 2212 ‚
169 2175 202 2205 δεῖ
225 2172 290 2218 jam
313 2173 412 2208 ferme
435 2175 682 2217 cartilagineum
704 2196 711 2209 1
749 2174 837 2216 quod
858 2186 897 2207 ex
919 2174 1054 2207 illorum

50 2213 131 2248 facie
154 2215 306 2251 inter-iore
329 2229 403 2251 cum
425 2218 599 2251 introrsum
625 2218 841 2260 protuberaret
867 2240 874 2251 ‚
906 2228 971 2249 non
995 2228 1054 2259 po-

49 2266 130 2293 terat
152 2270 264 2294 cavum
285 2272 324 2293 ex
347 2270 435 2302 parte
459 2271 524 2294 non
548 2261 719 2299 obturare3
744 2271 814 2295 nam
837 2258 913 2293 vasis
937 2258 1055 2293 utrius-

48 2312 110 2345 que
132 2305 272 2337 exterior
296 2302 392 2336 facies
413 2315 438 2336 ae
465 2303 545 2337 ualis
568 2313 652 2341 erat,
677 2315 778 2346 neque
801 2303 847 2336 ibi
862 2304 931 2337 ullo
954 2301 1055 2336 modo

50 2345 254 2387 prominebat
278 2357 286 2381 :
320 2348 428 2389 itaque
476 2357 515 2379 oc
547 2348 664 2380 vitium
685 2358 749 2379 non
773 2346 812 2381 ad
835 2345 1054 2379 offificationes

49 2388 303 2427 tantummodo,
329 2389 379 2424 sed
402 2388 618 2424 adinteriores
641 2401 767 2432 quoque
778 2390 927 2422 vasorum
949 2400 1055 2422 excre-

48 2431 184 2466 {centias
216 2433 349 2466 attinere
381 2432 622 2475 quodammodo
653 2431 818 2467 videbatur
838 2458 845 2464 .
877 2432 1055 2465 Noviffime

48 2475 128 2508 dum
153 2476 357 2510 Pituitariam
381 2475 562 2517 glandulam
587 2474 716 2509 educere
739 2478 853 2510 vellem
875 2487 913 2508 ex
938 2474 987 2509 sua
1012 2476 1057 2509 se-

49 2516 107 2556 de3
132 2529 148 2550 a
171 2519 233 2552 levi
256 2518 321 2562 ejus
344 2520 567 2561 compressione
593 2531 701 2552 mucus
711 2521 834 2562 prodiit
857 2518 1054 2563 pellucidus‚

49 2560 229 2602 subflavus‚
251 2570 323 2596 curn
348 2573 387 2596 eo
408 2565 465 2606 qui
491 2563 530 2596 ad
550 2562 788 2597 osculumutcri
811 2563 875 2603 est,
897 2561 954 2595 nisi
968 2562 1056 2604 quod

47 2615 113 2638 non
135 2606 180 2639 ita
204 2614 268 2638 erat
291 2616 383 2640 tenax
398 2629 407 2644 ‚
432 2606 682 2649 comparandus,
706 2617 765 2648 pro
789 2608 873 2640 mole
895 2606 1054 2649 glandulae

29 2649 113 2689 '3nnn
135 2660 273 2691 paucus:
297 2660 391 2691 quem
414 2650 448 2683 in
472 2661 600 2684 mucum
626 2648 731 2684 abiisse
745 2651 886 2685 crederes.
906 2661 970 2682 non
982 2661 1054 2683 mo-

31 2692 154 2727 ,dicam
178 2692 244 2735 ejus
267 2692 426 2735 glandulae
449 2704 595 2736 partem;
618 2705 692 2727 nain
715 2696 831 2738 exigua
855 2692 949 2737 hujus
974 2715 984 2731 ,
1021 2695 1053 2726 δε

32 2734 203 2781 ¹infor-mis
228 2735 358 2770 restabat
382 2739 513 2779 portio,
537 2749 632 2781 eaque
654 2738 778 2777 taetus,
805 2741 837 2772 δε
862 2737 945 2770 visus
967 2734 1054 2779 judi-

49 2781 103 2813 cio
128 2778 297 2815 secundum
321 2790 466 2814 naturam
490 2793 501 2821 3
537 2781 695 2823 glandulae
719 2792 828 2816 autem
858 2781 1016 2823 reliquum
1040 2803 1053 2820 ‚

48 2821 178 2865 ejusque
201 2822 374 2865 Appendix
397 2823 551 2867 nusquam
575 2825 784 2868 apparebant.
810 2827 974 2859 Caeterum
998 2825 1053 2856 In-

28 2866 259 2901 ,fundibulum
273 2890 283 2905 ,
304 2867 389 2909 quod
415 2869 510 2907 paulo
532 2878 603 2901 ante
616 2879 874 2911 amputaveram,
898 2875 1053 2910 quantum

49 2909 243 2944 extrinsecus
266 2909 446 2952 aspiciendo
468 2911 571 2946 visum
594 2910 697 2946 fuerat
715 2936 729 2954 ,
752 2924 817 2946 non
840 2911 923 2945 secus
947 2909 976 2944 se
998 2909 1053 2943 ha-

49 2954 165 2994 bebat,
188 2964 284 2996 quam
310 2953 405 2988 soleat
420 2980 427 2986 .

93 3009 143 3030 20.
169 2997 248 3037 Qio
272 2997 432 3038 prolixior
456 2996 587 3032 historia
610 2997 696 3041 fuit,
718 3011 755 3033 eo
776 2998 936 3031 breviores
959 3006 1052 3030 erunt

51 3039 289 3076 adnotationes.
315 3041 405 3075 Nam
425 3040 462 3075 de
484 3043 575 3076 vitiis
597 3054 668 3085 quae
691 3044 725 3076 in
747 3041 896 3081 renibus,
919 3041 1054 3074 ureteri-

50 3083 108 3119 bus
122 3107 130 3122 ,
154 3082 273 3120 vesica,
299 3082 430 3117 urethra
453 3084 692 3128 descripsimus,
715 3088 777 3119 erit
792 3086 867 3118 alia-s
891 3086 945 3131 (qy
968 3088 982 3125 )
1003 3084 1054 3117 lo-

52 3127 168 3170 quendi
192 3127 281 3162 locus
306 3153 312 3159 .
338 3128 413 3161 Hoc
436 3139 535 3163 unum
559 3128 612 3163 hic
635 3129 713 3163 satis
736 3129 778 3163 est
801 3141 839 3162 ex
862 3129 935 3171 ipsis
957 3128 1055 3160 colli-

50 3181 145 3214 gere,
168 3171 254 3214 quod
281 3169 374 3204 facile
399 3171 437 3204 ad
461 3182 598 3207 mortem
621 3175 759 3208 attinuit
780 3198 788 3205 .
812 3174 899 3206 Cum
923 3169 1052 3204 fortasse

50 3215 97 3247 vel
122 3215 193 3258 plus
217 3214 322 3249 multo
335 3225 432 3257 quam
454 3213 595 3257 solebat,
617 3216 718 3251 homo
739 3213 887 3256 bibisset,
909 3214 1055 3249 humoris

52 3268 158 3291 autem
180 3258 268 3301 epoti
292 3258 339 3292 vel
375 3268 481 3291 minus
503 3271 597 3302 quarn
628 3259 830 3295 consueverat
850 3283 864 3300 ,
896 3269 949 3301 per
971 3259 1055 3291 cutis

51 3300 225 3336 invisibilia
248 3299 429 3341 foramina,
451 3302 631 3345 tempestate
656 3303 857 3347 frigidiffima
881 3300 1054 3345 prohiben-

52 3354 105 3385 te,
128 3343 315 3383 emanasset,
339 3345 439 3379 urinae
464 3354 567 3378 autem
590 3349 670 3386 viae,
696 3351 729 3381 ἃ
752 3346 948 3390 receptacula
970 3368 983 3386 ,
1017 3346 1051 3377 in

51 3389 182 3432 sopito,
206 3391 236 3423 δι’
263 3400 338 3423 mox
362 3387 559 3431 apopleffico
590 3402 628 3424 eo
649 3392 754 3426 etiamv
780 3392 884 3425 minus
916 3388 945 3422 se
975 3399 1053 3421 con-

51 3431 208 3467 trahentia
227 3456 240 3472 ,
274 3433 469 3478 quominus
490 3431 537 3466 ob.
553 3432 705 3477 descripta
738 3436 818 3468 vitia
841 3433 953 3467 sentire
978 3459 986 3473 ‚
1020 3434 1052 3465 δε

36 3474 269 3519 constringere.
289 3478 320 3509 se
342 3484 491 3519 poterant
510 3498 524 3516 ,
546 3475 610 3519 jam
631 3490 743 3520 magna
767 3480 797 3511 vi
821 3477 896 3510 lotii
918 3475 1053 3510 distenta

47 3519 146 3555 :ssent
166 3542 178 3559 ‚
212 3530 311 3562 neque
335 3530 383 3553 ars
418 3516 480 3551 hoc
504 3517 646 3554 educeret
680 3531 750 3555 tum
774 3522 847 3566 quia
872 3520 1053 3554 abdominis

45 3560 212 3639 {agraecio
233 3561 341 3597 veficae
359 3571 520 3597 tumorem
533 3563 780 3600 animadvertere
792 3591 802 3605 ‚
823 3574 894 3598 tum
914 3565 989 3607 quia
1000 3574 1057 3595 no-

33 3612 66 3639 ·'t
91 3607 209 3642 uri-nae
233 3606 469 3641 incontinentia
492 3605 578 3647 hune
602 3607 778 3650 suspicari,
813 3619 877 3640 non
901 3606 1020 3641 sinebat
1043 3618 1056 3644 3

54 3649 96 3684 ob
114 3649 185 3684 'haec
208 3651 317 3686 omnia
340 3649 462 3684 faftum
480 3650 670 3694 crediderim
686 3675 697 3691 ‚
722 3661 757 3686 ut
779 3662 853 3686 cum
876 3650 936 3685 seri
960 3660 1057 3695 potu-

204 3857 246 3890 ΝΗΣ
264 3856 346 3881 Αηίηι.
366 3864 400 3882 10.
444 3866 445 3869 ¹
463 3858 478 3887 (
494 3865 509 3881 x
524 3857 649 3918 {Cei-ehu
666 3858 738 3881 Anat.
755 3856 807 3884 Fia.
825 3864 849 3882 1.

504 3895 516 3912 e

591 3887 594 3890 Δ
934 3863 953 3887 1
969 3857 983 3885 )
997 3856 1071 3890 Epi-st.
1089 3864 1130 3890 4².-
1145 3864 1169 3881 n.
1187 3865 1223 3886 ¹9-
1240 3866 1281 3882 ιο.

561 3888 624 3913 lbid.
642 3895 669 3912 n.
685 3892 721 3912 ισ-
739 3889 761 3912 8:
779 3887 851 3917 Epist.
869 3892 906 3915 2⁶.
924 3896 947 3913 n.
966 3896 999 3918 35.
1019 3888 1072 3912 Vid.
1089 3887 1149 3913 ibid.
1165 3890 1187 3913 &t
1204 3895 1228 3912 n·
1246 3897 1284 3919 17.

1125 351 1205 386 lenti
1228 362 1293 394 quo
1316 351 1441 394 sanguis
1461 350 1677 390 redundabat,
1701 350 1784 386 nihil
1807 351 1943 395 amplius
1967 354 2129 395 recipere,

1124 396 1243 438 quippe
1272 393 1491 431 distentiffima
1512 419 1526 437 ,
1567 397 1706 429 urinaria
1736 394 1941 429 instrumenta
1973 395 2095 440 possent
2115 409 2131 438 ,-

1123 437 1210 480 quod
1234 439 1391 480 reliquum
1415 449 1480 475 erat
1508 463 1515 476 ‚
1551 440 1583 472 in
1607 439 1768 474 cerebrum
1804 449 1857 473 aut
1881 441 2009 474 irruerit
2029 463 2041 480 ‚
2073 449 2129 474 aut

1124 481 1327 515 destillaverit
1345 505 1359 522 ,
1379 480 1481 524 sicque
1504 482 1671 517 hominem
1692 481 1866 516 confecerit
1889 506 1896 514 .
1931 486 1999 517 Cur
2022 493 2127 517 autem

1123 524 1282 562 cerebrum
1307 525 1504 568 potiffimum
1528 527 1748 563 inundaverit,
1771 536 1810 558 ex
1834 525 1999 567 apoplexia
2021 551 2034 567 ,
2055 538 2127 572 quae

1122 569 1202 602 olim
1227 567 1441 611 praecesserat,
1464 570 1627 612 intelligas
1651 571 1725 603 licet
1745 593 1757 610 ‚
1789 567 2058 612 quemadmodum
2080 579 2127 602 et-

1123 614 1188 647 iam
1220 625 1258 646 ex
1282 615 1466 648 arteriarum
1498 613 1574 646 illuc
1599 613 1810 656 spectantium
1828 636 1839 652 ,
1873 613 1905 644 δε
1929 611 2057 646 sortasse
2088 624 2127 647 ex

1121 655 1279 699 glandulae
1302 668 1429 699 quoque
1453 657 1633 691 Pituitariae
1656 658 1741 690 vitio
1762 680 1775 698 ,
1806 666 1944 698 quorum
1966 655 2005 689 ab
2027 656 2127 691 altero

1120 699 1200 743 quid
1224 699 1407 733 detrimenti
1435 699 1614 742 impendere
1625 700 1740 742 poffit,
1763 699 1842 733 alibi
1865 702 1879 738 <
1903 711 1926 742 z
1947 703 1961 740 )
1984 698 2126 734 subindi-

1120 754 1227 776 catum
1238 742 1302 781 est,
1324 743 1362 776 ab
1385 743 1484 775 altero
1509 753 1615 777 autem
1640 742 2020 785 infra(a)indicabitur.
2048 745 2127 776 Por·

1122 799 1160 819 ro
1180 786 1328 822 auriculae
1351 786 1458 820 cordis
1481 786 1617 822 dexterae
1639 785 1777 820 cohcefio
1791 787 1864 820 cum
1888 785 2062 829 paritardio
2077 785 2126 819 fa-

1120 830 1181 862 cile
1205 831 1313 871 potuit
1336 828 1478 869 efficere,
1501 842 1538 863 ne
1562 830 1618 863 illa
1641 830 1836 871 impellendo
1859 831 1895 862 in
1915 840 1974 862 cor
1998 829 2126 872 sangui-

1121 874 1153 905 ni
1177 882 1336 916 quantum
1360 874 1397 905 ab
1420 878 1528 907 natura
1544 874 1734 907 'institutum
1748 873 1812 913 est,
1837 872 2050 914 subserviret,
2072 884 2127 906 eo-

1117 928 1177 958 que
1202 916 1255 949 hic
1278 918 1383 952 minus
1406 916 1551 958 expedite
1576 927 1645 950 tum
1669 930 1683 949 a
1708 918 1831 952 caeteris
1854 915 1997 960 partibus
2019 940 2031 957 ,
2054 924 2126 953 tum

1117 970 1134 991 a
1160 959 1288 994 cerebro
1312 969 1480 994 remearet.
1571 963 1730 994 Caetcrum
1756 961 1845 994 illius
1866 960 2018 995 auriculae
2044 983 2053 998 ‚
2091 962 2124 995 <Sc

1116 1000 1222 1036 cordis
1245 1014 1319 1037 cuin
1342 1003 1542 1045 pericardiO,
1565 1006 1597 1038 &
1621 1005 1782 1045 pulmonis
1795 1003 1917 1036 dexteri
1940 1015 2016 1038 cum
2037 1003 2128 1046 pleu-

1121 1057 1153 1078 ra
1176 1046 1291 1079 arctior
1314 1044 1452 1079 cohaefio
1483 1056 1558 1081 tunc
1583 1057 1691 1081 ortum
1726 1045 1866 1080 habuisse
1896 1046 2050 1080 credenda
2082 1046 2128 1081 est

1119 1089 1248 1131 quando
1271 1089 1638 1124 thoracisinflammatio
1663 1089 1821 1132 superiore
1832 1089 1935 1123 aestate
1960 1088 2127 1124 hominem

1121 1130 1242 1165 afflixit
1265 1146 1275 1170 3
1310 1143 1488 1176 quanquam
1511 1132 1548 1166 de
1570 1132 1637 1174 ejus
1660 1132 1799 1178 pulsibus
1822 1158 1831 1173 ‚
1863 1137 1895 1166 &
1918 1133 2126 1174 respiratione

1120 1174 1190 1217 post
1213 1177 1294 1209 illud
1320 1186 1444 1218 tempus
1470 1176 1551 1209 nihil
1576 1177 1653 1209 certi
1681 1178 1759 1209 scire
1783 1178 1899 1218 potui5
1924 1186 2000 1209 tunc
2017 1186 2124 1210 autem

1120 1219 1245 1255 fuerant
1270 1220 1378 1261 quales
1411 1221 1443 1252 in
1467 1218 1620 1262 ejusmodi
1658 1219 1968 1255 inflammationibus
1992 1219 2092 1254 solent
2116 1245 2126 1252 .

1204 1264 1291 1297 Illud
1313 1262 1448 1306 denique
1481 1263 1554 1297 huic
1581 1261 1718 1297 historiae
1749 1263 1927 1297 addendum
1950 1263 1992 1298 est
2011 1287 2023 1303 ,
2056 1261 2127 1305 post
2147 1277 2153 1280 ·

1114 1306 1279 1341 biennium
1301 1307 1412 1340 eodem
1437 1306 1536 1339 mense
1560 1307 1732 1341 Decembri
1765 1306 1861 1349 hujus
1884 1306 2026 1342 hominis
2059 1305 2122 1339 fra.

1114 1360 1194 1383 trem
1217 1375 1225 1387 ,
1264 1353 1381 1394 pariter
1404 1349 1532 1383 obesum
1554 1374 1566 1389 ‚
1599 1349 1705 1393 ipsum
1728 1363 1854 1395 quoque
1879 1352 1916 1385 ab
1954 1351 2125 1393 apoplexia

1114 1392 1260 1437 periisse,
1287 1393 1366 1436 Ejus
1391 1393 1556 1436 pulmones
1581 1393 1695 1436 pleurae
1720 1406 1857 1429 annexos
1878 1418 1890 1435 ‚
1911 1396 2048 1429 Aortam
2071 1404 2126 1425 ve-

1121 1449 1159 1471 ro
1182 1437 1332 1471 arteriam
1354 1440 1387 1471 in
1421 1434 1550 1471 thorace
1574 1436 1679 1480 passim
1714 1437 1829 1472 osseam
1851 1436 1942 1472 fuisse
1969 1460 1977 1474 ‚
2011 1436 2129 1470 retule-

1120 1491 1211 1514 runt.
1238 1479 1338 1522 Qod
1363 1480 1456 1514 facile
1479 1479 1625 1519 credidi3
1650 1492 1723 1514 nam
1735 1480 1873 1522 ejusdem
1897 1482 2020 1515 arteriae
2032 1489 2128 1514 trun-

1117 1536 1192 1557 cum
1215 1533 1290 1556 toto
1321 1525 1383 1558 illo
1407 1526 1510 1558 trafiu
1543 1536 1609 1567 quo
1633 1525 1664 1556 in
1699 1534 1808 1558 ventre
1841 1534 1906 1558 erat
1932 1547 1942 1561 ,
1972 1525 2127 1558 vitiatum

1115 1567 1170 1600 hic
1195 1568 1286 1606 illic,
1309 1571 1343 1601 ἃς
1367 1566 1486 1602 osseum
1511 1566 1635 1603 fadum
1656 1568 1790 1608 inveni,
1812 1578 1885 1602 cum
1909 1567 2023 1602 semini
2052 1591 2062 1607 ‚
2093 1569 2128 1600 &

1115 1611 1201 1644 lotio
1225 1610 1425 1645 inservientia
1453 1622 1571 1652 organa
1596 1607 1776 1646 dissecarent
1800 1636 1808 1643 .
1846 1613 1884 1645 In
1908 1611 1961 1646 his
1994 1609 2127 1645 veficam

1118 1653 1325 1688 animadverti
1352 1666 1383 1686 ea
1408 1654 1622 1696 amplitudine
1637 1677 1646 1691 ‚
1670 1655 1747 1689 &in
1773 1663 1860 1698 parte
1883 1667 1917 1688 ea
1942 1655 2066 1696 figura,
2090 1661 2129 1687 ut

1117 1697 1196 1740 saepe
1220 1698 1319 1731 nimia
1345 1699 1444 1733 urinae
1467 1699 1560 1742 copia
1584 1696 1718 1732 distendi
1744 1697 1872 1733 solitam
1894 1694 2008 1738 fuisse,
2033 1696 2131 1731 intel·

1114 1741 1268 1784 ligerem.
1292 1742 1416 1776 Caetera
1432 1765 1443 1781 ,
1467 1743 1500 1775 &
1523 1740 1698 1784 praesertim
1723 1753 1793 1784 quae
1816 1743 1850 1775 in
1874 1742 2012 1775 calvaria
2031 1741 2128 1782 sunt,

1116 1794 1190 1817 ante
1215 1784 1343 1819 fuerant
1367 1784 1520 1821 humata,
1543 1796 1639 1828 quarn
1663 1795 1696 1818 ea
1722 1796 1794 1828 quae
1826 1786 1994 1820 nominata
2019 1785 2092 1819 sunt
2115 1808 2131 1825 ,

1115 1827 1232 1861 viscera
1264 1827 1500 1862 inciderentur.
1591 1829 1693 1861 Aorta
1723 1830 1836 1862 vitiata
1870 1827 1909 1863 ad
1940 1830 2130 1863 memoriam

1116 1881 1243 1912 revocat
1268 1872 1460 1915 apoplec‘tici
1487 1870 1624 1905 alterius
1639 1870 1808 1905 historiam
1827 1896 1839 1913 ,
1874 1874 1909 1906 in
1953 1885 1999 1907 uo
2016 1875 2054 1906 «ΒΞ
2077 1883 2128 1904 ar-

1115 1917 1195 1992 tfiria
1220 1926 1285 1948 non
1320 1913 1381 1949 line
1416 1916 1502 1950 vitio
1524 1937 1533 1952 ,
1568 1916 1714 1958 quamvis
1746 1916 1897 1959 minori,
1954 1914 2127 1960 aprehensa

1113 1969 1130 1991 e
1168 1984 1174 1990 .

1158 2012 1209 2034 21.
1233 2003 1279 2035 N.
1294 2002 1616 2036 FERRARINIUS
1632 2026 1641 2041 ‚
1665 2002 1814 2038 Sacerdos
1833 2004 2047 2045 Veronensis,
2068 2003 2128 2047 qui

1109 2046 1192 2079 olim
1215 2046 1365 2078 Venetiis
1387 2043 1568 2085 phthisicus
1595 2044 1700 2080 fuerat
1718 2046 1906 2089 judicatus,
1931 2048 2127 2083 Pataviiau-

1109 2099 1176 2122 tem
1201 2098 1271 2121 ante
1294 2087 1403 2122 decem
1425 2100 1524 2130 annos
1560 2089 1755 2125 hemicrania
1779 2091 1976 2126 laboraverat
1997 2116 2008 2133 ,
2042 2102 2129 2125 nuno

1111 2143 1195 2165 anno
1219 2131 1336 2165 exaffo.
1355 2132 1595 2175 quadragesimo
1618 2134 1744 2176 tertio,
1768 2144 1903 2171 canutus
1929 2157 1949 2174 ,·
1966 2134 2049 2172 facie
2073 2136 2126 2168 in·-

1110 2174 1239 2208 terdum
1263 2176 1360 2209 nimis
1384 2175 1559 2210 rubicunda
1573 2200 1584 2216 ,
1607 2178 1722 2219 gracili
1745 2181 1892 2221 corporis
1905 2179 2019 2214 habitu
2034 2202 2046 2219 ,
2068 2189 2126 2212 nec

1112 2229 1217 2251 tamen
1243 2218 1416 2252 macilento
1430 2242 1444 2259 ‚
1467 2217 1522 2252 ersi
1548 2220 1648 2252 alacer
1672 2220 1710 2254 ad
1722 2222 1887 2263 affitiones,
1910 2224 2063 2267 laetusque
2076 2222 2129 2254 vi-

1107 2261 1263 2300 debatur,
1286 2262 1455 2304 gravibus,
1480 2274 1557 2305 quas
1579 2262 1793 2298 dillimulaba*
1814 2288 1827 2305 ‚
1864 2268 1947 2301 curis
1970 2269 2021 2300 vvir
2045 2265 2128 2299 alio-

1107 2305 1188 2347 quin
1213 2304 1251 2338 ad
1275 2306 1356 2338 iram
1380 2316 1524 2347 pronus,
1545 2306 1635 2339 valde
1659 2309 1771 2343 anxius
1782 2318 1870 2343 erat:
1896 2311 1988 2353 queri
2011 2318 2121 2344 autem

1109 2348 1228 2381 solebat
1253 2347 1291 2380 de
1314 2347 1506 2392 quibusdam
1528 2349 1614 2382 intra
1638 2349 1804 2386 tho-racem
1826 2352 2017 2394 doloribus,
2040 2365 2126 2397 quo-

1110 2402 1183 2424 rum
1208 2389 1309 2425 sedem
1344 2403 1440 2425 manu
1462 2391 1565 2425 sterno
1598 2392 1748 2436 impolita
1782 2394 1990 2439 designabat.
2030 2398 2123 2439 Qn

1107 2434 1217 2477 pridie
1241 2434 1270 2467 se
1293 2446 1357 2467 non
1381 2436 1456 2467 bene
1471 2435 1582 2469 habere
1600 2459 1609 2474 ‚
1631 2436 1801 2480 chirurgo
1814 2438 1961 2480 dixerat,
1985 2440 2124 2484 ideoque

1109 2477 1258 2511 remediis
1282 2479 1332 2512 uti
1355 2489 1452 2521 quam
1477 2480 1618 2520 primum
1640 2480 1718 2513 velle
1741 2493 1933 2524 opportuno·
1965 2485 2025 2518 illo
2048 2484 2124 2517 anni

1109 2529 1253 2564 tempore
1266 2530 1368 2570 gerat
1394 2522 1623 2556 aute-mmanfis
1648 2523 1703 2557 ille
1714 2523 1822 2569 Majus
1846 2540 1913 2571 quo
1925 2530 2009 2562 Tira
2031 2526 2122 2569 (b),

1110 2574 1205 2607 atque
1228 2565 1283 2597 alii
1307 2568 1320 2604 (
1343 2576 1359 2597 c
1380 2566 1450 2611 >jn
1476 2564 1533 2598 hac
1558 2566 1631 2600 urbe
1655 2578 1781 2610 repente
1805 2569 1950 2606 obierant
1971 2583 1981 2611 ζ.
2005 2583 2119 2616 quam-
2143 2575 2151 2581 ”’

1107 2608 1159 2640 vis
1184 2606 1364 2650 tempestate
1386 2608 1487 2647 ilcca,
1513 2611 1546 2642 ὃς
1567 2609 1672 2643 calida
1697 2610 1804 2652 faeta,
1830 2626 1933 2649 nonus
1955 2615 2021 2659 jam
2044 2614 2118 2649 esset

1108 2650 1176 2684 dies
1198 2664 1235 2685 ex
1258 2663 1324 2694 quo
1347 2649 1381 2684 id
1405 2652 1561 2685 acciderat
1585 2655 1705 2687 nemini
1728 2680 1736 2689 .
1762 2658 1921 2692 Coenatus
1945 2658 1988 2694 est
2011 2669 2117 2694 tamen

1109 2705 1183 2728 eum
1208 2695 1391 2737 hospitibus
1415 2694 1586 2736 hilariter;
1608 2697 1658 2731 sed
1684 2699 1769 2732 intra
1792 2702 1926 2736 modum
1950 2714 1958 2735 :
1991 2714 2048 2737 nec
2071 2703 2119 2736 sa-

1106 2749 1168 2778 ne,
1192 2737 1243 2773 seu
1266 2740 1418 2781 copiam,
1444 2739 1495 2773 seu
1519 2740 1711 2783 qualitatem
1733 2744 1877 2779 attendas
1899 2771 1908 2784 ‚
1931 2758 2059 2789 peccare
2084 2748 2119 2779 in

1107 2782 1190 2815 cibis
1214 2808 1223 2823 ,
1257 2790 1310 2816 aut
1336 2783 1522 2825 potionibus
1545 2784 1747 2819 consueverat
1768 2812 1776 2819 .
1811 2789 1859 2822 At
1883 2788 2008 2824 summo
2033 2790 2120 2824 :inse-

1106 2828 1217 2867 quenti
1241 2837 1331 2859 mane
1355 2827 1388 2858 in
1413 2826 1497 2861 lecto
1520 2837 1665 2873 mortuus
1689 2831 1836 2865 inventus
1859 2832 1924 2874 est,
1948 2833 2081 2878 supinus
2104 2858 2117 2875 ,

1107 2867 1226 2903 habitu
1247 2868 1438 2903 dormientis
1462 2891 1474 2909 ,
1507 2870 1571 2903 hnc
1592 2871 1658 2905 ulla
1682 2872 1721 2906 ad
1745 2885 1785 2906 os
1806 2873 1916 2917 spuma
1941 2901 1951 2915 ‚
1989 2887 2117 2913 tanturn

1105 2912 1249 2946 brachiis
1274 2912 1351 2946 adeo
1374 2911 1514 2954 rigidis,
1538 2923 1573 2947 ut
1595 2912 1657 2948 fine
1669 2917 1701 2948 vi
1725 2916 1835 2952 diduci
1861 2920 2046 2963 non-posse,
2067 2923 2117 2955 vi-

1105 2956 1232 2998 derim,
1253 2967 1327 2989 cum
1353 2965 1519 2998 antequam
1543 2955 1804 3002 advesperasceret
1827 2961 1961 2998 domum
1986 2963 2053 3008 ejus
2064 2977 2118 2999 ve-

1106 2998 1215 3033 nissem
1238 3011 1312 3033 cum
1334 2999 1477 3041 Collegis
1501 3001 1579 3034 meis
1605 3001 1835 3039 Professoribus
1859 3007 2033 3042 Medicinae
2046 3011 2117 3043 Pri-

1107 3045 1236 3077 mariis.
1325 3044 1599 3089 CADAVERIS
1623 3044 1741 3088 facies,
1764 3050 1970 3091 &cervici-²⁵,
1993 3055 2024 3086 &t
2038 3052 2116 3086 dor-

1106 3086 1198 3128 sum,
1221 3089 1251 3118 :Sc
1276 3086 1373 3119 latera
1395 3098 1434 3132 ex
1458 3086 1764 3125 subrubrolivebant
1779 3118 1786 3125 .
1877 3095 2035 3130 cranium
2044 3097 2111 3138 pri-

1107 3142 1198 3165 mum
1222 3131 1370 3164 omnium
1392 3131 1487 3163 secari
1510 3129 1596 3173 juffi.
1622 3132 1662 3167 Id
1684 3133 1761 3169 dum
1773 3133 1884 3178 fieret,
1907 3149 1972 3172 non
1994 3149 2112 3181 paucus

1108 3173 1240 3208 effluxit
1264 3173 1391 3216 sanguis
1413 3173 1519 3206 colore
1542 3177 1776 3221 propemodum
1799 3180 1945 3214 obsoleto
1966 3206 1974 3213 .
1999 3182 2109 3217 Crassa

1108 3220 1238 3251 meninx
1260 3215 1299 3250 ad
1321 3218 1509 3260 Sagittalem
1532 3219 1672 3254 suturam
1695 3230 1763 3255 atra
1786 3234 1802 3256 a
1824 3222 1997 3266 sanguine,
2018 3225 2109 3269 cujus

1107 3271 1145 3311 ne
1170 3259 1316 3304 polyposi
1340 3259 1610 3311 quidem,·c<5pia
1634 3265 1740 3308 aliqua
1762 3267 1889 3301 inventa
1913 3267 1955 3302 est
1977 3270 2011 3304 in
2035 3271 2110 3303 Fal-

1107 3304 1260 3354 cissmu.
1283 3305 1406 3338 Tenuis
1430 3307 1850 3351 meningisvasarsanguine
1872 3309 2008 3346 distenta
2028 3336 2039 3351 ‚
2071 3323 2109 3348 ut

1103 3350 1135 3381 &
1159 3348 1217 3383 illa
1240 3358 1310 3391 quae
1332 3358 1386 3389 per
1406 3348 1604 3383 Later-alium
1627 3353 1877 3386 ventriculorum
1899 3356 2051 3396 parietes,
2075 3361 2109 3391 δε

1103 3402 1156 3435 per
1187 3391 1364 3434 supremam
1397 3401 1520 3433 partem
1553 3404 1667 3437 repunt
1698 3395 1847 3437 plexuum
1869 3397 2074 3434 Choroidum
2093 3425 2110 3443 ‚

1103 3445 1217 3469 caetera
1241 3435 1449 3477 pallentium-
1476 3436 1567 3476 Qin
1592 3439 1776 3472 medullaris
1789 3440 1910 3474 cerebri
1934 3442 2105 3479 substantia

1105 3476 1302 3525 [uscasserau
1325 3476 1519 3514 credidissem
1541 3492 1557 3512 a
1578 3483 1672 3524 copia
1696 3483 1880 3525 sanguinis,
1902 3484 2016 3518 &sane
2038 3488 2106 3527 pas-

1103 3524 1163 3555 sim
1185 3519 1360 3563 {anguifera
1391 3520 1515 3556 vascula
1549 3535 1603 3571 per
1636 3535 1706 3558 eam
1736 3527 1958 3569 apparebant3
1993 3528 2050 3563 nifi
2073 3534 2107 3566 &

1107 3563 1174 3600 haec
1199 3566 1308 3608 plura,
1331 3567 1362 3598 &
1386 3564 1476 3598 illam
1498 3575 1650 3610 majorem
1671 3569 1706 3601 in
1730 3570 1802 3603 aliis
1825 3570 1968 3604 vidissem
1987 3594 1999 3612 ,
2031 3584 2104 3608 can-

1108 3607 1183 3642 dida
1206 3620 1309 3641 tamen
1331 3618 1365 3641 ea
1387 3608 1524 3642 medulla
1540 3633 1547 3641 .
1574 3612 1612 3643 In
1634 3613 1821 3646 ventriculis
1844 3625 1923 3656 aqua
1936 3625 2001 3648 non
2026 3629 2106 3659 pau-

1107 3662 1143 3685 ca
1164 3675 1178 3693 ,
1209 3653 1308 3686 multa
1332 3653 1430 3685 etiam
1451 3654 1484 3685 in
1507 3655 1712 3691 cervicalium
1744 3656 1963 3692 vertebrarumv
1982 3660 2063 3695 tubo
2087 3675 2103 3697 a

2015 3715 2066 3739 me

1343 3860 1417 3893 (z)
1434 3861 1506 3892 Epist.
1524 3870 1544 3892 3.
1560 3869 1583 3887 n.
1600 3870 1639 3887 επ..
1701 3863 1813 3894 (α)ῃ.
1831 3868 1871 3894 36.
