2498 4075
314 220 470 288 Epist-2
506 222 666 273 Anat.
701 220 913 272 Medica
948 217 1153 271 XXVI.
1192 216 1308 266 Art.
1338 213 1383 266 8.
1406 213 1710 280 9.10.11.&
1736 226 1811 262 12.

75 329 78 332 ,
94 297 159 333 Λ.-
168 297 254 334 Noli
278 299 388 332 mirari
403 297 490 341 quod
503 297 539 330 ad
549 297 636 332 hasce
647 295 895 330 Observationes
907 299 962 330 vix
977 296 1072 343 quid-

74 351 192 385 quam,
215 349 268 374 aut
293 342 376 375 nihil
402 341 568 374 adnotem.
596 341 748 382 Namque
772 340 824 373 ubi
850 340 887 373 de
909 342 1071 381 Aneuiyi-

72 384 208 419 maribus
232 384 356 427 scripfi.
382 385 456 419 satis
478 385 575 417 multa
599 381 743 425 interjeci
772 395 841 422 quae
872 383 934 417 huc
956 394 1072 416 conve-

76 429 188 468 niant,
211 430 242 461 &
268 426 315 461 hae
340 428 587 462 Observationes
610 427 756 469 pleraque
787 426 902 459 habent
946 436 1000 468 per
1042 424 1070 457 se

76 471 176 508 clara,
202 472 234 503 δε
257 480 371 513 praeter
392 471 471 511 has,
493 470 569 502 bene
594 470 703 503 multae
725 470 831 510 mihi,
854 481 909 503 nec
930 470 975 501 ita
996 468 1069 502 bre-

74 514 150 554 ves,
173 513 243 547 sunt
258 537 268 552 ‚
291 525 369 557 quas
392 514 442 548 his
468 511 649 554 subjiciam.
676 513 758 551 Qae
792 522 827 547 ut
860 510 1068 555 respondeant

73 567 141 600 quo
163 556 202 589 ad
224 554 290 598 ejus
312 557 377 590 fieri
403 555 524 598 potest,
548 555 719 598 propositis
744 556 898 589 Valsalvae
911 555 1070 588 Observa-

74 599 239 637 tionibus,
263 600 302 632 ab
324 602 433 633 Aortae
457 599 729 640 aneurysmatibus
751 601 884 633 initium
914 600 1036 641 capiam
1060 621 1068 628 .

118 655 149 685 9.
174 644 259 677 VIR
282 643 359 677 ludo
381 643 453 684 pilae
477 643 611 681 ligneae,
635 645 667 675 &
692 644 768 676 meri
792 643 1007 676 abusuinimis
1018 640 1073 673 de-

73 685 161 720 ditus
177 709 188 728 7,
210 697 248 721 ex
272 697 404 727 utroque
428 687 462 718 in
483 686 627 719 dolorem
651 686 767 719 incidit
789 684 913 733 brachii
927 685 1047 718 dexteri
1063 707 1074 723 ,

77 741 156 765 mox
177 731 210 762 ’δε
234 728 345 763 sinistri
362 751 372 766 ‚
403 740 477 762 curn
512 728 599 761 febre
635 729 844 770 conjunetum
869 755 876 760 .
910 728 1073 770 Apparuit

76 770 189 807 deinde
213 772 251 805 ad
273 772 364 806 sterni
386 771 561 813 supremam
586 783 706 814 partem
738 780 846 806 tumor
868 794 878 809 ‚
913 770 1075 805 furunculi

77 815 173 850 instar
195 814 345 857 majoris:
369 827 431 858 qua
456 815 556 857 specie
588 814 712 858 decepti
758 815 901 857 vulgares
943 813 1075 857 quidam

76 858 234 900 Chirurgi
270 886 276 896 ,
322 858 499 900 pulsatione
544 868 598 892 aut
644 859 776 892 minime
819 856 1031 892 animadversa
1064 879 1078 897 ,

79 913 132 938 aut
178 902 316 942 neglecta
342 926 354 941 2
398 913 430 934 ea
474 913 545 944 quae
590 902 628 935 ad
673 901 931 943 suppurationem
964 899 1079 942 perdu-

79 957 147 980 cere
190 944 409 979 vehtmentius
455 944 557 980 solent
581 971 590 985 ,
635 944 853 987 imposuerunt
877 969 884 975 .
920 946 1007 977 Cum
1029 953 1081 975 tu-

79 999 151 1024 mor
195 987 378 1021 incresceret
399 1012 411 1029 ‚
457 988 511 1021 alii
537 989 716 1023 mollientia
741 987 951 1022 adhibuerunt
967 1008 977 1024 ‚
999 984 1081 1019 unde

81 1034 110 1065 is
133 1031 286 1065 imminui
310 1031 395 1065 visus
416 1030 481 1072 est,
507 1030 650 1065 delinitis
673 1031 824 1064 videlicet
846 1055 859 1072 ,
903 1030 1081 1071 laxatisque

81 1075 195 1114 fibris,
217 1085 291 1116 quas
315 1074 540 1108 medicamenta
563 1075 618 1108 illa
642 1076 748 1117 priora
772 1076 991 1107 irritarerant.
1015 1073 1082 1105 Ve-

79 1130 150 1152 rum
171 1128 244 1150 cum
267 1129 300 1150 ea
322 1129 368 1151 res
390 1118 428 1152 ad
450 1119 666 1161 integumenta
711 1118 894 1151 communia
939 1117 1048 1160 potius
1071 1140 1082 1156 ,

104 1173 174 1195 uam
201 1160 238 1194 ael
262 1163 394 1204 propria
417 1164 556 1195 tumoris
580 1162 750 1199 attineret3
771 1162 840 1196 cito
863 1161 918 1194 hic
939 1171 1004 1193 non
1018 1171 1087 1192 mo-

78 1174 125 1238 do
147 1203 311 1246 pristinam
335 1205 424 1238 illam
446 1205 701 1247 magnitudinem
724 1205 851 1245 rursus,
873 1203 924 1237 sed
948 1203 995 1236 vel
1021 1214 1088 1236 ma-

82 1247 184 1290 jorem
206 1248 239 1280 in
264 1246 330 1281 dies
355 1247 509 1282 ostendit.
539 1251 650 1291 Itaque
672 1259 745 1282 cum
769 1249 802 1281 in
826 1245 1023 1281 Bononiense
1034 1247 1088 1279 In-

82 1291 274 1325 curabilium
298 1290 538 1326 Nosocomium
561 1303 665 1331 ann0,
686 1293 829 1333 opinor,
867 1301 961 1333 1704.
995 1301 1086 1324 exce-

85 1344 160 1378 ptus
183 1333 226 1368 est
248 1345 357 1376 aeger,
380 1333 557 1378 cydonium
581 1334 739 1368 mediocre
762 1333 907 1377 aequabat
938 1333 1060 1367 malum
1079 1355 1091 1372 ,

84 1381 117 1412 &
141 1377 226 1420 quod
249 1377 356 1410 multo
379 1379 467 1421 peius
491 1389 578 1419 erat,
601 1377 749 1412 exsudare
762 1378 1093 1420 sanguinemquodam

86 1421 160 1455 loco
182 1421 381 1463 incipiebat,
404 1431 440 1455 ut
464 1423 595 1464 propius
619 1420 700 1457 nihil
725 1421 848 1455 fat01um
880 1419 918 1453 sit
941 1443 953 1460 ‚
997 1430 1094 1462 quam

82 1474 119 1499 ut
142 1474 269 1503 cutem,
293 1464 341 1497 ibi
362 1464 402 1497 ad
428 1464 580 1498 summam
605 1466 792 1501 tenuitatem
803 1463 960 1497 redata-am
975 1488 983 1502 ,
1006 1462 1094 1504 ipse,

80 1507 299 1551 instantis-,jam
313 1508 444 1550 periculi
463 1509 613 1550 ignarus,
635 1508 844 1549 disrumperet
859 1531 868 1546 ,
891 1507 969 1540 dum
990 1506 1094 1539 osten-

80 1550 178 1585 dendi
214 1551 262 1584 sui
294 1551 399 1584 morbi
431 1551 520 1584 eausa
557 1552 673 1593 splenia
705 1550 865 1584 detrahere
909 1549 1054 1592 coepisset
1081 1572 1090 1580 .

81 1594 205 1635 Quod,
227 1605 259 1627 re
283 1594 388 1627 statim
436 1594 648 1628 animadversa
670 1617 683 1634 ,
715 1593 861 1635 perficere
906 1592 1092 1636 prohibitus

82 1636 146 1676 est,
172 1641 204 1671 &
227 1637 384 1680 quiescere
407 1635 524 1678 jussus,
549 1640 580 1670 δε
616 1636 653 1669 de
684 1638 835 1679 proximo
868 1636 1044 1670 inevitabili
1078 1647 1094 1668 e

80 1681 213 1714 mortali
241 1680 298 1714 hac
322 1682 388 1712 vita
413 1678 547 1714 discessu
570 1680 620 1722 pie
643 1679 788 1724 serioque
813 1680 955 1724 cogitare
979 1704 987 1712 .
1022 1680 1093 1721 Qi

82 1723 239 1767 postridie
261 1724 404 1765 contigit
427 1734 465 1757 ex
489 1724 726 1765 praenunciata,
751 1722 801 1757 sed
827 1734 889 1756 non
927 1732 993 1756 tam
1024 1725 1094 1756 cito

82 1767 123 1800 ab
145 1778 235 1809 aegro
259 1767 447 1808 expectata,
470 1767 606 1800 immani
631 1767 791 1810 sanguinis
815 1766 1019 1809 profusione.
1046 1768 1095 1800 Ea

80 1819 189 1844 tamen
235 1811 333 1842 animi
380 1808 545 1852 praesentia
580 1808 672 1849 fuit,
695 1819 731 1844 ut
755 1810 862 1843 statim
886 1822 920 1843 ac
964 1809 1094 1853 prod-ire

82 1854 268 1896 sanguinem
290 1851 403 1893 sensit,
426 1851 518 1887 simul
544 1854 618 1887 Deo
650 1853 680 1887 se
701 1853 975 1888 commendaverit
998 1877 1007 1892 ,
1054 1852 1094 1887 fi-

82 1897 150 1931 mul
175 1897 293 1939 pelvim
315 1907 388 1939 quae
411 1894 450 1929 ad
473 1896 630 1929 leftulurn
659 1905 725 1930 erat
748 1920 763 1938 ,
797 1897 859 1941 suis
895 1897 961 1940 ipse
994 1898 1094 1931 mani-

85 1940 145 1974 bus
168 1941 290 1983 ceperit
315 1963 328 1979 ,
358 1941 391 1972 δε
411 1939 499 1982 quasi
521 1939 653 1974 alterius
677 1940 843 1982 excipiens
877 1940 1060 1982 sanguinem
1083 1963 1094 1979 ‚

82 1983 206 2018 tumori
232 1982 336 2024 hianti
362 1982 529 2025 subjecerit
551 2006 564 2023 ,
594 1982 671 2017 dum
691 1985 849 2017 continuo
872 1996 910 2018 ex
942 1986 1095 2027 proximo

83 2027 223 2061 ministri
271 2028 466 2060 accurrerent
491 2051 499 2066 ,
531 2037 670 2068 quorum
696 2039 771 2061 mox
795 2029 879 2060 iuter
902 2039 1014 2062 manus
1037 2028 1094 2061 de-

83 2070 163 2105 fecit
189 2094 198 2102 .
332 2071 362 2102 C
384 2070 416 2102 A
439 2071 474 2104 D
499 2071 529 2102 A
556 2071 587 2103 V
612 2072 642 2103 E
664 2071 717 2109 R,
758 2081 930 2114 antequam
961 2070 1093 2105 diss‘eea-

83 2125 175 2154 rem,
196 2112 386 2155 inspiciens,
411 2113 539 2147 nullutn
562 2114 698 2156 amplius
721 2124 882 2149 tumorem
904 2114 1056 2156 conspexi
1082 2135 1093 2150 9

82 2159 202 2201 quippe
246 2157 301 2191 ui.
326 2153 427 2189 effuso
447 2155 622 2197 sanguine,
649 2168 715 2199 quo
748 2157 929 2191 extrorsum
963 2157 1094 2190 attolle-

82 2201 203 2240 batur,
239 2198 419 2234 ubsed'erat.
446 2198 573 2233 Pertusa
597 2198 643 2232 ibi
668 2208 734 2232 erat
756 2201 841 2233 cutis
856 2222 865 2237 ,
889 2202 922 2232 «Sc
943 2211 1013 2241 quae
1036 2211 1093 2232 cu-

85 2245 112 2287 ti
137 2243 292 2281 subsunt,
318 2242 427 2283 amplo
450 2241 632 2282 foramine,
655 2242 735 2277 duos
758 2242 851 2276 simul
887 2242 1015 2284 digitos
1043 2242 1100 2275 ad-

83 2288 235 2322 mittente
256 2311 267 2320 .
308 2283 451 2327 Adiposa
496 2285 641 2318 thoracis
682 2285 865 2319 membrana
906 2286 992 2318 inter
1034 2284 1100 2319 dis-

86 2329 259 2365 secandum
283 2352 296 2368 ,
330 2339 445 2370 aquam
468 2327 635 2361 emittebat
661 2352 672 2367 ,
703 2339 766 2371 qua
790 2331 823 2362 ἅτ
846 2327 987 2362 veficulae
1010 2340 1097 2370 qute-

88 2374 166 2408 dam
189 2372 384 2415 turgebant,
407 2370 462 2404 hic
488 2372 558 2405 illic
581 2383 622 2404 ex
645 2370 763 2405 summa
787 2381 859 2406 cute
899 2373 932 2404 in
965 2371 1097 2414 pedibus

88 2420 123 2451 &
146 2415 293 2450 cruribus
318 2415 540 2457 prominentes.
559 2439 568 2447 .
604 2416 642 2448 In
667 2413 812 2448 thoracis
837 2415 936 2447 etiam
960 2425 1098 2458 utroque

87 2471 168 2493 cavo
189 2470 266 2502 aqua
289 2467 356 2491 erat
378 2457 514 2498 plurima
530 2480 538 2494 ,
562 2468 657 2500 eaque
679 2456 815 2491 subflava
829 2482 838 2489 .
864 2458 1023 2500 Magnum.
1040 2469 1100 2491 au-

90 2512 155 2537 tem
177 2513 243 2535 erat
269 2500 453 2542 aneurysma
469 2524 484 2540 ,v
506 2502 538 2533 in
563 2500 649 2544 quod
675 2501 817 2534 anterior
861 2503 962 2543 paries
1008 2511 1097 2535 arcus

89 2544 190 2589 ipsius
213 2547 325 2578 Aortae
349 2543 378 2576 se
401 2543 599 2585 expandens.
625 2544 784 2581 summum
806 2557 844 2579 os
864 2544 979 2582 sterni,
1005 2544 1097 2579 huic-

89 2601 151 2632 que
175 2587 344 2621 insidentia
368 2587 600 2620 clavicularum
625 2596 787 2627 extrema,
810 2591 842 2621 &
864 2587 964 2622 costas
986 2590 1097 2631 proxi-

90 2643 159 2667 mas
184 2632 303 2675 partim
327 2629 559 2674 absumpserat,
583 2632 701 2672 partim
726 2632 854 2665 indueta
883 2634 965 2665 carie
998 2632 1096 2664 vitia-

89 2685 198 2709 verat.
226 2674 301 2714 Qia
326 2683 433 2707 autem
455 2671 518 2708 ossa
543 2672 710 2717 absumpta
732 2674 858 2709 fuerant
880 2699 890 2715 ,
924 2684 978 2709 aut
1013 2676 1096 2708 carie

91 2718 232 2754 infecta,
256 2718 302 2750 ibi
328 2716 409 2750 nihil
437 2719 574 2750 omnino
599 2717 756 2759 supererat
781 2718 820 2752 de
851 2719 975 2753 arteriae
1007 2720 1095 2754 tuni-

92 2763 141 2795 cis
155 2776 164 2794 :
187 2760 309 2805 quibus
329 2759 405 2794 alibi
428 2760 601 2795 substantia
623 2761 763 2805 undique
796 2763 882 2797 intus
916 2761 1096 2796 adhaerebat

92 2804 189 2838 crassa
216 2829 223 2843 ‚
267 2803 429 2837 exsuccam
452 2826 461 2842 ,
507 2807 539 2838 &
584 2804 721 2838 luridam
769 2816 898 2839 carnem
942 2804 1096 2846 referens,

94 2848 223 2892 punc‘tis
269 2845 457 2888 quibusdam
503 2847 716 2882 albicantibus
760 2848 965 2887 distinctam,
1001 2861 1096 2892 quam

82 2890 191 2926 'facile
215 2889 369 2923 divideres
392 2891 425 2924 in
449 2891 552 2933 plures
573 2889 658 2934 quasi
681 2892 880 2934 membrana-s
895 2916 903 2931 ‚
925 2893 1001 2925 alias
1024 2893 1094 2927 aliis

95 2933 263 2978 impositas
285 2957 298 2973 ,
331 2942 440 2968 natura
464 2934 503 2968 ab
527 2935 566 2968 iis
591 2934 705 2977 quibus
729 2934 951 2976 adhaerebant,
974 2937 1094 2969 tunicis

98 2978 227 3022 prorsus
250 2974 404 3012 diversas,
425 2978 543 3020 quippe
566 2978 728 3011 evidenter
750 2979 939 3022 polyposas.
1002 2980 1095 3014 uibus

97 3027 243 3055 accurate
266 3018 455 3062 perspefftis,
479 3021 563 3055 nihil
589 3030 737 3064 praeterea
759 3024 900 3057 occurrit
925 3021 1107 3057 adnotatio-

96 3076 136 3099 ne
159 3063 314 3108 dignum.

146 3119 194 3142 10.
221 3106 416 3140 Miserabilis
437 3106 531 3150 hujus
552 3109 616 3141 viri
643 3110 746 3143 exitus
771 3108 853 3143 illud
876 3111 1018 3152 primum
1041 3110 1100 3144 do-

100 3160 152 3186 cet
176 3173 185 3188 ,
218 3158 413 3194 quantopere
445 3153 529 3184 inter
560 3152 655 3185 initia
678 3153 858 3187 curandumv
879 3153 916 3186 fit
939 3155 1027 3187 omni
1051 3166 1101 3187 ar-

98 3195 144 3229 tis
168 3194 310 3233 auxilio,
335 3203 373 3226 ne
395 3195 516 3234 interna
542 3195 761 3238 aneuz-ysmata
784 3198 1017 3231 incrementum
1050 3209 1102 3230 ca-

100 3240 192 3283 piant
218 3250 228 3270 .·
271 3235 388 3270 deinde
410 3260 422 3277 ‚
467 3234 492 3270 fi
536 3249 589 3272 aut
632 3239 829 3273 medentium
853 3240 979 3273 inscitia
1003 3263 1013 3278 ‚
1047 3251 1101 3275 aut

99 3282 179 3324 :egri
212 3279 429 3314 inobedientia
453 3305 462 3318 ,
497 3291 552 3315 aut
587 3281 685 3325 ipsius
716 3284 820 3317 morbi
843 3283 875 3316 vi
901 3294 1026 3318 tantum
1048 3297 1102 3317 ca-

102 3327 194 3369 piant
216 3349 228 3365 ,
272 3334 308 3377 ut
353 3324 578 3359 communibus
623 3324 724 3359 solum
769 3336 978 3370 protegantur
999 3329 1104 3362 totius

101 3370 249 3410 corporis
294 3369 523 3411 integumentis
545 3392 554 3408 ,
596 3377 665 3402 tum
709 3371 885 3405 cavendum
929 3370 985 3406 esse
1009 3393 1019 3409 ‚
1065 3383 1102 3406 ne

103 3411 219 3456 splenia
242 3435 252 3450 ‚
297 3409 363 3454 J'am
407 3409 519 3444 siccata
565 3411 741 3453 praesertim
772 3438 781 3452 ‚
826 3416 956 3457 cutique
1005 3413 1111 3449 adhae-

103 3456 208 3505 rentia
227 3479 239 3494 ‚
274 3463 389 3503 temere
413 3455 586 3504 avellantur
606 3468 620 3506 ς.
651 3456 785 3499 denique
808 3481 820 3497 ,
853 3458 874 3491 fi
901 3470 947 3493 res
980 3471 1019 3492 eo
1040 3469 1108 3500 per-

102 3508 247 3539 venerit,
270 3507 306 3533 ut
329 3509 394 3542 jam
419 3508 531 3540 ruptio
553 3508 638 3532 cutis
658 3500 847 3542 immineat,
880 3514 965 3536 venae
999 3511 1104 3535 autem

103 3542 202 3577 sectio
224 3566 237 3583 ,
269 3552 322 3576 aut
345 3542 390 3574 ob
419 3543 495 3584 aegri
528 3541 794 3577 constitutionem
815 3568 829 3585 ,
863 3545 1103 3579 infirmitatem-

189 3587 353 3629 Morgagni
365 3586 399 3619 de
413 3586 482 3619 sed.
496 3584 632 3627 &Caus-
645 3585 747 3620 Morb.
763 3588 860 3621 Tom.
875 3591 902 3621 Ι.

1940 222 2035 269 275

1494 304 1541 327 uae
1566 291 1640 324 alias
1661 292 1676 328 (
1696 299 1728 322 m
1750 292 1764 328 >
1788 288 1954 332 attigimus
1976 309 1986 325 ,
2008 285 2109 333 suspeg

1471 305 1510 368 da
1536 334 1594 369 esse
1615 332 1747 371 omnia,
1772 343 1823 372 per
1852 342 1922 373 quae
1954 329 2036 362 dies¹
2055 329 2113 361 lal-

1720 375 1847 408 Scilicet
1879 382 1992 417 praeter
2028 371 2112 405 sum·

1121 305 1181 336 que
1206 317 1215 332 ‚
1249 302 1302 326 aut
1326 292 1369 325 ob
1391 293 1451 325 alia

1121 338 1171 370 (fta
1193 335 1255 375 sit;
1278 337 1470 378 praecogitan

1122 389 1186 412 tem
1210 379 1333 421 aliquot
1358 380 1423 411 vita
1448 377 1652 421 protrahatur
1675 399 1683 406 .

1106 434 1206 456 =mam
1229 434 1296 465 quo
1318 421 1356 455 ad
1379 421 1444 462 ejus
1467 421 1533 454 fieri
1567 418 1657 462 poffit
1679 441 1688 456 ,
1719 419 1863 460 corporis
1887 440 1896 455 ,
1940 419 1972 449 &
2017 414 2115 447 animi

1120 468 1279 509 quietem.
1304 465 1519 506 summamque
1541 462 1782 510 abstinentiam,
1806 471 1839 493 ut
1863 472 1900 493 ne
1924 460 1995 501 plus
2017 468 2116 508 quam

1119 512 1194 542 vitae
1218 507 1372 542 servandae
1395 506 1468 541 satis
1490 506 1550 548 slt,
1572 506 1668 549 idque
1693 511 1833 547 partite,
1854 506 1884 536 ὅ(
1907 514 1945 536 ex
1982 511 2115 534 minime

1122 551 1256 587 actuosis
1271 577 1280 589 ‚
1302 550 1506 588 exhibeatur,
1531 560 1644 593 praeter
1665 559 1737 582 eum
1758 548 1903 588 corporis
1925 543 2020 579 situm
2049 555 2116 586 quo

1122 596 1280 636 sanguinis
1304 595 1426 636 ponslus
1451 602 1646 626 attenuatam
1676 600 1783 625 cutem
1813 600 1876 637 non
1912 597 2018 629 urgeat
2039 610 2057 634 ³,
2083 589 2115 619 δε

1122 641 1183 672 alia
1206 637 1433 681 ejusdemmodi
1457 660 1469 674 ‚
1501 634 1749 679 excogitandum
1770 631 1813 666 est
1835 631 1963 680 aliquod
1996 643 2011 663 a
2034 629 2120 662 cln-

1123 682 1226 723 rui-gis
1250 681 1386 723 praesidii
1409 690 1529 726 genus,
1553 689 1589 712 ut
1614 688 1690 721 puta
1714 676 1736 710 si
1770 676 2050 725 quadruplicatum
2080 684 2119 705 ex

1125 723 1222 758 vefica
1244 724 1379 763 bubula,
1405 732 1458 757 aut
1480 734 1519 755 ex
1542 722 1633 755 molli
1666 721 1750 754 aluta
1784 718 1940 762 splenium
1975 728 2121 758 impone-

1127 779 1213 802 retur
1236 790 1247 807 ,
1288 767 1377 811 cujus
1421 766 1533 809 splenii
1577 776 1640 799 orae
1685 774 1793 797 omnes
1828 774 1879 806 per
1913 759 2124 809 medicamen-

1127 821 1196 845 tum
1242 811 1328 853 quod
1371 808 1575 845 valentissime
1620 807 1655 840 id
1698 806 1796 849 posset
1819 830 1832 846 ,
1875 804 1914 839 ad
1945 812 2125 847 proximam

1127 865 1231 888 cutem
1253 878 1267 895 ,
1310 866 1380 897 quae
1423 855 1545 887 circum
1587 861 1747 886 tumorem
1790 848 1893 883 adhuc
1939 851 2061 890 integra
2093 847 2127 877 &

1129 898 1222 931 firma
1265 896 1337 931 esset
1360 920 1370 935 ,
1418 897 1694 939 agglutinarentur
1719 917 1726 927 .
1773 892 1831 926 Sed
1877 901 1913 925 tu
1959 891 2024 925 haec
2059 899 2127 922 me-

1131 943 1194 976 lius
1227 954 1238 980 3
1282 940 1346 982 ipse
1391 942 1476 973 enirn
1522 938 1661 972 servandi
1705 936 1753 970 vel
1797 935 1836 969 ad
1883 945 1985 985 ‘unam
2028 932 2128 967 horu·

1132 986 1194 1018 lam
1219 984 1361 1018 hominis
1385 983 1489 1017 studio
1513 983 1681 1023 abreptus,
1717 979 1844 1013 fortasse
1881 988 2005 1019 ineptio
2032 1002 2039 1010 .
2072 978 2131 1024 lfa-

1132 1028 1208 1062 scias
1233 1037 1336 1061 autem
1361 1027 1461 1060 aifias
1484 1050 1496 1067 ,
1531 1029 1561 1060 &
1586 1026 1719 1057 laminas
1742 1023 1854 1058 elatere
1880 1021 2016 1054 firmatas
2047 1015 2133 1068 haud

1133 1082 1277 1106 memoro
1300 1093 1313 1110 ,
1356 1080 1419 1102 non
1463 1078 1526 1101 tam
1573 1078 1700 1110 propter
1744 1066 1800 1100 illa
1844 1077 1914 1107 quae
1960 1065 1998 1097 de
2043 1072 2138 1095 noxis

1137 1114 1322 1158 graviffimis
1348 1135 1356 1148 ‚
1401 1111 1619 1155 progrediente
1664 1121 1807 1152 tempore
1847 1107 2042 1157 iude-illatis
2065 1107 2136 1139 ani-

1139 1157 1312 1192 madvertit
1337 1154 1497 1189 Lancifius
1520 1158 1534 1194 (
1558 1165 1577 1186 n
1598 1158 1635 1194 );
1659 1164 1759 1195 neque
1789 1154 1874 1185 enim
1904 1149 1957 1184 luc
1990 1159 2099 1192 agitur
2126 1173 2135 1187 ‚

1140 1211 1177 1236 ut
1199 1211 1297 1244 quam
1319 1198 1489 1233 diutissime
1513 1200 1598 1230 vivat
1622 1208 1727 1239 aeger,
1751 1195 1800 1230 sed
1824 1207 1861 1228 ne
1884 1195 2041 1242 continuo
2065 1204 2137 1225 rno-

1138 1247 1240 1278 riatur
1265 1256 1275 1283 ;
1308 1254 1404 1286 quam
1428 1252 1556 1284 propter
1579 1248 1781 1286 extenuatam
1802 1247 1909 1272 cutem
1934 1260 1943 1274 ,
1978 1247 2030 1270 cui
2056 1234 2138 1285 pres-

1138 1288 1184 1323 sio
1206 1287 1249 1321 est
1270 1288 1374 1320 omnis
1398 1285 1570 1328 periculosa
1595 1311 1602 1318 .
1637 1285 1790 1317 Attamen
1826 1281 1865 1315 de
1888 1280 1990 1314 tribus
2022 1290 2115 1320 :egris
2132 1303 2141 1315 ‚

1142 1343 1218 1365 cum
1241 1331 1303 1364 hoc
1324 1341 1417 1373 quem
1439 1327 1682 1371 descripsimus,
1702 1324 1904 1373 conferendis
1929 1348 1938 1364 ,
1961 1336 1976 1357 a
2002 1323 2142 1372 Wagne-

1145 1386 1183 1409 ro
1205 1376 1325 1425 &00
1359 1384 1375 1405 a
1407 1373 1547 1413 Lafagio
1568 1375 1582 1411 ζ
1603 1382 1624 1415 p
1649 1375 1659 1410 )
1683 1394 1691 1408 ,
1726 1381 1744 1403 a
1778 1368 1924 1418 Lentilxo
1956 1370 1970 1407 ί
1993 1378 2011 1409 q
2033 1370 2046 1406 >
2076 1365 2143 1399 dis-

1145 1418 1240 1452 sectis
1264 1441 1276 1457 ,
1307 1415 1414 1450 videre
1440 1418 1562 1460 poteris
1584 1439 1597 1456 ,
1627 1413 1706 1457 quid
1729 1415 1762 1447 in
1797 1413 1916 1447 ultimo
1948 1411 1985 1444 ad
2017 1409 2143 1452 proflu-

1147 1462 1237 1496 vium
1249 1459 1408 1503 sanguinis
1420 1458 1640 1494 retardandum
1652 1481 1661 1497 ,
1686 1455 1869 1492 adhibitum
1882 1454 1919 1488 sit
1932 1465 1945 1494 ;
1966 1463 2146 1497 quanquam

1147 1506 1181 1538 in
1206 1503 1341 1539 sec-undo
1371 1503 1537 1537 dumtaxat
1561 1526 1573 1543 ‚
1606 1501 1688 1535 nihil
1713 1500 1776 1543 jam
1802 1497 1860 1533 nisi
1885 1505 2046 1531 attenuata
2089 1507 2149 1529 cu·

1146 1550 1189 1582 tis
1214 1547 1347 1581 restabat
1369 1571 1382 1588 ,
1412 1559 1483 1590 quae
1506 1559 1521 1579 a
1547 1546 1698 1587 sanguine
1722 1551 1977 1590 perrumperetur
2001 1563 2013 1580 ‚
2061 1550 2151 1589 uam·

1145 1592 1259 1625 obrem
1283 1589 1369 1624 idem
1392 1591 1448 1633 qui
1471 1592 1505 1623 in
1527 1587 1633 1622 nostro
1649 1611 1658 1625 ,
1691 1597 1819 1620 eventus
1842 1586 1907 1620 suit
1925 1609 1937 1626 ‚
1969 1592 2007 1618 ut
2069 1592 2148 1615 atim

1147 1646 1184 1669 ac
1207 1634 1316 1676 rumpi
1340 1644 1448 1667 tumor
1469 1634 1571 1674 ccepit
1596 1657 1606 1673 ,
1640 1630 1733 1666 simul
1767 1631 1917 1663 immanis
1950 1626 2150 1661 haemorrha-

1148 1680 1225 1722 gia,
1249 1681 1281 1711 δε
1304 1688 1388 1710 mors
1412 1677 1611 1718 ingruerint.
1747 1673 1848 1717 Qod
1880 1673 2038 1715 reliquum
2070 1669 2112 1703 est
2136 1682 2147 1707 ς

1148 1722 1330 1763 exemplum
1354 1719 1415 1753 hoc
1435 1730 1540 1753 meum
1564 1718 1721 1752 celerrimi
1746 1719 1855 1751 obitus
1879 1728 1918 1749 ex
1951 1714 2154 1757 aneurysma-

1149 1768 1192 1799 tis
1217 1765 1368 1807 ruptione
1391 1773 1520 1797 externa
1547 1789 1554 1801 ,
1587 1761 1643 1795 etsi
1669 1761 1731 1796 huc
1755 1764 1861 1795 minus
1896 1759 2033 1806 spe&are
2055 1780 2067 1797 ‚
2095 1756 2156 1806 *fa-

1149 1818 1240 1844 teor‚
1265 1809 1339 1851 quia
1364 1810 1563 1849 repentinum
1587 1804 1651 1838 dici
1677 1817 1741 1839 non
1767 1804 1869 1848 potest
1891 1801 1979 1846 quod
2001 1812 2067 1844 jam
2089 1812 2157 1845 jam

1150 1852 1262 1885 instare
1287 1876 1296 1891 ,
1328 1853 1360 1885 &
1383 1849 1509 1883 evidens
1533 1857 1598 1882 erat
1623 1872 1631 1886 ‚
1666 1851 1698 1882 δε
1723 1849 1915 1891 ρτεεάὶᾶιῑῐῐι
1939 1846 2042 1892 fuerat
2063 1857 2076 1885 ,·
2107 1855 2158 1879 ta-

1150 1906 1222 1928 men
1247 1894 1367 1936 protuli
1385 1920 1393 1931 .
1417 1904 1453 1928 ut
1477 1894 1580 1927 oculis
1604 1893 1778 1935 imaginem
1800 1891 1958 1936 quandam
1969 1889 2157 1940 subjicerem

1149 1940 1283 1972 iuternae
1316 1937 1573 1980 aneurysmatum
1620 1937 1802 1978 ruptionis.
1829 1937 2026 1971 Extenuatis
2070 1944 2158 1966 enim

1149 1982 1236 2016 haud
1261 1981 1343 2014 secus
1365 1991 1402 2014 ac
1425 1990 1530 2014 cutem
1556 1978 1715 2018 vidimus,
1738 1980 1880 2013 dilatatae
1914 1977 2036 2011 arteriae
2069 1979 2160 2011 tuui-

1148 2027 1216 2063 cis‚
1243 2024 1350 2058 hiatus
1373 2023 1451 2064 fiat,
1475 2026 1506 2057 ὃς
1531 2023 1657 2065 sanguis
1681 2022 1917 2066 profundatur,
1943 2018 2057 2055 necesse
2079 2020 2121 2055 cst
2145 2032 2156 2059 ;

1149 2066 1420 2111 quemadmodum
1444 2068 1523 2100 alias
1546 2071 1559 2106 (
1583 2078 1598 2099 r
1620 2070 1635 2107 )
1658 2068 1690 2099 in
1716 2067 1848 2101 muliere
1873 2077 1912 2099 ex
1944 2064 2047 2098 nostra
2084 2066 2161 2098 Ob-

1149 2111 1322 2146 servatione
1346 2111 1409 2145 tibi
1432 2109 1671 2153 descripsimus,
1694 2112 1727 2143 in
1752 2111 1823 2143 viro
1848 2120 1954 2144 autem
1989 2119 2071 2143 nunc
2105 2108 2160 2143 de-

1150 2154 1319 2188 scribemus
1364 2166 1403 2188 ex
1446 2153 1680 2188 Observatione
1725 2165 1822 2198 quam
1844 2162 1990 2187 extremo
2012 2153 2160 2186 Novem-

1151 2198 1203 2231 bri
1226 2198 1268 2230 A.
1296 2198 1388 2239 1708.
1412 2197 1452 2230 ab
1475 2197 1503 2230 se
1528 2196 1696 2238 habitam,
1719 2197 1884 2231 nobiscum
1907 2196 2059 2230 Venetias
2082 2206 2159 2230 tunc

1153 2239 1381 2281 redeuntibus,
1405 2239 1556 2283 postridie
1587 2241 1841 2275 communicavit
1887 2239 2158 2283 Diligentiffimus

1154 2284 1378 2318 San&0rinus.

1199 2337 1247 2360 11.
1296 2328 1310 2369 Ι
1337 2329 1371 2361 U
1393 2329 1428 2362 V
1449 2330 1480 2362 E
1502 2330 1539 2363 N
1561 2330 1578 2362 Ι
1601 2330 1620 2362 S
1654 2329 1821 2370 robustus,
1844 2331 1878 2364 in
1901 2329 2086 2364 triremibus
2111 2331 2160 2363 via

1151 2382 1226 2403 vere
1250 2365 1406 2411 assuctus,
1429 2370 1595 2406 affectioni
1627 2373 1789 2408 obnoxius
1811 2398 1825 2415 ‚
1868 2385 1964 2418 quam
2010 2373 2159 2408 homines

1151 2414 1215 2448 Rei
1240 2413 1377 2448 Medicae
1401 2414 1493 2448 rudes
1516 2417 1662 2450 Venetiis
1698 2415 1815 2460 flatum
1860 2420 2005 2451 vocitant
2027 2442 2038 2457 ,
2085 2421 2117 2451 δε
2142 2429 2158 2451 a

1154 2457 1282 2491 flatibus
1304 2458 1361 2491 effe
1376 2484 1384 2497 ,
1408 2459 1563 2499 credunt,
1585 2462 1731 2501 quamvis
1754 2461 1834 2502 saepe
1858 2461 1896 2494 fit
1928 2474 2000 2496 cum
2026 2462 2158 2505 organi-

1151 2512 1191 2533 co
1213 2502 1525 2546 quopiam-interno
1548 2503 1631 2535 vitio
1652 2502 1825 2546 conjuncta
1850 2528 1860 2544 ‚
1894 2516 1909 2536 a
1933 2514 2027 2539 motu
2059 2506 2158 2548 paulo

1152 2544 1347 2577 violentiore
1371 2545 1509 2586 spirandi
1533 2543 1722 2579 difficultate
1767 2548 1999 2589 corripiebatur
2022 2573 2029 2580 .
2078 2550 2158 2584 Duo

1152 2594 1303 2629 praeterea
1332 2588 1371 2622 ab
1393 2588 1481 2622 illius
1513 2587 1606 2622 sociis
1640 2589 1764 2624 fuerant
1799 2592 2011 2625 animadversa
2037 2618 2046 2633 ‚
2080 2593 2159 2626 alte-

1150 2641 1246 2671 rum,
1272 2643 1286 2663 a
1309 2631 1385 2664 cibo
1409 2631 1659 2667 somniculosum
1683 2643 1795 2676 praeter
1818 2635 1953 2669 modum
1977 2635 2043 2670 fieri
2077 2636 2155 2671 soli-

1152 2683 1245 2714 tum,
1268 2676 1403 2709 alterum
1427 2699 1440 2715 ,
1472 2673 1550 2717 saepe
1575 2675 1613 2710 ad
1637 2677 1764 2711 lumbos
1787 2687 1953 2721 utramque
1989 2680 2159 2715 admovere

1151 2728 1282 2752 manum
1304 2716 1494 2753 consuevisse
1517 2741 1528 2758 ,
1564 2722 1596 2753 &
1629 2722 1768 2755 valenter
1791 2721 1936 2756 deorsum
1960 2723 2063 2758 versus
2095 2723 2161 2758 fri--

1150 2772 1221 2811 care
1236 2786 1244 2800 ,
1268 2761 1354 2806 quasi
1378 2762 1423 2796 ibi
1448 2761 1623 2797 molestiam
1648 2766 1786 2807 aliquam
1821 2764 2005 2808 persentiret
2027 2792 2039 2808 ‚
2084 2780 2160 2811 qum>

1149 2806 1191 2842 iis
1215 2804 1423 2840 frictionibus
1446 2807 1600 2841 levaretur
1624 2832 1631 2838 .
1678 2809 1744 2842 Hic
1767 2820 1841 2843 cum
1864 2810 1897 2842 in
1920 2809 2018 2844 domo
2053 2823 2157 2845 mere-

1149 2850 1244 2882 tricia
1291 2850 1329 2884 ad
1374 2851 1482 2892 ignem
1528 2849 1644 2885 sederet
1679 2876 1690 2892 ,
1735 2853 1818 2885 inter
1864 2854 2062 2898 loquendum
2105 2867 2152 2889 re-

1148 2902 1242 2940 pente
1287 2893 1372 2927 obiit
1397 2918 1405 2925 .
1537 2896 1568 2927 C
1591 2897 1620 2928 A
1645 2897 1677 2929 D
1700 2897 1731 2928 A
1756 2898 1789 2930 V
1813 2898 1841 2929 E
1865 2898 1894 2932 R
1918 2899 1949 2931 E
1992 2898 2159 2941 inspecto,

1147 2945 1238 2978 cujus
1261 2947 1359 2978 neque
1381 2948 1494 2978 crura,
1518 2949 1572 2971 nec
1596 2948 1704 2972 venter
1728 2939 1918 2982 tumebant,
1940 2943 1972 2974 &
1990 2942 2052 2976 hoc
2065 2954 2155 2984 aper-

1147 2986 1209 3017 to,
1234 2978 1407 3021 depressum
1431 2983 1579 3023 apparuit
1613 2981 1821 3026 diaphragma
1851 3008 1858 3016 .
1994 2984 2156 3020 Thoracis

1160 3033 1252 3056 cavea
1275 3023 1402 3056 dextera
1425 3026 1587 3066 ingentem
1610 3023 1695 3060 effufi
1729 3026 1889 3070 sanguinis
1910 3030 2038 3072 copiam
2060 3028 2158 3063 habe-

1157 3066 1230 3100 bat.
1256 3066 1417 3113 lffrodierat
1441 3067 1494 3100 hic
1517 3079 1556 3101 ex
1579 3071 1693 3102 arteria
1715 3071 1851 3114 Magna,
1884 3084 1954 3115 quae
1985 3073 2160 3117 diaphrag-

1157 3112 1237 3143 mati
1259 3121 1324 3153 Jam
1348 3112 1513 3153 proxima,
1537 3111 1583 3144 ibi
1610 3111 1698 3147 suum
1721 3114 1824 3155 ipsum
1848 3124 1995 3150 truncum
2019 3119 2158 3151 inaneu-

1154 3153 1278 3201 rysma‚
1304 3155 1403 3197 pugni
1437 3155 1680 3196 magnitudine,
1702 3156 1891 3191 dilataverat
1914 3184 1922 3192 .
1965 3160 2065 3201 Qod
2099 3172 2157 3201 po-

1153 3196 1272 3239 lypohs
1297 3221 1310 3237 ,
1342 3197 1428 3240 quafi
1453 3198 1695 3235 membranaceis
1717 3225 1727 3240 ‚
1760 3203 2022 3236 concretionibus
2057 3203 2157 3236 refer-

1152 3249 1242 3280 tum,
1266 3241 1414 3275 adextris
1435 3243 1564 3284 quidem
1588 3253 1654 3277 erat
1679 3255 1888 3287 perruptum3
1911 3257 1927 3277 a
1951 3244 2077 3280 sinistris
2101 3258 2156 3280 au·-

1153 3293 1221 3317 tem
1244 3295 1381 3327 corpora
1406 3287 1625 3328 proximarum
1665 3289 1880 3321 vertebrarum
1904 3288 2022 3322 laeserat
2053 3290 2158 3330 adeo,

1153 3336 1190 3360 ut
1214 3339 1324 3370 magna
1347 3326 1426 3361 oss‘ea
1451 3328 1579 3371 squama
1599 3332 1637 3364 ab
1660 3331 1732 3372 ipfis
1755 3332 1846 3365 nullo
1867 3333 1999 3374 negotio
2011 3332 2157 3366 detrahe-

1154 3380 1260 3406 retur.
1285 3373 1447 3405 Caeterum
1472 3373 1557 3406 nulla
1580 3375 1615 3407 in
1638 3375 1746 3409 Aorta
1767 3374 1912 3408 officula.
1937 3377 2006 3409 Cor
2037 3375 2156 3410 durum

1161 3415 1274 3455 valde,
1296 3418 1329 3448 ὃ(
1350 3415 1383 3447 in
1408 3416 1435 3449 se
1457 3419 1677 3452 conv-aerum.

1207 3469 1254 3491 12.
1302 3461 1370 3491 Cor
1413 3457 1497 3501 posse
1517 3461 1655 3494 convelli
1679 3483 1688 3500 ,
1726 3460 1884 3504 superiore
1908 3463 2052 3503 Epistola
2076 3468 2088 3503 (
2105 3464 2132 3508 s
2145 3468 2162 3505 )

1158 3501 1314 3542 scriptum
1353 3501 1396 3536 est
1428 3526 1436 3534 .
1479 3502 1584 3546 Cujus
1624 3504 1669 3537 rei
1714 3505 1897 3546 exemplum
1940 3506 2038 3540 habes·
2067 3531 2080 3548 ,
2124 3508 2159 3541 ni

1155 3545 1251 3579 fallor
1272 3569 1285 3586 ,
1308 3547 1340 3578 in
1364 3546 1425 3579 hoc
1442 3548 1567 3593 Juvene
1591 3572 1601 3588 ,
1635 3545 1766 3624 sedMalii
1789 3547 1887 3583 causae
1918 3549 2126 3585 tribuendum
2150 3576 2158 3584 .

1741 3603 1773 3625 m
1820 3604 1837 3625 2
2014 3595 2122 3628 Caete-
2173 3592 2176 3597 '

107 3685 2173 3703 Μ*

167 3745 244 3777 (m)
276 3748 351 3777 Epist.
384 3756 420 3777 1⁷.
450 3755 488 3782 n..
510 3755 547 3777 3¹.
580 3748 603 3773 ἃ
633 3749 681 3780 seq.
744 3751 818 3779 (η)
844 3753 881 3776 De
913 3753 1057 3785 Aneurysm.
1090 3753 1186 3783 propos.
1218 3755 1259 3783 38.

170 3777 334 3840 iii-aiz
355 3779 428 3805 ’ἰωὰ
459 3779 527 3807 Lms'
556 3780 639 3809 suppl·
672 3782 703 3805 T·
737 3788 756 3810 3·
786 3782 811 3806 S.
843 3789 864 3811 9.
906 3782 995 3813 ’(9)
1034 3785 1095 3815 Eph.
1125 3786 1160 3808 N.

1319 3753 1389 3782 (ο)
1419 3753 1481 3781 Eph.
1512 3755 1545 3778 N.
1578 3756 1607 3780 C·
1637 3756 1696 3778 Dee.
1726 3760 1748 3784 3.
1780 3755 1810 3778 A.
1842 3763 1864 3785 ς.
1897 3755 1956 3781 Obs.
1991 3762 2042 3787 ¹⁷⁹·

1192 3786 1263 3810 Cent-
1294 3791 1316 3810 ι
1348 3782 1408 3808 obs·
1442 3787 1480 3812 9⁶-
1543 3787 1608 3816 (ν)
1643 3785 1716 3816 Epist.
1746 3792 1784 3810 ιι.
1819 3794 1844 3811 n.
1878 3793 1918 3816 47.
