2498 4075
470 246 624 314 Epist.
661 246 822 302 Anat..
857 247 1070 303 Medica

46 323 325 361 Observationem
348 324 371 358 si
395 335 469 360 cum
493 326 563 359 aliis
582 323 730 359 ,conferas
753 327 873 362 Aortae
897 327 1049 369 aneurys-

49 379 174 402 matum
196 380 216 403 *a
238 369 357 411 quibus
379 371 537 412 proximae
557 368 723 403 §vertebrae
757 380 846 404 erant
876 370 1015 404 ,corrosae
1037 381 1048 409 ς

43 412 129 446 <illud
154 411 282 446 fortasse
306 413 495 449 miraberis,
519 413 698 454 ligamenta
731 413 772 446 iis
805 413 965 449 vertebris
996 414 1050 446 in-

44 453 202 496 terimi-ia,
225 456 344 490 intasta
368 456 461 490 nobis
485 455 514 489 se
537 453 714 501 obtulisse:
735 456 823 498 quod
846 457 920 497 alii,
944 468 1049 499 quan-

48 507 120 532 tum
141 497 321 535 meminisse
343 510 426 533 nunc
449 498 631 541 possumus,
656 497 1047 540 ejusmodiObservatio-

48 551 127 574 num
149 543 333 584 >Scriptores
356 553 420 576 non
445 550 690 576 memorarunt.
726 542 819 584 Qin
843 554 954 576 eorum
991 543 1050 576 ali-

46 584 105 626 qui
124 581 245 621 diserte
266 596 333 620 non
355 586 460 618 minus
482 597 517 619 ea
539 585 734 627 ligamenta,
757 596 854 626 quam
886 586 1052 620 vertebra-

46 638 120 660 rum
140 639 299 671 corpora,
322 637 497 668 excavata,
524 638 621 671 atque
646 627 815 670 absumpta
839 627 871 663 se
903 628 1056 665 invenisse

43 670 263 713 scripserunt,
289 681 344 709 ut,
367 672 505 712 exempli
529 672 655 713 gratia,
680 673 734 705 Cl.
761 671 921 714 Vernojus
943 675 957 710 (
978 672 996 711 l<
1018 675 1056 713 )‚

48 716 80 746 δε
105 715 230 750 Αιιξὲοτ
254 714 437 757 penultimae
459 716 586 756 Figurae
602 737 613 753 ,
639 715 672 749 id
705 716 855 758 praeclare
887 715 1053 749 ostenden-

49 757 114 794 tis,
136 760 170 792 in
195 758 446 794 Commentariis
469 759 582 799 Regiae
615 759 831 793 Scientiarum
861 758 1049 796 Academiae

51 799 231 834 parisiensis
254 800 292 834 ad
316 802 359 835 A.
383 811 479 844 1724.
505 803 548 836 Et
570 802 643 835 sane
664 802 870 843 cartilagines
892 802 1053 835 obnoxias

47 851 127 879 tunc
150 843 209 877 esse
230 843 471 886 absumpdoni,
495 843 558 879 five
580 844 648 879 haec
671 845 728 878 fiat
750 844 790 878 ab
812 844 934 880 diutius
956 846 1054 880 itera.

44 887 88 919 tis
112 887 231 920 iffibus
255 886 438 929 sanguinis,
462 889 496 921 in
520 887 708 930 aneurysma
730 887 902 927 irruentis,
924 887 989 922 five
1012 887 1054 922 ab

44 929 256 963 erodentibus
280 931 472 972 particulis,
494 941 529 965 ut
555 932 632 965 alibi
654 934 668 970 (
689 930 702 964 l
723 933 737 970 )
761 942 777 964 a
802 931 897 964 nobis
928 930 1052 969 exposi-

45 981 116 1005 tum
142 972 209 1010 est,
232 973 429 1011 Observatio
451 974 592 1010 ostendit
614 975 669 1008 Cli
692 973 846 1008 Maloetii
872 976 905 1007 in
938 973 1053 1009 iisdem

43 1016 307 1051 Commentariis
330 1017 493 1060 proposita
517 1018 554 1051 ad
580 1019 622 1051 A.
651 1028 748 1060 1733.
770 1018 804 1050 in
826 1029 889 1060 qua
920 1018 1055 1055 cartila-

44 1058 137 1100 ginea
159 1059 290 1100 Asperae
313 1062 441 1094 arteriae
467 1061 628 1104 segmenta
651 1063 781 1103 aliquot
798 1085 806 1100 ,
830 1062 905 1094 loco
949 1061 1052 1103 poste-

47 1103 143 1135 rioris
168 1104 300 1149 parietis
323 1104 540 1147 aneurysmati
561 1104 770 1141 inservientia
786 1128 794 1144 ,
817 1112 944 1145 reperta
979 1104 1054 1138 sunt

46 1144 229 1180 infirmiora
252 1157 317 1187 jam
342 1145 449 1189 fasta,
472 1150 504 1182 δε
528 1150 634 1182 minus
657 1158 820 1187 convexa,
842 1148 907 1181 duo
944 1157 1054 1181 autem

46 1187 193 1229 ipsorum
216 1201 256 1223 ex
280 1190 386 1233 aliqua
412 1190 459 1225 sui
483 1202 571 1233 parte
595 1191 783 1232 absumpta.
821 1191 934 1234 Quam
982 1191 1056 1225 Ob-

43 1230 260 1272 servationem
280 1245 354 1270 cum
378 1234 441 1268 tibi
464 1236 542 1270 alias
562 1238 575 1274 (
597 1246 628 1269 m
646 1235 665 1281 )
688 1237 886 1278 memoravi,
908 1235 956 1269 ibi
979 1236 1055 1281 qui-

1102 245 1220 301 XL÷
1256 244 1378 299 Art.
1408 263 1451 300 ι.
1486 250 1540 304 &
1573 263 1627 300 2.·
1944 263 2038 313 149

1095 326 1171 360 dem
1216 323 1309 358 fimul
1355 323 1424 358 dixi
1444 348 1456 366 ,
1499 327 1664 362 molliores
1687 334 1813 367 partes,
1861 327 1958 370 uippe
1983 328 2104 362 ictibus

1098 371 1206 403 minus
1227 369 1400 402 renitentes
1416 394 1426 409 ‚
1450 370 1555 403 minus
1578 370 1689 404 atteri,
1713 381 1810 411 quam
1836 338 2018 410 sirmiores3
2050 371 2105 405 hic

1102 424 1181 446 vero
1204 410 1383 445 illiusmodi
1407 414 1618 455 explicationi
1641 411 1735 447 video
1759 425 1823 446 non
1857 412 1915 446 esse
1960 415 2072 447 locum
2095 439 2105 447 α

1102 455 1192 489 Nam
1215 454 1236 487 si
1258 455 1334 496 quia
1357 456 1461 489 minus
1481 468 1583 499 quar-n
1606 456 1786 496 vertebrae,
1808 458 1985 499 ligamenta
2023 459 2108 490 reni-

1100 508 1216 532 tuntur
1239 497 1289 531 his
1311 497 1505 539 interjecta,
1528 511 1566 532 eo
1592 510 1720 542 quoque
1744 503 1849 533 minus
1872 502 1990 539 atteri,
2015 500 2109 534 dixe-

1100 553 1162 581 ro,
1185 552 1307 584 quaeres
1329 542 1508 580 continuo,
1532 554 1591 576 cur
1614 542 1741 583 igitur,
1766 542 1844 576 sicut
1869 545 1902 577 in
1926 543 1991 577 illis
2024 554 2107 584 quos

1101 583 1247 626 descripsi
1262 606 1271 621 ‚
1296 583 1485 619 hominibus
1503 585 1656 624 duobus,
1679 586 1727 619 ita
1752 587 1785 619 in
1820 588 1952 630 reliquis
1985 589 2106 628 pariter

1105 639 1171 661 non
1195 629 1256 661 sint
1281 638 1428 669 reperta3
1452 627 1502 663 sed
1526 630 1559 661 in
1583 627 1633 662 his
1655 629 1872 671 consumpta,
1898 633 1931 664 in
1955 631 2025 663 illis
2057 631 2109 663 in-

1103 670 1217 709 tafta?
1241 670 1342 707 Quod
1384 670 1406 704 si
1431 671 1478 704 illi
1522 671 1653 714 juvenes
1697 670 1825 706 fuissent
1848 675 1966 713 ambo,
1988 673 2109 716 reliqui

1104 724 1211 751 autem
1237 714 1346 752 senes;
1369 714 1498 752 fortasse
1522 713 1705 757 responderi
1728 714 1852 758 posset,
1875 719 1908 750 in
1932 717 1997 750 illis
2020 719 2110 751 enim

1103 759 1229 797 minus,
1252 757 1286 790 in
1309 756 1359 795 his
1382 759 1484 801 magis
1506 758 1748 793 renitebantur.
1773 761 1878 803 Atqui
1912 771 1978 793 non
2012 760 2110 794 modo

1101 803 1143 834 vex
1165 801 1289 834 caeteris
1311 822 1321 838 ‚
1357 811 1392 835 ut
1415 803 1442 835 is
1462 810 1547 835 certe
1568 804 1628 844 qui
1653 813 1669 834 a
1694 803 1844 845 Veruojo
1878 803 2075 846 proponitur
2100 829 2111 844 ‚

1105 843 1157 881 sed
1180 845 1277 878 etiam
1300 854 1340 878 ex
1362 844 1490 879 duobus
1512 844 1630 881 nostris
1665 846 1789 887 primus
1835 857 1904 881 erat
1948 846 2076 888 juvenis
2100 861 2111 885 3

1106 898 1143 921 ut
1167 888 1300 921 minime
1324 897 1497 929 appareat,
1519 899 1576 922 cur
1596 888 1620 921 si
1644 899 1708 922 non
1732 889 1829 927 huic,
1853 892 1902 924 illi
1927 891 2021 923 atteri
2057 891 2114 925 de-

1103 931 1258 971 buerint,
1281 942 1382 973 neque
1405 942 1463 965 cur
1485 942 1550 965 non
1574 933 1672 965 atteri
1696 932 1805 969 nostro
1829 935 1902 969 Seni
1926 958 1934 967 .
1981 933 2114 970 Obscu-

1102 985 1140 1008 ra
1186 974 1290 1016 igitur
1334 975 1425 1008 istius
1479 975 1674 1011 discriminis
1717 976 1810 1011 causa
1855 979 1895 1012 ab
1939 976 2001 1011 alia
2045 978 2113 1013 for-

1104 1016 1179 1051 tasse
1213 1018 1249 1049 in
1281 1017 1350 1050 aliis
1384 1017 1544 1052 erodentis
1577 1019 1725 1054 humoris
1757 1031 1871 1056 natura
1893 1043 1903 1059 ‚
1933 1031 1971 1053 an
2006 1020 2113 1056 aliun-

1103 1060 1143 1094 de
1174 1059 1214 1094 sit
1247 1061 1419 1102 repetenda
1444 1086 1454 1100 ,
1486 1062 1551 1095 tibi
1582 1063 1814 1106 ⁸indagandum
1861 1065 2075 1106 relinquimus
2099 1088 2112 1103 ,

1104 1105 1236 1146 quando
1256 1102 1323 1137 haec
1347 1102 1410 1144 jam
1435 1105 1508 1137 satis
1531 1104 1628 1147 longa
1652 1108 1797 1148 Epistola
1831 1109 1875 1143 est
1896 1133 1905 1142 .
1954 1110 2115 1144 Proximis

1103 1148 1222 1181 diebus
1244 1147 1378 1185 alteram
1400 1149 1568 1186 mittemus
1582 1171 1595 1189 ‚
1617 1150 1738 1184 interea
1762 1162 1871 1187 autem
1893 1150 2028 1186 salutem
2040 1153 2118 1194 plu-

1105 1192 1223 1230 rimam
1235 1214 1243 1226 ,ι

52 1430 615 1497 'EPISTOLA
669 1429 1848 1501 ANATOMICO-MEDICA
1903 1440 2123 1509 XLL

576 1576 763 1632 Sermo
795 1540 875 1634 est,
900 1579 966 1634 de
1001 1576 1190 1658 Urinae
1221 1584 1611 1652 Suppreffione:

154 1710 212 1745 Tsi
235 1709 320 1747 nihil
344 1711 444 1744 urinae
468 1709 576 1743 emitti
600 1716 663 1746 aut·
678 1710 761 1745 vitio
784 1712 902 1747 accidit
912 1723 1046 1752 renum,

44 1714 139 1823 E
165 1758 194 1789 δε
223 1765 409 1792 metretum,
434 1763 487 1787 aut
512 1754 621 1789 vesicae
643 1755 760 1798 ipsius,
784 1756 1049 1793 &urethraetta-

162 1809 233 1833 men
257 1810 312 1834 nec
335 1796 516 1836 Valsalwe,
540 1808 597 1832 nec
622 1800 703 1833 mihi
727 1801 892 1841 contigit,
916 1810 951 1835 ut
962 1813 1050 1836 mor-

45 1851 178 1877 tuorum
203 1842 246 1876 ob
271 1843 414 1885 priorem
436 1840 526 1873 illam
549 1839 720 1876 dumtaxat
756 1845 881 1876 causam
912 1856 1052 1889 corpora

38 1886 257 1921 ¹incideremus
281 1910 290 1919 ,
326 1885 397 1917 Nec
422 1884 562 1920 mirum,
586 1896 659 1919 cum
684 1896 772 1919 renes
797 1907 804 1920 ,
839 1890 870 1919 δέ
914 1899 1052 1923 ureteres

44 1930 168 1972 gemini
193 1929 254 1964 sint
271 1952 281 1969 ‚
304 1937 339 1961 ut
364 1927 387 1961 si
411 1927 495 1960 forte
519 1937 584 1961 uno
607 1930 640 1962 in
662 1930 762 1963 latere
784 1927 914 1971 deficiat
938 1944 1054 1966 eorum

43 1972 217 2013 officium,
240 1974 273 2005 in
297 1972 402 2006 altero
427 1970 633 2012 suppleatur.
668 1973 785 2016 Neque
829 1975 916 2007 enim
961 1975 1051 2019 quod

43 2018 140 2050 multi
163 2015 322 2055 credunt,
345 2014 467 2056 semper
491 2024 602 2049 verum
626 2016 693 2058 est,
716 2017 842 2050 otiante
865 2028 938 2051 rene
973 2020 1051 2052 alte-

13 2076 19 2078 -
42 2069 157 2097 rutro,
184 2060 318 2094 alterum
342 2068 473 2101 quoque
497 2056 591 2092 simul
615 2061 714 2093 otiari
731 2073 740 2091 .·
763 2070 834 2101 quae
858 2062 974 2102 opinio
999 2074 1051 2096 re-

41 2102 125 2146 jesia
151 2102 191 2137 est
216 2102 349 2140 Litteris
374 2100 626 2142 superioribus(
650 2116 667 2136 ιι
689 2107 729 2143 ).·
752 2104 822 2135 imo
857 2104 898 2137 ad
928 2106 1051 2139 Obser-

41 2151 190 2182 vationes
214 2157 292 2189 quas
316 2145 364 2177 ibi
389 2143 624 2187 indicavimus,
651 2147 867 2180 totsinvenies
889 2158 962 2190 quae
978 2148 1053 2183 addi

41 2190 159 2232 possint
184 2202 222 2223 ex
246 2186 448 2230 Sepulchreti
471 2188 618 2222 Sestione
641 2189 705 2225 huc
731 2190 889 2223 attinente
923 2191 1050 2226 XXIV.

44 2239 55 2275 (
78 2233 96 2266 b
120 2238 131 2273 )
156 2243 191 2267 ut
216 2231 236 2265 fi
260 2243 335 2265 curn
359 2233 401 2265 iis
425 2242 591 2273 compares
614 2243 687 2274 quae
710 2233 744 2265 in
768 2232 878 2266 eadem
903 2234 1053 2269 Sestione

43 2278 117 2310 sunt
140 2277 242 2310 urinae
267 2272 430 2316 suppressae
454 2280 492 2307 ex
516 2276 608 2308 unius
632 2276 801 2309 dumtaxat
824 2277 934 2309 lateris
966 2290 1053 2312 mor-

42 2322 109 2357 bo,
132 2321 229 2362 longe
253 2319 389 2353 rariores
415 2318 525 2358 primis
548 2317 602 2351 has
628 2319 740 2352 alteras
763 2318 845 2357 esse,
878 2320 1052 2362 planissime

43 2363 237 2407 cognoscas.
262 2362 351 2395 Nam
375 2361 473 2403 primi
497 2364 620 2404 generis
643 2361 752 2404 paffim
771 2372 965 2405 occurrent,
996 2376 1053 2399 ne..

41 2410 121 2442 dum
145 2407 202 2440 ubi
226 2405 388 2439 Gerardus
411 2403 532 2438 Blafius
554 2407 568 2443 ζ
589 2417 605 2438 c
620 2406 662 2447 ),
698 2406 873 2440 Isbrandus
896 2408 1050 2442 Dies-ner-

41 2450 215 2489 broeckius
238 2452 252 2488 (
274 2449 293 2481 d
316 2451 350 2488 )‚
375 2447 754 2482 LudovicusreMercatus
777 2451 828 2488 (-e
850 2452 863 2488 )
888 2449 922 2483 id
951 2462 1048 2494 genus

32 2505 69 2529 ut
93 2491 386 2537 frequentissimum
408 2491 596 2531 inculcant,
620 2495 651 2525 δι
677 2491 698 2524 si
723 2492 817 2526 velles
840 2492 953 2528 addere
975 2506 1048 2538 quae

33 2538 140 2582 postea
164 2539 198 2570 in
223 2535 376 2569 Caesareae
420 2534 604 2568 Academiae
628 2536 865 2570 Voluminibus
889 2536 948 2579 (f)
972 2548 1048 2580 pro-

34 2582 141 2618 diere;
165 2579 287 2614 nullam
309 2576 404 2611 facile
427 2579 589 2612 invenires
610 2590 683 2621 quae
707 2579 843 2613 adidem
866 2591 965 2623 genus
981 2583 1046 2614 non

38 2626 220 2668 spestaret‚
243 2623 373 2656 renibus
408 2621 560 2655 videlicet
605 2622 760 2656 ambobus
805 2633 859 2658 aut
902 2623 1052 2666 sphacelo

39 2669 223 2711 correptis,
255 2675 331 2703 aut,
348 2665 444 2707 quod
468 2670 564 2703 etiam
591 2665 785 2709 Rudolphus
813 2667 954 2710 Jacobus
986 2670 1054 2702 Ca-

43 2712 197 2746 merarius
221 2713 231 2749 (
251 2720 273 2752 g
293 2713 307 2748 )
329 2708 416 2742 vidit
437 2732 451 2749 ,
482 2709 611 2744 insolita
636 2708 859 2749 flacciditate,
884 2714 915 2744 &
941 2714 1051 2746 atonia

43 2754 190 2792 affectis,
215 2763 269 2786 aut
293 2752 418 2787 calculo
440 2751 609 2790 infarffis,
636 2762 691 2787 aut
716 2753 739 2787 si
763 2755 842 2787 alter
888 2766 953 2787 non
998 2766 1050 2788 eo-

45 2801 120 2834 dem
144 2797 306 2831 laboraret
338 2797 443 2832 vitio,
466 2807 498 2830 at
544 2795 755 2840 consumptus
778 2822 787 2837 ,
818 2796 1014 2832 inofficiosus
1038 2820 1049 2837 ,

43 2853 98 2878 aut
123 2841 180 2875 suo
204 2848 324 2873 uterere
346 2839 477 2877 sabulo,
500 2842 532 2873 δε
555 2841 687 2873 calculis
712 2840 888 2881 impedito.
904 2842 1050 2876 Alterius

45 2896 153 2922 autem
176 2883 315 2926 genem,
339 2882 371 2916 id
393 2882 437 2916 est
460 2884 535 2917 lotii
559 2884 603 2916 ob
628 2885 723 2917 unius
745 2884 914 2918 dumtaxat
938 2885 1049 2919 lateris

46 2932 170 2963 vitium
193 2924 341 2968 suppreffi
357 2950 366 2966 ,
390 2926 644 2960 Observationes
667 2927 702 2959 in
724 2928 824 2960 citata
848 2927 1049 2970 Sepulchreti

45 2975 194 3008 Sectione
219 2969 258 3003 ad
281 2980 394 3011 paucas
417 2970 572 3010 redeunt,
594 2972 625 3002 δι
649 2981 686 3003 eo
718 2974 882 3013 pauciores
906 2993 915 3010 ‚
961 2973 1050 3014 quod

45 3019 177 3060 aliqua,
200 3021 236 3047 ut
256 3023 326 3054 quae
349 3011 406 3046 sub
427 3014 664 3047 observatione
709 3015 736 3047 Ι.
780 3014 902 3056 legitur
943 3016 971 3056 §.
1000 3026 1048 3057 19.

46 3072 134 3097 non,
157 3067 194 3093 ut
218 3068 236 3088 a
259 3057 367 3098 primo
390 3055 538 3094 videtur,
562 3055 682 3099 spestat
727 3056 767 3091 ad
812 3058 874 3091 hoc
917 3070 1015 3100 genus
1038 3072 1048 3094 τ

44 3104 133 3148 quod
156 3099 308 3147 praeclare
329 3098 459 3133 docebit
484 3100 594 3135 eadem
619 3100 750 3134 historia
775 3112 839 3134 non
865 3101 962 3135 modo
994 3103 1049 3136 Se—

43 3150 152 3182 ctione
175 3144 287 3178 XXII.
313 3142 393 3176 Obs.
418 3144 514 3178 XIII.
535 3149 564 3179 §.
593 3154 618 3176 1.
643 3142 695 3177 sed
718 3145 816 3179 etiam
841 3145 874 3176 in
900 3144 958 3179 hac
983 3146 1048 3186 ipsa

46 3189 187 3224 Observ.
213 3188 240 3219 I.
265 3191 290 3222 §.
313 3197 344 3227 4.
371 3186 492 3228 plenius
517 3185 700 3230 proposita,
746 3197 781 3222 ut
828 3198 891 3220 non
939 3188 1047 3224 fuisset

44 3246 150 3277 opus,
174 3229 348 3274 praesertim
386 3231 533 3265 muti-lata
575 3233 690 3265 iterare
710 3254 722 3271 ,
766 3242 804 3265 ne
835 3231 941 3266 dicam
982 3242 1047 3266 ter-

45 3282 133 3312 tium
149 3299 160 3316 s
184 3278 214 3309 ὃ(
237 3283 391 3316 quartum
412 3277 572 3314 repetere;
599 3285 673 3306 nam
699 3286 770 3317 quae
802 3274 1045 3312 Observatione

45 3322 162 3356 eadem
181 3320 209 3353 Ι.
234 3315 424 3350 exhibentur
449 3319 477 3350 5.
503 3328 553 3351 20.
577 3320 607 3351 δι
631 3328 679 3350 22.
705 3320 916 3360 quantumvis
934 3343 944 3360 ‚
989 3331 1046 3362 per

44 3366 203 3400 incuriam
226 3361 381 3400 nomine,
404 3362 435 3392 &
451 3360 578 3394 ⁴dierum
603 3371 738 3394 numero
772 3372 897 3395 mutato
922 3384 930 3397 ,
976 3363 1046 3397 aliae

44 3409 241 3443 videantur,
265 3404 368 3446 ipsam
391 3412 496 3437 tamen
522 3404 578 3438 elle
603 3415 731 3446 apparet
755 3404 892 3447 inspecta
916 3405 993 3439 libri
1019 3408 1044 3441 Ι.

44 3454 190 3490 εεᾶιοηε
238 3449 299 3481 ῙῘῘ.
346 3444 427 3479 Obs.
472 3448 546 3480 XV.
573 3453 600 3482 §-
631 3459 655 3478 Ι.
679 3450 709 3480 &
731 3449 758 3487 §
787 3452 863 3481 item
890 3458 915 3481 1.
962 3450 1044 3485 Obs-

44 3497 144 3530 XIII.
170 3492 251 3527 Setis.
277 3490 374 3524 modo
396 3491 504 3524 citatae
527 3491 637 3524 XXII.
663 3491 738 3524 libri
764 3493 830 3534 ΙΙΙ.μ
847 3494 953 3535 Atque
978 3493 1046 3526 uti-

44 3551 119 3573 nam
143 3538 211 3572 haec
234 3546 296 3570 una
330 3532 465 3569 historia
507 3535 542 3567 in
588 3545 624 3567 ea
646 3534 685 3569 de
716 3546 778 3577 qua
810 3536 904 3581 loqui
940 3536 1047 3579 coepi-

1098 1725 1192 1754 muS,
1215 1717 1360 1752 Seffione
1382 1719 1513 1753 XXIV.
1537 1716 1616 1754 esset
1638 1719 1791 1761 repetita.
1817 1721 1877 1757 Sed
1889 1732 1925 1758 tu
1949 1721 2118 1758 conferens

1100 1758 1354 1795 Observationis
1378 1764 1423 1805 H·
1449 1765 1477 1803 §-
1505 1774 1555 1797 11.
1580 1775 1656 1798 cum
1681 1764 1743 1798 IV.
1768 1767 1796 1805 §.
1819 1779 1848 1808 9.
1874 1768 2018 1810 itemque
2042 1767 2118 1801 Ob-

1100 1801 1313 1851 servationem
1339 1807 1441 1839 VIII.
1468 1817 1542 1839 cum
1567 1809 1608 1841 X.
1633 1806 1689 1850 (h
1713 1810 1724 1846 )
1747 1810 1776 1848 §.
1802 1823 1834 1853 4„
1857 1813 1888 1844 δι
1909 1810 2005 1854 hujus
2029 1813 2057 1852 §.
2083 1822 2117 1853 7.

1102 1856 1179 1879 cum
1203 1848 1285 1883 Obs.
1309 1850 1367 1883 XI.
1393 1858 1488 1891 atque
1512 1859 1547 1883 ut
1572 1850 1611 1885 ad
1635 1851 1662 1882 I.
1686 1852 1718 1883 &
1742 1851 1789 1886 11.
1837 1854 2116 1888 Observation-em

1104 1889 1253 1931 redeam,
1277 1892 1366 1926 illius
1389 1898 1419 1927 ς,
1445 1903 1476 1926 2.
1502 1904 1576 1927 cum
1600 1896 1628 1934 §.
1654 1904 1704 1927 21.
1730 1905 1786 1929 aut
1808 1899 1837 1938 §.
1865 1909 1896 1942 3.
1921 1899 1979 1942 qui
2005 1910 2120 1942 perpe-

1105 1944 1176 1967 ram
1202 1945 1229 1968 1.
1252 1936 1467 1977 inscribitur,
1488 1948 1562 1971 cum
1585 1939 1614 1978 §.
1643 1948 1684 1979 27
1721 1939 1867 1984 itemque
1910 1954 1985 1976 cum
2030 1945 2059 1983 §.
2086 1954 2117 1977 2.

1106 1975 1191 2010 Obs.
1218 1980 1262 2012 II.
1287 1980 1395 2013 statim
1417 1980 1579 2023 intelliges
1601 1990 1685 2024 quot
1719 1982 1816 2018 satius
1855 1984 1974 2020 suisset
2020 1987 2119 2021 semel

1103 2031 1246 2069 ponere,
1268 2032 1321 2056 aut
1346 2021 1447 2065 siquas
1470 2022 1617 2058 historias
1641 2024 1687 2058 sui
1712 2037 1778 2060 non
1800 2027 1894 2064 semel
1930 2030 2118 2073 Antrones,

1103 2063 1244 2106 ideoque
1268 2077 1333 2099 non
1356 2064 1473 2101 iisdem
1496 2066 1619 2110 semper
1644 2069 1749 2106 verbis
1796 2071 2011 2116 scripsissent,
2036 2077 2116 2111 alte-

1106 2117 1177 2154 ram
1200 2107 1436 2152 scriptionem,
1463 2109 1485 2143 si
1511 2113 1595 2145 tanti
1617 2113 1805 2155 videretur,
1831 2119 1925 2151 alteri
1956 2121 2116 2155 continuo

1106 2149 1263 2192 subjicere
1286 2178 1295 2186 .
1331 2154 1410 2188 Sunt
1434 2163 1542 2188 tamen
1567 2157 1602 2189 in
1625 2157 1774 2200 Sestione
1798 2161 1856 2196 hac
1891 2163 2039 2205 quaedam
2071 2165 2117 2199 se—

1104 2195 1203 2228 cundi
1227 2197 1325 2230 etiam
1348 2198 1472 2239 generis
1496 2197 1657 2238 historiae,
1684 2209 1720 2234 ut
1743 2201 1800 2237 sub
1824 2205 2060 2242 Observatione
2085 2210 2116 2243 I.

1103 2241 1133 2271 ς.
1159 2247 1207 2279 14.
1233 2242 1264 2272 δι
1288 2239 1348 2273 sub
1371 2241 1437 2273 III.
1460 2243 1490 2281 §.
1519 2251 1547 2275 1.
1574 2253 1603 2275 z.
1629 2246 1661 2276 δι
1684 2255 1714 2287 3.
1738 2248 1795 2287 δι,
1819 2247 1841 2281 si
1867 2251 1914 2283 vis
1939 2272 1949 2288 ‚
1983 2252 2114 2295 insuper

1104 2279 1162 2313 sub
1187 2283 1250 2316 IV.
1274 2284 1303 2323 §.
1329 2293 1357 2316 2.
1381 2283 1444 2318 Sed
1469 2284 1548 2327 quid
1572 2285 1621 2319 hae
1646 2287 1684 2321 ad
1707 2287 1803 2332 longe
1827 2292 1983 2334 majorem
2016 2306 2116 2331 caere-

1102 2333 1211 2357 rarum
1234 2331 1432 2376 numerum?
1456 2339 1553 2370 quem
1577 2340 1692 2372 augent
1718 2333 1788 2366 aliae
1813 2335 1928 2378 aliquae
1951 2339 1984 2371 in
2009 2340 2116 2374 Addi-

1103 2375 1257 2402 tamentis
1303 2369 1446 2412 legendae
1492 2371 1530 2405 ad
1575 2373 1753 2408 sectionem
1777 2378 1888 2419 XXV3
1911 2381 1944 2414 in
1969 2394 2003 2417 ea
2027 2387 2115 2420 enim

1102 2410 1257 2445 exhibitae
1281 2413 1537 2448 Observationes
1560 2416 1665 2450 multo
1689 2418 1803 2462 majori
1837 2434 1876 2456 ex
1909 2435 2000 2466 parte
2033 2427 2115 2463 fuis·
2155 2438 2157 2441 ’

1100 2453 1168 2504 sent
1180 2455 1217 2488 ad
1230 2455 1425 2497 superiorem
1438 2459 1619 2494 Seeftiouem
1633 2460 1783 2497 addendae
1795 2488 1808 2505 ,
1831 2469 1861 2499 δι
1873 2490 1884 2505 ,
1908 2480 2023 2509 praeter
2037 2484 2087 2506 eas

1098 2497 1316 2548 omiffaeualiae
1340 2501 1389 2534 vel
1413 2503 1553 2536 maxime
1572 2504 1704 2546 obviae,
1727 2517 1763 2540 ut
1785 2519 1858 2551 quae
1882 2512 1915 2544 in
1949 2496 2113 2556 Ruyschii

1098 2541 1258 2575 Centuria
1281 2545 1292 2580 (
1317 2543 1362 2585 ι’)
1385 2545 1547 2585 proposita
1572 2546 1676 2581 fuerat
1830 2554 1966 2590 Constat
1989 2559 2092 2601 igitur

1103 2585 1209 2617 multo
1233 2595 1333 2635 rarius
1356 2587 1520 2629 accidere,
1542 2597 1579 2622 ut
1602 2601 1736 2631 renum,
1760 2596 1966 2634 &ureterum
1982 2626 1991 2642 ,
2015 2586 2117 2647 quip:

1103 2637 1142 2669 pe
1164 2638 1393 2671 geminorum,
1419 2632 1503 2665 vitio
1527 2634 1619 2667 urina
1646 2634 1883 2680 supprimatur,
1909 2654 2008 2685 quam
2033 2647 2114 2682 vefi-

1103 2682 1148 2720 cae
1164 2696 1174 2711 ,
1196 2674 1228 2704 &
1252 2671 1413 2715 urethrae,
1436 2686 1508 2718 quae
1530 2687 1600 2710 unae
1625 2678 1721 2720 sunt,
1746 2693 1848 2724 eoque
1871 2690 1977 2722 minus
2013 2691 2112 2726 mira-

1103 2724 1324 2766 riqoportere,
1348 2718 1438 2760 quod
1462 2731 1575 2754 eorum
1598 2724 1678 2764 qui,
1713 2727 1828 2765 primis
1872 2730 1938 2764 illis
1980 2733 2112 2771 obstru-

1104 2758 1186 2798 «stis,
1208 2769 1361 2800 perierint
1385 2787 1397 2804 ‚
1431 2773 1567 2805 corpora
1592 2766 1728 2800 necdum
1773 2770 1915 2806 incidere
1959 2780 2111 2816 potueri-

1101 2812 1172 2835 mus
1196 2826 1204 2833 .

1148 2855 1178 2877 2.
1205 2844 1361 2888 Quorum
1386 2846 1583 2883 diffefflonis
1607 2851 1652 2885 ob
1674 2851 1708 2885 id
1731 2855 1829 2890 etiam
1854 2859 2016 2900 cupidior0
2039 2865 2114 2900 fue-

1102 2899 1193 2929 ram,
1219 2898 1252 2922 ut
1277 2892 1458 2924 examinare
1480 2894 1514 2925 in
1538 2894 1578 2927 iis
1602 2893 1720 2937 possem
1744 2909 1793 2931 eas
1816 2911 1920 2943 partes
1943 2904 2028 2941 unde
2074 2912 2109 2943 δε

1103 2942 1161 2974 per
1184 2943 1284 2980 quas,
1307 2936 1338 2974 &
1360 2946 1428 2977 quo
1450 2935 1507 2968 alii
1531 2938 1606 2971 alias
1628 2941 1921 2982 comminiscuntur
1967 2932 2110 2990 pecu'h'a-

1102 2985 1149 3024 res
1173 2986 1273 3008 urinae
1297 2978 1383 3026 vias.
1409 2978 1477 3011 Etsi
1501 2982 1589 3013 enirn
1613 2982 1759 3018 adversus
1792 2985 1847 3021 has
1880 3001 2108 3032 argumentum

1100 3029 1136 3068 1r1
1159 3018 1359 3053 Adversariis
1384 3020 1437 3063 (lz
1458 3024 1472 3060 )
1496 3024 1650 3066 proposui
1676 3026 1715 3059 ab
1738 3029 1777 3061 iis
1801 3032 1939 3070 petitum
1963 3048 2036 3078 quae
2061 3039 2110 3073 sa-

1098 3069 1143 3094 tis
1165 3061 1286 3111 constat
1310 3066 1342 3096 in
1367 3064 1441 3096 lot1i
1465 3064 1734 3107 suppressionibus
1757 3072 1909 3109 adnotata
1932 3079 1990 3113 efle
2012 3093 2051 3115 ex
2062 3095 2112 3118 re-

1101 3115 1179 3154 num
1203 3107 1289 3155 vitio
1311 3107 1574 3156 contingentibus
1588 3134 1600 3151 ,
1623 3113 1710 3155 quod
1735 3126 1968 3157 argumentum
1983 3137 2106 3169 eogra-

1100 3159 1170 3181 vius
1196 3148 1280 3182 mihi
1302 3149 1409 3184 visum
1433 3151 1475 3184 est
1486 3163 1525 3185 ex
1536 3165 1603 3195 quo
1626 3157 1950 3202 animadverti,cum
1963 3167 2036 3201 aliis
2048 3181 2107 3210 po-

1097 3190 1157 3241 stea
1173 3216 1181 3229 ‚
1197 3202 1264 3224 tum
1278 3191 1479 3244 Boerhaavio
1489 3196 1562 3238 ipsis
1579 3200 1593 3236 (
1608 3198 1641 3239 l)
1665 3202 1893 3243 perplacuisse3
1919 3217 2026 3242 tamen
2049 3214 2109 3249 (ΣΙ,ἰ

1097 3234 1226 3285 cuidam
1250 3237 1336 3285 Viro
1360 3237 1482 3278 plenius
1505 3240 1639 3276 avebam
1665 3243 1866 3286 satisfacere,
1912 3251 2104 3289 existiman-

1097 3279 1146 3315 ti,
1174 3289 1238 3311 vias
1262 3279 1332 3313 illas
1356 3282 1529 3330 peculiares
1551 3286 1584 3318 in
1608 3297 1720 3320 renum
1745 3290 1850 3331 pelves
1875 3316 1884 3332 ‚
1917 3303 1952 3327 ut
1997 3297 2104 3337 plures

1098 3321 1148 3353 vel
1173 3331 1264 3355 antea
1290 3323 1515 3364 crediderant,
1548 3340 1683 3371 eamque
1727 3334 1882 3367 viciniam
1928 3336 2068 3376 desinere
2095 3354 2104 3362 -

1098 3374 1134 3413 ut
1160 3365 1283 3415 tametsi
1309 3378 1395 3400 renes
1418 3368 1606 3408 dumtaxat,
1631 3374 1778 3414 calculis,
1803 3377 1910 3412 aliove·
1942 3368 2103 3424 ejusmodi

1098 3409 1331 3458 impedimento
1354 3411 1507 3447 obstruffi
1530 3416 1792 3456 conspiciantur,
1827 3421 1945 3462 possint
1992 3435 2100 3463 tamen

1096 3451 1300 3500 obidipsum
1324 3465 1433 3502 earum
1458 3458 1586 3490 viarum
1609 3458 1687 3492 ostia
1712 3460 1804 3494 simul
1828 3469 2023 3508 comprimi,
2042 3474 2102 3506 iii-

1097 3493 1206 3545 hilque
1229 3504 1298 3529 tum
1322 3507 1364 3546 m.
1378 3498 1507 3539 pelves,
1533 3507 1789 3548 aut-proximos
1822 3518 1963 3545 ureteres
1997 3516 2102 3549 trans.

1097 3547 1227 3573 mittere
1242 3563 1249 3571 .
1275 3540 1330 3574 Tu
1354 3543 1458 3583 igitur
1480 3554 1554 3577 cum
1577 3544 1736 3587 ejusmodi
1778 3550 1970 3587 cadaverum
2016 3558 2101 3593 inci-

1935 3597 2059 3635 dendo-

193 3745 332 3769 Cornment.
351 3740 427 3765 Acad.
444 3741 482 3763 ⁴3c.
501 3743 563 3769 Imp.
580 3740 724 3769 Petropolit.
740 3744 813 3767 Tom.
830 3745 853 3767 6.
917 3745 930 3773 (
948 3746 959 3769 1
978 3744 985 3771 )
1001 3744 1075 3775 Epist.

193 3774 251 3798 Obs.
270 3782 289 3797 1.
309 3772 332 3802 §.
353 3780 372 3800 9.
439 3771 454 3799 (
467 3771 481 3794 d
497 3773 511 3801 )
531 3772 594 3796 Ibid.
613 3772 635 3802 §.
653 3779 690 3795 10.
752 3773 789 3801 (e
804 3773 818 3802 ')
835 3772 894 3796 Obs.
913 3782 932 3798 2.
954 3774 973 3805 §.
994 3783 1012 3800 1.

145 3808 215 3830 Cent.
234 3814 255 3834 ς.
275 3802 333 3829 Obs.
353 3810 391 3831 υς
408 3803 479 3835 cent,
495 3806 518 3827 ⁶.
537 3802 596 3826 Obs.
615 3811 649 3832 55.
667 3802 689 3825 8(
707 3807 746 3832 36;
763 3803 785 3827 ἃ
804 3804 855 3828 Ast.
873 3805 948 3829 Tum.
968 3812 987 3828 2.
1007 3808 1074 3835 Appe

198 3835 302 3863 specim.
319 3832 441 3862 Experim.
460 3839 523 3857 circa
539 3834 651 3866 Gener-at.
669 3834 731 3859 Part.
749 3835 896 3863 Therapeut,
918 3836 942 3859 in
961 3835 1067 3860 Resolut.

188 3866 246 3892 obs.
265 3873 301 3897 ις.
363 3864 378 3893 ζ
392 3862 409 3889 k
425 3863 439 3893 )
455 3863 505 3891 111.
523 3864 636 3891 Animad.
653 3866 693 3894 36.

756 3865 771 3894 (
785 3865 794 3890 l
810 3865 825 3895 2
841 3865 945 3893 Praelest.
960 3865 991 3892 ad
1007 3867 1085 3894 lnssit·
1103 3867 1126 3898 §.
1142 3870 1195 3900 383.

1076 3747 1229 3807 <¹f8‘)¹i52{.⁷'
1246 3795 1253 3801 .
1269 3745 1297 3801 Α(
1315 3748 1508 3805 ’Ὗὲῦῗρὶῖ-’Ᾰ
1529 3759 1555 3775 '¹'
1569 3755 1628 3807 ‘iff's
1671 3755 1685 3784 ⁶
1700 3763 1715 3778 ‘²
1730 3755 1744 3784 ³
1758 3763 1785 3800 ¹¹2
1801 3764 1838 3787 ¹⁵·
1900 3760 1943 3789 (⁵
1962 3760 1970 3792 )
1989 3763 2006 3787 ¹·
2022 3773 2049 3796 ³·

1077 3808 1117 3830 nd.
1135 3815 1156 3831 n.
1174 3816 1196 3837 3.
1212 3785 1327 3833 81:3T0m‘.³
1341 3817 1363 3839 3.
1380 3797 1409 3833 in·
1422 3789 1481 3835 Og’s.
1497 3800 1518 3836 6}
1534 3790 1556 3811 7¹
1631 3800 1636 3807 Ι
1653 3785 1712 3809 ΟΜ·
1731 3794 1785 3817 ¹47²
1801 3790 1824 3813 ἃ
1840 3790 1879 3814 A*
1892 3799 1914 3820 ⁹⁸
1931 3793 1954 3817 ἃ
1972 3800 2011 3819 10.
2036 3795 2097 3821 Obs'

1087 3837 1145 3861 Hist.
1163 3846 1186 3867 3.
1246 3839 1261 3869 (
1275 3839 1291 3864 h
1304 3840 1318 3871 )
1337 3840 1442 3871 prinum
1456 3841 1486 3868 de
1500 3841 1593 3870 duabus
1609 3843 1718 3878 intellige
1732 3848 1818 3877 eodem
1833 3857 1857 3884 n,
1873 3855 1903 3881 x.
1918 3853 2065 3886 designatis.
