<?xml version="1.0" encoding="UTF-8"?>
<!DOCTYPE html PUBLIC "-//W3C//DTD XHTML 1.0 Transitional//EN"
    "http://www.w3.org/TR/xhtml1/DTD/xhtml1-transitional.dtd">
<html xmlns="http://www.w3.org/1999/xhtml" xml:lang="en" lang="en">
 <head>
  <title>
</title>
<meta http-equiv="Content-Type" content="text/html;charset=utf-8" />
  <meta name='ocr-system' content='tesseract 3.04.00' />
  <meta name='ocr-capabilities' content='ocr_page ocr_carea ocr_par ocr_line ocrx_word'/>
</head>
<body>
  <div class='ocr_page' id='page_1' title='image "./desedibusetcausi00morg_0293.png"; bbox 0 0 2498 4075; ppageno 0'>
   <div class='ocr_carea' id='block_1_1' title="bbox 371 186 1853 258">
    <p class='ocr_par' dir='ltr' id='par_1_1' title="bbox 371 186 1853 258">
     <span class='ocr_line' id='line_1_1' title="bbox 371 186 1853 258; baseline -0.003 -13"><span class='ocrx_word' id='word_1_1' title='bbox 371 191 524 258; x_wconf 85' lang='lat' dir='ltr'>Epist.</span> <span class='ocrx_word' id='word_1_2' title='bbox 561 191 724 244; x_wconf 82' lang='lat' dir='ltr'>Anat.</span> <span class='ocrx_word' id='word_1_3' title='bbox 758 186 977 244; x_wconf 84' lang='lat' dir='ltr'>Medica</span> <span class='ocrx_word' id='word_1_4' title='bbox 1012 188 1141 253; x_wconf 81' lang='lat' dir='ltr'>XX.</span> <span class='ocrx_word' id='word_1_5' title='bbox 1179 190 1685 254; x_wconf 80' lang='lat' dir='ltr'>Art.t9·20.21.22.</span> <span class='ocrx_word' id='word_1_6' title='bbox 1706 192 1853 258; x_wconf 80' lang='lat'>&amp;²3-</span> 
     </span>
    </p>
   </div>
   <div class='ocr_carea' id='block_1_2' title="bbox 96 267 1105 918">
    <p class='ocr_par' dir='ltr' id='par_1_2' title="bbox 96 267 1105 918">
     <span class='ocr_line' id='line_1_2' title="bbox 148 267 1097 312; baseline 0 -10"><span class='ocrx_word' id='word_1_7' title='bbox 148 268 196 302; x_wconf 90' lang='lat'>18.</span> <span class='ocrx_word' id='word_1_8' title='bbox 220 269 259 301; x_wconf 93' lang='lat' dir='ltr'>In</span> <span class='ocrx_word' id='word_1_9' title='bbox 283 268 371 302; x_wconf 85' lang='lat' dir='ltr'>nulla</span> <span class='ocrx_word' id='word_1_10' title='bbox 393 267 508 302; x_wconf 84' lang='lat' dir='ltr'>harum</span> <span class='ocrx_word' id='word_1_11' title='bbox 532 269 631 301; x_wconf 86' lang='lat' dir='ltr'>trium</span> <span class='ocrx_word' id='word_1_12' title='bbox 656 267 931 307; x_wconf 75' lang='lat' dir='ltr'>Observationum</span> <span class='ocrx_word' id='word_1_13' title='bbox 955 269 1097 312; x_wconf 87' lang='lat' dir='ltr'>polypo-</span> 
     </span>
     <span class='ocr_line' id='line_1_3' title="bbox 100 310 1098 352; baseline 0 -7"><span class='ocrx_word' id='word_1_14' title='bbox 100 310 148 345; x_wconf 82' lang='lat' dir='ltr'>sas</span> <span class='ocrx_word' id='word_1_15' title='bbox 170 310 392 345; x_wconf 70' lang='lat' dir='ltr'>concretiones</span> <span class='ocrx_word' id='word_1_16' title='bbox 416 310 530 352; x_wconf 80' lang='lat' dir='ltr'>fuisse,</span> <span class='ocrx_word' id='word_1_17' title='bbox 553 311 662 344; x_wconf 91' lang='lat' dir='ltr'>vides.</span> <span class='ocrx_word' id='word_1_18' title='bbox 688 311 788 350; x_wconf 82' lang='lat' dir='ltr'>Quod</span> <span class='ocrx_word' id='word_1_19' title='bbox 813 311 836 345; x_wconf 87' lang='lat' dir='ltr'>fi</span> <span class='ocrx_word' id='word_1_20' title='bbox 858 313 892 345; x_wconf 91' lang='lat' dir='ltr'>in</span> <span class='ocrx_word' id='word_1_21' title='bbox 916 321 1023 345; x_wconf 87' lang='lat' dir='ltr'>tenera</span> <span class='ocrx_word' id='word_1_22' title='bbox 1047 315 1098 345; x_wconf 88' lang='lat' dir='ltr'>in-</span> 
     </span>
     <span class='ocr_line' id='line_1_4' title="bbox 100 353 1099 397; baseline 0.001 -10"><span class='ocrx_word' id='word_1_23' title='bbox 100 353 188 388; x_wconf 84' lang='lat' dir='ltr'>fante</span> <span class='ocrx_word' id='word_1_24' title='bbox 209 357 223 393; x_wconf 86' lang='lat'>(</span> <span class='ocrx_word' id='word_1_25' title='bbox 244 353 264 387; x_wconf 88' lang='lat' dir='ltr'><em>b</em></span> <span class='ocrx_word' id='word_1_26' title='bbox 285 358 299 393; x_wconf 93' lang='lat'><em>)</em></span> <span class='ocrx_word' id='word_1_27' title='bbox 320 366 382 397; x_wconf 84' lang='lat' dir='ltr'>qua</span> <span class='ocrx_word' id='word_1_28' title='bbox 407 357 440 388; x_wconf 89' lang='lat' dir='ltr'>in</span> <span class='ocrx_word' id='word_1_29' title='bbox 463 355 591 388; x_wconf 69' lang='lat' dir='ltr'>aetatula</span> <span class='ocrx_word' id='word_1_30' title='bbox 616 366 744 396; x_wconf 88' lang='lat' dir='ltr'>perraro</span> <span class='ocrx_word' id='word_1_31' title='bbox 766 358 780 394; x_wconf 88' lang='lat'><strong>(</strong></span> <span class='ocrx_word' id='word_1_32' title='bbox 803 367 818 388; x_wconf 82' lang='lat' dir='ltr'>c</span> <span class='ocrx_word' id='word_1_33' title='bbox 838 359 854 395; x_wconf 89' lang='lat'>)</span> <span class='ocrx_word' id='word_1_34' title='bbox 877 356 1013 388; x_wconf 90' lang='lat' dir='ltr'>inveniri</span> <span class='ocrx_word' id='word_1_35' title='bbox 1046 354 1099 388; x_wconf 86' lang='lat' dir='ltr'>di-</span> 
     </span>
     <span class='ocr_line' id='line_1_5' title="bbox 97 396 1099 441; baseline 0 -11"><span class='ocrx_word' id='word_1_36' title='bbox 97 406 239 438; x_wconf 81' lang='lat' dir='ltr'>cuntur,</span> <span class='ocrx_word' id='word_1_37' title='bbox 263 396 296 430; x_wconf 92' lang='lat' dir='ltr'>id</span> <span class='ocrx_word' id='word_1_38' title='bbox 308 399 414 432; x_wconf 88' lang='lat' dir='ltr'>minus</span> <span class='ocrx_word' id='word_1_39' title='bbox 437 398 615 432; x_wconf 87' lang='lat' dir='ltr'>mirandum</span> <span class='ocrx_word' id='word_1_40' title='bbox 638 397 706 438; x_wconf 86' lang='lat' dir='ltr'>est,</span> <span class='ocrx_word' id='word_1_41' title='bbox 728 399 762 430; x_wconf 90' lang='lat' dir='ltr'>in</span> <span class='ocrx_word' id='word_1_42' title='bbox 776 398 831 431; x_wconf 87' lang='lat' dir='ltr'>illa</span> <span class='ocrx_word' id='word_1_43' title='bbox 844 407 950 432; x_wconf 85' lang='lat' dir='ltr'>autem</span> <span class='ocrx_word' id='word_1_44' title='bbox 960 400 1099 441; x_wconf 83' lang='lat' dir='ltr'>Virgine</span> 
     </span>
     <span class='ocr_line' id='line_1_6' title="bbox 99 440 1099 483; baseline 0.003 -10"><span class='ocrx_word' id='word_1_45' title='bbox 99 445 110 479; x_wconf 93' lang='lat'>(</span> <span class='ocrx_word' id='word_1_46' title='bbox 134 442 153 474; x_wconf 84' lang='lat' dir='ltr'>d</span> <span class='ocrx_word' id='word_1_47' title='bbox 173 445 187 481; x_wconf 91' lang='lat'><em>)</em></span> <span class='ocrx_word' id='word_1_48' title='bbox 209 443 355 483; x_wconf 88' lang='lat' dir='ltr'>quamvis</span> <span class='ocrx_word' id='word_1_49' title='bbox 381 441 518 482; x_wconf 87' lang='lat' dir='ltr'>fluidus,</span> <span class='ocrx_word' id='word_1_50' title='bbox 543 440 669 482; x_wconf 80' lang='lat' dir='ltr'>sanguis</span> <span class='ocrx_word' id='word_1_51' title='bbox 694 451 801 474; x_wconf 84' lang='lat' dir='ltr'>tamen</span> <span class='ocrx_word' id='word_1_52' title='bbox 824 451 890 474; x_wconf 85' lang='lat' dir='ltr'>erat</span> <span class='ocrx_word' id='word_1_53' title='bbox 910 442 1099 482; x_wconf 80' lang='lat' dir='ltr'>craffior,&amp;</span> 
     </span>
     <span class='ocr_line' id='line_1_7' title="bbox 99 484 1102 526; baseline 0 -9"><span class='ocrx_word' id='word_1_54' title='bbox 99 485 134 517; x_wconf 87' lang='lat' dir='ltr'>in</span> <span class='ocrx_word' id='word_1_55' title='bbox 156 484 264 519; x_wconf 87' lang='lat' dir='ltr'>cordis</span> <span class='ocrx_word' id='word_1_56' title='bbox 288 486 476 519; x_wconf 81' lang='lat' dir='ltr'>ventriculis</span> <span class='ocrx_word' id='word_1_57' title='bbox 499 484 683 526; x_wconf 83' lang='lat' dir='ltr'>coagulatus</span> <span class='ocrx_word' id='word_1_58' title='bbox 706 494 716 521; x_wconf 70' lang='grc' dir='ltr'><strong><em>ς</em></strong></span> <span class='ocrx_word' id='word_1_59' title='bbox 751 485 836 519; x_wconf 86' lang='lat' dir='ltr'>nihil</span> <span class='ocrx_word' id='word_1_60' title='bbox 869 484 988 521; x_wconf 87' lang='lat' dir='ltr'>horum</span> <span class='ocrx_word' id='word_1_61' title='bbox 1010 488 1102 523; x_wconf 69' lang='lat' dir='ltr'>{certe</span> 
     </span>
     <span class='ocr_line' id='line_1_8' title="bbox 102 527 1102 571; baseline 0.001 -11"><span class='ocrx_word' id='word_1_62' title='bbox 102 529 248 561; x_wconf 88' lang='lat' dir='ltr'>occurrit</span> <span class='ocrx_word' id='word_1_63' title='bbox 271 529 305 560; x_wconf 91' lang='lat' dir='ltr'>in</span> <span class='ocrx_word' id='word_1_64' title='bbox 329 529 444 561; x_wconf 85' lang='lat' dir='ltr'>ultima</span> <span class='ocrx_word' id='word_1_65' title='bbox 478 527 611 562; x_wconf 87' lang='lat' dir='ltr'>historia</span> <span class='ocrx_word' id='word_1_66' title='bbox 635 552 642 559; x_wconf 89' lang='lat'>.</span> <span class='ocrx_word' id='word_1_67' title='bbox 674 527 767 567; x_wconf 81' lang='lat' dir='ltr'>Qin</span> <span class='ocrx_word' id='word_1_68' title='bbox 800 528 925 571; x_wconf 83' lang='lat' dir='ltr'>sanguis</span> <span class='ocrx_word' id='word_1_69' title='bbox 958 531 993 562; x_wconf 91' lang='lat' dir='ltr'>in</span> <span class='ocrx_word' id='word_1_70' title='bbox 1027 529 1102 562; x_wconf 84' lang='lat' dir='ltr'>sini-</span> 
     </span>
     <span class='ocr_line' id='line_1_9' title="bbox 96 569 1105 613; baseline -0.001 -9"><span class='ocrx_word' id='word_1_71' title='bbox 96 570 199 605; x_wconf 88' lang='lat' dir='ltr'>strum</span> <span class='ocrx_word' id='word_1_72' title='bbox 222 570 366 605; x_wconf 80' lang='lat' dir='ltr'>thoracis</span> <span class='ocrx_word' id='word_1_73' title='bbox 388 582 499 605; x_wconf 88' lang='lat' dir='ltr'>cavum</span> <span class='ocrx_word' id='word_1_74' title='bbox 524 581 557 603; x_wconf 90' lang='lat' dir='ltr'>ea</span> <span class='ocrx_word' id='word_1_75' title='bbox 580 571 674 613; x_wconf 86' lang='lat' dir='ltr'>copia</span> <span class='ocrx_word' id='word_1_76' title='bbox 697 569 812 605; x_wconf 87' lang='lat' dir='ltr'>effusus</span> <span class='ocrx_word' id='word_1_77' title='bbox 826 596 839 612; x_wconf 88' lang='lat'><em>‚</em></span> <span class='ocrx_word' id='word_1_78' title='bbox 864 575 894 605; x_wconf 64' lang='grc' dir='ltr'>ὃ(</span> <span class='ocrx_word' id='word_1_79' title='bbox 911 573 1005 606; x_wconf 90' lang='lat' dir='ltr'>velin</span> <span class='ocrx_word' id='word_1_80' title='bbox 1018 582 1105 605; x_wconf 89' lang='lat' dir='ltr'>mor-</span> 
     </span>
     <span class='ocr_line' id='line_1_10' title="bbox 97 613 1105 657; baseline 0 -9"><span class='ocrx_word' id='word_1_81' title='bbox 97 623 155 649; x_wconf 89' lang='lat' dir='ltr'>tuo</span> <span class='ocrx_word' id='word_1_82' title='bbox 180 625 368 657; x_wconf 87' lang='lat' dir='ltr'>erumpens,</span> <span class='ocrx_word' id='word_1_83' title='bbox 392 614 480 648; x_wconf 87' lang='lat' dir='ltr'>suum</span> <span class='ocrx_word' id='word_1_84' title='bbox 504 613 626 648; x_wconf 86' lang='lat' dir='ltr'>indicat</span> <span class='ocrx_word' id='word_1_85' title='bbox 651 613 785 648; x_wconf 82' lang='lat' dir='ltr'>fluorem</span> <span class='ocrx_word' id='word_1_86' title='bbox 803 641 810 649; x_wconf 94' lang='lat'>.</span> <span class='ocrx_word' id='word_1_87' title='bbox 835 615 976 649; x_wconf 83' lang='lat' dir='ltr'>Videtur</span> <span class='ocrx_word' id='word_1_88' title='bbox 999 625 1105 648; x_wconf 87' lang='lat' dir='ltr'>autem</span> 
     </span>
     <span class='ocr_line' id='line_1_11' title="bbox 97 657 1103 701; baseline 0.001 -11"><span class='ocrx_word' id='word_1_89' title='bbox 97 667 191 692; x_wconf 86' lang='lat' dir='ltr'>tanto</span> <span class='ocrx_word' id='word_1_90' title='bbox 214 660 285 701; x_wconf 79' lang='lat' dir='ltr'>plus</span> <span class='ocrx_word' id='word_1_91' title='bbox 309 658 408 700; x_wconf 86' lang='lat' dir='ltr'>ipfius</span> <span class='ocrx_word' id='word_1_92' title='bbox 432 660 465 691; x_wconf 90' lang='lat' dir='ltr'>in</span> <span class='ocrx_word' id='word_1_93' title='bbox 489 658 706 701; x_wconf 80' lang='lat' dir='ltr'>superiorem,</span> <span class='ocrx_word' id='word_1_94' title='bbox 728 669 799 700; x_wconf 85' lang='lat' dir='ltr'>quae</span> <span class='ocrx_word' id='word_1_95' title='bbox 814 657 884 691; x_wconf 90' lang='lat' dir='ltr'>sana</span> <span class='ocrx_word' id='word_1_96' title='bbox 900 668 989 698; x_wconf 84' lang='lat' dir='ltr'>erat,</span> <span class='ocrx_word' id='word_1_97' title='bbox 1014 659 1103 692; x_wconf 86' lang='lat' dir='ltr'>illius</span> 
     </span>
     <span class='ocr_line' id='line_1_12' title="bbox 96 699 1103 744; baseline 0 -9"><span class='ocrx_word' id='word_1_98' title='bbox 96 702 262 744; x_wconf 83' lang='lat' dir='ltr'>pulmonis</span> <span class='ocrx_word' id='word_1_99' title='bbox 286 699 442 735; x_wconf 82' lang='lat' dir='ltr'>influxisse</span> <span class='ocrx_word' id='word_1_100' title='bbox 467 711 589 744; x_wconf 84' lang='lat' dir='ltr'>partem</span> <span class='ocrx_word' id='word_1_101' title='bbox 613 724 626 740; x_wconf 82' lang='grc'>,</span> <span class='ocrx_word' id='word_1_102' title='bbox 649 711 773 744; x_wconf 87' lang='lat' dir='ltr'>quanto</span> <span class='ocrx_word' id='word_1_103' title='bbox 807 700 873 744; x_wconf 83' lang='lat' dir='ltr'>jam</span> <span class='ocrx_word' id='word_1_104' title='bbox 906 704 1013 736; x_wconf 86' lang='lat' dir='ltr'>minus</span> <span class='ocrx_word' id='word_1_105' title='bbox 1048 701 1103 735; x_wconf 89' lang='lat' dir='ltr'>ad-</span> 
     </span>
     <span class='ocr_line' id='line_1_13' title="bbox 96 744 1102 788; baseline -0.002 -9"><span class='ocrx_word' id='word_1_106' title='bbox 96 746 189 779; x_wconf 86' lang='lat' dir='ltr'>mitti</span> <span class='ocrx_word' id='word_1_107' title='bbox 225 753 351 788; x_wconf 87' lang='lat' dir='ltr'>poterat</span> <span class='ocrx_word' id='word_1_108' title='bbox 386 745 420 777; x_wconf 88' lang='lat' dir='ltr'>in</span> <span class='ocrx_word' id='word_1_109' title='bbox 454 744 629 786; x_wconf 58' lang='lat' dir='ltr'>subjetftam</span> <span class='ocrx_word' id='word_1_110' title='bbox 653 765 662 780; x_wconf 80' lang='lat'><strong>‚</strong></span> <span class='ocrx_word' id='word_1_111' title='bbox 694 745 815 787; x_wconf 85' lang='lat' dir='ltr'>quippe</span> <span class='ocrx_word' id='word_1_112' title='bbox 848 745 1102 780; x_wconf 88' lang='lat' dir='ltr'>inflammatione</span> 
     </span>
     <span class='ocr_line' id='line_1_14' title="bbox 97 787 1103 832; baseline -0.002 -10"><span class='ocrx_word' id='word_1_113' title='bbox 97 789 232 822; x_wconf 88' lang='lat' dir='ltr'>omnino</span> <span class='ocrx_word' id='word_1_114' title='bbox 257 787 467 831; x_wconf 79' lang='lat' dir='ltr'>impeditam:</span> <span class='ocrx_word' id='word_1_115' title='bbox 492 789 600 831; x_wconf 88' lang='lat' dir='ltr'>itaque</span> <span class='ocrx_word' id='word_1_116' title='bbox 625 787 689 821; x_wconf 90' lang='lat' dir='ltr'>alio</span> <span class='ocrx_word' id='word_1_117' title='bbox 711 787 807 830; x_wconf 90' lang='lat' dir='ltr'>usque</span> <span class='ocrx_word' id='word_1_118' title='bbox 828 791 859 821; x_wconf 72' lang='grc' dir='ltr'>δε</span> <span class='ocrx_word' id='word_1_119' title='bbox 875 789 1103 832; x_wconf 84' lang='lat' dir='ltr'>usqueatei·go</span> 
     </span>
     <span class='ocr_line' id='line_1_15' title="bbox 96 829 1103 875; baseline -0.001 -9"><span class='ocrx_word' id='word_1_120' title='bbox 96 832 275 871; x_wconf 83' lang='lat' dir='ltr'>influente,</span> <span class='ocrx_word' id='word_1_121' title='bbox 296 841 389 874; x_wconf 82' lang='lat' dir='ltr'>rupta</span> <span class='ocrx_word' id='word_1_122' title='bbox 400 831 535 875; x_wconf 84' lang='lat' dir='ltr'>denique</span> <span class='ocrx_word' id='word_1_123' title='bbox 548 832 593 864; x_wconf 90' lang='lat' dir='ltr'>ibi</span> <span class='ocrx_word' id='word_1_124' title='bbox 604 829 663 864; x_wconf 87' lang='lat' dir='ltr'>esse</span> <span class='ocrx_word' id='word_1_125' title='bbox 674 830 742 864; x_wconf 88' lang='lat' dir='ltr'>vasa</span> <span class='ocrx_word' id='word_1_126' title='bbox 754 855 767 871; x_wconf 89' lang='lat'><em>,</em></span> <span class='ocrx_word' id='word_1_127' title='bbox 790 833 943 866; x_wconf 85' lang='lat' dir='ltr'>nonnulla</span> <span class='ocrx_word' id='word_1_128' title='bbox 953 832 1103 875; x_wconf 87' lang='lat' dir='ltr'>quidem,</span> 
     </span>
     <span class='ocr_line' id='line_1_16' title="bbox 98 873 1104 918; baseline 0 -8"><span class='ocrx_word' id='word_1_129' title='bbox 98 879 132 910; x_wconf 70' lang='grc' dir='ltr'>ὅ(</span> <span class='ocrx_word' id='word_1_130' title='bbox 154 876 313 916; x_wconf 82' lang='lat' dir='ltr'>exiliora,</span> <span class='ocrx_word' id='word_1_131' title='bbox 336 877 369 907; x_wconf 90' lang='lat' dir='ltr'>in</span> <span class='ocrx_word' id='word_1_132' title='bbox 392 877 455 909; x_wconf 90' lang='lat' dir='ltr'>viis</span> <span class='ocrx_word' id='word_1_133' title='bbox 480 878 582 915; x_wconf 85' lang='lat' dir='ltr'>aeris,</span> <span class='ocrx_word' id='word_1_134' title='bbox 605 873 688 908; x_wconf 89' lang='lat' dir='ltr'>unde</span> <span class='ocrx_word' id='word_1_135' title='bbox 711 875 814 909; x_wconf 84' lang='lat' dir='ltr'>roseus</span> <span class='ocrx_word' id='word_1_136' title='bbox 846 876 902 910; x_wconf 89' lang='lat' dir='ltr'>ille</span> <span class='ocrx_word' id='word_1_137' title='bbox 935 875 1104 918; x_wconf 82' lang='lat' dir='ltr'>sputorum</span> 
     </span>
    </p>
   </div>
   <div class='ocr_carea' id='block_1_3' title="bbox 98 919 1128 962">
    <p class='ocr_par' dir='ltr' id='par_1_3' title="bbox 98 919 1128 962">
     <span class='ocr_line' id='line_1_17' title="bbox 98 919 1128 962; baseline -0.002 -9"><span class='ocrx_word' id='word_1_138' title='bbox 98 919 211 960; x_wconf 86' lang='lat' dir='ltr'>color,</span> <span class='ocrx_word' id='word_1_139' title='bbox 237 920 298 952; x_wconf 85' lang='lat' dir='ltr'>alia</span> <span class='ocrx_word' id='word_1_140' title='bbox 323 927 427 953; x_wconf 87' lang='lat' dir='ltr'>autem</span> <span class='ocrx_word' id='word_1_141' title='bbox 451 920 620 962; x_wconf 78' lang='lat' dir='ltr'>aliquanto</span> <span class='ocrx_word' id='word_1_142' title='bbox 644 919 750 952; x_wconf 88' lang='lat' dir='ltr'>minus</span> <span class='ocrx_word' id='word_1_143' title='bbox 771 920 879 952; x_wconf 86' lang='lat' dir='ltr'>tenuia</span> <span class='ocrx_word' id='word_1_144' title='bbox 901 920 935 952; x_wconf 90' lang='lat' dir='ltr'>in</span> <span class='ocrx_word' id='word_1_145' title='bbox 949 919 1107 953; x_wconf 81' lang='lat' dir='ltr'>membra·</span> <span class='ocrx_word' id='word_1_146' title='bbox 1126 934 1128 937; x_wconf 39' lang='lat' dir='ltr'>v</span> 
     </span>
    </p>
   </div>
   <div class='ocr_carea' id='block_1_4' title="bbox 86 962 1111 2614">
    <p class='ocr_par' dir='ltr' id='par_1_4' title="bbox 90 962 1111 1605">
     <span class='ocr_line' id='line_1_18' title="bbox 95 962 1110 1004; baseline 0 -9"><span class='ocrx_word' id='word_1_147' title='bbox 95 974 135 995; x_wconf 89' lang='lat' dir='ltr'>na</span> <span class='ocrx_word' id='word_1_148' title='bbox 158 963 280 996; x_wconf 86' lang='lat' dir='ltr'>extima</span> <span class='ocrx_word' id='word_1_149' title='bbox 302 962 488 1004; x_wconf 81' lang='lat' dir='ltr'>pulmonis,</span> <span class='ocrx_word' id='word_1_150' title='bbox 510 963 592 996; x_wconf 85' lang='lat' dir='ltr'>unde</span> <span class='ocrx_word' id='word_1_151' title='bbox 617 970 744 997; x_wconf 86' lang='lat' dir='ltr'>tantum</span> <span class='ocrx_word' id='word_1_152' title='bbox 767 962 928 1004; x_wconf 77' lang='lat' dir='ltr'>sanguinis</span> <span class='ocrx_word' id='word_1_153' title='bbox 952 963 985 995; x_wconf 89' lang='lat' dir='ltr'>in</span> <span class='ocrx_word' id='word_1_154' title='bbox 1017 972 1110 995; x_wconf 86' lang='lat' dir='ltr'>cavea</span> 
     </span>
     <span class='ocr_line' id='line_1_19' title="bbox 97 1005 1111 1048; baseline 0 -10"><span class='ocrx_word' id='word_1_155' title='bbox 97 1006 155 1039; x_wconf 90' lang='lat' dir='ltr'>illa</span> <span class='ocrx_word' id='word_1_156' title='bbox 178 1005 341 1039; x_wconf 82' lang='lat' dir='ltr'>thoracis:</span> <span class='ocrx_word' id='word_1_157' title='bbox 365 1008 396 1039; x_wconf 72' lang='grc' dir='ltr'>δι</span> <span class='ocrx_word' id='word_1_158' title='bbox 421 1016 494 1040; x_wconf 88' lang='lat' dir='ltr'>cum</span> <span class='ocrx_word' id='word_1_159' title='bbox 518 1018 533 1039; x_wconf 85' lang='lat' dir='ltr'>a</span> <span class='ocrx_word' id='word_1_160' title='bbox 558 1006 732 1048; x_wconf 82' lang='lat' dir='ltr'>ruptione,</span> <span class='ocrx_word' id='word_1_161' title='bbox 754 1008 784 1040; x_wconf 72' lang='grc' dir='ltr'>ἃ</span> <span class='ocrx_word' id='word_1_162' title='bbox 809 1005 958 1040; x_wconf 84' lang='lat' dir='ltr'>effusione</span> <span class='ocrx_word' id='word_1_163' title='bbox 981 1005 1111 1048; x_wconf 87' lang='lat' dir='ltr'>sangui-</span> 
     </span>
     <span class='ocr_line' id='line_1_20' title="bbox 96 1048 1108 1091; baseline -0.001 -8"><span class='ocrx_word' id='word_1_164' title='bbox 96 1050 147 1083; x_wconf 85' lang='lat' dir='ltr'>nis</span> <span class='ocrx_word' id='word_1_165' title='bbox 170 1050 203 1082; x_wconf 93' lang='lat' dir='ltr'>in</span> <span class='ocrx_word' id='word_1_166' title='bbox 226 1058 399 1091; x_wconf 87' lang='lat' dir='ltr'>utrumque</span> <span class='ocrx_word' id='word_1_167' title='bbox 424 1050 534 1084; x_wconf 88' lang='lat' dir='ltr'>locum</span> <span class='ocrx_word' id='word_1_168' title='bbox 549 1072 561 1089; x_wconf 87' lang='lat'><em>‚</em></span> <span class='ocrx_word' id='word_1_169' title='bbox 584 1049 691 1082; x_wconf 86' lang='lat' dir='ltr'>omnia</span> <span class='ocrx_word' id='word_1_170' title='bbox 716 1050 866 1091; x_wconf 86' lang='lat' dir='ltr'>graviora</span> <span class='ocrx_word' id='word_1_171' title='bbox 890 1048 977 1083; x_wconf 56' lang='lat' dir='ltr'>facia</span> <span class='ocrx_word' id='word_1_172' title='bbox 988 1048 1108 1090; x_wconf 81' lang='lat' dir='ltr'>essent,</span> 
     </span>
     <span class='ocr_line' id='line_1_21' title="bbox 95 1091 1109 1135; baseline -0.001 -9"><span class='ocrx_word' id='word_1_173' title='bbox 95 1101 165 1126; x_wconf 80' lang='lat' dir='ltr'>tum</span> <span class='ocrx_word' id='word_1_174' title='bbox 190 1091 321 1126; x_wconf 88' lang='lat' dir='ltr'>demum</span> <span class='ocrx_word' id='word_1_175' title='bbox 345 1092 496 1134; x_wconf 70' lang='lat' dir='ltr'>ingruiss&#39;e</span> <span class='ocrx_word' id='word_1_176' title='bbox 518 1102 656 1127; x_wconf 87' lang='lat' dir='ltr'>mortem</span> <span class='ocrx_word' id='word_1_177' title='bbox 678 1092 847 1135; x_wconf 88' lang='lat' dir='ltr'>postquam</span> <span class='ocrx_word' id='word_1_178' title='bbox 868 1093 979 1127; x_wconf 89' lang='lat' dir='ltr'>inutili</span> <span class='ocrx_word' id='word_1_179' title='bbox 1015 1104 1109 1135; x_wconf 89' lang='lat' dir='ltr'>pror-</span> 
     </span>
     <span class='ocr_line' id='line_1_22' title="bbox 95 1134 1106 1178; baseline 0.001 -9"><span class='ocrx_word' id='word_1_180' title='bbox 95 1136 145 1170; x_wconf 88' lang='lat' dir='ltr'>sus</span> <span class='ocrx_word' id='word_1_181' title='bbox 169 1134 253 1170; x_wconf 55' lang='lat' dir='ltr'>fabia</span> <span class='ocrx_word' id='word_1_182' title='bbox 277 1136 316 1170; x_wconf 88' lang='lat' dir='ltr'>ab</span> <span class='ocrx_word' id='word_1_183' title='bbox 339 1134 439 1171; x_wconf 86' lang='lat' dir='ltr'>effuso</span> <span class='ocrx_word' id='word_1_184' title='bbox 462 1138 550 1172; x_wconf 82' lang='lat' dir='ltr'>intus</span> <span class='ocrx_word' id='word_1_185' title='bbox 565 1160 575 1175; x_wconf 86' lang='lat'><em>,</em></span> <span class='ocrx_word' id='word_1_186' title='bbox 597 1144 750 1178; x_wconf 83' lang='lat' dir='ltr'>extraque</span> <span class='ocrx_word' id='word_1_187' title='bbox 771 1136 836 1178; x_wconf 79' lang='lat' dir='ltr'>jam</span> <span class='ocrx_word' id='word_1_188' title='bbox 861 1137 965 1178; x_wconf 84' lang='lat' dir='ltr'>magis</span> <span class='ocrx_word' id='word_1_189' title='bbox 989 1137 1106 1178; x_wconf 78' lang='lat' dir='ltr'>magis-</span> 
     </span>
     <span class='ocr_line' id='line_1_23' title="bbox 93 1178 1104 1224; baseline 0 -11"><span class='ocrx_word' id='word_1_190' title='bbox 93 1191 156 1222; x_wconf 85' lang='lat' dir='ltr'>que</span> <span class='ocrx_word' id='word_1_191' title='bbox 180 1179 331 1221; x_wconf 83' lang='lat' dir='ltr'>sanguine</span> <span class='ocrx_word' id='word_1_192' title='bbox 354 1180 413 1213; x_wconf 85' lang='lat' dir='ltr'>illa</span> <span class='ocrx_word' id='word_1_193' title='bbox 435 1182 531 1214; x_wconf 88' lang='lat' dir='ltr'>etiam</span> <span class='ocrx_word' id='word_1_194' title='bbox 555 1192 624 1224; x_wconf 80' lang='lat' dir='ltr'>quae</span> <span class='ocrx_word' id='word_1_195' title='bbox 649 1178 719 1212; x_wconf 88' lang='lat' dir='ltr'>sana</span> <span class='ocrx_word' id='word_1_196' title='bbox 741 1189 806 1214; x_wconf 89' lang='lat' dir='ltr'>erat</span> <span class='ocrx_word' id='word_1_197' title='bbox 824 1203 838 1220; x_wconf 87' lang='lat'><em>‚</em></span> <span class='ocrx_word' id='word_1_198' title='bbox 872 1189 960 1223; x_wconf 82' lang='lat' dir='ltr'>parte</span> <span class='ocrx_word' id='word_1_199' title='bbox 989 1180 1104 1214; x_wconf 84' lang='lat' dir='ltr'>sinistri</span> 
     </span>
     <span class='ocr_line' id='line_1_24' title="bbox 94 1222 1104 1265; baseline 0 -9"><span class='ocrx_word' id='word_1_200' title='bbox 94 1223 282 1265; x_wconf 81' lang='lat' dir='ltr'>pulmonis,</span> <span class='ocrx_word' id='word_1_201' title='bbox 303 1226 469 1258; x_wconf 87' lang='lat' dir='ltr'>convertit</span> <span class='ocrx_word' id='word_1_202' title='bbox 490 1224 519 1258; x_wconf 90' lang='lat' dir='ltr'>se</span> <span class='ocrx_word' id='word_1_203' title='bbox 544 1224 644 1257; x_wconf 87' lang='lat' dir='ltr'>horno</span> <span class='ocrx_word' id='word_1_204' title='bbox 668 1223 702 1255; x_wconf 91' lang='lat' dir='ltr'>in</span> <span class='ocrx_word' id='word_1_205' title='bbox 725 1222 808 1258; x_wconf 85' lang='lat' dir='ltr'>latus</span> <span class='ocrx_word' id='word_1_206' title='bbox 832 1222 1023 1265; x_wconf 81' lang='lat' dir='ltr'>dexterum,</span> <span class='ocrx_word' id='word_1_207' title='bbox 1046 1222 1104 1257; x_wconf 84' lang='lat' dir='ltr'>sic-</span> 
     </span>
     <span class='ocr_line' id='line_1_25' title="bbox 93 1266 1106 1311; baseline 0.001 -11"><span class='ocrx_word' id='word_1_208' title='bbox 93 1278 155 1309; x_wconf 91' lang='lat' dir='ltr'>que</span> <span class='ocrx_word' id='word_1_209' title='bbox 179 1266 334 1305; x_wconf 84' lang='lat' dir='ltr'>alterum,</span> <span class='ocrx_word' id='word_1_210' title='bbox 359 1279 425 1311; x_wconf 92' lang='lat' dir='ltr'>quo</span> <span class='ocrx_word' id='word_1_211' title='bbox 448 1278 516 1302; x_wconf 87' lang='lat' dir='ltr'>uno</span> <span class='ocrx_word' id='word_1_212' title='bbox 539 1266 700 1310; x_wconf 77' lang='lat' dir='ltr'>spirabat,</span> <span class='ocrx_word' id='word_1_213' title='bbox 725 1268 913 1309; x_wconf 84' lang='lat' dir='ltr'>pulmonem</span> <span class='ocrx_word' id='word_1_214' title='bbox 937 1277 1007 1301; x_wconf 91' lang='lat' dir='ltr'>tum</span> <span class='ocrx_word' id='word_1_215' title='bbox 1046 1267 1106 1301; x_wconf 90' lang='lat' dir='ltr'>ob-</span> 
     </span>
     <span class='ocr_line' id='line_1_26' title="bbox 93 1309 1106 1346; baseline 0.002 -4"><span class='ocrx_word' id='word_1_216' title='bbox 93 1312 161 1344; x_wconf 86' lang='lat' dir='ltr'>ruit</span> <span class='ocrx_word' id='word_1_217' title='bbox 184 1309 318 1346; x_wconf 87' lang='lat' dir='ltr'>demisso</span> <span class='ocrx_word' id='word_1_218' title='bbox 342 1322 380 1345; x_wconf 88' lang='lat' dir='ltr'>ex</span> <span class='ocrx_word' id='word_1_219' title='bbox 405 1309 535 1345; x_wconf 86' lang='lat' dir='ltr'>sinistris</span> <span class='ocrx_word' id='word_1_220' title='bbox 559 1313 592 1344; x_wconf 87' lang='lat' dir='ltr'>in</span> <span class='ocrx_word' id='word_1_221' title='bbox 615 1310 747 1344; x_wconf 86' lang='lat' dir='ltr'>dextera</span> <span class='ocrx_word' id='word_1_222' title='bbox 783 1310 941 1344; x_wconf 88' lang='lat' dir='ltr'>bronchia</span> <span class='ocrx_word' id='word_1_223' title='bbox 971 1320 1106 1346; x_wconf 90' lang='lat' dir='ltr'>cruento</span> 
     </span>
     <span class='ocr_line' id='line_1_27' title="bbox 93 1352 1106 1398; baseline 0.002 -12"><span class='ocrx_word' id='word_1_224' title='bbox 93 1352 256 1395; x_wconf 86' lang='lat' dir='ltr'>humore,</span> <span class='ocrx_word' id='word_1_225' title='bbox 279 1363 349 1389; x_wconf 80' lang='lat' dir='ltr'>tum</span> <span class='ocrx_word' id='word_1_226' title='bbox 371 1355 553 1398; x_wconf 79' lang='lat' dir='ltr'>compressit</span> <span class='ocrx_word' id='word_1_227' title='bbox 571 1378 583 1394; x_wconf 85' lang='lat'><em>‚</em></span> <span class='ocrx_word' id='word_1_228' title='bbox 606 1353 736 1387; x_wconf 84' lang='lat' dir='ltr'>cedente</span> <span class='ocrx_word' id='word_1_229' title='bbox 770 1354 958 1388; x_wconf 88' lang='lat' dir='ltr'>mediastino</span> <span class='ocrx_word' id='word_1_230' title='bbox 977 1377 987 1392; x_wconf 91' lang='lat'>,</span> <span class='ocrx_word' id='word_1_231' title='bbox 1021 1366 1106 1398; x_wconf 86' lang='lat' dir='ltr'>pon-</span> 
     </span>
     <span class='ocr_line' id='line_1_28' title="bbox 93 1395 1108 1442; baseline 0.004 -13"><span class='ocrx_word' id='word_1_232' title='bbox 93 1395 169 1430; x_wconf 86' lang='lat' dir='ltr'>dere</span> <span class='ocrx_word' id='word_1_233' title='bbox 191 1397 378 1442; x_wconf 81' lang='lat' dir='ltr'>sanguinis,</span> <span class='ocrx_word' id='word_1_234' title='bbox 400 1400 522 1432; x_wconf 88' lang='lat' dir='ltr'>circum</span> <span class='ocrx_word' id='word_1_235' title='bbox 547 1398 705 1433; x_wconf 85' lang='lat' dir='ltr'>sinistrum</span> <span class='ocrx_word' id='word_1_236' title='bbox 719 1398 905 1439; x_wconf 79' lang='lat' dir='ltr'>pulmonem</span> <span class='ocrx_word' id='word_1_237' title='bbox 917 1396 1027 1440; x_wconf 86' lang='lat' dir='ltr'>effusi,</span> <span class='ocrx_word' id='word_1_238' title='bbox 1051 1398 1108 1433; x_wconf 87' lang='lat' dir='ltr'>ad-</span> 
     </span>
     <span class='ocr_line' id='line_1_29' title="bbox 93 1440 1108 1487; baseline 0.003 -14"><span class='ocrx_word' id='word_1_239' title='bbox 93 1440 167 1474; x_wconf 90' lang='lat' dir='ltr'>dito</span> <span class='ocrx_word' id='word_1_240' title='bbox 191 1441 229 1474; x_wconf 87' lang='lat' dir='ltr'>ad</span> <span class='ocrx_word' id='word_1_241' title='bbox 255 1441 382 1484; x_wconf 85' lang='lat' dir='ltr'>pondus</span> <span class='ocrx_word' id='word_1_242' title='bbox 401 1441 499 1485; x_wconf 87' lang='lat' dir='ltr'>ipsius</span> <span class='ocrx_word' id='word_1_243' title='bbox 514 1442 553 1475; x_wconf 88' lang='lat' dir='ltr'>ab</span> <span class='ocrx_word' id='word_1_244' title='bbox 574 1441 829 1475; x_wconf 82' lang='lat' dir='ltr'>inflammatione</span> <span class='ocrx_word' id='word_1_245' title='bbox 850 1442 955 1485; x_wconf 79' lang='lat' dir='ltr'>gravis</span> <span class='ocrx_word' id='word_1_246' title='bbox 978 1442 1108 1487; x_wconf 88' lang='lat' dir='ltr'>pulmo-</span> 
     </span>
     <span class='ocr_line' id='line_1_30' title="bbox 91 1483 1108 1528; baseline 0.001 -10"><span class='ocrx_word' id='word_1_247' title='bbox 91 1484 143 1518; x_wconf 87' lang='lat' dir='ltr'>nis</span> <span class='ocrx_word' id='word_1_248' title='bbox 164 1483 299 1519; x_wconf 85' lang='lat' dir='ltr'>finistri.</span> <span class='ocrx_word' id='word_1_249' title='bbox 325 1487 397 1519; x_wconf 91' lang='lat' dir='ltr'>Tot</span> <span class='ocrx_word' id='word_1_250' title='bbox 419 1486 508 1519; x_wconf 86' lang='lat' dir='ltr'>enim</span> <span class='ocrx_word' id='word_1_251' title='bbox 529 1484 620 1519; x_wconf 88' lang='lat' dir='ltr'>simul</span> <span class='ocrx_word' id='word_1_252' title='bbox 646 1484 728 1517; x_wconf 89' lang='lat' dir='ltr'>ferre</span> <span class='ocrx_word' id='word_1_253' title='bbox 756 1496 821 1518; x_wconf 91' lang='lat' dir='ltr'>non</span> <span class='ocrx_word' id='word_1_254' title='bbox 846 1488 960 1527; x_wconf 84' lang='lat' dir='ltr'>potuit</span> <span class='ocrx_word' id='word_1_255' title='bbox 995 1487 1108 1528; x_wconf 86' lang='lat' dir='ltr'>pulmo</span> 
     </span>
     <span class='ocr_line' id='line_1_31' title="bbox 90 1526 1107 1605; baseline 0.002 -44"><span class='ocrx_word' id='word_1_256' title='bbox 90 1526 224 1605; x_wconf 54' lang='grc' dir='ltr'>ῗεκῖξτ,</span> <span class='ocrx_word' id='word_1_257' title='bbox 246 1530 303 1572; x_wconf 89' lang='lat' dir='ltr'>qui</span> <span class='ocrx_word' id='word_1_258' title='bbox 327 1538 417 1563; x_wconf 89' lang='lat' dir='ltr'>antea</span> <span class='ocrx_word' id='word_1_259' title='bbox 440 1539 543 1563; x_wconf 84' lang='lat' dir='ltr'>unum</span> <span class='ocrx_word' id='word_1_260' title='bbox 564 1527 626 1562; x_wconf 89' lang='lat' dir='ltr'>hoc</span> <span class='ocrx_word' id='word_1_261' title='bbox 651 1528 820 1571; x_wconf 79' lang='lat' dir='ltr'>pulmonis.</span> <span class='ocrx_word' id='word_1_262' title='bbox 840 1527 955 1563; x_wconf 80' lang='lat' dir='ltr'>sinistri</span> <span class='ocrx_word' id='word_1_263' title='bbox 979 1529 1107 1572; x_wconf 91' lang='lat' dir='ltr'>pondus</span> 
     </span>
     <span class='ocr_line' id='line_1_32' title="bbox 109 1582 236 1605; baseline -0.016 0"><span class='ocrx_word' id='word_1_264' title='bbox 109 1583 156 1605; x_wconf 86' lang='lat' dir='ltr'>ere</span> <span class='ocrx_word' id='word_1_265' title='bbox 181 1582 214 1605; x_wconf 88' lang='lat' dir='ltr'>at</span> <span class='ocrx_word' id='word_1_266' title='bbox 228 1597 236 1603; x_wconf 91' lang='lat'>.</span> 
     </span>
    </p>

    <p class='ocr_par' dir='ltr' id='par_1_5' title="bbox 86 1614 1109 2614">
     <span class='ocr_line' id='line_1_33' title="bbox 140 1614 1109 1658; baseline 0.004 -11"><span class='ocrx_word' id='word_1_267' title='bbox 140 1626 187 1657; x_wconf 87' lang='lat'>19.</span> <span class='ocrx_word' id='word_1_268' title='bbox 215 1614 274 1648; x_wconf 86' lang='lat' dir='ltr'>Sed</span> <span class='ocrx_word' id='word_1_269' title='bbox 301 1625 393 1650; x_wconf 77' lang='lat' dir='ltr'>erunt</span> <span class='ocrx_word' id='word_1_270' title='bbox 417 1614 546 1648; x_wconf 82' lang='lat' dir='ltr'>fortasse</span> <span class='ocrx_word' id='word_1_271' title='bbox 569 1615 726 1650; x_wconf 78' lang='lat' dir='ltr'>nonnulla</span> <span class='ocrx_word' id='word_1_272' title='bbox 740 1638 753 1655; x_wconf 87' lang='lat'>,</span> <span class='ocrx_word' id='word_1_273' title='bbox 775 1625 846 1657; x_wconf 78' lang='lat' dir='ltr'>quae</span> <span class='ocrx_word' id='word_1_274' title='bbox 870 1614 962 1658; x_wconf 86' lang='lat' dir='ltr'>super</span> <span class='ocrx_word' id='word_1_275' title='bbox 984 1615 1045 1650; x_wconf 92' lang='lat' dir='ltr'>hac</span> <span class='ocrx_word' id='word_1_276' title='bbox 1057 1616 1109 1651; x_wconf 91' lang='lat' dir='ltr'>ul-</span> 
     </span>
     <span class='ocr_line' id='line_1_34' title="bbox 91 1657 1109 1703; baseline -0.003 -11"><span class='ocrx_word' id='word_1_277' title='bbox 91 1659 172 1692; x_wconf 88' lang='lat' dir='ltr'>tima</span> <span class='ocrx_word' id='word_1_278' title='bbox 192 1658 352 1703; x_wconf 84' lang='lat' dir='ltr'>Juvenis‚</span> <span class='ocrx_word' id='word_1_279' title='bbox 375 1662 408 1692; x_wconf 71' lang='grc' dir='ltr'>δε</span> <span class='ocrx_word' id='word_1_280' title='bbox 432 1657 522 1701; x_wconf 83' lang='lat' dir='ltr'>super</span> <span class='ocrx_word' id='word_1_281' title='bbox 546 1660 601 1692; x_wconf 90' lang='lat' dir='ltr'>illa</span> <span class='ocrx_word' id='word_1_282' title='bbox 627 1658 726 1692; x_wconf 85' lang='lat' dir='ltr'>altera</span> <span class='ocrx_word' id='word_1_283' title='bbox 749 1659 900 1700; x_wconf 79' lang='lat' dir='ltr'>Virginis</span> <span class='ocrx_word' id='word_1_284' title='bbox 923 1662 938 1698; x_wconf 89' lang='lat'><strong>(</strong></span> <span class='ocrx_word' id='word_1_285' title='bbox 959 1659 1010 1703; x_wconf 85' lang='lat' dir='ltr'>e)</span> <span class='ocrx_word' id='word_1_286' title='bbox 1035 1661 1109 1694; x_wconf 93' lang='lat' dir='ltr'>Ob-</span> 
     </span>
     <span class='ocr_line' id='line_1_35' title="bbox 94 1701 1109 1745; baseline 0.002 -10"><span class='ocrx_word' id='word_1_287' title='bbox 94 1703 275 1735; x_wconf 83' lang='lat' dir='ltr'>servatione</span> <span class='ocrx_word' id='word_1_288' title='bbox 299 1713 337 1735; x_wconf 88' lang='lat' dir='ltr'>ex</span> <span class='ocrx_word' id='word_1_289' title='bbox 359 1713 409 1734; x_wconf 88' lang='lat' dir='ltr'>me</span> <span class='ocrx_word' id='word_1_290' title='bbox 432 1713 572 1743; x_wconf 72' lang='lat' dir='ltr'>quaeras.</span> <span class='ocrx_word' id='word_1_291' title='bbox 597 1701 683 1736; x_wconf 85' lang='lat' dir='ltr'>lllud</span> <span class='ocrx_word' id='word_1_292' title='bbox 709 1702 852 1743; x_wconf 86' lang='lat' dir='ltr'>primum</span> <span class='ocrx_word' id='word_1_293' title='bbox 873 1725 885 1742; x_wconf 84' lang='lat'>‚</span> <span class='ocrx_word' id='word_1_294' title='bbox 919 1713 976 1736; x_wconf 85' lang='lat' dir='ltr'>cur</span> <span class='ocrx_word' id='word_1_295' title='bbox 1010 1702 1109 1745; x_wconf 74' lang='lat' dir='ltr'>posset</span> 
     </span>
     <span class='ocr_line' id='line_1_36' title="bbox 86 1744 1108 1791; baseline 0.001 -12"><span class='ocrx_word' id='word_1_296' title='bbox 86 1746 226 1791; x_wconf 87' lang='lat' dir='ltr'>Juvenis.</span> <span class='ocrx_word' id='word_1_297' title='bbox 245 1747 278 1777; x_wconf 90' lang='lat' dir='ltr'>in</span> <span class='ocrx_word' id='word_1_298' title='bbox 302 1744 411 1779; x_wconf 87' lang='lat' dir='ltr'>sanum</span> <span class='ocrx_word' id='word_1_299' title='bbox 434 1745 516 1779; x_wconf 87' lang='lat' dir='ltr'>latus</span> <span class='ocrx_word' id='word_1_300' title='bbox 539 1745 678 1786; x_wconf 84' lang='lat' dir='ltr'>cubare,</span> <span class='ocrx_word' id='word_1_301' title='bbox 702 1746 812 1788; x_wconf 85' lang='lat' dir='ltr'>Virgo</span> <span class='ocrx_word' id='word_1_302' title='bbox 824 1748 974 1779; x_wconf 85' lang='lat' dir='ltr'>autemin</span> <span class='ocrx_word' id='word_1_303' title='bbox 986 1757 1108 1788; x_wconf 68' lang='lat' dir='ltr'>aegrum</span> 
     </span>
     <span class='ocr_line' id='line_1_37' title="bbox 94 1787 1108 1833; baseline 0 -10"><span class='ocrx_word' id='word_1_304' title='bbox 94 1790 199 1831; x_wconf 81' lang='lat' dir='ltr'>magis</span> <span class='ocrx_word' id='word_1_305' title='bbox 222 1789 337 1822; x_wconf 84' lang='lat' dir='ltr'>cubare</span> <span class='ocrx_word' id='word_1_306' title='bbox 375 1799 547 1830; x_wconf 81' lang='lat' dir='ltr'>cogeretur</span> <span class='ocrx_word' id='word_1_307' title='bbox 573 1812 582 1827; x_wconf 93' lang='lat'>‚</span> <span class='ocrx_word' id='word_1_308' title='bbox 614 1787 888 1833; x_wconf 86' lang='lat' dir='ltr'>quemadmodum</span> <span class='ocrx_word' id='word_1_309' title='bbox 933 1792 965 1823; x_wconf 89' lang='lat'>&amp;</span> <span class='ocrx_word' id='word_1_310' title='bbox 1010 1791 1073 1823; x_wconf 89' lang='lat' dir='ltr'>Vir</span> <span class='ocrx_word' id='word_1_311' title='bbox 1095 1815 1108 1832; x_wconf 81' lang='lat'>‚</span> 
     </span>
     <span class='ocr_line' id='line_1_38' title="bbox 91 1832 1106 1876; baseline 0.001 -10"><span class='ocrx_word' id='word_1_312' title='bbox 91 1844 190 1876; x_wconf 83' lang='lat' dir='ltr'>quem</span> <span class='ocrx_word' id='word_1_313' title='bbox 211 1832 355 1865; x_wconf 83' lang='lat' dir='ltr'>diximus</span> <span class='ocrx_word' id='word_1_314' title='bbox 380 1844 456 1866; x_wconf 89' lang='lat' dir='ltr'>cum</span> <span class='ocrx_word' id='word_1_315' title='bbox 487 1833 587 1866; x_wconf 85' lang='lat' dir='ltr'>levem</span> <span class='ocrx_word' id='word_1_316' title='bbox 622 1832 669 1867; x_wconf 86' lang='lat' dir='ltr'>ob</span> <span class='ocrx_word' id='word_1_317' title='bbox 701 1832 851 1866; x_wconf 86' lang='lat' dir='ltr'>morbum</span> <span class='ocrx_word' id='word_1_318' title='bbox 885 1833 920 1866; x_wconf 92' lang='lat' dir='ltr'>in</span> <span class='ocrx_word' id='word_1_319' title='bbox 951 1833 1106 1867; x_wconf 90' lang='lat' dir='ltr'>Nosoco-</span> 
     </span>
     <span class='ocr_line' id='line_1_39' title="bbox 89 1873 1105 1919; baseline 0.002 -10"><span class='ocrx_word' id='word_1_320' title='bbox 89 1878 192 1910; x_wconf 89' lang='lat' dir='ltr'>mium</span> <span class='ocrx_word' id='word_1_321' title='bbox 217 1875 349 1909; x_wconf 89' lang='lat' dir='ltr'>venisset</span> <span class='ocrx_word' id='word_1_322' title='bbox 365 1897 373 1912; x_wconf 87' lang='lat'>‚</span> <span class='ocrx_word' id='word_1_323' title='bbox 395 1887 434 1909; x_wconf 86' lang='lat' dir='ltr'>ex</span> <span class='ocrx_word' id='word_1_324' title='bbox 456 1875 639 1919; x_wconf 84' lang='lat' dir='ltr'>gravisfimo</span> <span class='ocrx_word' id='word_1_325' title='bbox 664 1874 790 1919; x_wconf 83' lang='lat' dir='ltr'>periisse</span> <span class='ocrx_word' id='word_1_326' title='bbox 823 1873 911 1919; x_wconf 76' lang='lat' dir='ltr'>(f)</span> <span class='ocrx_word' id='word_1_327' title='bbox 932 1901 942 1917; x_wconf 93' lang='lat'><strong>,</strong></span> <span class='ocrx_word' id='word_1_328' title='bbox 974 1876 1105 1912; x_wconf 86' lang='lat' dir='ltr'>facilem</span> 
     </span>
     <span class='ocr_line' id='line_1_40' title="bbox 88 1918 1106 1956; baseline 0.002 -3"><span class='ocrx_word' id='word_1_329' title='bbox 88 1921 126 1953; x_wconf 88' lang='lat' dir='ltr'>in</span> <span class='ocrx_word' id='word_1_330' title='bbox 150 1918 300 1953; x_wconf 63' lang='lat' dir='ltr'>affeetum</span> <span class='ocrx_word' id='word_1_331' title='bbox 323 1920 406 1952; x_wconf 82' lang='lat' dir='ltr'>latus</span> <span class='ocrx_word' id='word_1_332' title='bbox 429 1918 565 1953; x_wconf 81' lang='lat' dir='ltr'>habebat</span> <span class='ocrx_word' id='word_1_333' title='bbox 588 1918 795 1955; x_wconf 86' lang='lat' dir='ltr'>decubitum.</span> <span class='ocrx_word' id='word_1_334' title='bbox 939 1919 1106 1956; x_wconf 86' lang='lat' dir='ltr'>Credibile</span> 
     </span>
     <span class='ocr_line' id='line_1_41' title="bbox 90 1961 1107 2011; baseline 0.001 -14"><span class='ocrx_word' id='word_1_335' title='bbox 90 1962 156 2003; x_wconf 86' lang='lat' dir='ltr'>est,</span> <span class='ocrx_word' id='word_1_336' title='bbox 181 1961 259 1996; x_wconf 84' lang='lat' dir='ltr'>hinc</span> <span class='ocrx_word' id='word_1_337' title='bbox 284 1962 411 1996; x_wconf 87' lang='lat' dir='ltr'>causam</span> <span class='ocrx_word' id='word_1_338' title='bbox 433 1962 631 1997; x_wconf 88' lang='lat' dir='ltr'>discriminis</span> <span class='ocrx_word' id='word_1_339' title='bbox 659 1963 851 2006; x_wconf 87' lang='lat' dir='ltr'>petendam,</span> <span class='ocrx_word' id='word_1_340' title='bbox 874 1964 961 2008; x_wconf 89' lang='lat' dir='ltr'>quod</span> <span class='ocrx_word' id='word_1_341' title='bbox 986 1965 1020 1998; x_wconf 89' lang='lat' dir='ltr'>in</span> <span class='ocrx_word' id='word_1_342' title='bbox 1043 1967 1107 2011; x_wconf 88' lang='lat' dir='ltr'>Ju-</span> 
     </span>
     <span class='ocr_line' id='line_1_42' title="bbox 89 2006 1106 2050; baseline 0.004 -12"><span class='ocrx_word' id='word_1_343' title='bbox 89 2017 165 2039; x_wconf 88' lang='lat' dir='ltr'>vene</span> <span class='ocrx_word' id='word_1_344' title='bbox 189 2006 312 2040; x_wconf 90' lang='lat' dir='ltr'>solutus</span> <span class='ocrx_word' id='word_1_345' title='bbox 335 2015 401 2040; x_wconf 89' lang='lat' dir='ltr'>erat</span> <span class='ocrx_word' id='word_1_346' title='bbox 424 2009 532 2050; x_wconf 79' lang='lat' dir='ltr'>gravis.</span> <span class='ocrx_word' id='word_1_347' title='bbox 554 2008 689 2050; x_wconf 81' lang='lat' dir='ltr'>pulm03</span> <span class='ocrx_word' id='word_1_348' title='bbox 713 2009 746 2041; x_wconf 90' lang='lat' dir='ltr'>in</span> <span class='ocrx_word' id='word_1_349' title='bbox 781 2008 872 2040; x_wconf 86' lang='lat' dir='ltr'>Viro</span> <span class='ocrx_word' id='word_1_350' title='bbox 901 2018 1008 2043; x_wconf 87' lang='lat' dir='ltr'>autem</span> <span class='ocrx_word' id='word_1_351' title='bbox 1029 2030 1040 2046; x_wconf 89' lang='lat'>‚</span> <span class='ocrx_word' id='word_1_352' title='bbox 1073 2011 1106 2042; x_wconf 86' lang='lat'>&amp;</span> 
     </span>
     <span class='ocr_line' id='line_1_43' title="bbox 90 2050 1102 2094; baseline 0.005 -12"><span class='ocrx_word' id='word_1_353' title='bbox 90 2051 233 2094; x_wconf 80' lang='lat' dir='ltr'>Virgine</span> <span class='ocrx_word' id='word_1_354' title='bbox 258 2051 297 2083; x_wconf 88' lang='lat' dir='ltr'>ad</span> <span class='ocrx_word' id='word_1_355' title='bbox 322 2051 465 2093; x_wconf 89' lang='lat' dir='ltr'>pleuram</span> <span class='ocrx_word' id='word_1_356' title='bbox 489 2051 665 2094; x_wconf 86' lang='lat' dir='ltr'>alligatus,</span> <span class='ocrx_word' id='word_1_357' title='bbox 687 2060 723 2085; x_wconf 89' lang='lat' dir='ltr'>ut</span> <span class='ocrx_word' id='word_1_358' title='bbox 747 2050 770 2085; x_wconf 90' lang='lat' dir='ltr'>fi</span> <span class='ocrx_word' id='word_1_359' title='bbox 803 2052 837 2085; x_wconf 88' lang='lat' dir='ltr'>in</span> <span class='ocrx_word' id='word_1_360' title='bbox 873 2052 955 2087; x_wconf 87' lang='lat' dir='ltr'>latus</span> <span class='ocrx_word' id='word_1_361' title='bbox 991 2051 1102 2087; x_wconf 90' lang='lat' dir='ltr'>sanum</span> 
     </span>
     <span class='ocr_line' id='line_1_44' title="bbox 90 2092 1102 2138; baseline 0.003 -12"><span class='ocrx_word' id='word_1_362' title='bbox 90 2092 194 2138; x_wconf 75' lang='lat' dir='ltr'>jacere</span> <span class='ocrx_word' id='word_1_363' title='bbox 217 2103 409 2128; x_wconf 76' lang='lat' dir='ltr'>conarentur</span> <span class='ocrx_word' id='word_1_364' title='bbox 430 2118 443 2135; x_wconf 85' lang='lat'><strong><em>,</em></strong></span> <span class='ocrx_word' id='word_1_365' title='bbox 475 2095 572 2129; x_wconf 82' lang='lat' dir='ltr'>illico-</span> <span class='ocrx_word' id='word_1_366' title='bbox 604 2094 769 2138; x_wconf 80' lang='lat' dir='ltr'>pulmonis</span> <span class='ocrx_word' id='word_1_367' title='bbox 800 2095 929 2138; x_wconf 82' lang='lat' dir='ltr'>pondus</span> <span class='ocrx_word' id='word_1_368' title='bbox 959 2095 1102 2138; x_wconf 86' lang='lat' dir='ltr'>pleuram</span> 
     </span>
     <span class='ocr_line' id='line_1_45' title="bbox 91 2135 1103 2181; baseline 0.001 -11"><span class='ocrx_word' id='word_1_369' title='bbox 91 2135 281 2171; x_wconf 87' lang='lat' dir='ltr'>distraheret</span> <span class='ocrx_word' id='word_1_370' title='bbox 296 2161 309 2178; x_wconf 88' lang='lat'>‚</span> <span class='ocrx_word' id='word_1_371' title='bbox 335 2137 575 2181; x_wconf 86' lang='lat' dir='ltr'>molestiamque</span> <span class='ocrx_word' id='word_1_372' title='bbox 599 2147 740 2171; x_wconf 88' lang='lat' dir='ltr'>crearet.</span> <span class='ocrx_word' id='word_1_373' title='bbox 872 2141 999 2172; x_wconf 69' lang='lat' dir='ltr'>Caetera</span> <span class='ocrx_word' id='word_1_374' title='bbox 1032 2151 1103 2181; x_wconf 77' lang='lat' dir='ltr'>quae</span> 
     </span>
     <span class='ocr_line' id='line_1_46' title="bbox 90 2180 1105 2224; baseline -0.001 -10"><span class='ocrx_word' id='word_1_375' title='bbox 90 2180 129 2215; x_wconf 87' lang='lat' dir='ltr'>ad</span> <span class='ocrx_word' id='word_1_376' title='bbox 152 2182 326 2223; x_wconf 79' lang='lat' dir='ltr'>Virginem</span> <span class='ocrx_word' id='word_1_377' title='bbox 351 2183 515 2222; x_wconf 82' lang='lat' dir='ltr'>attinent,</span> <span class='ocrx_word' id='word_1_378' title='bbox 539 2183 659 2224; x_wconf 88' lang='lat' dir='ltr'>partim</span> <span class='ocrx_word' id='word_1_379' title='bbox 683 2190 775 2214; x_wconf 86' lang='lat' dir='ltr'>extra</span> <span class='ocrx_word' id='word_1_380' title='bbox 798 2180 875 2214; x_wconf 84' lang='lat' dir='ltr'>fines</span> <span class='ocrx_word' id='word_1_381' title='bbox 901 2180 987 2215; x_wconf 75' lang='lat' dir='ltr'>haud</span> <span class='ocrx_word' id='word_1_382' title='bbox 1012 2192 1105 2223; x_wconf 91' lang='lat' dir='ltr'>pror-</span> 
     </span>
     <span class='ocr_line' id='line_1_47' title="bbox 90 2224 1105 2267; baseline -0.001 -9"><span class='ocrx_word' id='word_1_383' title='bbox 90 2224 142 2258; x_wconf 86' lang='lat' dir='ltr'>sus</span> <span class='ocrx_word' id='word_1_384' title='bbox 167 2224 239 2258; x_wconf 91' lang='lat' dir='ltr'>sunt</span> <span class='ocrx_word' id='word_1_385' title='bbox 263 2225 419 2258; x_wconf 83' lang='lat' dir='ltr'>naturalis</span> <span class='ocrx_word' id='word_1_386' title='bbox 440 2224 685 2258; x_wconf 82' lang='lat' dir='ltr'>constitutionis</span> <span class='ocrx_word' id='word_1_387' title='bbox 707 2247 718 2264; x_wconf 87' lang='lat'>‚</span> <span class='ocrx_word' id='word_1_388' title='bbox 751 2232 787 2258; x_wconf 92' lang='lat' dir='ltr'>ut</span> <span class='ocrx_word' id='word_1_389' title='bbox 820 2235 893 2267; x_wconf 74' lang='lat' dir='ltr'>qiiae</span> <span class='ocrx_word' id='word_1_390' title='bbox 928 2225 962 2258; x_wconf 90' lang='lat' dir='ltr'>in</span> <span class='ocrx_word' id='word_1_391' title='bbox 995 2233 1105 2258; x_wconf 87' lang='lat' dir='ltr'>ventre</span> 
     </span>
     <span class='ocr_line' id='line_1_48' title="bbox 91 2267 1105 2310; baseline 0 -9"><span class='ocrx_word' id='word_1_392' title='bbox 91 2267 343 2307; x_wconf 80' lang='lat' dir='ltr'>describuntur,</span> <span class='ocrx_word' id='word_1_393' title='bbox 366 2268 486 2310; x_wconf 87' lang='lat' dir='ltr'>partim</span> <span class='ocrx_word' id='word_1_394' title='bbox 511 2267 550 2301; x_wconf 88' lang='lat' dir='ltr'>ad</span> <span class='ocrx_word' id='word_1_395' title='bbox 575 2268 653 2301; x_wconf 84' lang='lat' dir='ltr'>alias</span> <span class='ocrx_word' id='word_1_396' title='bbox 676 2268 814 2301; x_wconf 59' lang='lat' dir='ltr'>traffitata</span> <span class='ocrx_word' id='word_1_397' title='bbox 837 2268 999 2309; x_wconf 88' lang='lat' dir='ltr'>pertinent</span> <span class='ocrx_word' id='word_1_398' title='bbox 1019 2290 1033 2307; x_wconf 82' lang='lat'><em>‚</em></span> <span class='ocrx_word' id='word_1_399' title='bbox 1067 2276 1105 2301; x_wconf 91' lang='lat' dir='ltr'>ut</span> 
     </span>
     <span class='ocr_line' id='line_1_49' title="bbox 92 2309 1105 2354; baseline -0.001 -10"><span class='ocrx_word' id='word_1_400' title='bbox 92 2310 182 2354; x_wconf 89' lang='lat' dir='ltr'>quod</span> <span class='ocrx_word' id='word_1_401' title='bbox 204 2311 237 2343; x_wconf 90' lang='lat' dir='ltr'>in</span> <span class='ocrx_word' id='word_1_402' title='bbox 261 2311 392 2353; x_wconf 86' lang='lat' dir='ltr'>capite,</span> <span class='ocrx_word' id='word_1_403' title='bbox 417 2311 538 2352; x_wconf 84' lang='lat' dir='ltr'>partim</span> <span class='ocrx_word' id='word_1_404' title='bbox 563 2310 722 2344; x_wconf 85' lang='lat' dir='ltr'>facillima</span> <span class='ocrx_word' id='word_1_405' title='bbox 742 2309 814 2344; x_wconf 90' lang='lat' dir='ltr'>sunt</span> <span class='ocrx_word' id='word_1_406' title='bbox 838 2310 1001 2353; x_wconf 85' lang='lat' dir='ltr'>explicatu</span> <span class='ocrx_word' id='word_1_407' title='bbox 1021 2334 1034 2350; x_wconf 93' lang='lat'><em>,</em></span> <span class='ocrx_word' id='word_1_408' title='bbox 1068 2318 1105 2344; x_wconf 90' lang='lat' dir='ltr'>ut</span> 
     </span>
     <span class='ocr_line' id='line_1_50' title="bbox 91 2351 1104 2429; baseline -0.002 -41"><span class='ocrx_word' id='word_1_409' title='bbox 91 2363 171 2397; x_wconf 84' lang='lat' dir='ltr'>puta</span> <span class='ocrx_word' id='word_1_410' title='bbox 195 2352 321 2388; x_wconf 88' lang='lat' dir='ltr'>doloris</span> <span class='ocrx_word' id='word_1_411' title='bbox 346 2356 379 2387; x_wconf 91' lang='lat' dir='ltr'>in</span> <span class='ocrx_word' id='word_1_412' title='bbox 403 2353 561 2387; x_wconf 86' lang='lat' dir='ltr'>sinistram</span> <span class='ocrx_word' id='word_1_413' title='bbox 585 2355 749 2429; x_wconf 46' lang='lat' dir='ltr'>primum,</span> <span class='ocrx_word' id='word_1_414' title='bbox 773 2352 848 2386; x_wconf 89' lang='lat' dir='ltr'>inde</span> <span class='ocrx_word' id='word_1_415' title='bbox 870 2365 947 2387; x_wconf 86' lang='lat' dir='ltr'>vero</span> <span class='ocrx_word' id='word_1_416' title='bbox 969 2355 1003 2386; x_wconf 89' lang='lat' dir='ltr'>in</span> <span class='ocrx_word' id='word_1_417' title='bbox 1025 2351 1104 2387; x_wconf 88' lang='lat' dir='ltr'>dex-</span> 
     </span>
     <span class='ocr_line' id='line_1_51' title="bbox 92 2395 1106 2439; baseline 0.001 -10"><span class='ocrx_word' id='word_1_418' title='bbox 92 2407 194 2430; x_wconf 86' lang='lat' dir='ltr'>teram</span> <span class='ocrx_word' id='word_1_419' title='bbox 220 2406 340 2439; x_wconf 85' lang='lat' dir='ltr'>partem</span> <span class='ocrx_word' id='word_1_420' title='bbox 365 2397 506 2431; x_wconf 81' lang='lat' dir='ltr'>invasio.</span> <span class='ocrx_word' id='word_1_421' title='bbox 530 2400 617 2434; x_wconf 72' lang='lat' dir='ltr'>Cun</span> <span class='ocrx_word' id='word_1_422' title='bbox 640 2398 725 2429; x_wconf 88' lang='lat' dir='ltr'>enim</span> <span class='ocrx_word' id='word_1_423' title='bbox 750 2396 1044 2430; x_wconf 83' lang='lat' dir='ltr'>inflammationem</span> <span class='ocrx_word' id='word_1_424' title='bbox 1056 2395 1106 2430; x_wconf 85' lang='lat' dir='ltr'>ef-</span> 
     </span>
     <span class='ocr_line' id='line_1_52' title="bbox 92 2438 1105 2483; baseline -0.002 -9"><span class='ocrx_word' id='word_1_425' title='bbox 92 2440 201 2475; x_wconf 86' lang='lat' dir='ltr'>ficiens</span> <span class='ocrx_word' id='word_1_426' title='bbox 222 2443 354 2473; x_wconf 85' lang='lat' dir='ltr'>materia</span> <span class='ocrx_word' id='word_1_427' title='bbox 386 2442 419 2474; x_wconf 93' lang='lat' dir='ltr'>in</span> <span class='ocrx_word' id='word_1_428' title='bbox 453 2451 491 2473; x_wconf 91' lang='lat' dir='ltr'>eo</span> <span class='ocrx_word' id='word_1_429' title='bbox 525 2441 668 2482; x_wconf 89' lang='lat' dir='ltr'>primum</span> <span class='ocrx_word' id='word_1_430' title='bbox 701 2440 853 2483; x_wconf 84' lang='lat' dir='ltr'>pulmone</span> <span class='ocrx_word' id='word_1_431' title='bbox 886 2438 1068 2474; x_wconf 82' lang='lat' dir='ltr'>substitisset</span> <span class='ocrx_word' id='word_1_432' title='bbox 1092 2463 1105 2478; x_wconf 82' lang='lat'><strong><em>,</em></strong></span> 
     </span>
     <span class='ocr_line' id='line_1_53' title="bbox 91 2482 1105 2528; baseline 0 -11"><span class='ocrx_word' id='word_1_433' title='bbox 91 2485 149 2528; x_wconf 87' lang='lat' dir='ltr'>qui</span> <span class='ocrx_word' id='word_1_434' title='bbox 172 2507 184 2524; x_wconf 83' lang='grc'>,</span> <span class='ocrx_word' id='word_1_435' title='bbox 219 2493 257 2525; x_wconf 74' lang='lat' dir='ltr'>ut</span> <span class='ocrx_word' id='word_1_436' title='bbox 280 2484 398 2518; x_wconf 62' lang='lat' dir='ltr'>arelius</span> <span class='ocrx_word' id='word_1_437' title='bbox 422 2483 460 2517; x_wconf 85' lang='lat' dir='ltr'>ad</span> <span class='ocrx_word' id='word_1_438' title='bbox 483 2483 582 2517; x_wconf 85' lang='lat' dir='ltr'>costas</span> <span class='ocrx_word' id='word_1_439' title='bbox 605 2506 614 2521; x_wconf 93' lang='lat'>‚</span> <span class='ocrx_word' id='word_1_440' title='bbox 647 2487 679 2518; x_wconf 84' lang='lat'>&amp;</span> <span class='ocrx_word' id='word_1_441' title='bbox 715 2482 951 2518; x_wconf 86' lang='lat' dir='ltr'>Transversum</span> <span class='ocrx_word' id='word_1_442' title='bbox 980 2483 1105 2527; x_wconf 86' lang='lat' dir='ltr'>septum</span> 
     </span>
     <span class='ocr_line' id='line_1_54' title="bbox 91 2526 1105 2570; baseline -0.002 -9"><span class='ocrx_word' id='word_1_443' title='bbox 91 2527 276 2567; x_wconf 77' lang='lat' dir='ltr'>adhaerens,</span> <span class='ocrx_word' id='word_1_444' title='bbox 298 2538 370 2560; x_wconf 87' lang='lat' dir='ltr'>eam</span> <span class='ocrx_word' id='word_1_445' title='bbox 398 2526 558 2560; x_wconf 84' lang='lat' dir='ltr'>dimovere</span> <span class='ocrx_word' id='word_1_446' title='bbox 595 2528 763 2561; x_wconf 82' lang='lat' dir='ltr'>materiam</span> <span class='ocrx_word' id='word_1_447' title='bbox 800 2528 908 2561; x_wconf 85' lang='lat' dir='ltr'>minus</span> <span class='ocrx_word' id='word_1_448' title='bbox 942 2536 1069 2570; x_wconf 88' lang='lat' dir='ltr'>poterat</span> <span class='ocrx_word' id='word_1_449' title='bbox 1090 2550 1105 2567; x_wconf 80' lang='lat'><strong><em>,</em></strong></span> 
     </span>
     <span class='ocr_line' id='line_1_55' title="bbox 91 2569 1105 2614; baseline -0.002 -9"><span class='ocrx_word' id='word_1_450' title='bbox 91 2572 194 2613; x_wconf 78' lang='lat' dir='ltr'>magis</span> <span class='ocrx_word' id='word_1_451' title='bbox 217 2569 301 2604; x_wconf 90' lang='lat' dir='ltr'>hunc</span> <span class='ocrx_word' id='word_1_452' title='bbox 325 2582 450 2614; x_wconf 84' lang='lat' dir='ltr'>gravare</span> <span class='ocrx_word' id='word_1_453' title='bbox 474 2572 611 2613; x_wconf 81' lang='lat' dir='ltr'>perrexit</span> <span class='ocrx_word' id='word_1_454' title='bbox 630 2583 642 2610; x_wconf 69' lang='grc' dir='ltr'>ς</span> <span class='ocrx_word' id='word_1_455' title='bbox 664 2581 735 2614; x_wconf 87' lang='lat' dir='ltr'>pars</span> <span class='ocrx_word' id='word_1_456' title='bbox 760 2581 866 2604; x_wconf 75' lang='lat' dir='ltr'>autem</span> <span class='ocrx_word' id='word_1_457' title='bbox 889 2572 1029 2604; x_wconf 84' lang='lat' dir='ltr'>materiae</span> <span class='ocrx_word' id='word_1_458' title='bbox 1053 2581 1105 2603; x_wconf 89' lang='lat' dir='ltr'>re-</span> 
     </span>
    </p>
   </div>
   <div class='ocr_carea' id='block_1_5' title="bbox 68 2613 1104 2664">
    <p class='ocr_par' dir='ltr' id='par_1_6' title="bbox 68 2613 1104 2664">
     <span class='ocr_line' id='line_1_56' title="bbox 68 2613 1104 2664; baseline -0.001 -16"><span class='ocrx_word' id='word_1_459' title='bbox 68 2641 71 2643; x_wconf 88' lang='lat'>.</span> <span class='ocrx_word' id='word_1_460' title='bbox 92 2616 182 2664; x_wconf 71' lang='lat' dir='ltr'>liqna</span> <span class='ocrx_word' id='word_1_461' title='bbox 205 2615 238 2647; x_wconf 88' lang='lat' dir='ltr'>in</span> <span class='ocrx_word' id='word_1_462' title='bbox 265 2614 371 2648; x_wconf 83' lang='lat' dir='ltr'>altero</span> <span class='ocrx_word' id='word_1_463' title='bbox 391 2616 447 2657; x_wconf 88' lang='lat' dir='ltr'>qui</span> <span class='ocrx_word' id='word_1_464' title='bbox 473 2613 597 2648; x_wconf 82' lang='lat' dir='ltr'>solutus</span> <span class='ocrx_word' id='word_1_465' title='bbox 621 2624 714 2653; x_wconf 86' lang='lat' dir='ltr'>erat,</span> <span class='ocrx_word' id='word_1_466' title='bbox 737 2614 892 2648; x_wconf 82' lang='lat' dir='ltr'>nonnihil</span> <span class='ocrx_word' id='word_1_467' title='bbox 924 2613 1067 2648; x_wconf 86' lang='lat' dir='ltr'>substitit</span> <span class='ocrx_word' id='word_1_468' title='bbox 1091 2637 1104 2653; x_wconf 77' lang='lat'><em>,</em></span> 
     </span>
    </p>
   </div>
   <div class='ocr_carea' id='block_1_6' title="bbox 88 2655 1105 3577">
    <p class='ocr_par' dir='ltr' id='par_1_7' title="bbox 88 2655 1105 3577">
     <span class='ocr_line' id='line_1_57' title="bbox 88 2655 1105 2701; baseline 0 -10"><span class='ocrx_word' id='word_1_469' title='bbox 88 2659 307 2701; x_wconf 34' lang='lat' dir='ltr'>‘levioremque</span> <span class='ocrx_word' id='word_1_470' title='bbox 340 2658 635 2692; x_wconf 84' lang='lat' dir='ltr'>inflammationem</span> <span class='ocrx_word' id='word_1_471' title='bbox 671 2655 777 2691; x_wconf 82' lang='lat' dir='ltr'>effecit</span> <span class='ocrx_word' id='word_1_472' title='bbox 801 2681 810 2689; x_wconf 82' lang='grc'><em>.</em></span> <span class='ocrx_word' id='word_1_473' title='bbox 835 2659 1001 2692; x_wconf 83' lang='lat' dir='ltr'>Caeterum</span> <span class='ocrx_word' id='word_1_474' title='bbox 1045 2659 1105 2701; x_wconf 81' lang='lat' dir='ltr'>qui</span> 
     </span>
     <span class='ocr_line' id='line_1_58' title="bbox 91 2702 1104 2746; baseline -0.001 -11"><span class='ocrx_word' id='word_1_475' title='bbox 91 2702 205 2744; x_wconf 78' lang='lat' dir='ltr'>pulmo</span> <span class='ocrx_word' id='word_1_476' title='bbox 229 2702 371 2744; x_wconf 84' lang='lat' dir='ltr'>primum</span> <span class='ocrx_word' id='word_1_477' title='bbox 393 2711 589 2746; x_wconf 81' lang='lat' dir='ltr'>occupatur,</span> <span class='ocrx_word' id='word_1_478' title='bbox 607 2711 668 2737; x_wconf 45' lang='lat' dir='ltr'>¹aut:</span> <span class='ocrx_word' id='word_1_479' title='bbox 690 2702 765 2743; x_wconf 89' lang='lat' dir='ltr'>quia</span> <span class='ocrx_word' id='word_1_480' title='bbox 789 2703 892 2746; x_wconf 86' lang='lat' dir='ltr'>magis</span> <span class='ocrx_word' id='word_1_481' title='bbox 926 2713 1023 2744; x_wconf 88' lang='lat' dir='ltr'>quam</span> <span class='ocrx_word' id='word_1_482' title='bbox 1056 2702 1104 2734; x_wconf 89' lang='lat' dir='ltr'>al-</span> 
     </span>
     <span class='ocr_line' id='line_1_59' title="bbox 92 2744 1105 2788; baseline 0 -11"><span class='ocrx_word' id='word_1_483' title='bbox 92 2754 141 2778; x_wconf 86' lang='lat' dir='ltr'>ter</span> <span class='ocrx_word' id='word_1_484' title='bbox 164 2744 314 2779; x_wconf 81' lang='lat' dir='ltr'>infirmus</span> <span class='ocrx_word' id='word_1_485' title='bbox 333 2745 395 2787; x_wconf 89' lang='lat' dir='ltr'>est,</span> <span class='ocrx_word' id='word_1_486' title='bbox 418 2754 472 2780; x_wconf 90' lang='lat' dir='ltr'>aut</span> <span class='ocrx_word' id='word_1_487' title='bbox 496 2747 574 2788; x_wconf 87' lang='lat' dir='ltr'>quia</span> <span class='ocrx_word' id='word_1_488' title='bbox 599 2745 641 2778; x_wconf 84' lang='lat' dir='ltr'>ab</span> <span class='ocrx_word' id='word_1_489' title='bbox 661 2745 819 2778; x_wconf 85' lang='lat' dir='ltr'>inchoato</span> <span class='ocrx_word' id='word_1_490' title='bbox 852 2745 968 2779; x_wconf 82' lang='lat' dir='ltr'>morbo</span> <span class='ocrx_word' id='word_1_491' title='bbox 1002 2744 1105 2778; x_wconf 85' lang='lat' dir='ltr'>effici-</span> 
     </span>
     <span class='ocr_line' id='line_1_60' title="bbox 93 2787 1104 2831; baseline -0.001 -9"><span class='ocrx_word' id='word_1_492' title='bbox 93 2798 146 2823; x_wconf 85' lang='lat' dir='ltr'>tur</span> <span class='ocrx_word' id='word_1_493' title='bbox 173 2813 183 2828; x_wconf 92' lang='lat'>,</span> <span class='ocrx_word' id='word_1_494' title='bbox 229 2789 362 2823; x_wconf 89' lang='lat' dir='ltr'>minime</span> <span class='ocrx_word' id='word_1_495' title='bbox 407 2791 527 2823; x_wconf 79' lang='lat' dir='ltr'>mirum</span> <span class='ocrx_word' id='word_1_496' title='bbox 562 2788 637 2831; x_wconf 83' lang='lat' dir='ltr'>est,</span> <span class='ocrx_word' id='word_1_497' title='bbox 670 2787 693 2821; x_wconf 88' lang='lat' dir='ltr'>fi</span> <span class='ocrx_word' id='word_1_498' title='bbox 718 2787 1015 2831; x_wconf 29' lang='lat' dir='ltr'>majoremrhabeat</span> <span class='ocrx_word' id='word_1_499' title='bbox 1051 2790 1104 2822; x_wconf 91' lang='lat' dir='ltr'>in-</span> 
     </span>
     <span class='ocr_line' id='line_1_61' title="bbox 93 2829 1104 2910; baseline 0.001 -46"><span class='ocrx_word' id='word_1_500' title='bbox 93 2832 348 2910; x_wconf 55' lang='lat' dir='ltr'>gagimationem</span> <span class='ocrx_word' id='word_1_501' title='bbox 370 2845 378 2866; x_wconf 75' lang='grc' dir='ltr'><strong><em>ε</em></strong></span> <span class='ocrx_word' id='word_1_502' title='bbox 413 2832 502 2876; x_wconf 88' lang='lat' dir='ltr'>quod</span> <span class='ocrx_word' id='word_1_503' title='bbox 526 2836 557 2866; x_wconf 63' lang='grc' dir='ltr'>ὃ(</span> <span class='ocrx_word' id='word_1_504' title='bbox 581 2834 618 2865; x_wconf 88' lang='lat' dir='ltr'>in</span> <span class='ocrx_word' id='word_1_505' title='bbox 640 2834 795 2875; x_wconf 87' lang='lat' dir='ltr'>proximo</span> <span class='ocrx_word' id='word_1_506' title='bbox 817 2832 891 2867; x_wconf 80' lang='lat' dir='ltr'>casu</span> <span class='ocrx_word' id='word_1_507' title='bbox 911 2829 1004 2867; x_wconf 85' lang='lat' dir='ltr'>fuisse</span> <span class='ocrx_word' id='word_1_508' title='bbox 1019 2856 1032 2874; x_wconf 84' lang='lat'><em>‚</em></span> <span class='ocrx_word' id='word_1_509' title='bbox 1055 2833 1104 2867; x_wconf 92' lang='lat' dir='ltr'>vi-</span> 
     </span>
     <span class='ocr_line' id='line_1_62' title="bbox 119 2886 204 2909; baseline 0 -1"><span class='ocrx_word' id='word_1_510' title='bbox 119 2886 132 2908; x_wconf 89' lang='lat' dir='ltr'>e</span> <span class='ocrx_word' id='word_1_511' title='bbox 158 2886 204 2909; x_wconf 78' lang='lat' dir='ltr'>is.</span> 
     </span>
     <span class='ocr_line' id='line_1_63' title="bbox 90 2920 1103 2964; baseline -0.001 -10"><span class='ocrx_word' id='word_1_512' title='bbox 90 2951 93 2954; x_wconf 92' lang='lat'>.</span> <span class='ocrx_word' id='word_1_513' title='bbox 139 2930 193 2953; x_wconf 87' lang='lat'>20.</span> <span class='ocrx_word' id='word_1_514' title='bbox 217 2920 464 2956; x_wconf 87' lang='lat' dir='ltr'>SACERDOS</span> <span class='ocrx_word' id='word_1_515' title='bbox 490 2931 648 2955; x_wconf 78' lang='lat' dir='ltr'>annorum-</span> <span class='ocrx_word' id='word_1_516' title='bbox 668 2920 905 2964; x_wconf 80' lang='lat' dir='ltr'>propemodurn</span> <span class='ocrx_word' id='word_1_517' title='bbox 929 2920 1066 2961; x_wconf 75' lang='lat' dir='ltr'>triginta</span> <span class='ocrx_word' id='word_1_518' title='bbox 1091 2943 1103 2960; x_wconf 91' lang='lat'>,</span> 
     </span>
     <span class='ocr_line' id='line_1_64' title="bbox 97 2961 1101 3007; baseline 0.002 -12"><span class='ocrx_word' id='word_1_519' title='bbox 97 2961 225 2996; x_wconf 84' lang='lat' dir='ltr'>difficili</span> <span class='ocrx_word' id='word_1_520' title='bbox 269 2965 448 3006; x_wconf 89' lang='lat' dir='ltr'>corripitur</span> <span class='ocrx_word' id='word_1_521' title='bbox 478 2965 690 3007; x_wconf 81' lang='lat' dir='ltr'>respiratione</span> <span class='ocrx_word' id='word_1_522' title='bbox 712 2988 726 3005; x_wconf 85' lang='lat'><em>‚</em></span> <span class='ocrx_word' id='word_1_523' title='bbox 757 2965 901 2998; x_wconf 90' lang='lat' dir='ltr'>multum</span> <span class='ocrx_word' id='word_1_524' title='bbox 937 2962 1065 3005; x_wconf 82' lang='lat' dir='ltr'>exspuit</span> <span class='ocrx_word' id='word_1_525' title='bbox 1092 2977 1101 2997; x_wconf 89' lang='lat'>:</span> 
     </span>
     <span class='ocr_line' id='line_1_65' title="bbox 98 3006 1102 3052; baseline 0 -13"><span class='ocrx_word' id='word_1_526' title='bbox 98 3007 266 3048; x_wconf 89' lang='lat' dir='ltr'>principio</span> <span class='ocrx_word' id='word_1_527' title='bbox 289 3006 328 3040; x_wconf 92' lang='lat' dir='ltr'>de</span> <span class='ocrx_word' id='word_1_528' title='bbox 350 3007 461 3041; x_wconf 90' lang='lat' dir='ltr'>d&#39;olore</span> <span class='ocrx_word' id='word_1_529' title='bbox 483 3009 630 3052; x_wconf 89' lang='lat' dir='ltr'>queritur</span> <span class='ocrx_word' id='word_1_530' title='bbox 653 3007 687 3040; x_wconf 87' lang='lat' dir='ltr'>in</span> <span class='ocrx_word' id='word_1_531' title='bbox 713 3007 841 3042; x_wconf 83' lang='lat' dir='ltr'>dextera</span> <span class='ocrx_word' id='word_1_532' title='bbox 865 3006 1012 3041; x_wconf 81' lang='lat' dir='ltr'>thoracis·</span> <span class='ocrx_word' id='word_1_533' title='bbox 1031 3018 1102 3050; x_wconf 86' lang='lat' dir='ltr'>par-</span> 
     </span>
     <span class='ocr_line' id='line_1_66' title="bbox 95 3049 1102 3088; baseline 0.002 -6"><span class='ocrx_word' id='word_1_534' title='bbox 95 3060 128 3083; x_wconf 89' lang='lat' dir='ltr'>te</span> <span class='ocrx_word' id='word_1_535' title='bbox 152 3072 161 3088; x_wconf 90' lang='lat'>‚</span> <span class='ocrx_word' id='word_1_536' title='bbox 192 3049 307 3083; x_wconf 87' lang='lat' dir='ltr'>deinde</span> <span class='ocrx_word' id='word_1_537' title='bbox 330 3051 363 3083; x_wconf 88' lang='lat' dir='ltr'>in</span> <span class='ocrx_word' id='word_1_538' title='bbox 386 3050 503 3085; x_wconf 84' lang='lat' dir='ltr'>sinistra</span> <span class='ocrx_word' id='word_1_539' title='bbox 518 3076 530 3083; x_wconf 72' lang='lat'>..</span> <span class='ocrx_word' id='word_1_540' title='bbox 551 3053 617 3086; x_wconf 90' lang='lat' dir='ltr'>Die</span> <span class='ocrx_word' id='word_1_541' title='bbox 640 3050 768 3086; x_wconf 87' lang='lat' dir='ltr'>decimo</span> <span class='ocrx_word' id='word_1_542' title='bbox 789 3051 862 3085; x_wconf 89' lang='lat' dir='ltr'>obit</span> <span class='ocrx_word' id='word_1_543' title='bbox 890 3076 898 3083; x_wconf 93' lang='lat'>.</span> <span class='ocrx_word' id='word_1_544' title='bbox 1045 3051 1102 3084; x_wconf 86' lang='lat' dir='ltr'>IN</span> 
     </span>
     <span class='ocr_line' id='line_1_67' title="bbox 89 3093 1103 3138; baseline -0.002 -9"><span class='ocrx_word' id='word_1_545' title='bbox 89 3094 345 3129; x_wconf 23' lang='lat' dir='ltr'>*THORACIS</span> <span class='ocrx_word' id='word_1_546' title='bbox 369 3104 505 3138; x_wconf 87' lang='lat' dir='ltr'>utroque</span> <span class='ocrx_word' id='word_1_547' title='bbox 537 3106 618 3129; x_wconf 91' lang='lat' dir='ltr'>cavo</span> <span class='ocrx_word' id='word_1_548' title='bbox 661 3103 727 3129; x_wconf 84' lang='lat' dir='ltr'>erat</span> <span class='ocrx_word' id='word_1_549' title='bbox 772 3094 875 3129; x_wconf 88' lang='lat' dir='ltr'>serum</span> <span class='ocrx_word' id='word_1_550' title='bbox 896 3118 910 3137; x_wconf 86' lang='lat'><em>,</em></span> <span class='ocrx_word' id='word_1_551' title='bbox 941 3093 993 3128; x_wconf 79' lang='lat' dir='ltr'>sed</span> <span class='ocrx_word' id='word_1_552' title='bbox 1038 3105 1103 3127; x_wconf 85' lang='lat' dir='ltr'>non</span> 
     </span>
     <span class='ocr_line' id='line_1_68' title="bbox 95 3136 1103 3182; baseline 0.001 -12"><span class='ocrx_word' id='word_1_553' title='bbox 95 3137 236 3171; x_wconf 87' lang='lat' dir='ltr'>multum</span> <span class='ocrx_word' id='word_1_554' title='bbox 271 3149 279 3170; x_wconf 93' lang='grc'>.·</span> <span class='ocrx_word' id='word_1_555' title='bbox 325 3136 416 3180; x_wconf 82' lang='lat' dir='ltr'>cujus</span> <span class='ocrx_word' id='word_1_556' title='bbox 460 3140 570 3181; x_wconf 80' lang='lat' dir='ltr'>portio</span> <span class='ocrx_word' id='word_1_557' title='bbox 613 3137 754 3182; x_wconf 86' lang='lat' dir='ltr'>undique</span> <span class='ocrx_word' id='word_1_558' title='bbox 799 3138 889 3181; x_wconf 86' lang='lat' dir='ltr'>super</span> <span class='ocrx_word' id='word_1_559' title='bbox 933 3139 1103 3182; x_wconf 87' lang='lat' dir='ltr'>pulmones</span> 
     </span>
     <span class='ocr_line' id='line_1_69' title="bbox 95 3181 1104 3225; baseline 0.003 -13"><span class='ocrx_word' id='word_1_560' title='bbox 95 3189 297 3213; x_wconf 79' lang='lat' dir='ltr'>concreverat</span> <span class='ocrx_word' id='word_1_561' title='bbox 329 3202 343 3220; x_wconf 86' lang='lat'><em>‚</em></span> <span class='ocrx_word' id='word_1_562' title='bbox 383 3181 500 3215; x_wconf 67' lang='lat' dir='ltr'>tunicae</span> <span class='ocrx_word' id='word_1_563' title='bbox 546 3182 641 3215; x_wconf 82' lang='lat' dir='ltr'>instar</span> <span class='ocrx_word' id='word_1_564' title='bbox 698 3182 898 3225; x_wconf 86' lang='lat' dir='ltr'>pallescentis</span> <span class='ocrx_word' id='word_1_565' title='bbox 930 3205 940 3215; x_wconf 84' lang='lat'>.</span> <span class='ocrx_word' id='word_1_566' title='bbox 988 3182 1104 3216; x_wconf 83' lang='lat' dir='ltr'>Pulmo</span> 
     </span>
     <span class='ocr_line' id='line_1_70' title="bbox 96 3224 1103 3269; baseline 0.001 -12"><span class='ocrx_word' id='word_1_567' title='bbox 96 3232 202 3258; x_wconf 87' lang='lat' dir='ltr'>autem</span> <span class='ocrx_word' id='word_1_568' title='bbox 236 3224 345 3258; x_wconf 81' lang='lat' dir='ltr'>dexter</span> <span class='ocrx_word' id='word_1_569' title='bbox 380 3235 415 3257; x_wconf 85' lang='lat' dir='ltr'>ea</span> <span class='ocrx_word' id='word_1_570' title='bbox 449 3233 535 3266; x_wconf 85' lang='lat' dir='ltr'>parte</span> <span class='ocrx_word' id='word_1_571' title='bbox 558 3237 620 3268; x_wconf 89' lang='lat' dir='ltr'>qua</span> <span class='ocrx_word' id='word_1_572' title='bbox 644 3225 804 3269; x_wconf 60' lang='lat' dir='ltr'>speeiabat</span> <span class='ocrx_word' id='word_1_573' title='bbox 837 3224 969 3259; x_wconf 87' lang='lat' dir='ltr'>dorsum</span> <span class='ocrx_word' id='word_1_574' title='bbox 991 3249 1004 3266; x_wconf 90' lang='lat'><em>,</em></span> <span class='ocrx_word' id='word_1_575' title='bbox 1036 3225 1103 3258; x_wconf 82' lang='lat' dir='ltr'>val-</span> 
     </span>
     <span class='ocr_line' id='line_1_71' title="bbox 95 3267 1102 3312; baseline 0.003 -12"><span class='ocrx_word' id='word_1_576' title='bbox 95 3267 134 3300; x_wconf 91' lang='lat' dir='ltr'>de</span> <span class='ocrx_word' id='word_1_577' title='bbox 179 3267 310 3301; x_wconf 87' lang='lat' dir='ltr'>rubebat</span> <span class='ocrx_word' id='word_1_578' title='bbox 332 3280 343 3300; x_wconf 87' lang='lat'>.-</span> <span class='ocrx_word' id='word_1_579' title='bbox 388 3267 572 3302; x_wconf 81' lang='lat' dir='ltr'>induruerat</span> <span class='ocrx_word' id='word_1_580' title='bbox 603 3281 766 3312; x_wconf 83' lang='lat' dir='ltr'>quoque;</span> <span class='ocrx_word' id='word_1_581' title='bbox 807 3270 913 3304; x_wconf 83' lang='lat' dir='ltr'>minu-s</span> <span class='ocrx_word' id='word_1_582' title='bbox 956 3279 1063 3303; x_wconf 89' lang='lat' dir='ltr'>tamen</span> <span class='ocrx_word' id='word_1_583' title='bbox 1088 3294 1102 3311; x_wconf 87' lang='lat'><em>‚</em></span> 
     </span>
     <span class='ocr_line' id='line_1_72' title="bbox 97 3310 1102 3355; baseline 0.005 -12"><span class='ocrx_word' id='word_1_584' title='bbox 97 3322 195 3353; x_wconf 89' lang='lat' dir='ltr'>quam</span> <span class='ocrx_word' id='word_1_585' title='bbox 221 3312 255 3344; x_wconf 92' lang='lat' dir='ltr'>in</span> <span class='ocrx_word' id='word_1_586' title='bbox 279 3311 352 3344; x_wconf 89' lang='lat' dir='ltr'>aliis</span> <span class='ocrx_word' id='word_1_587' title='bbox 385 3310 465 3344; x_wconf 89' lang='lat' dir='ltr'>solet</span> <span class='ocrx_word' id='word_1_588' title='bbox 498 3314 805 3355; x_wconf 87' lang='lat' dir='ltr'>peripneumoniis:</span> <span class='ocrx_word' id='word_1_589' title='bbox 840 3314 924 3347; x_wconf 84' lang='lat' dir='ltr'>circa</span> <span class='ocrx_word' id='word_1_590' title='bbox 957 3313 1102 3348; x_wconf 86' lang='lat' dir='ltr'>medium</span> 
     </span>
     <span class='ocr_line' id='line_1_73' title="bbox 97 3355 1100 3400; baseline 0.005 -14"><span class='ocrx_word' id='word_1_591' title='bbox 97 3366 175 3388; x_wconf 91' lang='lat' dir='ltr'>vero</span> <span class='ocrx_word' id='word_1_592' title='bbox 197 3356 291 3397; x_wconf 82' lang='lat' dir='ltr'>gigni</span> <span class='ocrx_word' id='word_1_593' title='bbox 314 3355 404 3389; x_wconf 84' lang='lat' dir='ltr'>intus</span> <span class='ocrx_word' id='word_1_594' title='bbox 435 3365 574 3397; x_wconf 80' lang='lat' dir='ltr'>coeperat</span> <span class='ocrx_word' id='word_1_595' title='bbox 607 3358 740 3390; x_wconf 85' lang='lat' dir='ltr'>materia</span> <span class='ocrx_word' id='word_1_596' title='bbox 774 3357 945 3400; x_wconf 81' lang='lat' dir='ltr'>purulenta</span> <span class='ocrx_word' id='word_1_597' title='bbox 970 3383 978 3390; x_wconf 93' lang='lat'>.</span> <span class='ocrx_word' id='word_1_598' title='bbox 1016 3358 1100 3391; x_wconf 88' lang='lat' dir='ltr'>Sini-</span> 
     </span>
     <span class='ocr_line' id='line_1_74' title="bbox 97 3397 1100 3441; baseline 0.002 -10"><span class='ocrx_word' id='word_1_599' title='bbox 97 3397 157 3431; x_wconf 87' lang='lat' dir='ltr'>ster</span> <span class='ocrx_word' id='word_1_600' title='bbox 181 3400 293 3441; x_wconf 90' lang='lat' dir='ltr'>pulmo</span> <span class='ocrx_word' id='word_1_601' title='bbox 324 3410 340 3431; x_wconf 89' lang='lat' dir='ltr'>a</span> <span class='ocrx_word' id='word_1_602' title='bbox 365 3407 459 3441; x_wconf 87' lang='lat' dir='ltr'>tergo</span> <span class='ocrx_word' id='word_1_603' title='bbox 490 3400 610 3440; x_wconf 87' lang='lat' dir='ltr'>pariter</span> <span class='ocrx_word' id='word_1_604' title='bbox 644 3401 709 3433; x_wconf 86' lang='lat' dir='ltr'>leve</span> <span class='ocrx_word' id='word_1_605' title='bbox 740 3401 1007 3435; x_wconf 85' lang='lat' dir='ltr'>inflammationis</span> <span class='ocrx_word' id='word_1_606' title='bbox 1036 3403 1100 3434; x_wconf 86' lang='lat' dir='ltr'>ini-</span> 
     </span>
     <span class='ocr_line' id='line_1_75' title="bbox 97 3441 1100 3488; baseline 0.004 -14"><span class='ocrx_word' id='word_1_607' title='bbox 97 3443 183 3475; x_wconf 91' lang='lat' dir='ltr'>tium</span> <span class='ocrx_word' id='word_1_608' title='bbox 228 3441 368 3476; x_wconf 89' lang='lat' dir='ltr'>ostendit</span> <span class='ocrx_word' id='word_1_609' title='bbox 392 3468 401 3476; x_wconf 95' lang='lat'>.</span> <span class='ocrx_word' id='word_1_610' title='bbox 447 3442 665 3478; x_wconf 86' lang='lat' dir='ltr'>Pericardium</span> <span class='ocrx_word' id='word_1_611' title='bbox 706 3456 798 3488; x_wconf 85' lang='lat' dir='ltr'>aequo</span> <span class='ocrx_word' id='word_1_612' title='bbox 843 3454 908 3478; x_wconf 88' lang='lat' dir='ltr'>erat</span> <span class='ocrx_word' id='word_1_613' title='bbox 944 3444 1067 3479; x_wconf 76' lang='lat' dir='ltr'>crassius</span> <span class='ocrx_word' id='word_1_614' title='bbox 1089 3468 1100 3484; x_wconf 85' lang='lat'>‚</span> 
     </span>
     <span class='ocr_line' id='line_1_76' title="bbox 97 3485 1102 3533; baseline 0.006 -15"><span class='ocrx_word' id='word_1_615' title='bbox 97 3487 129 3518; x_wconf 74' lang='grc' dir='ltr'>δε</span> <span class='ocrx_word' id='word_1_616' title='bbox 155 3485 335 3520; x_wconf 88' lang='lat' dir='ltr'>flavescente</span> <span class='ocrx_word' id='word_1_617' title='bbox 358 3485 428 3519; x_wconf 67' lang='lat' dir='ltr'>seror</span> <span class='ocrx_word' id='word_1_618' title='bbox 460 3485 608 3528; x_wconf 85' lang='lat' dir='ltr'>turgebat</span> <span class='ocrx_word' id='word_1_619' title='bbox 635 3502 643 3521; x_wconf 70' lang='grc' dir='ltr'>ς</span> <span class='ocrx_word' id='word_1_620' title='bbox 675 3499 713 3522; x_wconf 84' lang='lat' dir='ltr'>ex</span> <span class='ocrx_word' id='word_1_621' title='bbox 749 3486 907 3533; x_wconf 78' lang='lat' dir='ltr'>hujusque</span> <span class='ocrx_word' id='word_1_622' title='bbox 941 3489 998 3523; x_wconf 90' lang='lat' dir='ltr'>seri</span> <span class='ocrx_word' id='word_1_623' title='bbox 1021 3501 1102 3523; x_wconf 89' lang='lat' dir='ltr'>con-</span> 
     </span>
     <span class='ocr_line' id='line_1_77' title="bbox 97 3528 1102 3577; baseline 0.005 -15"><span class='ocrx_word' id='word_1_624' title='bbox 97 3537 182 3562; x_wconf 89' lang='lat' dir='ltr'>creta</span> <span class='ocrx_word' id='word_1_625' title='bbox 207 3530 358 3573; x_wconf 84' lang='lat' dir='ltr'>portione</span> <span class='ocrx_word' id='word_1_626' title='bbox 379 3528 466 3573; x_wconf 87' lang='lat' dir='ltr'>quasi</span> <span class='ocrx_word' id='word_1_627' title='bbox 490 3531 656 3565; x_wconf 77' lang='lat' dir='ltr'>reticulate</span> <span class='ocrx_word' id='word_1_628' title='bbox 687 3531 850 3575; x_wconf 84' lang='lat' dir='ltr'>quoddam</span> <span class='ocrx_word' id='word_1_629' title='bbox 878 3544 996 3577; x_wconf 85' lang='lat' dir='ltr'>corpus</span> <span class='ocrx_word' id='word_1_630' title='bbox 1028 3531 1102 3567; x_wconf 85' lang='lat' dir='ltr'>effe-</span> 
     </span>
    </p>
   </div>
   <div class='ocr_carea' id='block_1_7' title="bbox 1991 206 2080 256">
    <p class='ocr_par' dir='ltr' id='par_1_8' title="bbox 1991 206 2080 256">
     <span class='ocr_line' id='line_1_78' title="bbox 1991 206 2080 256; baseline -0.034 0"><span class='ocrx_word' id='word_1_631' title='bbox 1991 206 2080 256; x_wconf 76' lang='lat'>¹95</span> 
     </span>
    </p>
   </div>
   <div class='ocr_carea' id='block_1_8' title="bbox 1149 266 2177 2005">
    <p class='ocr_par' dir='ltr' id='par_1_9' title="bbox 1149 266 2158 433">
     <span class='ocr_line' id='line_1_79' title="bbox 1150 266 2156 310; baseline -0.002 -8"><span class='ocrx_word' id='word_1_632' title='bbox 1150 269 1240 302; x_wconf 69' lang='lat' dir='ltr'>&amp;um</span> <span class='ocrx_word' id='word_1_633' title='bbox 1262 278 1330 301; x_wconf 88' lang='lat' dir='ltr'>erat</span> <span class='ocrx_word' id='word_1_634' title='bbox 1353 278 1423 303; x_wconf 89' lang='lat' dir='ltr'>turn</span> <span class='ocrx_word' id='word_1_635' title='bbox 1447 280 1502 310; x_wconf 85' lang='lat' dir='ltr'>per</span> <span class='ocrx_word' id='word_1_636' title='bbox 1524 268 1679 302; x_wconf 84' lang='lat' dir='ltr'>extimam</span> <span class='ocrx_word' id='word_1_637' title='bbox 1711 266 1818 303; x_wconf 81' lang='lat' dir='ltr'>cordis</span> <span class='ocrx_word' id='word_1_638' title='bbox 1842 291 1854 307; x_wconf 88' lang='lat'><strong><em>,</em></strong></span> <span class='ocrx_word' id='word_1_639' title='bbox 1887 275 1958 300; x_wconf 88' lang='lat' dir='ltr'>tum</span> <span class='ocrx_word' id='word_1_640' title='bbox 1992 277 2047 308; x_wconf 85' lang='lat' dir='ltr'>per</span> <span class='ocrx_word' id='word_1_641' title='bbox 2078 267 2156 300; x_wconf 86' lang='lat' dir='ltr'>inti-</span> 
     </span>
     <span class='ocr_line' id='line_1_80' title="bbox 1149 308 2156 354; baseline -0.002 -9"><span class='ocrx_word' id='word_1_642' title='bbox 1149 323 1236 345; x_wconf 84' lang='lat' dir='ltr'>mam</span> <span class='ocrx_word' id='word_1_643' title='bbox 1260 311 1580 353; x_wconf 84' lang='lat' dir='ltr'>pericardiifaciem:</span> <span class='ocrx_word' id='word_1_644' title='bbox 1607 323 1667 354; x_wconf 89' lang='lat' dir='ltr'>qua</span> <span class='ocrx_word' id='word_1_645' title='bbox 1693 308 1811 351; x_wconf 81' lang='lat' dir='ltr'>pressa,</span> <span class='ocrx_word' id='word_1_646' title='bbox 1836 310 1892 343; x_wconf 89' lang='lat' dir='ltr'>seri</span> <span class='ocrx_word' id='word_1_647' title='bbox 1906 310 2041 352; x_wconf 84' lang='lat' dir='ltr'>guttulae</span> <span class='ocrx_word' id='word_1_648' title='bbox 2052 320 2156 343; x_wconf 88' lang='lat' dir='ltr'>erum-</span> 
     </span>
     <span class='ocr_line' id='line_1_81' title="bbox 1149 352 2158 398; baseline -0.003 -11"><span class='ocrx_word' id='word_1_649' title='bbox 1149 354 1285 398; x_wconf 85' lang='lat' dir='ltr'>pebant.</span> <span class='ocrx_word' id='word_1_650' title='bbox 1310 354 1430 389; x_wconf 84' lang='lat' dir='ltr'>Cordis</span> <span class='ocrx_word' id='word_1_651' title='bbox 1454 355 1648 389; x_wconf 80' lang='lat' dir='ltr'>ventriculus</span> <span class='ocrx_word' id='word_1_652' title='bbox 1673 352 1783 387; x_wconf 83' lang='lat' dir='ltr'>dexter</span> <span class='ocrx_word' id='word_1_653' title='bbox 1805 353 1990 386; x_wconf 88' lang='lat' dir='ltr'>continebat</span> <span class='ocrx_word' id='word_1_654' title='bbox 2018 353 2158 395; x_wconf 78' lang='lat' dir='ltr'>polypo-</span> 
     </span>
     <span class='ocr_line' id='line_1_82' title="bbox 1150 399 1501 433; baseline -0.009 -1"><span class='ocrx_word' id='word_1_655' title='bbox 1150 399 1215 433; x_wconf 79' lang='lat' dir='ltr'>s&#39;am</span> <span class='ocrx_word' id='word_1_656' title='bbox 1238 399 1477 431; x_wconf 84' lang='lat' dir='ltr'>concretionem</span> <span class='ocrx_word' id='word_1_657' title='bbox 1495 423 1501 429; x_wconf 94' lang='lat'>.</span> 
     </span>
    </p>

    <p class='ocr_par' dir='ltr' id='par_1_10' title="bbox 1151 437 2177 2005">
     <span class='ocr_line' id='line_1_83' title="bbox 1198 437 2159 482; baseline -0.002 -9"><span class='ocrx_word' id='word_1_658' title='bbox 1198 452 1249 474; x_wconf 82' lang='lat'>21.</span> <span class='ocrx_word' id='word_1_659' title='bbox 1274 441 1419 475; x_wconf 85' lang='lat' dir='ltr'>Historia</span> <span class='ocrx_word' id='word_1_660' title='bbox 1443 441 1511 475; x_wconf 65' lang='lat' dir='ltr'>haec</span> <span class='ocrx_word' id='word_1_661' title='bbox 1535 441 1589 475; x_wconf 91' lang='lat' dir='ltr'>ubi</span> <span class='ocrx_word' id='word_1_662' title='bbox 1621 440 1789 475; x_wconf 86' lang='lat' dir='ltr'>dexterum</span> <span class='ocrx_word' id='word_1_663' title='bbox 1824 439 2008 482; x_wconf 81' lang='lat' dir='ltr'>pulmonem</span> <span class='ocrx_word' id='word_1_664' title='bbox 2041 437 2159 472; x_wconf 89' lang='lat' dir='ltr'>descri-</span> 
     </span>
     <span class='ocr_line' id='line_1_84' title="bbox 1155 481 2154 528; baseline -0.004 -9"><span class='ocrx_word' id='word_1_665' title='bbox 1155 486 1205 519; x_wconf 92' lang='lat' dir='ltr'>bit</span> <span class='ocrx_word' id='word_1_666' title='bbox 1228 508 1240 524; x_wconf 90' lang='lat'><em>‚</em></span> <span class='ocrx_word' id='word_1_667' title='bbox 1271 483 1468 518; x_wconf 80' lang='lat' dir='ltr'>occasionem</span> <span class='ocrx_word' id='word_1_668' title='bbox 1492 484 1574 520; x_wconf 87' lang='lat' dir='ltr'>mihi</span> <span class='ocrx_word' id='word_1_669' title='bbox 1611 484 1731 528; x_wconf 86' lang='lat' dir='ltr'>praebet</span> <span class='ocrx_word' id='word_1_670' title='bbox 1765 484 1896 516; x_wconf 81' lang='lat' dir='ltr'>alteram</span> <span class='ocrx_word' id='word_1_671' title='bbox 1929 481 2117 525; x_wconf 82' lang='lat' dir='ltr'>subjiciendi</span> <span class='ocrx_word' id='word_1_672' title='bbox 2146 494 2154 515; x_wconf 88' lang='lat'>:</span> 
     </span>
     <span class='ocr_line' id='line_1_85' title="bbox 1156 525 2159 570; baseline -0.004 -7"><span class='ocrx_word' id='word_1_673' title='bbox 1156 528 1212 563; x_wconf 90' lang='lat' dir='ltr'>ubi</span> <span class='ocrx_word' id='word_1_674' title='bbox 1235 538 1310 560; x_wconf 89' lang='lat' dir='ltr'>vero</span> <span class='ocrx_word' id='word_1_675' title='bbox 1332 527 1434 562; x_wconf 89' lang='lat' dir='ltr'>serum</span> <span class='ocrx_word' id='word_1_676' title='bbox 1459 529 1492 561; x_wconf 91' lang='lat' dir='ltr'>in</span> <span class='ocrx_word' id='word_1_677' title='bbox 1514 527 1667 568; x_wconf 85' lang='lat' dir='ltr'>thorace,</span> <span class='ocrx_word' id='word_1_678' title='bbox 1691 530 1723 560; x_wconf 89' lang='lat'><strong>&amp;</strong></span> <span class='ocrx_word' id='word_1_679' title='bbox 1747 525 1928 570; x_wconf 88' lang='lat' dir='ltr'>pericardio</span> <span class='ocrx_word' id='word_1_680' title='bbox 1952 549 1963 565; x_wconf 92' lang='lat'><em>,</em></span> <span class='ocrx_word' id='word_1_681' title='bbox 1987 526 2062 558; x_wconf 87' lang='lat' dir='ltr'>alias</span> <span class='ocrx_word' id='word_1_682' title='bbox 2087 525 2159 566; x_wconf 88' lang='lat' dir='ltr'>plu-</span> 
     </span>
     <span class='ocr_line' id='line_1_86' title="bbox 1158 567 2159 614; baseline -0.003 -10"><span class='ocrx_word' id='word_1_683' title='bbox 1158 583 1223 605; x_wconf 78' lang='lat' dir='ltr'>res.</span> <span class='ocrx_word' id='word_1_684' title='bbox 1331 573 1382 604; x_wconf 86' lang='lat' dir='ltr'>Ut</span> <span class='ocrx_word' id='word_1_685' title='bbox 1409 584 1425 604; x_wconf 90' lang='lat' dir='ltr'>a</span> <span class='ocrx_word' id='word_1_686' title='bbox 1449 573 1556 614; x_wconf 87' lang='lat' dir='ltr'>primo</span> <span class='ocrx_word' id='word_1_687' title='bbox 1579 571 1753 613; x_wconf 65' lang='lat' dir='ltr'>incipiam</span> <span class='ocrx_word' id='word_1_688' title='bbox 1777 569 1869 603; x_wconf 84' lang='lat' dir='ltr'>verba</span> <span class='ocrx_word' id='word_1_689' title='bbox 1891 570 1946 601; x_wconf 91' lang='lat' dir='ltr'>illa</span> <span class='ocrx_word' id='word_1_690' title='bbox 1971 567 2159 602; x_wconf 85' lang='lat' dir='ltr'>attendenda</span> 
     </span>
     <span class='ocr_line' id='line_1_87' title="bbox 1158 613 2161 657; baseline -0.005 -9"><span class='ocrx_word' id='word_1_691' title='bbox 1158 616 1254 653; x_wconf 83' lang='lat' dir='ltr'>sunt,</span> <span class='ocrx_word' id='word_1_692' title='bbox 1277 615 1464 657; x_wconf 84' lang='lat' dir='ltr'>pulmonem</span> <span class='ocrx_word' id='word_1_693' title='bbox 1487 613 1661 649; x_wconf 81' lang='lat' dir='ltr'>induruisse</span> <span class='ocrx_word' id='word_1_694' title='bbox 1683 613 1815 657; x_wconf 86' lang='lat' dir='ltr'>quidem</span> <span class='ocrx_word' id='word_1_695' title='bbox 1839 626 1849 651; x_wconf 70' lang='grc' dir='ltr'>ς</span> <span class='ocrx_word' id='word_1_696' title='bbox 1884 613 1988 645; x_wconf 83' lang='lat' dir='ltr'>minus</span> <span class='ocrx_word' id='word_1_697' title='bbox 2019 621 2125 644; x_wconf 85' lang='lat' dir='ltr'>tamen</span> <span class='ocrx_word' id='word_1_698' title='bbox 2147 634 2161 651; x_wconf 93' lang='lat'>‚</span> 
     </span>
     <span class='ocr_line' id='line_1_88' title="bbox 1156 656 2160 701; baseline -0.003 -11"><span class='ocrx_word' id='word_1_699' title='bbox 1156 667 1252 701; x_wconf 86' lang='lat' dir='ltr'>quam</span> <span class='ocrx_word' id='word_1_700' title='bbox 1275 659 1310 690; x_wconf 88' lang='lat' dir='ltr'>in</span> <span class='ocrx_word' id='word_1_701' title='bbox 1332 659 1404 693; x_wconf 88' lang='lat' dir='ltr'>aliis</span> <span class='ocrx_word' id='word_1_702' title='bbox 1427 658 1507 692; x_wconf 88' lang='lat' dir='ltr'>solet</span> <span class='ocrx_word' id='word_1_703' title='bbox 1540 657 1813 701; x_wconf 83' lang='lat' dir='ltr'>peripneumoniis</span> <span class='ocrx_word' id='word_1_704' title='bbox 1836 681 1843 690; x_wconf 87' lang='lat'>.</span> <span class='ocrx_word' id='word_1_705' title='bbox 1878 656 2022 698; x_wconf 85' lang='lat' dir='ltr'>Plerique</span> <span class='ocrx_word' id='word_1_706' title='bbox 2055 664 2160 688; x_wconf 84' lang='lat' dir='ltr'>autem</span> 
     </span>
     <span class='ocr_line' id='line_1_89' title="bbox 1154 698 2161 745; baseline -0.004 -11"><span class='ocrx_word' id='word_1_707' title='bbox 1154 702 1280 735; x_wconf 87' lang='lat' dir='ltr'>credere</span> <span class='ocrx_word' id='word_1_708' title='bbox 1302 701 1477 744; x_wconf 86' lang='lat' dir='ltr'>videntur,</span> <span class='ocrx_word' id='word_1_709' title='bbox 1499 702 1662 745; x_wconf 87' lang='lat' dir='ltr'>pulmonis</span> <span class='ocrx_word' id='word_1_710' title='bbox 1686 700 1973 734; x_wconf 78' lang='lat' dir='ltr'>inflammationem</span> <span class='ocrx_word' id='word_1_711' title='bbox 1996 700 2029 731; x_wconf 90' lang='lat' dir='ltr'>in</span> <span class='ocrx_word' id='word_1_712' title='bbox 2062 698 2161 731; x_wconf 85' lang='lat' dir='ltr'>rubo-</span> 
     </span>
     <span class='ocr_line' id='line_1_90' title="bbox 1153 740 2161 788; baseline -0.004 -11"><span class='ocrx_word' id='word_1_713' title='bbox 1153 756 1185 777; x_wconf 83' lang='lat' dir='ltr'>re</span> <span class='ocrx_word' id='word_1_714' title='bbox 1208 743 1311 778; x_wconf 88' lang='lat' dir='ltr'>ferme</span> <span class='ocrx_word' id='word_1_715' title='bbox 1332 745 1519 780; x_wconf 87' lang='lat' dir='ltr'>consistere:</span> <span class='ocrx_word' id='word_1_716' title='bbox 1545 743 1634 788; x_wconf 89' lang='lat' dir='ltr'>quod</span> <span class='ocrx_word' id='word_1_717' title='bbox 1659 744 1832 787; x_wconf 86' lang='lat' dir='ltr'>aliquando</span> <span class='ocrx_word' id='word_1_718' title='bbox 1856 743 1922 776; x_wconf 82' lang='lat' dir='ltr'>sieri</span> <span class='ocrx_word' id='word_1_719' title='bbox 1949 740 2031 784; x_wconf 85' lang='lat' dir='ltr'>posse</span> <span class='ocrx_word' id='word_1_720' title='bbox 2051 765 2063 782; x_wconf 88' lang='lat'>,</span> <span class='ocrx_word' id='word_1_721' title='bbox 2095 751 2161 774; x_wconf 90' lang='lat' dir='ltr'>non</span> 
     </span>
     <span class='ocr_line' id='line_1_91' title="bbox 1154 785 2163 831; baseline -0.005 -10"><span class='ocrx_word' id='word_1_722' title='bbox 1154 788 1196 821; x_wconf 84' lang='lat' dir='ltr'>est</span> <span class='ocrx_word' id='word_1_723' title='bbox 1219 787 1416 830; x_wconf 84' lang='lat' dir='ltr'>negandum,</span> <span class='ocrx_word' id='word_1_724' title='bbox 1441 798 1478 824; x_wconf 90' lang='lat' dir='ltr'>ut</span> <span class='ocrx_word' id='word_1_725' title='bbox 1501 787 1655 831; x_wconf 80' lang='lat' dir='ltr'>siquando</span> <span class='ocrx_word' id='word_1_726' title='bbox 1677 787 1714 822; x_wconf 92' lang='lat' dir='ltr'>de</span> <span class='ocrx_word' id='word_1_727' title='bbox 1737 798 1848 830; x_wconf 83' lang='lat' dir='ltr'>genere</span> <span class='ocrx_word' id='word_1_728' title='bbox 1870 785 1912 819; x_wconf 87' lang='lat' dir='ltr'>est</span> <span class='ocrx_word' id='word_1_729' title='bbox 1935 785 2076 827; x_wconf 88' lang='lat' dir='ltr'>legitimi</span> <span class='ocrx_word' id='word_1_730' title='bbox 2089 795 2163 826; x_wconf 82' lang='lat' dir='ltr'>ery-</span> 
     </span>
     <span class='ocr_line' id='line_1_92' title="bbox 1156 827 2162 875; baseline -0.004 -11"><span class='ocrx_word' id='word_1_731' title='bbox 1156 831 1314 875; x_wconf 82' lang='lat' dir='ltr'>sipelatis.</span> <span class='ocrx_word' id='word_1_732' title='bbox 1449 834 1575 867; x_wconf 88' lang='lat' dir='ltr'>Verum</span> <span class='ocrx_word' id='word_1_733' title='bbox 1598 833 1631 865; x_wconf 89' lang='lat' dir='ltr'>in</span> <span class='ocrx_word' id='word_1_734' title='bbox 1664 830 1819 874; x_wconf 84' lang='lat' dir='ltr'>plerisque</span> <span class='ocrx_word' id='word_1_735' title='bbox 1851 827 2162 864; x_wconf 86' lang='lat' dir='ltr'>inflammationibus</span> 
     </span>
     <span class='ocr_line' id='line_1_93' title="bbox 1158 870 2163 920; baseline -0.003 -13"><span class='ocrx_word' id='word_1_736' title='bbox 1158 874 1271 909; x_wconf 89' lang='lat' dir='ltr'>densus</span> <span class='ocrx_word' id='word_1_737' title='bbox 1294 875 1454 920; x_wconf 91' lang='lat' dir='ltr'>durusque</span> <span class='ocrx_word' id='word_1_738' title='bbox 1478 875 1515 909; x_wconf 84' lang='lat' dir='ltr'>sit</span> <span class='ocrx_word' id='word_1_739' title='bbox 1539 876 1670 917; x_wconf 87' lang='lat' dir='ltr'>pulmo.</span> <span class='ocrx_word' id='word_1_740' title='bbox 1695 875 1798 918; x_wconf 84' lang='lat' dir='ltr'>Qod</span> <span class='ocrx_word' id='word_1_741' title='bbox 1821 875 1904 907; x_wconf 89' lang='lat' dir='ltr'>inter</span> <span class='ocrx_word' id='word_1_742' title='bbox 1926 882 2058 906; x_wconf 79' lang='lat' dir='ltr'>caeteros</span> <span class='ocrx_word' id='word_1_743' title='bbox 2092 870 2163 913; x_wconf 88' lang='lat' dir='ltr'>post</span> 
     </span>
     <span class='ocr_line' id='line_1_94' title="bbox 1158 915 2163 962; baseline -0.003 -12"><span class='ocrx_word' id='word_1_744' title='bbox 1158 919 1354 957; x_wconf 88' lang='lat' dir='ltr'>Coiterum,</span> <span class='ocrx_word' id='word_1_745' title='bbox 1377 919 1470 962; x_wconf 83' lang='lat' dir='ltr'>cujus</span> <span class='ocrx_word' id='word_1_746' title='bbox 1494 919 1586 952; x_wconf 86' lang='lat' dir='ltr'>verba</span> <span class='ocrx_word' id='word_1_747' title='bbox 1612 919 1688 952; x_wconf 81' lang='lat' dir='ltr'>alias</span> <span class='ocrx_word' id='word_1_748' title='bbox 1721 923 1734 958; x_wconf 86' lang='lat'>(</span> <span class='ocrx_word' id='word_1_749' title='bbox 1754 918 1809 961; x_wconf 78' lang='lat' dir='ltr'>g)</span> <span class='ocrx_word' id='word_1_750' title='bbox 1844 915 2004 958; x_wconf 82' lang='lat' dir='ltr'>proferam</span> <span class='ocrx_word' id='word_1_751' title='bbox 2029 940 2041 956; x_wconf 88' lang='lat'>,</span> <span class='ocrx_word' id='word_1_752' title='bbox 2072 915 2163 948; x_wconf 88' lang='lat' dir='ltr'>Gua-</span> 
     </span>
     <span class='ocr_line' id='line_1_95' title="bbox 1160 960 2164 1005; baseline -0.004 -10"><span class='ocrx_word' id='word_1_753' title='bbox 1160 963 1308 996; x_wconf 88' lang='lat' dir='ltr'>rinonius</span> <span class='ocrx_word' id='word_1_754' title='bbox 1330 963 1413 996; x_wconf 88' lang='lat' dir='ltr'>olim</span> <span class='ocrx_word' id='word_1_755' title='bbox 1435 987 1448 1003; x_wconf 83' lang='lat'>‚</span> <span class='ocrx_word' id='word_1_756' title='bbox 1480 973 1517 997; x_wconf 91' lang='lat' dir='ltr'>ut</span> <span class='ocrx_word' id='word_1_757' title='bbox 1540 961 1634 996; x_wconf 85' lang='lat' dir='ltr'>habes</span> <span class='ocrx_word' id='word_1_758' title='bbox 1666 964 1700 996; x_wconf 90' lang='lat' dir='ltr'>in</span> <span class='ocrx_word' id='word_1_759' title='bbox 1725 960 1934 1005; x_wconf 79' lang='lat' dir='ltr'>Sepulclireto</span> <span class='ocrx_word' id='word_1_760' title='bbox 1957 965 1967 1000; x_wconf 88' lang='lat'>(</span> <span class='ocrx_word' id='word_1_761' title='bbox 1992 961 2011 994; x_wconf 77' lang='lat' dir='ltr'>li</span> <span class='ocrx_word' id='word_1_762' title='bbox 2035 964 2072 1000; x_wconf 85' lang='lat'>)‚</span> <span class='ocrx_word' id='word_1_763' title='bbox 2094 960 2164 991; x_wconf 89' lang='lat' dir='ltr'>ani-</span> 
     </span>
     <span class='ocr_line' id='line_1_96' title="bbox 1160 1001 2162 1049; baseline -0.004 -10"><span class='ocrx_word' id='word_1_764' title='bbox 1160 1006 1333 1039; x_wconf 81' lang='lat' dir='ltr'>madvertit</span> <span class='ocrx_word' id='word_1_765' title='bbox 1358 1032 1364 1038; x_wconf 92' lang='lat'>.</span> <span class='ocrx_word' id='word_1_766' title='bbox 1399 1010 1481 1047; x_wconf 75' lang='lat' dir='ltr'>Raro</span> <span class='ocrx_word' id='word_1_767' title='bbox 1505 1029 1518 1047; x_wconf 86' lang='lat'>,</span> <span class='ocrx_word' id='word_1_768' title='bbox 1561 1006 1670 1049; x_wconf 83' lang='lat' dir='ltr'>inquit</span> <span class='ocrx_word' id='word_1_769' title='bbox 1694 1030 1706 1046; x_wconf 84' lang='lat'><em>‚</em></span> <span class='ocrx_word' id='word_1_770' title='bbox 1744 1006 1777 1038; x_wconf 78' lang='lat' dir='ltr'>in</span> <span class='ocrx_word' id='word_1_771' title='bbox 1800 1002 2003 1039; x_wconf 68' lang='lat' dir='ltr'>cadaveribus</span> <span class='ocrx_word' id='word_1_772' title='bbox 2034 1001 2162 1045; x_wconf 78' lang='lat' dir='ltr'>pleurisi</span> 
     </span>
     <span class='ocr_line' id='line_1_97' title="bbox 1161 1046 2160 1091; baseline -0.005 -9"><span class='ocrx_word' id='word_1_773' title='bbox 1161 1049 1370 1083; x_wconf 52' lang='lat' dir='ltr'>extinctoria-in</span> <span class='ocrx_word' id='word_1_774' title='bbox 1393 1059 1452 1082; x_wconf 90' lang='lat' dir='ltr'>non</span> <span class='ocrx_word' id='word_1_775' title='bbox 1471 1049 1636 1091; x_wconf 84' lang='lat' dir='ltr'>pulmones</span> <span class='ocrx_word' id='word_1_776' title='bbox 1660 1049 1764 1089; x_wconf 77' lang='lat' dir='ltr'>plenos</span> <span class='ocrx_word' id='word_1_777' title='bbox 1788 1050 1831 1082; x_wconf 61' lang='grc' dir='ltr'>(φ</span> <span class='ocrx_word' id='word_1_778' title='bbox 1862 1049 1954 1081; x_wconf 84' lang='lat' dir='ltr'>duros</span> <span class='ocrx_word' id='word_1_779' title='bbox 1986 1046 2128 1080; x_wconf 88' lang='lat' dir='ltr'>invenias</span> <span class='ocrx_word' id='word_1_780' title='bbox 2152 1069 2160 1076; x_wconf 95' lang='lat'>.</span> 
     </span>
     <span class='ocr_line' id='line_1_98' title="bbox 1161 1087 2165 1135; baseline -0.003 -10"><span class='ocrx_word' id='word_1_781' title='bbox 1161 1091 1333 1134; x_wconf 88' lang='lat' dir='ltr'>Wepferus</span> <span class='ocrx_word' id='word_1_782' title='bbox 1356 1100 1463 1125; x_wconf 83' lang='lat' dir='ltr'>autem</span> <span class='ocrx_word' id='word_1_783' title='bbox 1486 1115 1499 1132; x_wconf 84' lang='lat'>‚</span> <span class='ocrx_word' id='word_1_784' title='bbox 1532 1091 1621 1135; x_wconf 92' lang='lat' dir='ltr'>quod</span> <span class='ocrx_word' id='word_1_785' title='bbox 1643 1091 1765 1126; x_wconf 79' lang='lat' dir='ltr'>ibidem</span> <span class='ocrx_word' id='word_1_786' title='bbox 1801 1094 1814 1130; x_wconf 91' lang='lat'>(</span> <span class='ocrx_word' id='word_1_787' title='bbox 1837 1091 1849 1125; x_wconf 88' lang='lat' dir='ltr'>i</span> <span class='ocrx_word' id='word_1_788' title='bbox 1873 1093 1883 1129; x_wconf 89' lang='lat'>)</span> <span class='ocrx_word' id='word_1_789' title='bbox 1920 1091 2001 1133; x_wconf 85' lang='lat' dir='ltr'>leges</span> <span class='ocrx_word' id='word_1_790' title='bbox 2022 1113 2035 1131; x_wconf 88' lang='lat'><strong><em>,</em></strong></span> <span class='ocrx_word' id='word_1_791' title='bbox 2078 1087 2165 1132; x_wconf 85' lang='lat' dir='ltr'>post-</span> 
     </span>
     <span class='ocr_line' id='line_1_99' title="bbox 1159 1131 2166 1182; baseline -0.004 -13"><span class='ocrx_word' id='word_1_792' title='bbox 1159 1147 1257 1179; x_wconf 87' lang='lat' dir='ltr'>quam</span> <span class='ocrx_word' id='word_1_793' title='bbox 1279 1134 1317 1168; x_wconf 93' lang='lat' dir='ltr'>de</span> <span class='ocrx_word' id='word_1_794' title='bbox 1339 1134 1503 1176; x_wconf 83' lang='lat' dir='ltr'>cujusdam</span> <span class='ocrx_word' id='word_1_795' title='bbox 1528 1136 1736 1178; x_wconf 87' lang='lat' dir='ltr'>pulmonibus</span> <span class='ocrx_word' id='word_1_796' title='bbox 1758 1134 1826 1168; x_wconf 83' lang='lat' dir='ltr'>haec</span> <span class='ocrx_word' id='word_1_797' title='bbox 1849 1133 2015 1174; x_wconf 83' lang='lat' dir='ltr'>scripserat</span> <span class='ocrx_word' id='word_1_798' title='bbox 2038 1131 2166 1182; x_wconf 28' lang='lat' dir='ltr'>:qrusior</span> 
     </span>
     <span class='ocr_line' id='line_1_100' title="bbox 1160 1176 2166 1219; baseline -0.005 -7"><span class='ocrx_word' id='word_1_799' title='bbox 1160 1187 1265 1213; x_wconf 85' lang='lat' dir='ltr'>tamen</span> <span class='ocrx_word' id='word_1_800' title='bbox 1288 1178 1340 1219; x_wconf 75' lang='lat' dir='ltr'>iste</span> <span class='ocrx_word' id='word_1_801' title='bbox 1362 1189 1421 1211; x_wconf 86' lang='lat' dir='ltr'>non</span> <span class='ocrx_word' id='word_1_802' title='bbox 1445 1186 1513 1212; x_wconf 77' lang='lat' dir='ltr'>erar</span> <span class='ocrx_word' id='word_1_803' title='bbox 1536 1179 1631 1214; x_wconf 81' lang='lat' dir='ltr'>index</span> <span class='ocrx_word' id='word_1_804' title='bbox 1674 1176 1826 1211; x_wconf 79' lang='lat' dir='ltr'>notabilis</span> <span class='ocrx_word' id='word_1_805' title='bbox 1870 1176 2131 1218; x_wconf 71' lang='lat' dir='ltr'>inflammationis</span> <span class='ocrx_word' id='word_1_806' title='bbox 2153 1186 2166 1214; x_wconf 84' lang='grc'>,-</span> 
     </span>
     <span class='ocr_line' id='line_1_101' title="bbox 1158 1218 2167 1264; baseline -0.005 -9"><span class='ocrx_word' id='word_1_807' title='bbox 1158 1233 1230 1256; x_wconf 81' lang='lat' dir='ltr'>nam</span> <span class='ocrx_word' id='word_1_808' title='bbox 1254 1222 1301 1257; x_wconf 77' lang='lat' dir='ltr'>ihi</span> <span class='ocrx_word' id='word_1_809' title='bbox 1322 1220 1430 1256; x_wconf 78' lang='lat' dir='ltr'>molles</span> <span class='ocrx_word' id='word_1_810' title='bbox 1450 1221 1689 1264; x_wconf 74' lang='lat' dir='ltr'>permanserunt</span> <span class='ocrx_word' id='word_1_811' title='bbox 1712 1233 1723 1260; x_wconf 89' lang='lat'>;</span> <span class='ocrx_word' id='word_1_812' title='bbox 1756 1232 1794 1254; x_wconf 91' lang='lat' dir='ltr'>eo</span> <span class='ocrx_word' id='word_1_813' title='bbox 1818 1219 1985 1263; x_wconf 78' lang='lat' dir='ltr'>processit,</span> <span class='ocrx_word' id='word_1_814' title='bbox 2010 1228 2045 1254; x_wconf 90' lang='lat' dir='ltr'>ut</span> <span class='ocrx_word' id='word_1_815' title='bbox 2068 1218 2167 1252; x_wconf 87' lang='lat' dir='ltr'>diser-</span> 
     </span>
     <span class='ocr_line' id='line_1_102' title="bbox 1157 1261 2167 1307; baseline -0.003 -9"><span class='ocrx_word' id='word_1_816' title='bbox 1157 1274 1190 1298; x_wconf 90' lang='lat' dir='ltr'>te</span> <span class='ocrx_word' id='word_1_817' title='bbox 1214 1265 1276 1300; x_wconf 89' lang='lat' dir='ltr'>hoc</span> <span class='ocrx_word' id='word_1_818' title='bbox 1303 1264 1434 1299; x_wconf 87' lang='lat' dir='ltr'>adderet</span> <span class='ocrx_word' id='word_1_819' title='bbox 1459 1276 1468 1298; x_wconf 73' lang='grc' dir='ltr'><strong><em>ε</em></strong></span> <span class='ocrx_word' id='word_1_820' title='bbox 1507 1262 1702 1307; x_wconf 69' lang='lat' dir='ltr'>inflammati</span> <span class='ocrx_word' id='word_1_821' title='bbox 1728 1265 1815 1297; x_wconf 91' lang='lat' dir='ltr'>enim</span> <span class='ocrx_word' id='word_1_822' title='bbox 1849 1264 2017 1306; x_wconf 86' lang='lat' dir='ltr'>pulmones</span> <span class='ocrx_word' id='word_1_823' title='bbox 2044 1261 2167 1306; x_wconf 83' lang='lat' dir='ltr'>semper</span> 
     </span>
     <span class='ocr_line' id='line_1_103' title="bbox 1151 1308 2170 1354; baseline -0.004 -11"><span class='ocrx_word' id='word_1_824' title='bbox 1151 1309 1248 1353; x_wconf 79' lang='lat' dir='ltr'>fimus</span> <span class='ocrx_word' id='word_1_825' title='bbox 1270 1310 1412 1343; x_wconf 79' lang='lat' dir='ltr'>indurati</span> <span class='ocrx_word' id='word_1_826' title='bbox 1445 1308 1710 1351; x_wconf 74' lang='lat' dir='ltr'>deprehenduntur</span> <span class='ocrx_word' id='word_1_827' title='bbox 1735 1332 1742 1339; x_wconf 94' lang='lat'>.</span> <span class='ocrx_word' id='word_1_828' title='bbox 1777 1308 1925 1342; x_wconf 85' lang='lat' dir='ltr'>Durities</span> <span class='ocrx_word' id='word_1_829' title='bbox 1960 1317 2066 1342; x_wconf 86' lang='lat' dir='ltr'>autem</span> <span class='ocrx_word' id='word_1_830' title='bbox 2089 1330 2102 1347; x_wconf 84' lang='grc'>,</span> <span class='ocrx_word' id='word_1_831' title='bbox 2135 1308 2170 1354; x_wconf 67' lang='grc' dir='ltr'>ὃς</span> 
     </span>
     <span class='ocr_line' id='line_1_104' title="bbox 1159 1349 2170 1395; baseline -0.005 -8"><span class='ocrx_word' id='word_1_832' title='bbox 1159 1351 1295 1387; x_wconf 78' lang='lat' dir='ltr'>densitas</span> <span class='ocrx_word' id='word_1_833' title='bbox 1327 1360 1364 1387; x_wconf 90' lang='lat' dir='ltr'>ut</span> <span class='ocrx_word' id='word_1_834' title='bbox 1387 1352 1566 1395; x_wconf 89' lang='lat' dir='ltr'>plurimum</span> <span class='ocrx_word' id='word_1_835' title='bbox 1599 1350 1757 1394; x_wconf 81' lang='lat' dir='ltr'>ejusmodi</span> <span class='ocrx_word' id='word_1_836' title='bbox 1792 1351 1834 1384; x_wconf 85' lang='lat' dir='ltr'>est</span> <span class='ocrx_word' id='word_1_837' title='bbox 1856 1373 1866 1388; x_wconf 91' lang='lat'>‚</span> <span class='ocrx_word' id='word_1_838' title='bbox 1899 1361 1934 1384; x_wconf 89' lang='lat' dir='ltr'>ut</span> <span class='ocrx_word' id='word_1_839' title='bbox 1968 1361 2045 1384; x_wconf 87' lang='lat' dir='ltr'>tunc</span> <span class='ocrx_word' id='word_1_840' title='bbox 2092 1349 2170 1383; x_wconf 63' lang='lat' dir='ltr'>see&#39;ti</span> 
     </span>
     <span class='ocr_line' id='line_1_105' title="bbox 1163 1393 2168 1440; baseline -0.005 -10"><span class='ocrx_word' id='word_1_841' title='bbox 1163 1396 1252 1430; x_wconf 89' lang='lat' dir='ltr'>aliud</span> <span class='ocrx_word' id='word_1_842' title='bbox 1275 1397 1410 1430; x_wconf 85' lang='lat' dir='ltr'>omnino</span> <span class='ocrx_word' id='word_1_843' title='bbox 1433 1407 1532 1440; x_wconf 88' lang='lat' dir='ltr'>quam</span> <span class='ocrx_word' id='word_1_844' title='bbox 1557 1395 1725 1439; x_wconf 76' lang='lat' dir='ltr'>pulmones</span> <span class='ocrx_word' id='word_1_845' title='bbox 1756 1393 1927 1428; x_wconf 86' lang='lat' dir='ltr'>videantur</span> <span class='ocrx_word' id='word_1_846' title='bbox 1958 1397 1972 1434; x_wconf 88' lang='lat'>(</span> <span class='ocrx_word' id='word_1_847' title='bbox 1993 1395 2013 1435; x_wconf 58' lang='grc' dir='ltr'>Ις</span> <span class='ocrx_word' id='word_1_848' title='bbox 2033 1398 2046 1435; x_wconf 90' lang='grc'>)</span> <span class='ocrx_word' id='word_1_849' title='bbox 2070 1418 2078 1426; x_wconf 84' lang='grc'><strong>.</strong></span> <span class='ocrx_word' id='word_1_850' title='bbox 2114 1393 2168 1425; x_wconf 88' lang='lat' dir='ltr'>Sic</span> 
     </span>
     <span class='ocr_line' id='line_1_106' title="bbox 1163 1434 2172 1483; baseline -0.004 -10"><span class='ocrx_word' id='word_1_851' title='bbox 1163 1439 1321 1474; x_wconf 83' lang='lat' dir='ltr'>Valsalvae</span> <span class='ocrx_word' id='word_1_852' title='bbox 1344 1441 1379 1473; x_wconf 88' lang='lat' dir='ltr'>in</span> <span class='ocrx_word' id='word_1_853' title='bbox 1401 1451 1514 1483; x_wconf 86' lang='lat' dir='ltr'>magna</span> <span class='ocrx_word' id='word_1_854' title='bbox 1538 1439 1794 1475; x_wconf 84' lang='lat' dir='ltr'>inflammatione</span> <span class='ocrx_word' id='word_1_855' title='bbox 1819 1438 1965 1472; x_wconf 88' lang='lat' dir='ltr'>solidiori</span> <span class='ocrx_word' id='word_1_856' title='bbox 1989 1439 2077 1471; x_wconf 89' lang='lat' dir='ltr'>carni</span> <span class='ocrx_word' id='word_1_857' title='bbox 2111 1434 2172 1469; x_wconf 87' lang='lat' dir='ltr'>visi</span> 
     </span>
     <span class='ocr_line' id='line_1_107' title="bbox 1159 1478 2173 1525; baseline -0.003 -8"><span class='ocrx_word' id='word_1_858' title='bbox 1159 1483 1232 1517; x_wconf 89' lang='lat' dir='ltr'>sunt</span> <span class='ocrx_word' id='word_1_859' title='bbox 1256 1483 1394 1523; x_wconf 85' lang='lat' dir='ltr'>similes,</span> <span class='ocrx_word' id='word_1_860' title='bbox 1419 1486 1452 1519; x_wconf 61' lang='grc' dir='ltr'>δι’</span> <span class='ocrx_word' id='word_1_861' title='bbox 1475 1486 1508 1517; x_wconf 91' lang='lat' dir='ltr'>in</span> <span class='ocrx_word' id='word_1_862' title='bbox 1534 1485 1650 1518; x_wconf 87' lang='lat' dir='ltr'>multis</span> <span class='ocrx_word' id='word_1_863' title='bbox 1673 1482 1806 1525; x_wconf 86' lang='lat' dir='ltr'>quidem</span> <span class='ocrx_word' id='word_1_864' title='bbox 1829 1478 2173 1520; x_wconf 82' lang='lat' dir='ltr'>cadaveribus.Qod</span> 
     </span>
     <span class='ocr_line' id='line_1_108' title="bbox 1160 1524 2172 1571; baseline -0.005 -10"><span class='ocrx_word' id='word_1_865' title='bbox 1160 1529 1197 1560; x_wconf 84' lang='lat' dir='ltr'>in</span> <span class='ocrx_word' id='word_1_866' title='bbox 1231 1537 1319 1561; x_wconf 82' lang='lat' dir='ltr'>certo</span> <span class='ocrx_word' id='word_1_867' title='bbox 1353 1527 1410 1561; x_wconf 91' lang='lat' dir='ltr'>suo</span> <span class='ocrx_word' id='word_1_868' title='bbox 1451 1527 1591 1571; x_wconf 87' lang='lat' dir='ltr'>quodam</span> <span class='ocrx_word' id='word_1_869' title='bbox 1624 1527 1762 1570; x_wconf 88' lang='lat' dir='ltr'>Scripto</span> <span class='ocrx_word' id='word_1_870' title='bbox 1806 1527 1908 1569; x_wconf 89' lang='lat' dir='ltr'>repeti</span> <span class='ocrx_word' id='word_1_871' title='bbox 1955 1524 2172 1569; x_wconf 80' lang='lat' dir='ltr'>probabiliter</span> 
     </span>
     <span class='ocr_line' id='line_1_109' title="bbox 1160 1568 2169 1613; baseline -0.005 -8"><span class='ocrx_word' id='word_1_872' title='bbox 1160 1571 1272 1613; x_wconf 84' lang='lat' dir='ltr'>posse,</span> <span class='ocrx_word' id='word_1_873' title='bbox 1297 1570 1498 1605; x_wconf 83' lang='lat' dir='ltr'>existimabat</span> <span class='ocrx_word' id='word_1_874' title='bbox 1519 1594 1534 1611; x_wconf 84' lang='lat'><em>‚</em></span> <span class='ocrx_word' id='word_1_875' title='bbox 1566 1571 1608 1604; x_wconf 86' lang='lat' dir='ltr'>ab</span> <span class='ocrx_word' id='word_1_876' title='bbox 1629 1569 1721 1604; x_wconf 89' lang='lat' dir='ltr'>acido</span> <span class='ocrx_word' id='word_1_877' title='bbox 1751 1570 1921 1604; x_wconf 88' lang='lat' dir='ltr'>vitriolico</span> <span class='ocrx_word' id='word_1_878' title='bbox 1941 1591 1950 1607; x_wconf 93' lang='lat'>,</span> <span class='ocrx_word' id='word_1_879' title='bbox 1983 1568 2169 1611; x_wconf 85' lang='lat' dir='ltr'>sanguinem</span> 
     </span>
     <span class='ocr_line' id='line_1_110' title="bbox 1160 1611 2175 1657; baseline -0.003 -10"><span class='ocrx_word' id='word_1_880' title='bbox 1160 1616 1196 1647; x_wconf 92' lang='lat' dir='ltr'>in</span> <span class='ocrx_word' id='word_1_881' title='bbox 1220 1614 1465 1657; x_wconf 87' lang='lat' dir='ltr'>pulmonaribus</span> <span class='ocrx_word' id='word_1_882' title='bbox 1487 1613 1633 1648; x_wconf 86' lang='lat' dir='ltr'>vesiculis</span> <span class='ocrx_word' id='word_1_883' title='bbox 1657 1613 1849 1656; x_wconf 86' lang='lat' dir='ltr'>coagulante</span> <span class='ocrx_word' id='word_1_884' title='bbox 1864 1636 1873 1652; x_wconf 87' lang='lat'>‚</span> <span class='ocrx_word' id='word_1_885' title='bbox 1903 1624 1977 1647; x_wconf 89' lang='lat' dir='ltr'>cum</span> <span class='ocrx_word' id='word_1_886' title='bbox 2009 1611 2175 1647; x_wconf 58' lang='lat' dir='ltr'>musculo«</span> 
     </span>
     <span class='ocr_line' id='line_1_111' title="bbox 1161 1655 2177 1701; baseline -0.003 -10"><span class='ocrx_word' id='word_1_887' title='bbox 1161 1669 1233 1691; x_wconf 88' lang='lat' dir='ltr'>rum</span> <span class='ocrx_word' id='word_1_888' title='bbox 1257 1669 1387 1701; x_wconf 88' lang='lat' dir='ltr'>quoque</span> <span class='ocrx_word' id='word_1_889' title='bbox 1407 1668 1483 1690; x_wconf 85' lang='lat' dir='ltr'>caro</span> <span class='ocrx_word' id='word_1_890' title='bbox 1506 1657 1591 1691; x_wconf 85' lang='lat' dir='ltr'>nihil</span> <span class='ocrx_word' id='word_1_891' title='bbox 1615 1657 1703 1691; x_wconf 86' lang='lat' dir='ltr'>aliud</span> <span class='ocrx_word' id='word_1_892' title='bbox 1727 1655 1791 1698; x_wconf 88' lang='lat' dir='ltr'>sit,</span> <span class='ocrx_word' id='word_1_893' title='bbox 1813 1657 1872 1691; x_wconf 90' lang='lat' dir='ltr'>nisi</span> <span class='ocrx_word' id='word_1_894' title='bbox 1885 1656 2049 1691; x_wconf 86' lang='lat' dir='ltr'>filamenta</span> <span class='ocrx_word' id='word_1_895' title='bbox 2071 1666 2177 1690; x_wconf 53' lang='lat' dir='ltr'>mem„</span> 
     </span>
     <span class='ocr_line' id='line_1_112' title="bbox 1162 1700 2175 1745; baseline -0.001 -11"><span class='ocrx_word' id='word_1_896' title='bbox 1162 1702 1276 1734; x_wconf 85' lang='lat' dir='ltr'>branea</span> <span class='ocrx_word' id='word_1_897' title='bbox 1298 1701 1396 1742; x_wconf 79' lang='lat' dir='ltr'>alba,</span> <span class='ocrx_word' id='word_1_898' title='bbox 1418 1712 1488 1743; x_wconf 70' lang='lat' dir='ltr'>quae</span> <span class='ocrx_word' id='word_1_899' title='bbox 1512 1701 1667 1745; x_wconf 86' lang='lat' dir='ltr'>quoniam</span> <span class='ocrx_word' id='word_1_900' title='bbox 1690 1701 1723 1734; x_wconf 82' lang='lat' dir='ltr'>in</span> <span class='ocrx_word' id='word_1_901' title='bbox 1749 1700 1811 1736; x_wconf 89' lang='lat' dir='ltr'>suis</span> <span class='ocrx_word' id='word_1_902' title='bbox 1835 1701 1953 1735; x_wconf 87' lang='lat' dir='ltr'>sinibus</span> <span class='ocrx_word' id='word_1_903' title='bbox 1987 1700 2175 1744; x_wconf 85' lang='lat' dir='ltr'>sanguinem</span> 
     </span>
     <span class='ocr_line' id='line_1_113' title="bbox 1161 1746 2174 1788; baseline -0.001 -10"><span class='ocrx_word' id='word_1_904' title='bbox 1161 1747 1326 1785; x_wconf 81' lang='lat' dir='ltr'>retinent,</span> <span class='ocrx_word' id='word_1_905' title='bbox 1350 1746 1454 1778; x_wconf 87' lang='lat' dir='ltr'>carnis</span> <span class='ocrx_word' id='word_1_906' title='bbox 1480 1746 1650 1788; x_wconf 81' lang='lat' dir='ltr'>acquirunt</span> <span class='ocrx_word' id='word_1_907' title='bbox 1674 1755 1792 1778; x_wconf 87' lang='lat' dir='ltr'>nomen</span> <span class='ocrx_word' id='word_1_908' title='bbox 1812 1769 1822 1776; x_wconf 86' lang='lat'>.</span> <span class='ocrx_word' id='word_1_909' title='bbox 1856 1747 2031 1788; x_wconf 85' lang='lat' dir='ltr'>Utcunque</span> <span class='ocrx_word' id='word_1_910' title='bbox 2067 1753 2174 1779; x_wconf 84' lang='lat' dir='ltr'>autem</span> 
     </span>
     <span class='ocr_line' id='line_1_114' title="bbox 1161 1786 2174 1831; baseline -0.002 -9"><span class='ocrx_word' id='word_1_911' title='bbox 1161 1789 1196 1822; x_wconf 89' lang='lat' dir='ltr'>id</span> <span class='ocrx_word' id='word_1_912' title='bbox 1219 1788 1317 1828; x_wconf 84' lang='lat' dir='ltr'>esset3</span> <span class='ocrx_word' id='word_1_913' title='bbox 1341 1788 1382 1822; x_wconf 89' lang='lat' dir='ltr'>sic</span> <span class='ocrx_word' id='word_1_914' title='bbox 1405 1797 1491 1821; x_wconf 87' lang='lat' dir='ltr'>certe</span> <span class='ocrx_word' id='word_1_915' title='bbox 1516 1786 1668 1822; x_wconf 77' lang='lat' dir='ltr'>invenisse</span> <span class='ocrx_word' id='word_1_916' title='bbox 1693 1788 1746 1829; x_wconf 78' lang='lat' dir='ltr'>se,</span> <span class='ocrx_word' id='word_1_917' title='bbox 1767 1787 2007 1828; x_wconf 53' lang='lat' dir='ltr'>confirma-bam</span> <span class='ocrx_word' id='word_1_918' title='bbox 2031 1789 2065 1820; x_wconf 87' lang='lat' dir='ltr'>in</span> <span class='ocrx_word' id='word_1_919' title='bbox 2100 1789 2174 1831; x_wconf 92' lang='lat' dir='ltr'>pul-</span> 
     </span>
     <span class='ocr_line' id='line_1_115' title="bbox 1160 1831 2173 1876; baseline -0.002 -10"><span class='ocrx_word' id='word_1_920' title='bbox 1160 1832 1313 1866; x_wconf 86' lang='lat' dir='ltr'>monibus</span> <span class='ocrx_word' id='word_1_921' title='bbox 1337 1831 1508 1866; x_wconf 84' lang='lat' dir='ltr'>hominum</span> <span class='ocrx_word' id='word_1_922' title='bbox 1532 1843 1613 1875; x_wconf 88' lang='lat' dir='ltr'>quos</span> <span class='ocrx_word' id='word_1_923' title='bbox 1637 1833 1724 1865; x_wconf 86' lang='lat' dir='ltr'>intra</span> <span class='ocrx_word' id='word_1_924' title='bbox 1747 1841 1914 1876; x_wconf 85' lang='lat' dir='ltr'>quatuor,</span> <span class='ocrx_word' id='word_1_925' title='bbox 1938 1841 1995 1866; x_wconf 90' lang='lat' dir='ltr'>aut</span> <span class='ocrx_word' id='word_1_926' title='bbox 2031 1833 2173 1875; x_wconf 87' lang='lat' dir='ltr'>quinque</span> 
     </span>
     <span class='ocr_line' id='line_1_116' title="bbox 1158 1874 2172 1918; baseline -0.001 -9"><span class='ocrx_word' id='word_1_927' title='bbox 1158 1875 1226 1909; x_wconf 84' lang='lat' dir='ltr'>dies</span> <span class='ocrx_word' id='word_1_928' title='bbox 1251 1877 1514 1918; x_wconf 86' lang='lat' dir='ltr'>peripneumonia</span> <span class='ocrx_word' id='word_1_929' title='bbox 1538 1878 1766 1915; x_wconf 83' lang='lat' dir='ltr'>interemerat3</span> <span class='ocrx_word' id='word_1_930' title='bbox 1791 1887 1826 1909; x_wconf 89' lang='lat' dir='ltr'>ut</span> <span class='ocrx_word' id='word_1_931' title='bbox 1851 1888 1915 1909; x_wconf 83' lang='lat' dir='ltr'>non</span> <span class='ocrx_word' id='word_1_932' title='bbox 1953 1874 2172 1909; x_wconf 81' lang='lat' dir='ltr'>dubitandum</span> 
     </span>
     <span class='ocr_line' id='line_1_117' title="bbox 1157 1918 2174 1962; baseline -0.002 -9"><span class='ocrx_word' id='word_1_933' title='bbox 1157 1920 1198 1953; x_wconf 87' lang='lat' dir='ltr'>sit</span> <span class='ocrx_word' id='word_1_934' title='bbox 1224 1919 1340 1959; x_wconf 81' lang='lat' dir='ltr'>nobis,</span> <span class='ocrx_word' id='word_1_935' title='bbox 1363 1931 1425 1962; x_wconf 87' lang='lat' dir='ltr'>qua</span> <span class='ocrx_word' id='word_1_936' title='bbox 1449 1920 1574 1952; x_wconf 84' lang='lat' dir='ltr'>ratione</span> <span class='ocrx_word' id='word_1_937' title='bbox 1605 1918 1736 1953; x_wconf 64' lang='lat' dir='ltr'>anthos</span> <span class='ocrx_word' id='word_1_938' title='bbox 1770 1920 1805 1954; x_wconf 89' lang='lat' dir='ltr'>in</span> <span class='ocrx_word' id='word_1_939' title='bbox 1839 1921 1879 1953; x_wconf 92' lang='lat' dir='ltr'>iis</span> <span class='ocrx_word' id='word_1_940' title='bbox 1927 1918 2174 1962; x_wconf 85' lang='lat' dir='ltr'>deprehenderit</span> 
     </span>
     <span class='ocr_line' id='line_1_118' title="bbox 1159 1961 2175 2005; baseline -0.001 -9"><span class='ocrx_word' id='word_1_941' title='bbox 1159 1974 1243 2005; x_wconf 88' lang='lat' dir='ltr'>quos</span> <span class='ocrx_word' id='word_1_942' title='bbox 1265 1964 1351 1996; x_wconf 79' lang='lat' dir='ltr'>intra</span> <span class='ocrx_word' id='word_1_943' title='bbox 1376 1961 1532 2004; x_wconf 67' lang='lat' dir='ltr'>ejusmodi</span> <span class='ocrx_word' id='word_1_944' title='bbox 1555 1963 1646 1996; x_wconf 89' lang='lat' dir='ltr'>breve</span> <span class='ocrx_word' id='word_1_945' title='bbox 1672 1972 1799 2005; x_wconf 84' lang='lat' dir='ltr'>tempus</span> <span class='ocrx_word' id='word_1_946' title='bbox 1831 1963 1894 1997; x_wconf 89' lang='lat' dir='ltr'>hoc</span> <span class='ocrx_word' id='word_1_947' title='bbox 1919 1964 2040 1997; x_wconf 81' lang='lat' dir='ltr'>morbo</span> <span class='ocrx_word' id='word_1_948' title='bbox 2063 1961 2175 1996; x_wconf 79' lang='lat' dir='ltr'>conse-</span> 
     </span>
    </p>
   </div>
   <div class='ocr_carea' id='block_1_9' title="bbox 1158 2001 2234 2049">
    <p class='ocr_par' dir='ltr' id='par_1_11' title="bbox 1158 2001 2234 2049">
     <span class='ocr_line' id='line_1_119' title="bbox 1158 2001 2234 2049; baseline 0 -9"><span class='ocrx_word' id='word_1_949' title='bbox 1158 2007 1231 2040; x_wconf 69' lang='lat' dir='ltr'>etos</span> <span class='ocrx_word' id='word_1_950' title='bbox 1253 2004 1481 2049; x_wconf 85' lang='lat' dir='ltr'>proposuimus</span> <span class='ocrx_word' id='word_1_951' title='bbox 1504 2009 1519 2045; x_wconf 88' lang='grc'>&lt;</span> <span class='ocrx_word' id='word_1_952' title='bbox 1544 2005 1555 2039; x_wconf 89' lang='lat' dir='ltr'><em>l</em></span> <span class='ocrx_word' id='word_1_953' title='bbox 1576 2010 1590 2046; x_wconf 88' lang='lat'>)</span> <span class='ocrx_word' id='word_1_954' title='bbox 1614 2030 1621 2038; x_wconf 93' lang='lat'>.</span> <span class='ocrx_word' id='word_1_955' title='bbox 1656 2006 1716 2041; x_wconf 83' lang='lat' dir='ltr'>Sed</span> <span class='ocrx_word' id='word_1_956' title='bbox 1738 2018 1813 2041; x_wconf 90' lang='lat' dir='ltr'>cum</span> <span class='ocrx_word' id='word_1_957' title='bbox 1838 2018 1877 2040; x_wconf 89' lang='lat' dir='ltr'>eo</span> <span class='ocrx_word' id='word_1_958' title='bbox 1901 2008 1935 2040; x_wconf 92' lang='lat' dir='ltr'>in</span> <span class='ocrx_word' id='word_1_959' title='bbox 1970 2008 2102 2049; x_wconf 87' lang='lat' dir='ltr'>Scripto</span> <span class='ocrx_word' id='word_1_960' title='bbox 2138 2006 2178 2040; x_wconf 72' lang='lat' dir='ltr'>id]</span> <span class='ocrx_word' id='word_1_961' title='bbox 2232 2001 2234 2004; x_wconf 50' lang='grc'>’</span> 
     </span>
    </p>
   </div>
   <div class='ocr_carea' id='block_1_10' title="bbox 1152 2049 2180 3582">
    <p class='ocr_par' dir='ltr' id='par_1_12' title="bbox 1163 2049 2178 2092">
     <span class='ocr_line' id='line_1_120' title="bbox 1163 2049 2178 2092; baseline 0 -10"><span class='ocrx_word' id='word_1_962' title='bbox 1163 2059 1296 2092; x_wconf 82' lang='lat' dir='ltr'>ageret,</span> <span class='ocrx_word' id='word_1_963' title='bbox 1316 2058 1352 2083; x_wconf 89' lang='lat' dir='ltr'>ut</span> <span class='ocrx_word' id='word_1_964' title='bbox 1375 2049 1553 2083; x_wconf 82' lang='lat' dir='ltr'>ostenderet</span> <span class='ocrx_word' id='word_1_965' title='bbox 1573 2074 1585 2090; x_wconf 86' lang='lat'><em>‚</em></span> <span class='ocrx_word' id='word_1_966' title='bbox 1610 2050 1696 2083; x_wconf 85' lang='lat' dir='ltr'>intra</span> <span class='ocrx_word' id='word_1_967' title='bbox 1720 2061 1838 2092; x_wconf 87' lang='lat' dir='ltr'>paucos</span> <span class='ocrx_word' id='word_1_968' title='bbox 1862 2050 1931 2084; x_wconf 86' lang='lat' dir='ltr'>dies</span> <span class='ocrx_word' id='word_1_969' title='bbox 1963 2051 1998 2084; x_wconf 91' lang='lat' dir='ltr'>id</span> <span class='ocrx_word' id='word_1_970' title='bbox 2035 2049 2178 2084; x_wconf 80' lang='lat' dir='ltr'>accidere</span> 
     </span>
    </p>

    <p class='ocr_par' dir='ltr' id='par_1_13' title="bbox 1161 2090 2180 2137">
     <span class='ocr_line' id='line_1_121' title="bbox 1161 2090 2180 2137; baseline 0.003 -11"><span class='ocrx_word' id='word_1_971' title='bbox 1161 2094 1310 2136; x_wconf 88' lang='lat' dir='ltr'>pulmoni</span> <span class='ocrx_word' id='word_1_972' title='bbox 1337 2090 1445 2134; x_wconf 84' lang='lat' dir='ltr'>posse,·</span> <span class='ocrx_word' id='word_1_973' title='bbox 1468 2104 1532 2127; x_wconf 90' lang='lat' dir='ltr'>non</span> <span class='ocrx_word' id='word_1_974' title='bbox 1557 2092 1631 2127; x_wconf 89' lang='lat' dir='ltr'>inde</span> <span class='ocrx_word' id='word_1_975' title='bbox 1654 2094 1882 2136; x_wconf 84' lang='lat' dir='ltr'>consequitur,</span> <span class='ocrx_word' id='word_1_976' title='bbox 1906 2095 1941 2127; x_wconf 90' lang='lat' dir='ltr'>in</span> <span class='ocrx_word' id='word_1_977' title='bbox 1965 2095 2006 2129; x_wconf 83' lang='lat' dir='ltr'>iis</span> <span class='ocrx_word' id='word_1_978' title='bbox 2029 2106 2104 2127; x_wconf 89' lang='lat' dir='ltr'>vero</span> <span class='ocrx_word' id='word_1_979' title='bbox 2117 2097 2180 2137; x_wconf 76' lang='lat' dir='ltr'>qui</span> 
     </span>
    </p>

    <p class='ocr_par' dir='ltr' id='par_1_14' title="bbox 1162 2135 2175 2181">
     <span class='ocr_line' id='line_1_122' title="bbox 1162 2135 2175 2181; baseline 0.003 -12"><span class='ocrx_word' id='word_1_980' title='bbox 1162 2136 1289 2170; x_wconf 86' lang='lat' dir='ltr'>diutius</span> <span class='ocrx_word' id='word_1_981' title='bbox 1311 2136 1480 2175; x_wconf 86' lang='lat' dir='ltr'>vixerunt,</span> <span class='ocrx_word' id='word_1_982' title='bbox 1505 2147 1569 2171; x_wconf 89' lang='lat' dir='ltr'>non</span> <span class='ocrx_word' id='word_1_983' title='bbox 1591 2136 1676 2170; x_wconf 89' lang='lat' dir='ltr'>idem</span> <span class='ocrx_word' id='word_1_984' title='bbox 1699 2135 1864 2180; x_wconf 84' lang='lat' dir='ltr'>reperisse:</span> <span class='ocrx_word' id='word_1_985' title='bbox 1890 2137 1980 2181; x_wconf 90' lang='lat' dir='ltr'>quod</span> <span class='ocrx_word' id='word_1_986' title='bbox 2003 2150 2077 2172; x_wconf 89' lang='lat' dir='ltr'>cum</span> <span class='ocrx_word' id='word_1_987' title='bbox 2102 2139 2175 2172; x_wconf 68' lang='lat' dir='ltr'>alise</span> 
     </span>
    </p>

    <p class='ocr_par' dir='ltr' id='par_1_15' title="bbox 1159 2179 2176 2256">
     <span class='ocr_line' id='line_1_123' title="bbox 1159 2179 2176 2256; baseline 0.003 -43"><span class='ocrx_word' id='word_1_988' title='bbox 1159 2179 1274 2256; x_wconf 52' lang='lat' dir='ltr'>pagini</span> <span class='ocrx_word' id='word_1_989' title='bbox 1293 2179 1497 2215; x_wconf 84' lang='lat' dir='ltr'>subindicant</span> <span class='ocrx_word' id='word_1_990' title='bbox 1520 2204 1529 2220; x_wconf 94' lang='lat'><strong><em>,</em></strong></span> <span class='ocrx_word' id='word_1_991' title='bbox 1565 2189 1637 2214; x_wconf 86' lang='lat' dir='ltr'>tum</span> <span class='ocrx_word' id='word_1_992' title='bbox 1669 2180 1785 2216; x_wconf 88' lang='lat' dir='ltr'>diserte</span> <span class='ocrx_word' id='word_1_993' title='bbox 1819 2184 1967 2226; x_wconf 86' lang='lat' dir='ltr'>proxima</span> <span class='ocrx_word' id='word_1_994' title='bbox 1999 2180 2176 2217; x_wconf 87' lang='lat' dir='ltr'>confirmat</span> 
     </span>
     <span class='ocr_line' id='line_1_124' title="bbox 1187 2233 1314 2256; baseline 0.008 -3"><span class='ocrx_word' id='word_1_995' title='bbox 1187 2233 1195 2253; x_wconf 88' lang='lat' dir='ltr'>l</span> <span class='ocrx_word' id='word_1_996' title='bbox 1226 2234 1314 2256; x_wconf 68' lang='grc' dir='ltr'>ΟΠΞ.</span> 
     </span>
    </p>

    <p class='ocr_par' dir='ltr' id='par_1_16' title="bbox 1157 2267 2177 2781">
     <span class='ocr_line' id='line_1_125' title="bbox 1208 2267 2177 2312; baseline 0.006 -13"><span class='ocrx_word' id='word_1_997' title='bbox 1208 2278 1261 2300; x_wconf 82' lang='lat'>22.</span> <span class='ocrx_word' id='word_1_998' title='bbox 1285 2267 1457 2306; x_wconf 86' lang='lat' dir='ltr'>SENEX,</span> <span class='ocrx_word' id='word_1_999' title='bbox 1485 2278 1585 2302; x_wconf 89' lang='lat' dir='ltr'>annos</span> <span class='ocrx_word' id='word_1_1000' title='bbox 1608 2269 1738 2302; x_wconf 90' lang='lat' dir='ltr'>circiter</span> <span class='ocrx_word' id='word_1_1001' title='bbox 1762 2268 1926 2312; x_wconf 83' lang='lat' dir='ltr'>sexaginta</span> <span class='ocrx_word' id='word_1_1002' title='bbox 1949 2279 2043 2304; x_wconf 85' lang='lat' dir='ltr'>natus</span> <span class='ocrx_word' id='word_1_1003' title='bbox 2066 2294 2079 2311; x_wconf 88' lang='lat'>‚</span> <span class='ocrx_word' id='word_1_1004' title='bbox 2113 2270 2177 2305; x_wconf 86' lang='lat' dir='ltr'>do-</span> 
     </span>
     <span class='ocr_line' id='line_1_126' title="bbox 1158 2310 2176 2356; baseline 0.004 -12"><span class='ocrx_word' id='word_1_1005' title='bbox 1158 2311 1229 2345; x_wconf 85' lang='lat' dir='ltr'>lore</span> <span class='ocrx_word' id='word_1_1006' title='bbox 1253 2310 1460 2353; x_wconf 88' lang='lat' dir='ltr'>prehenditur</span> <span class='ocrx_word' id='word_1_1007' title='bbox 1482 2312 1517 2344; x_wconf 91' lang='lat' dir='ltr'>in</span> <span class='ocrx_word' id='word_1_1008' title='bbox 1540 2311 1670 2345; x_wconf 87' lang='lat' dir='ltr'>dextera</span> <span class='ocrx_word' id='word_1_1009' title='bbox 1705 2312 1850 2346; x_wconf 85' lang='lat' dir='ltr'>thoracis</span> <span class='ocrx_word' id='word_1_1010' title='bbox 1885 2323 1975 2356; x_wconf 88' lang='lat' dir='ltr'>parte</span> <span class='ocrx_word' id='word_1_1011' title='bbox 1998 2336 2008 2351; x_wconf 90' lang='lat'>,</span> <span class='ocrx_word' id='word_1_1012' title='bbox 2042 2313 2176 2348; x_wconf 86' lang='lat' dir='ltr'>febrici-</span> 
     </span>
     <span class='ocr_line' id='line_1_127' title="bbox 1159 2353 2175 2401; baseline 0.005 -14"><span class='ocrx_word' id='word_1_1013' title='bbox 1159 2363 1209 2388; x_wconf 85' lang='lat' dir='ltr'>tat</span> <span class='ocrx_word' id='word_1_1014' title='bbox 1232 2376 1242 2392; x_wconf 88' lang='lat'><em>‚</em></span> <span class='ocrx_word' id='word_1_1015' title='bbox 1266 2353 1351 2387; x_wconf 83' lang='lat' dir='ltr'>tuffit</span> <span class='ocrx_word' id='word_1_1016' title='bbox 1375 2376 1385 2392; x_wconf 87' lang='lat'>‚</span> <span class='ocrx_word' id='word_1_1017' title='bbox 1420 2354 1547 2401; x_wconf 82' lang='lat' dir='ltr'>exspuit</span> <span class='ocrx_word' id='word_1_1018' title='bbox 1573 2377 1582 2392; x_wconf 93' lang='lat'>‚</span> <span class='ocrx_word' id='word_1_1019' title='bbox 1617 2354 1746 2401; x_wconf 79' lang='lat' dir='ltr'>facilius</span> <span class='ocrx_word' id='word_1_1020' title='bbox 1768 2356 1932 2391; x_wconf 88' lang='lat' dir='ltr'>decumbit</span> <span class='ocrx_word' id='word_1_1021' title='bbox 1956 2358 1989 2390; x_wconf 83' lang='lat' dir='ltr'>in</span> <span class='ocrx_word' id='word_1_1022' title='bbox 2014 2356 2142 2392; x_wconf 85' lang='lat' dir='ltr'>dorsum</span> <span class='ocrx_word' id='word_1_1023' title='bbox 2166 2384 2175 2393; x_wconf 94' lang='lat'>.</span> 
     </span>
     <span class='ocr_line' id='line_1_128' title="bbox 1162 2397 2174 2440; baseline 0.006 -10"><span class='ocrx_word' id='word_1_1024' title='bbox 1162 2397 1256 2440; x_wconf 74' lang='lat' dir='ltr'>Spuri</span> <span class='ocrx_word' id='word_1_1025' title='bbox 1279 2399 1374 2440; x_wconf 89' lang='lat' dir='ltr'>copia</span> <span class='ocrx_word' id='word_1_1026' title='bbox 1397 2409 1500 2439; x_wconf 72' lang='lat' dir='ltr'>maior</span> <span class='ocrx_word' id='word_1_1027' title='bbox 1523 2397 1561 2430; x_wconf 88' lang='lat' dir='ltr'>fit</span> <span class='ocrx_word' id='word_1_1028' title='bbox 1585 2410 1598 2437; x_wconf 73' lang='lat'>5</span> <span class='ocrx_word' id='word_1_1029' title='bbox 1626 2398 1677 2433; x_wconf 89' lang='lat' dir='ltr'>sed</span> <span class='ocrx_word' id='word_1_1030' title='bbox 1701 2400 1744 2433; x_wconf 90' lang='lat' dir='ltr'>ob</span> <span class='ocrx_word' id='word_1_1031' title='bbox 1769 2399 1881 2434; x_wconf 57' lang='lat' dir='ltr'>sustam</span> <span class='ocrx_word' id='word_1_1032' title='bbox 1906 2400 1957 2434; x_wconf 88' lang='lat' dir='ltr'>die</span> <span class='ocrx_word' id='word_1_1033' title='bbox 1970 2401 2098 2435; x_wconf 88' lang='lat' dir='ltr'>decimo</span> <span class='ocrx_word' id='word_1_1034' title='bbox 2120 2414 2174 2436; x_wconf 88' lang='lat' dir='ltr'>ve-</span> 
     </span>
     <span class='ocr_line' id='line_1_129' title="bbox 1159 2439 2173 2487; baseline 0.005 -13"><span class='ocrx_word' id='word_1_1035' title='bbox 1159 2452 1233 2474; x_wconf 88' lang='lat' dir='ltr'>nam</span> <span class='ocrx_word' id='word_1_1036' title='bbox 1257 2439 1486 2487; x_wconf 78' lang='lat' dir='ltr'>supprimitur.</span> <span class='ocrx_word' id='word_1_1037' title='bbox 1512 2444 1625 2485; x_wconf 86' lang='lat' dir='ltr'>Itaque</span> <span class='ocrx_word' id='word_1_1038' title='bbox 1647 2441 1818 2477; x_wconf 88' lang='lat' dir='ltr'>undecimo</span> <span class='ocrx_word' id='word_1_1039' title='bbox 1831 2444 1902 2477; x_wconf 88' lang='lat' dir='ltr'>obit</span> <span class='ocrx_word' id='word_1_1040' title='bbox 1918 2471 1925 2477; x_wconf 87' lang='lat'>.</span> <span class='ocrx_word' id='word_1_1041' title='bbox 2063 2446 2173 2480; x_wconf 85' lang='lat' dir='ltr'>PUL-</span> 
     </span>
     <span class='ocr_line' id='line_1_130' title="bbox 1157 2484 2174 2531; baseline 0.004 -14"><span class='ocrx_word' id='word_1_1042' title='bbox 1157 2486 1236 2518; x_wconf 88' lang='grc' dir='ltr'>ΜΟ</span> <span class='ocrx_word' id='word_1_1043' title='bbox 1268 2484 1388 2517; x_wconf 81' lang='lat' dir='ltr'>sinister</span> <span class='ocrx_word' id='word_1_1044' title='bbox 1414 2484 1504 2518; x_wconf 85' lang='lat' dir='ltr'>sanus</span> <span class='ocrx_word' id='word_1_1045' title='bbox 1525 2507 1539 2524; x_wconf 84' lang='lat'><em>‚</em></span> <span class='ocrx_word' id='word_1_1046' title='bbox 1573 2488 1718 2527; x_wconf 85' lang='lat' dir='ltr'>quamvis</span> <span class='ocrx_word' id='word_1_1047' title='bbox 1743 2487 1883 2530; x_wconf 86' lang='lat' dir='ltr'>undique</span> <span class='ocrx_word' id='word_1_1048' title='bbox 1917 2489 2032 2531; x_wconf 87' lang='lat' dir='ltr'>pleurae</span> <span class='ocrx_word' id='word_1_1049' title='bbox 2067 2489 2174 2524; x_wconf 83' lang='lat' dir='ltr'>adliae.</span> 
     </span>
     <span class='ocr_line' id='line_1_131' title="bbox 1160 2528 2173 2576; baseline 0.011 -19"><span class='ocrx_word' id='word_1_1050' title='bbox 1160 2538 1232 2561; x_wconf 84' lang='lat' dir='ltr'>rens</span> <span class='ocrx_word' id='word_1_1051' title='bbox 1258 2551 1265 2558; x_wconf 94' lang='lat'>.</span> <span class='ocrx_word' id='word_1_1052' title='bbox 1299 2528 1423 2560; x_wconf 88' lang='lat' dir='ltr'>Dexter</span> <span class='ocrx_word' id='word_1_1053' title='bbox 1466 2536 1577 2573; x_wconf 82' lang='lat' dir='ltr'>contra</span> <span class='ocrx_word' id='word_1_1054' title='bbox 1602 2550 1611 2565; x_wconf 89' lang='lat'>‚</span> <span class='ocrx_word' id='word_1_1055' title='bbox 1634 2531 1789 2571; x_wconf 23' lang='lat' dir='ltr'>&#39;quamvis</span> <span class='ocrx_word' id='word_1_1056' title='bbox 1825 2543 1840 2563; x_wconf 87' lang='lat' dir='ltr'>a</span> <span class='ocrx_word' id='word_1_1057' title='bbox 1876 2532 1981 2574; x_wconf 88' lang='lat' dir='ltr'>pleura</span> <span class='ocrx_word' id='word_1_1058' title='bbox 2015 2532 2136 2568; x_wconf 88' lang='lat' dir='ltr'>solutus</span> <span class='ocrx_word' id='word_1_1059' title='bbox 2159 2560 2173 2576; x_wconf 77' lang='lat'><em>‚</em></span> 
     </span>
     <span class='ocr_line' id='line_1_132' title="bbox 1158 2570 2172 2619; baseline 0.007 -15"><span class='ocrx_word' id='word_1_1060' title='bbox 1158 2570 1289 2605; x_wconf 84' lang='lat' dir='ltr'>dorsum</span> <span class='ocrx_word' id='word_1_1061' title='bbox 1333 2570 1439 2605; x_wconf 81' lang='lat' dir='ltr'>versus</span> <span class='ocrx_word' id='word_1_1062' title='bbox 1480 2572 1678 2615; x_wconf 84' lang='lat' dir='ltr'>summopere</span> <span class='ocrx_word' id='word_1_1063' title='bbox 1724 2573 1942 2609; x_wconf 80' lang='lat' dir='ltr'>inflammatus</span> <span class='ocrx_word' id='word_1_1064' title='bbox 1997 2575 2172 2619; x_wconf 87' lang='lat' dir='ltr'>deprehen-</span> 
     </span>
     <span class='ocr_line' id='line_1_133' title="bbox 1158 2613 2171 2656; baseline 0.009 -9"><span class='ocrx_word' id='word_1_1065' title='bbox 1158 2614 1283 2656; x_wconf 85' lang='lat' dir='ltr'>ditur,</span> <span class='ocrx_word' id='word_1_1066' title='bbox 1315 2623 1352 2648; x_wconf 87' lang='lat' dir='ltr'>ut</span> <span class='ocrx_word' id='word_1_1067' title='bbox 1386 2613 1571 2649; x_wconf 85' lang='lat' dir='ltr'>solidiorem</span> <span class='ocrx_word' id='word_1_1068' title='bbox 1614 2618 1718 2650; x_wconf 80' lang='lat' dir='ltr'>carnis</span> <span class='ocrx_word' id='word_1_1069' title='bbox 1761 2616 1967 2653; x_wconf 84' lang='lat' dir='ltr'>substantiam</span> <span class='ocrx_word' id='word_1_1070' title='bbox 2015 2620 2133 2656; x_wconf 81' lang='lat' dir='ltr'>referat</span> <span class='ocrx_word' id='word_1_1071' title='bbox 2161 2647 2171 2655; x_wconf 90' lang='lat'>.</span> 
     </span>
     <span class='ocr_line' id='line_1_134' title="bbox 1158 2658 2170 2704; baseline 0.007 -12"><span class='ocrx_word' id='word_1_1072' title='bbox 1158 2660 1243 2694; x_wconf 82' lang='lat' dir='ltr'>Duae</span> <span class='ocrx_word' id='word_1_1073' title='bbox 1266 2659 1416 2701; x_wconf 83' lang='lat' dir='ltr'>exiguae,</span> <span class='ocrx_word' id='word_1_1074' title='bbox 1448 2658 1534 2703; x_wconf 83' lang='lat' dir='ltr'>quasi</span> <span class='ocrx_word' id='word_1_1075' title='bbox 1569 2661 1655 2695; x_wconf 91' lang='lat' dir='ltr'>inter</span> <span class='ocrx_word' id='word_1_1076' title='bbox 1688 2660 1718 2694; x_wconf 90' lang='lat' dir='ltr'>se</span> <span class='ocrx_word' id='word_1_1077' title='bbox 1749 2663 1884 2704; x_wconf 85' lang='lat' dir='ltr'>aequales</span> <span class='ocrx_word' id='word_1_1078' title='bbox 1907 2690 1917 2704; x_wconf 92' lang='lat'>,</span> <span class='ocrx_word' id='word_1_1079' title='bbox 1950 2667 2170 2699; x_wconf 76' lang='lat' dir='ltr'>concretiones</span> 
     </span>
     <span class='ocr_line' id='line_1_135' title="bbox 1157 2701 2170 2748; baseline 0.008 -13"><span class='ocrx_word' id='word_1_1080' title='bbox 1157 2701 1325 2746; x_wconf 84' lang='lat' dir='ltr'>polyposae</span> <span class='ocrx_word' id='word_1_1081' title='bbox 1349 2701 1479 2746; x_wconf 80' lang='lat' dir='ltr'>fingulae</span> <span class='ocrx_word' id='word_1_1082' title='bbox 1502 2705 1539 2738; x_wconf 88' lang='lat' dir='ltr'>in</span> <span class='ocrx_word' id='word_1_1083' title='bbox 1561 2704 1693 2748; x_wconf 87' lang='lat' dir='ltr'>singulis</span> <span class='ocrx_word' id='word_1_1084' title='bbox 1715 2705 1920 2741; x_wconf 88' lang='lat' dir='ltr'>inveniuntur</span> <span class='ocrx_word' id='word_1_1085' title='bbox 1957 2706 2063 2743; x_wconf 87' lang='lat' dir='ltr'>cordis</span> <span class='ocrx_word' id='word_1_1086' title='bbox 2096 2721 2170 2743; x_wconf 76' lang='lat' dir='ltr'>ven-</span> 
     </span>
     <span class='ocr_line' id='line_1_136' title="bbox 1159 2746 1858 2781; baseline 0.006 -3"><span class='ocrx_word' id='word_1_1087' title='bbox 1159 2746 1310 2781; x_wconf 88' lang='lat' dir='ltr'>triculis.</span> <span class='ocrx_word' id='word_1_1088' title='bbox 1855 2772 1858 2779; x_wconf 48' lang='grc' dir='ltr'>ι</span> 
     </span>
    </p>

    <p class='ocr_par' dir='ltr' id='par_1_17' title="bbox 1152 2790 2169 3582">
     <span class='ocr_line' id='line_1_137' title="bbox 1204 2790 2169 2841; baseline 0.01 -19"><span class='ocrx_word' id='word_1_1089' title='bbox 1204 2801 1257 2833; x_wconf 83' lang='lat'>23.</span> <span class='ocrx_word' id='word_1_1090' title='bbox 1281 2790 1478 2826; x_wconf 87' lang='lat' dir='ltr'>Observatio</span> <span class='ocrx_word' id='word_1_1091' title='bbox 1502 2792 1569 2827; x_wconf 84' lang='lat' dir='ltr'>liaec</span> <span class='ocrx_word' id='word_1_1092' title='bbox 1591 2792 1648 2827; x_wconf 83' lang='lat' dir='ltr'>dat</span> <span class='ocrx_word' id='word_1_1093' title='bbox 1670 2803 1822 2839; x_wconf 87' lang='lat' dir='ltr'>tanquam</span> <span class='ocrx_word' id='word_1_1094' title='bbox 1853 2795 1958 2831; x_wconf 85' lang='lat' dir='ltr'>ansam</span> <span class='ocrx_word' id='word_1_1095' title='bbox 1990 2797 2029 2831; x_wconf 87' lang='lat' dir='ltr'>ad</span> <span class='ocrx_word' id='word_1_1096' title='bbox 2063 2797 2169 2841; x_wconf 78' lang='lat' dir='ltr'>plures</span> 
     </span>
     <span class='ocr_line' id='line_1_138' title="bbox 1158 2834 2167 2881; baseline 0.008 -14"><span class='ocrx_word' id='word_1_1097' title='bbox 1158 2834 1367 2869; x_wconf 61' lang='lat' dir='ltr'>anneoendas</span> <span class='ocrx_word' id='word_1_1098' title='bbox 1392 2836 1579 2879; x_wconf 80' lang='lat' dir='ltr'>priusquam</span> <span class='ocrx_word' id='word_1_1099' title='bbox 1610 2838 1683 2871; x_wconf 88' lang='lat' dir='ltr'>illas</span> <span class='ocrx_word' id='word_1_1100' title='bbox 1704 2850 1804 2881; x_wconf 89' lang='lat' dir='ltr'>quas,</span> <span class='ocrx_word' id='word_1_1101' title='bbox 1826 2840 1870 2873; x_wconf 90' lang='lat' dir='ltr'>ob</span> <span class='ocrx_word' id='word_1_1102' title='bbox 1893 2840 1997 2874; x_wconf 89' lang='lat' dir='ltr'>serum</span> <span class='ocrx_word' id='word_1_1103' title='bbox 2021 2841 2057 2874; x_wconf 86' lang='lat' dir='ltr'>in</span> <span class='ocrx_word' id='word_1_1104' title='bbox 2090 2840 2167 2875; x_wconf 92' lang='lat' dir='ltr'>tho-</span> 
     </span>
     <span class='ocr_line' id='line_1_139' title="bbox 1156 2880 2167 2928; baseline 0.01 -19"><span class='ocrx_word' id='word_1_1105' title='bbox 1156 2887 1227 2928; x_wconf 80' lang='lat' dir='ltr'>race</span> <span class='ocrx_word' id='word_1_1106' title='bbox 1250 2901 1263 2918; x_wconf 83' lang='lat'><em>‚</em></span> <span class='ocrx_word' id='word_1_1107' title='bbox 1296 2880 1327 2911; x_wconf 87' lang='lat'>&amp;</span> <span class='ocrx_word' id='word_1_1108' title='bbox 1352 2881 1533 2922; x_wconf 83' lang='lat' dir='ltr'>pericardio</span> <span class='ocrx_word' id='word_1_1109' title='bbox 1556 2881 1744 2922; x_wconf 85' lang='lat' dir='ltr'>inventum,</span> <span class='ocrx_word' id='word_1_1110' title='bbox 1767 2883 1998 2925; x_wconf 86' lang='lat' dir='ltr'>promisimus,</span> <span class='ocrx_word' id='word_1_1111' title='bbox 2022 2885 2084 2918; x_wconf 89' lang='lat' dir='ltr'>tibi</span> <span class='ocrx_word' id='word_1_1112' title='bbox 2108 2885 2167 2918; x_wconf 90' lang='lat' dir='ltr'>de-</span> 
     </span>
     <span class='ocr_line' id='line_1_140' title="bbox 1154 2920 2163 2971; baseline 0.012 -18"><span class='ocrx_word' id='word_1_1113' title='bbox 1154 2920 1349 2968; x_wconf 72' lang='lat' dir='ltr'>scribamus.</span> <span class='ocrx_word' id='word_1_1114' title='bbox 1484 2924 1688 2959; x_wconf 86' lang='lat' dir='ltr'>Omittamus</span> <span class='ocrx_word' id='word_1_1115' title='bbox 1704 2951 1713 2966; x_wconf 87' lang='lat'><strong>,</strong></span> <span class='ocrx_word' id='word_1_1116' title='bbox 1733 2927 1853 2969; x_wconf 88' lang='lat' dir='ltr'>quippe</span> <span class='ocrx_word' id='word_1_1117' title='bbox 1888 2927 2031 2971; x_wconf 83' lang='lat' dir='ltr'>superius</span> <span class='ocrx_word' id='word_1_1118' title='bbox 2066 2931 2080 2969; x_wconf 92' lang='lat'>(</span> <span class='ocrx_word' id='word_1_1119' title='bbox 2101 2940 2131 2965; x_wconf 83' lang='lat' dir='ltr'>m</span> <span class='ocrx_word' id='word_1_1120' title='bbox 2152 2933 2163 2968; x_wconf 92' lang='lat'><em>)</em></span> 
     </span>
     <span class='ocr_line' id='line_1_141' title="bbox 1154 2965 2167 3015; baseline 0.009 -18"><span class='ocrx_word' id='word_1_1121' title='bbox 1154 2976 1219 3006; x_wconf 86' lang='lat' dir='ltr'>Jam</span> <span class='ocrx_word' id='word_1_1122' title='bbox 1242 2965 1394 3015; x_wconf 59' lang='lat' dir='ltr'>dissum,</span> <span class='ocrx_word' id='word_1_1123' title='bbox 1417 2967 1504 3002; x_wconf 83' lang='lat' dir='ltr'>nulla</span> <span class='ocrx_word' id='word_1_1124' title='bbox 1532 2979 1564 3001; x_wconf 87' lang='lat' dir='ltr'>re</span> <span class='ocrx_word' id='word_1_1125' title='bbox 1587 2970 1691 3011; x_wconf 84' lang='lat' dir='ltr'>magis</span> <span class='ocrx_word' id='word_1_1126' title='bbox 1713 2970 1749 3002; x_wconf 89' lang='lat' dir='ltr'>in</span> <span class='ocrx_word' id='word_1_1127' title='bbox 1783 2972 2044 3014; x_wconf 83' lang='lat' dir='ltr'>peripneumonia</span> <span class='ocrx_word' id='word_1_1128' title='bbox 2077 2983 2167 3006; x_wconf 86' lang='lat' dir='ltr'>acce-</span> 
     </span>
     <span class='ocr_line' id='line_1_142' title="bbox 1154 3009 2166 3055; baseline 0.01 -15"><span class='ocrx_word' id='word_1_1129' title='bbox 1154 3009 1249 3041; x_wconf 85' lang='lat' dir='ltr'>lerari</span> <span class='ocrx_word' id='word_1_1130' title='bbox 1273 3019 1432 3050; x_wconf 75' lang='lat' dir='ltr'>mortem³</span> <span class='ocrx_word' id='word_1_1131' title='bbox 1454 3023 1550 3055; x_wconf 86' lang='lat' dir='ltr'>quam</span> <span class='ocrx_word' id='word_1_1132' title='bbox 1576 3011 1661 3054; x_wconf 88' lang='lat' dir='ltr'>sputi</span> <span class='ocrx_word' id='word_1_1133' title='bbox 1688 3012 1917 3055; x_wconf 74' lang='lat' dir='ltr'>suppressione.</span> <span class='ocrx_word' id='word_1_1134' title='bbox 1939 3017 2034 3050; x_wconf 80' lang='lat' dir='ltr'>Hanc</span> <span class='ocrx_word' id='word_1_1135' title='bbox 2060 3024 2166 3050; x_wconf 89' lang='lat' dir='ltr'>autem</span> 
     </span>
     <span class='ocr_line' id='line_1_143' title="bbox 1156 3051 2167 3103; baseline 0.011 -20"><span class='ocrx_word' id='word_1_1136' title='bbox 1156 3051 1237 3103; x_wconf 62' lang='lat' dir='ltr'>saepe</span> <span class='ocrx_word' id='word_1_1137' title='bbox 1259 3053 1401 3103; x_wconf 81' lang='lat' dir='ltr'>accidere</span> <span class='ocrx_word' id='word_1_1138' title='bbox 1425 3065 1556 3102; x_wconf 84' lang='lat' dir='ltr'>propter</span> <span class='ocrx_word' id='word_1_1139' title='bbox 1580 3055 1838 3100; x_wconf 82' lang='lat' dir='ltr'>intempestivas,</span> <span class='ocrx_word' id='word_1_1140' title='bbox 1863 3058 2039 3102; x_wconf 72' lang='lat' dir='ltr'>praesertim</span> <span class='ocrx_word' id='word_1_1141' title='bbox 2063 3061 2096 3092; x_wconf 90' lang='lat' dir='ltr'>in</span> <span class='ocrx_word' id='word_1_1142' title='bbox 2123 3059 2167 3094; x_wconf 92' lang='lat' dir='ltr'>se-</span> 
     </span>
     <span class='ocr_line' id='line_1_144' title="bbox 1155 3096 2166 3146; baseline 0.008 -17"><span class='ocrx_word' id='word_1_1143' title='bbox 1155 3096 1273 3137; x_wconf 85' lang='lat' dir='ltr'>nibus,</span> <span class='ocrx_word' id='word_1_1144' title='bbox 1294 3096 1448 3143; x_wconf 65' lang='lat' dir='ltr'>missiones</span> <span class='ocrx_word' id='word_1_1145' title='bbox 1473 3100 1632 3141; x_wconf 85' lang='lat' dir='ltr'>sanguinis</span> <span class='ocrx_word' id='word_1_1146' title='bbox 1647 3126 1656 3141; x_wconf 89' lang='lat'><strong><em>‚</em></strong></span> <span class='ocrx_word' id='word_1_1147' title='bbox 1678 3101 1776 3134; x_wconf 87' lang='lat' dir='ltr'>etiam</span> <span class='ocrx_word' id='word_1_1148' title='bbox 1811 3104 1999 3137; x_wconf 89' lang='lat' dir='ltr'>omittimus</span> <span class='ocrx_word' id='word_1_1149' title='bbox 2023 3116 2030 3137; x_wconf 92' lang='lat'>:</span> <span class='ocrx_word' id='word_1_1150' title='bbox 2064 3115 2166 3146; x_wconf 84' lang='lat' dir='ltr'>quan-</span> 
     </span>
     <span class='ocr_line' id='line_1_145' title="bbox 1155 3141 2165 3190; baseline 0.007 -17"><span class='ocrx_word' id='word_1_1151' title='bbox 1155 3150 1252 3190; x_wconf 79' lang='lat' dir='ltr'>quam</span> <span class='ocrx_word' id='word_1_1152' title='bbox 1277 3141 1380 3190; x_wconf 39' lang='lat' dir='ltr'>plu-res</span> <span class='ocrx_word' id='word_1_1153' title='bbox 1404 3142 1474 3175; x_wconf 87' lang='lat' dir='ltr'>sunt</span> <span class='ocrx_word' id='word_1_1154' title='bbox 1498 3144 1622 3177; x_wconf 84' lang='lat' dir='ltr'>Medici</span> <span class='ocrx_word' id='word_1_1155' title='bbox 1647 3147 1702 3188; x_wconf 87' lang='lat' dir='ltr'>qui</span> <span class='ocrx_word' id='word_1_1156' title='bbox 1726 3156 1828 3187; x_wconf 81' lang='lat' dir='ltr'>aegros</span> <span class='ocrx_word' id='word_1_1157' title='bbox 1851 3146 1893 3179; x_wconf 93' lang='lat' dir='ltr'>ob</span> <span class='ocrx_word' id='word_1_1158' title='bbox 1904 3147 2165 3188; x_wconf 78' lang='lat' dir='ltr'>idinterimunt,</span> 
     </span>
     <span class='ocr_line' id='line_1_146' title="bbox 1155 3185 2164 3233; baseline 0.007 -16"><span class='ocrx_word' id='word_1_1159' title='bbox 1155 3194 1232 3225; x_wconf 85' lang='lat' dir='ltr'>quia</span> <span class='ocrx_word' id='word_1_1160' title='bbox 1256 3186 1401 3217; x_wconf 84' lang='lat' dir='ltr'>nesciunt</span> <span class='ocrx_word' id='word_1_1161' title='bbox 1423 3185 1483 3228; x_wconf 86' lang='lat' dir='ltr'>ipsi</span> <span class='ocrx_word' id='word_1_1162' title='bbox 1507 3188 1793 3230; x_wconf 83' lang='lat' dir='ltr'>quiescere.Qos</span> <span class='ocrx_word' id='word_1_1163' title='bbox 1805 3189 1889 3223; x_wconf 90' lang='lat' dir='ltr'>inter</span> <span class='ocrx_word' id='word_1_1164' title='bbox 1900 3190 2051 3223; x_wconf 89' lang='lat' dir='ltr'>seniorem</span> <span class='ocrx_word' id='word_1_1165' title='bbox 2064 3202 2164 3233; x_wconf 89' lang='lat' dir='ltr'>quen-</span> 
     </span>
     <span class='ocr_line' id='line_1_147' title="bbox 1154 3227 2164 3277; baseline 0.008 -18"><span class='ocrx_word' id='word_1_1166' title='bbox 1154 3227 1228 3261; x_wconf 88' lang='lat' dir='ltr'>dam</span> <span class='ocrx_word' id='word_1_1167' title='bbox 1253 3228 1334 3261; x_wconf 90' lang='lat' dir='ltr'>olim</span> <span class='ocrx_word' id='word_1_1168' title='bbox 1361 3230 1533 3271; x_wconf 82' lang='lat' dir='ltr'>novimus,</span> <span class='ocrx_word' id='word_1_1169' title='bbox 1555 3234 1612 3273; x_wconf 89' lang='lat' dir='ltr'>qui</span> <span class='ocrx_word' id='word_1_1170' title='bbox 1636 3234 1760 3265; x_wconf 84' lang='lat' dir='ltr'>iteratis</span> <span class='ocrx_word' id='word_1_1171' title='bbox 1785 3232 1910 3275; x_wconf 88' lang='lat' dir='ltr'>usque,</span> <span class='ocrx_word' id='word_1_1172' title='bbox 1933 3236 1965 3266; x_wconf 87' lang='lat'>&amp;</span> <span class='ocrx_word' id='word_1_1173' title='bbox 1987 3235 2085 3277; x_wconf 85' lang='lat' dir='ltr'>usque</span> <span class='ocrx_word' id='word_1_1174' title='bbox 2109 3246 2164 3267; x_wconf 88' lang='lat' dir='ltr'>ve-</span> 
     </span>
     <span class='ocr_line' id='line_1_148' title="bbox 1154 3272 2164 3320; baseline 0.007 -16"><span class='ocrx_word' id='word_1_1175' title='bbox 1154 3281 1266 3306; x_wconf 87' lang='lat' dir='ltr'>narum</span> <span class='ocrx_word' id='word_1_1176' title='bbox 1290 3272 1485 3307; x_wconf 61' lang='lat' dir='ltr'>sectionibus</span> <span class='ocrx_word' id='word_1_1177' title='bbox 1497 3297 1509 3315; x_wconf 91' lang='lat'><em>‚</em></span> <span class='ocrx_word' id='word_1_1178' title='bbox 1532 3273 1764 3310; x_wconf 86' lang='lat' dir='ltr'>vehementiam</span> <span class='ocrx_word' id='word_1_1179' title='bbox 1788 3276 1918 3319; x_wconf 88' lang='lat' dir='ltr'>quidem</span> <span class='ocrx_word' id='word_1_1180' title='bbox 1932 3276 2095 3320; x_wconf 85' lang='lat' dir='ltr'>frangebat</span> <span class='ocrx_word' id='word_1_1181' title='bbox 2109 3289 2164 3319; x_wconf 89' lang='lat' dir='ltr'>pe-</span> 
     </span>
     <span class='ocr_line' id='line_1_149' title="bbox 1153 3316 2163 3363; baseline 0.007 -16"><span class='ocrx_word' id='word_1_1182' title='bbox 1153 3316 1410 3357; x_wconf 81' lang='lat' dir='ltr'>ripneumoniae3</span> <span class='ocrx_word' id='word_1_1183' title='bbox 1435 3316 1486 3350; x_wconf 87' lang='lat' dir='ltr'>sed</span> <span class='ocrx_word' id='word_1_1184' title='bbox 1511 3322 1604 3360; x_wconf 65' lang='lat' dir='ltr'>aegris</span> <span class='ocrx_word' id='word_1_1185' title='bbox 1629 3319 1706 3353; x_wconf 89' lang='lat' dir='ltr'>adeo</span> <span class='ocrx_word' id='word_1_1186' title='bbox 1729 3321 1810 3352; x_wconf 87' lang='lat' dir='ltr'>vires</span> <span class='ocrx_word' id='word_1_1187' title='bbox 1832 3319 2002 3362; x_wconf 81' lang='lat' dir='ltr'>demebat,</span> <span class='ocrx_word' id='word_1_1188' title='bbox 2026 3330 2062 3354; x_wconf 89' lang='lat' dir='ltr'>ut</span> <span class='ocrx_word' id='word_1_1189' title='bbox 2097 3322 2163 3363; x_wconf 87' lang='lat' dir='ltr'>ple-</span> 
     </span>
     <span class='ocr_line' id='line_1_150' title="bbox 1152 3359 2163 3409; baseline 0.004 -17"><span class='ocrx_word' id='word_1_1190' title='bbox 1152 3359 1243 3409; x_wconf 81' lang='lat' dir='ltr'>rique</span> <span class='ocrx_word' id='word_1_1191' title='bbox 1266 3370 1339 3393; x_wconf 87' lang='lat' dir='ltr'>cum</span> <span class='ocrx_word' id='word_1_1192' title='bbox 1363 3361 1564 3400; x_wconf 66' lang='lat' dir='ltr'>exoeetoraie</span> <span class='ocrx_word' id='word_1_1193' title='bbox 1588 3374 1651 3396; x_wconf 89' lang='lat' dir='ltr'>non</span> <span class='ocrx_word' id='word_1_1194' title='bbox 1677 3362 1821 3405; x_wconf 83' lang='lat' dir='ltr'>possent,</span> <span class='ocrx_word' id='word_1_1195' title='bbox 1844 3365 1878 3396; x_wconf 90' lang='lat' dir='ltr'>in</span> <span class='ocrx_word' id='word_1_1196' title='bbox 1902 3364 1968 3407; x_wconf 86' lang='lat' dir='ltr'>ipsa</span> <span class='ocrx_word' id='word_1_1197' title='bbox 1992 3364 2163 3398; x_wconf 89' lang='lat' dir='ltr'>morbide.</span> 
     </span>
     <span class='ocr_line' id='line_1_151' title="bbox 1152 3403 2162 3451; baseline 0.008 -16"><span class='ocrx_word' id='word_1_1198' title='bbox 1152 3403 1328 3435; x_wconf 79' lang='lat' dir='ltr'>clinatione</span> <span class='ocrx_word' id='word_1_1199' title='bbox 1351 3403 1600 3445; x_wconf 81' lang='lat' dir='ltr'>suffocarentur3</span> <span class='ocrx_word' id='word_1_1200' title='bbox 1624 3406 1754 3449; x_wconf 81' lang='lat' dir='ltr'>quando</span> <span class='ocrx_word' id='word_1_1201' title='bbox 1777 3406 1924 3448; x_wconf 85' lang='lat' dir='ltr'>ibidem,</span> <span class='ocrx_word' id='word_1_1202' title='bbox 1948 3409 1981 3440; x_wconf 87' lang='lat' dir='ltr'>in</span> <span class='ocrx_word' id='word_1_1203' title='bbox 1993 3408 2162 3451; x_wconf 85' lang='lat' dir='ltr'>eademque</span> 
     </span>
     <span class='ocr_line' id='line_1_152' title="bbox 1152 3447 2162 3495; baseline 0.008 -16"><span class='ocrx_word' id='word_1_1204' title='bbox 1152 3447 1401 3481; x_wconf 87' lang='lat' dir='ltr'>Constitutione</span> <span class='ocrx_word' id='word_1_1205' title='bbox 1425 3448 1504 3481; x_wconf 87' lang='lat' dir='ltr'>alter</span> <span class='ocrx_word' id='word_1_1206' title='bbox 1526 3449 1672 3483; x_wconf 85' lang='lat' dir='ltr'>Medicus</span> <span class='ocrx_word' id='word_1_1207' title='bbox 1690 3476 1698 3488; x_wconf 88' lang='lat'>‚</span> <span class='ocrx_word' id='word_1_1208' title='bbox 1721 3451 1778 3492; x_wconf 86' lang='lat' dir='ltr'>qui</span> <span class='ocrx_word' id='word_1_1209' title='bbox 1811 3450 1997 3494; x_wconf 82' lang='lat' dir='ltr'>sanguinem</span> <span class='ocrx_word' id='word_1_1210' title='bbox 2028 3450 2162 3495; x_wconf 83' lang='lat' dir='ltr'>quidem</span> 
     </span>
     <span class='ocr_line' id='line_1_153' title="bbox 1155 3490 2163 3572; baseline 0.006 -49"><span class='ocrx_word' id='word_1_1211' title='bbox 1155 3490 1331 3531; x_wconf 84' lang='lat' dir='ltr'>mittebat,</span> <span class='ocrx_word' id='word_1_1212' title='bbox 1356 3490 1406 3525; x_wconf 89' lang='lat' dir='ltr'>sed</span> <span class='ocrx_word' id='word_1_1213' title='bbox 1430 3503 1495 3525; x_wconf 91' lang='lat' dir='ltr'>non</span> <span class='ocrx_word' id='word_1_1214' title='bbox 1508 3503 1597 3527; x_wconf 83' lang='lat' dir='ltr'>extra</span> <span class='ocrx_word' id='word_1_1215' title='bbox 1608 3492 1762 3534; x_wconf 89' lang='lat' dir='ltr'>modum,</span> <span class='ocrx_word' id='word_1_1216' title='bbox 1785 3505 1862 3537; x_wconf 90' lang='lat' dir='ltr'>pene</span> <span class='ocrx_word' id='word_1_1217' title='bbox 1874 3494 2137 3572; x_wconf 51' lang='lat' dir='ltr'>omnesservalp&#39;at</span> <span class='ocrx_word' id='word_1_1218' title='bbox 2152 3520 2163 3529; x_wconf 97' lang='lat'>.</span> 
     </span>
     <span class='ocr_line' id='line_1_154' title="bbox 1156 3534 2164 3582; baseline 0.005 -14"><span class='ocrx_word' id='word_1_1219' title='bbox 1156 3534 1214 3569; x_wconf 80' lang='lat' dir='ltr'>Est</span> <span class='ocrx_word' id='word_1_1220' title='bbox 1237 3543 1321 3568; x_wconf 90' lang='lat' dir='ltr'>certe</span> <span class='ocrx_word' id='word_1_1221' title='bbox 1342 3535 1390 3568; x_wconf 89' lang='lat' dir='ltr'>vel</span> <span class='ocrx_word' id='word_1_1222' title='bbox 1413 3534 1538 3571; x_wconf 89' lang='lat' dir='ltr'>senibus</span> <span class='ocrx_word' id='word_1_1223' title='bbox 1559 3560 1572 3578; x_wconf 91' lang='lat'>‚</span> <span class='ocrx_word' id='word_1_1224' title='bbox 1600 3536 1715 3579; x_wconf 89' lang='lat' dir='ltr'>quibus</span> <span class='ocrx_word' id='word_1_1225' title='bbox 1749 3537 1862 3572; x_wconf 83' lang='lat' dir='ltr'>addere</span> <span class='ocrx_word' id='word_1_1226' title='bbox 1895 3539 2017 3573; x_wconf 86' lang='lat' dir='ltr'>animos</span> <span class='ocrx_word' id='word_1_1227' title='bbox 2040 3550 2083 3582; x_wconf 91' lang='lat' dir='ltr'>po</span> <span class='ocrx_word' id='word_1_1228' title='bbox 2102 3540 2164 3574; x_wconf 86' lang='lat' dir='ltr'>erit</span> 
     </span>
    </p>
   </div>
   <div class='ocr_carea' id='block_1_11' title="bbox 103 3669 2160 3687">
    <p class='ocr_par' dir='ltr' id='par_1_18' title="bbox 103 3669 2160 3687">
     <span class='ocr_line' id='line_1_155' title="bbox 103 3669 2160 3687; baseline 0 388"><span class='ocrx_word' id='word_1_1229' title='bbox 103 3669 2160 3687; x_wconf 95' lang='lat' dir='ltr'> </span> 
     </span>
    </p>
   </div>
   <div class='ocr_carea' id='block_1_12' title="bbox 157 3572 2172 3832">
    <p class='ocr_par' dir='ltr' id='par_1_19' title="bbox 157 3572 2172 3832">
     <span class='ocr_line' id='line_1_156' title="bbox 185 3572 2172 3622; baseline 0.005 -14"><span class='ocrx_word' id='word_1_1230' title='bbox 185 3574 352 3617; x_wconf 80' lang='lat' dir='ltr'>Morgagni</span> <span class='ocrx_word' id='word_1_1231' title='bbox 362 3574 396 3607; x_wconf 83' lang='lat' dir='ltr'>de</span> <span class='ocrx_word' id='word_1_1232' title='bbox 410 3572 478 3607; x_wconf 86' lang='lat' dir='ltr'>Sed.</span> <span class='ocrx_word' id='word_1_1233' title='bbox 492 3574 534 3608; x_wconf 56' lang='grc' dir='ltr'>(Τ</span> <span class='ocrx_word' id='word_1_1234' title='bbox 546 3573 633 3616; x_wconf 79' lang='lat' dir='ltr'>Caufi</span> <span class='ocrx_word' id='word_1_1235' title='bbox 646 3575 750 3609; x_wconf 87' lang='lat' dir='ltr'>Morb.</span> <span class='ocrx_word' id='word_1_1236' title='bbox 768 3576 869 3609; x_wconf 78' lang='lat' dir='ltr'>Tom.</span> <span class='ocrx_word' id='word_1_1237' title='bbox 882 3578 909 3610; x_wconf 90' lang='grc' dir='ltr'>Ι.</span> <span class='ocrx_word' id='word_1_1238' title='bbox 1676 3581 1704 3614; x_wconf 89' lang='grc' dir='ltr'>Β</span> <span class='ocrx_word' id='word_1_1239' title='bbox 1726 3580 1748 3614; x_wconf 90' lang='lat' dir='ltr'>b</span> <span class='ocrx_word' id='word_1_1240' title='bbox 1793 3593 1810 3614; x_wconf 85' lang='lat'>2</span> <span class='ocrx_word' id='word_1_1241' title='bbox 2043 3581 2124 3617; x_wconf 81' lang='lat' dir='ltr'>felix</span> <span class='ocrx_word' id='word_1_1242' title='bbox 2163 3599 2172 3622; x_wconf 69' lang='lat'><strong><em>7</em></strong></span> 
     </span>
     <span class='ocr_line' id='line_1_157' title="bbox 157 3739 2088 3795; baseline 0.005 -25"><span class='ocrx_word' id='word_1_1243' title='bbox 157 3740 171 3795; x_wconf 60' lang='grc' dir='ltr'>ξ</span> <span class='ocrx_word' id='word_1_1244' title='bbox 186 3739 201 3764; x_wconf 77' lang='lat' dir='ltr'><em>b</em></span> <span class='ocrx_word' id='word_1_1245' title='bbox 222 3742 235 3770; x_wconf 84' lang='lat'>)</span> <span class='ocrx_word' id='word_1_1246' title='bbox 252 3749 333 3777; x_wconf 54' lang='lat'>⁰2¹5-</span> <span class='ocrx_word' id='word_1_1247' title='bbox 395 3744 410 3774; x_wconf 87' lang='lat'><strong>(</strong></span> <span class='ocrx_word' id='word_1_1248' title='bbox 426 3752 437 3767; x_wconf 86' lang='lat' dir='ltr'>c</span> <span class='ocrx_word' id='word_1_1249' title='bbox 453 3743 467 3771; x_wconf 83' lang='grc'>)</span> <span class='ocrx_word' id='word_1_1250' title='bbox 482 3742 543 3769; x_wconf 81' lang='lat' dir='ltr'>Vide</span> <span class='ocrx_word' id='word_1_1251' title='bbox 559 3746 641 3769; x_wconf 77' lang='lat' dir='ltr'>tamen</span> <span class='ocrx_word' id='word_1_1252' title='bbox 659 3746 801 3782; x_wconf 43' lang='lat' dir='ltr'>commem..</span> <span class='ocrx_word' id='word_1_1253' title='bbox 814 3747 901 3783; x_wconf 66' lang='lat' dir='ltr'>Litter3</span> <span class='ocrx_word' id='word_1_1254' title='bbox 917 3749 946 3772; x_wconf 76' lang='lat' dir='ltr'>A.</span> <span class='ocrx_word' id='word_1_1255' title='bbox 963 3756 1027 3778; x_wconf 71' lang='lat'>¹⁷44·</span> <span class='ocrx_word' id='word_1_1256' title='bbox 1044 3747 1123 3774; x_wconf 85' lang='lat' dir='ltr'>Hebd.</span> <span class='ocrx_word' id='word_1_1257' title='bbox 1139 3757 1181 3786; x_wconf 73' lang='lat'>⁴²:</span> <span class='ocrx_word' id='word_1_1258' title='bbox 1194 3756 1223 3774; x_wconf 85' lang='lat' dir='ltr'>n.</span> <span class='ocrx_word' id='word_1_1259' title='bbox 1239 3756 1261 3775; x_wconf 79' lang='lat'>1.</span> <span class='ocrx_word' id='word_1_1260' title='bbox 1277 3750 1307 3774; x_wconf 78' lang='lat' dir='ltr'>ad</span> <span class='ocrx_word' id='word_1_1261' title='bbox 1324 3754 1369 3774; x_wconf 80' lang='lat' dir='ltr'>art.</span> <span class='ocrx_word' id='word_1_1262' title='bbox 1384 3759 1424 3785; x_wconf 60' lang='lat' dir='ltr'>js·</span> <span class='ocrx_word' id='word_1_1263' title='bbox 1472 3745 1501 3783; x_wconf 78' lang='grc' dir='ltr'>’ζ</span> <span class='ocrx_word' id='word_1_1264' title='bbox 1515 3752 1533 3777; x_wconf 77' lang='lat' dir='ltr'><em>d</em></span> <span class='ocrx_word' id='word_1_1265' title='bbox 1547 3754 1558 3787; x_wconf 44' lang='grc' dir='ltr'>ι,</span> <span class='ocrx_word' id='word_1_1266' title='bbox 1571 3760 1595 3776; x_wconf 83' lang='grc' dir='ltr'>ιι.</span> <span class='ocrx_word' id='word_1_1267' title='bbox 1613 3755 1648 3777; x_wconf 84' lang='lat'>16·</span> <span class='ocrx_word' id='word_1_1268' title='bbox 1713 3751 1722 3782; x_wconf 89' lang='grc'>(</span> <span class='ocrx_word' id='word_1_1269' title='bbox 1738 3761 1750 3777; x_wconf 82' lang='lat' dir='ltr'>e</span> <span class='ocrx_word' id='word_1_1270' title='bbox 1766 3753 1779 3781; x_wconf 89' lang='lat'><strong>)</strong></span> <span class='ocrx_word' id='word_1_1271' title='bbox 1795 3761 1818 3778; x_wconf 86' lang='lat' dir='ltr'>n.</span> <span class='ocrx_word' id='word_1_1272' title='bbox 1838 3756 1874 3777; x_wconf 82' lang='lat'>16.</span> <span class='ocrx_word' id='word_1_1273' title='bbox 1936 3756 1949 3781; x_wconf 84' lang='lat'><strong>&lt;</strong></span> <span class='ocrx_word' id='word_1_1274' title='bbox 1960 3754 1975 3785; x_wconf 71' lang='lat' dir='ltr'>f</span> <span class='ocrx_word' id='word_1_1275' title='bbox 1992 3754 2006 3784; x_wconf 87' lang='lat'>)</span> <span class='ocrx_word' id='word_1_1276' title='bbox 2021 3760 2047 3779; x_wconf 87' lang='lat' dir='ltr'>n.</span> <span class='ocrx_word' id='word_1_1277' title='bbox 2065 3760 2088 3783; x_wconf 81' lang='lat'>3-</span> 
     </span>
     <span class='ocr_line' id='line_1_158' title="bbox 160 3772 1943 3832; baseline 0.005 -32"><span class='ocrx_word' id='word_1_1278' title='bbox 160 3772 316 3832; x_wconf 46' lang='grc' dir='ltr'>(τὰζῑριῆ.</span> <span class='ocrx_word' id='word_1_1279' title='bbox 333 3781 370 3798; x_wconf 70' lang='grc' dir='ltr'>ιι.</span> <span class='ocrx_word' id='word_1_1280' title='bbox 389 3782 414 3799; x_wconf 89' lang='lat' dir='ltr'>n.</span> <span class='ocrx_word' id='word_1_1281' title='bbox 432 3776 470 3803; x_wconf 85' lang='lat'>38-</span> <span class='ocrx_word' id='word_1_1282' title='bbox 531 3776 543 3799; x_wconf 90' lang='grc'>(</span> <span class='ocrx_word' id='word_1_1283' title='bbox 560 3775 575 3798; x_wconf 88' lang='lat' dir='ltr'><em>b</em></span> <span class='ocrx_word' id='word_1_1284' title='bbox 592 3774 600 3802; x_wconf 91' lang='grc'>)</span> <span class='ocrx_word' id='word_1_1285' title='bbox 617 3774 680 3800; x_wconf 72' lang='lat' dir='ltr'>Sest.</span> <span class='ocrx_word' id='word_1_1286' title='bbox 695 3775 740 3800; x_wconf 81' lang='lat' dir='ltr'>hac</span> <span class='ocrx_word' id='word_1_1287' title='bbox 755 3784 779 3805; x_wconf 75' lang='grc'>4.</span> <span class='ocrx_word' id='word_1_1288' title='bbox 794 3786 820 3802; x_wconf 87' lang='lat' dir='ltr'>in</span> <span class='ocrx_word' id='word_1_1289' title='bbox 836 3779 962 3803; x_wconf 75' lang='lat' dir='ltr'>Additam.</span> <span class='ocrx_word' id='word_1_1290' title='bbox 977 3779 1038 3804; x_wconf 83' lang='lat' dir='ltr'>Obs.</span> <span class='ocrx_word' id='word_1_1291' title='bbox 1054 3789 1079 3804; x_wconf 72' lang='grc' dir='ltr'>ι.</span> <span class='ocrx_word' id='word_1_1292' title='bbox 1140 3782 1154 3810; x_wconf 89' lang='grc'>(</span> <span class='ocrx_word' id='word_1_1293' title='bbox 1171 3789 1180 3803; x_wconf 70' lang='grc' dir='ltr'>ι</span> <span class='ocrx_word' id='word_1_1294' title='bbox 1195 3779 1210 3809; x_wconf 89' lang='grc'>)</span> <span class='ocrx_word' id='word_1_1295' title='bbox 1225 3783 1243 3805; x_wconf 89' lang='lat'>1.</span> <span class='ocrx_word' id='word_1_1296' title='bbox 1261 3789 1284 3810; x_wconf 84' lang='lat'>4.</span> <span class='ocrx_word' id='word_1_1297' title='bbox 1302 3782 1325 3805; x_wconf 85' lang='lat' dir='ltr'>S·</span> <span class='ocrx_word' id='word_1_1298' title='bbox 1343 3789 1365 3809; x_wconf 84' lang='lat'>3·</span> <span class='ocrx_word' id='word_1_1299' title='bbox 1384 3790 1408 3806; x_wconf 89' lang='lat' dir='ltr'>in</span> <span class='ocrx_word' id='word_1_1300' title='bbox 1426 3782 1511 3808; x_wconf 81' lang='lat' dir='ltr'>Addit.</span> <span class='ocrx_word' id='word_1_1301' title='bbox 1530 3784 1586 3809; x_wconf 87' lang='lat' dir='ltr'>vid.</span> <span class='ocrx_word' id='word_1_1302' title='bbox 1603 3783 1684 3808; x_wconf 82' lang='lat' dir='ltr'>Sehol.</span> <span class='ocrx_word' id='word_1_1303' title='bbox 1699 3784 1729 3808; x_wconf 82' lang='lat' dir='ltr'>ad</span> <span class='ocrx_word' id='word_1_1304' title='bbox 1746 3784 1806 3809; x_wconf 86' lang='lat' dir='ltr'>Obs.</span> <span class='ocrx_word' id='word_1_1305' title='bbox 1824 3787 1862 3809; x_wconf 85' lang='lat'>26.</span> <span class='ocrx_word' id='word_1_1306' title='bbox 1878 3791 1904 3809; x_wconf 90' lang='lat' dir='ltr'>n.</span> <span class='ocrx_word' id='word_1_1307' title='bbox 1919 3785 1943 3809; x_wconf 77' lang='lat'>8.</span> 
     </span>
    </p>
   </div>
   <div class='ocr_carea' id='block_1_13' title="bbox 253 3804 610 3835">
    <p class='ocr_par' dir='ltr' id='par_1_20' title="bbox 253 3804 610 3835">
     <span class='ocr_line' id='line_1_159' title="bbox 253 3804 610 3835; baseline 0.003 -6"><span class='ocrx_word' id='word_1_1308' title='bbox 253 3804 310 3829; x_wconf 87' lang='lat' dir='ltr'>vid.</span> <span class='ocrx_word' id='word_1_1309' title='bbox 327 3804 401 3835; x_wconf 75' lang='lat' dir='ltr'>Epist.</span> <span class='ocrx_word' id='word_1_1310' title='bbox 417 3812 455 3829; x_wconf 81' lang='lat'>21.</span> <span class='ocrx_word' id='word_1_1311' title='bbox 472 3811 498 3830; x_wconf 87' lang='lat' dir='ltr'>n.</span> <span class='ocrx_word' id='word_1_1312' title='bbox 515 3812 554 3830; x_wconf 67' lang='grc' dir='ltr'>ιο.</span> <span class='ocrx_word' id='word_1_1313' title='bbox 571 3807 610 3831; x_wconf 85' lang='lat'>²8.</span> 
     </span>
    </p>
   </div>
   <div class='ocr_carea' id='block_1_14' title="bbox 670 3805 1382 3844">
    <p class='ocr_par' dir='ltr' id='par_1_21' title="bbox 670 3805 1382 3844">
     <span class='ocr_line' id='line_1_160' title="bbox 670 3805 1382 3844; baseline 0.003 -11"><span class='ocrx_word' id='word_1_1314' title='bbox 670 3807 681 3838; x_wconf 92' lang='lat'><strong>(</strong></span> <span class='ocrx_word' id='word_1_1315' title='bbox 698 3807 708 3830; x_wconf 83' lang='lat' dir='ltr'><em>l</em></span> <span class='ocrx_word' id='word_1_1316' title='bbox 723 3805 732 3837; x_wconf 76' lang='lat'><strong><em>)</em></strong></span> <span class='ocrx_word' id='word_1_1317' title='bbox 748 3807 831 3839; x_wconf 79' lang='lat' dir='ltr'>supra,</span> <span class='ocrx_word' id='word_1_1318' title='bbox 849 3818 872 3835; x_wconf 92' lang='lat' dir='ltr'>n.</span> <span class='ocrx_word' id='word_1_1319' title='bbox 892 3809 917 3839; x_wconf 82' lang='lat'>&#39;3-</span> <span class='ocrx_word' id='word_1_1320' title='bbox 935 3817 958 3839; x_wconf 82' lang='grc'>9.</span> <span class='ocrx_word' id='word_1_1321' title='bbox 976 3810 999 3835; x_wconf 77' lang='lat'>8:</span> <span class='ocrx_word' id='word_1_1322' title='bbox 1016 3811 1202 3844; x_wconf 30' lang='lat' dir='ltr'>fortasse-etiam</span> <span class='ocrx_word' id='word_1_1323' title='bbox 1219 3819 1242 3836; x_wconf 86' lang='lat'>².</span> <span class='ocrx_word' id='word_1_1324' title='bbox 1303 3811 1312 3841; x_wconf 94' lang='lat'>(</span> <span class='ocrx_word' id='word_1_1325' title='bbox 1330 3820 1354 3835; x_wconf 81' lang='lat' dir='ltr'>m</span> <span class='ocrx_word' id='word_1_1326' title='bbox 1373 3812 1382 3840; x_wconf 92' lang='lat'><em>)</em></span> 
     </span>
    </p>
   </div>
   <div class='ocr_carea' id='block_1_15' title="bbox 1398 3817 1462 3838">
    <p class='ocr_par' dir='ltr' id='par_1_22' title="bbox 1398 3817 1462 3838">
     <span class='ocr_line' id='line_1_161' title="bbox 1398 3817 1462 3838; baseline 0.016 -1"><span class='ocrx_word' id='word_1_1327' title='bbox 1398 3820 1421 3838; x_wconf 86' lang='lat' dir='ltr'>n.</span> <span class='ocrx_word' id='word_1_1328' title='bbox 1436 3817 1462 3838; x_wconf 81' lang='lat'>6.</span> 
     </span>
    </p>
   </div>
  </div>
 </body>
</html>
