2498 4075
412 247 561 318 Epist.
599 251 760 302 Anat.
795 248 1003 302 Medica
1037 246 1135 301 XI.
1167 247 1284 298 Art.
1303 257 1341 304 5.
1361 245 1408 298 6.
1428 262 1472 308 7.
1492 242 1672 309 890&
1696 257 1770 292 10.

72 325 242 369 polyposas
264 328 483 361 concretiones
506 325 681 365 habebant,
705 326 738 359 in
762 328 905 368 proxima
916 327 986 359 vasa
995 338 1069 369 pro-

70 368 182 402 ducotas
206 395 214 401 .
352 372 388 403 In
420 371 533 404 Cranii
568 369 705 403 sectione
735 370 889 403 Craffiore
924 371 1068 412 meninge

72 411 162 449 laesa.
189 423 264 455 aqua
285 413 419 455 limpida
444 413 580 455 erumpit
601 437 605 442 .
631 411 750 445 Eadem
774 414 807 446 in
830 412 961 446 dextero
983 422 1067 446 cere-

71 454 120 487 bri
130 457 309 489 ventriculo
320 458 471 499 reperitur
485 468 492 490 :
507 458 538 488 in
551 455 673 488 sinistro
684 465 787 489 autem
799 458 947 498 aeruginiS
960 457 1067 489 colore

72 496 210 536 infesta,
233 511 302 542 quae
325 500 358 532 in
382 499 446 540 ejus
467 498 710 532 basiulcerosarn
721 499 892 533 cavitatem
905 498 1065 532 effecerat.

122 552 149 582 5·
175 542 277 575 Bafim
302 543 459 575 Lateralis
482 542 650 576 ventriculi
675 541 754 575 facit
769 565 780 581 ,
804 551 839 576 ut
863 541 966 582 nosti,
999 554 1071 574 cor-

76 594 134 625 pus
158 586 311 619 Striatnrn
336 596 399 618 non
426 596 520 627 parva
543 597 581 618 ex
606 594 713 628 parte.
739 583 841 628 Ejus,
864 595 918 618 aut
942 586 1069 618 viciniae

75 627 161 660 laefio
186 630 291 661 minor
307 653 314 667 ‚
339 628 480 662 minusve
503 639 618 669 acuta,
640 639 735 671 quam
759 630 791 661 in
816 630 919 670 priore
939 652 952 669 ,
975 628 1070 661 sinere

75 672 186 713 potuit
199 695 211 711 ,
234 672 397 704 hominem
409 669 531 705 diutius
546 674 646 705 vitam
660 671 782 704 trahere
795 696 802 702 .
816 673 979 705 Caeterum
993 682 1072 714 aqua

74 714 250 757 aeruginosa
275 725 313 746 an
337 715 427 748 ulcus
449 714 516 756 ipsa
539 712 692 750 induxit?
717 726 754 747 an
780 714 818 747 ab
839 715 942 747 ulcere
955 715 1074 757 produ-

74 757 125 790 ἃᾶ
139 756 295 791 est?Cum
312 757 447 799 limpida
457 756 527 791 esset
541 761 572 791 in
583 756 923 795 ventriculodextcr03
945 760 976 790 in
1000 758 1075 791 sini-

75 798 277 834 strovidetur
287 801 325 834 ab
336 802 438 834 ulcere
462 800 578 835 infecta
602 800 658 834 esse
681 813 718 832 eo
735 801 841 833 colore
863 824 875 840 ,
898 813 992 843 quern
1015 799 1074 833 sibi

76 842 352 888 favere,3fortass}e
379 843 579 878 existimasset
603 842 786 884 Willifius,
809 844 927 886 quippe
951 844 1075 886 paraly-

76 887 115 920 sis
138 885 291 928 ejusmodi
308 886 432 930 semper
454 888 510 921 esse
535 887 658 921 causam
681 887 828 923 credens,
852 889 1012 920 materiem
1023 896 1076 920 ex-

78 939 244 970 traneam,
264 932 310 964 &⁴
335 931 418 975 quasi
440 930 656 969 vitriolicam,
680 932 713 963 id
738 929 823 973 quod
849 931 881 962 in
895 930 1079 971 Sepulchre-

77 981 115 1004 to
159 984 261 1014 noque
285 978 346 1014 (c)
368 983 655 1008 commemoratur.
681 973 770 1013 Qid
785 982 887 1006 autem
900 970 1081 1007 ulcusistud

78 984 168 1051 fuisse
193 1027 367 1058 putemus,
389 1018 540 1060 posterius
563 1017 631 1059 (d)
654 1016 885 1050 indicabimus.

121 1062 151 1091 6.
176 1061 333 1095 SENEX
358 1072 455 1094 annos
478 1061 676 1102 septuaginta
699 1070 810 1098 natus,
834 1060 893 1102 qui
903 1057 990 1091 valde
1003 1058 1082 1092 edax

79 1102 206 1142 fuerat,
232 1105 400 1147 apoplexia
424 1103 530 1138 multo
553 1113 641 1136 antea
666 1103 856 1146 prehensus,
877 1105 908 1136 δε
923 1101 1082 1145 posthanc

79 1146 213 1189 paralysi
237 1156 306 1180 tota
330 1149 475 1189 corporis
501 1156 587 1189 parte
611 1145 762 1186 dextera,
784 1155 870 1189 parte
894 1146 990 1178 altera
1029 1145 1082 1179 sae-

79 1191 151 1231 pius
174 1190 367 1224 convulsivis
390 1190 531 1224 motibus
553 1189 758 1232 agitabatur.-
782 1198 886 1222 mente
908 1200 973 1222 non
1006 1200 1082 1223 con-

76 1232 201 1266 stabat:
226 1234 365 1268 calculos
389 1234 549 1267 interdum
576 1244 649 1267 cum
672 1233 758 1266 lotio
781 1231 947 1266 reddebat.

64 1276 287 1311 MORTUI
313 1279 438 1310 Ventre
462 1286 573 1319 aperto
589 1301 601 1317 ,
624 1276 829 1318 conspeetum
854 1275 896 1308 est
919 1284 1085 1308 omentum

79 1332 120 1352 eo
144 1321 341 1360 retraetum,
364 1329 400 1354 ut
424 1329 526 1354 totam
550 1320 720 1353 ventriculi
747 1320 938 1352 anteriorem
964 1328 1083 1361 partem

78 1363 264 1405 obtegeret.
288 1365 426 1406 I-Iepatis
449 1374 555 1397 autem
577 1362 696 1397 finister
718 1363 810 1396 lobus
825 1386 836 1402 ,
859 1364 913 1405 qui
927 1363 1085 1394 ventricu-

81 1408 108 1440 ii
132 1416 253 1447 partem
278 1407 356 1440 solet
379 1406 532 1440 obducere
547 1430 556 1446 ,
580 1408 634 1440 vix
659 1406 742 1440 hunc
765 1406 937 1448 tangebat,
969 1406 1087 1447 quippe

68 1448 240 1484 *abductus
262 1463 277 1483 a
302 1450 540 1493 diaphragmate
557 1473 565 1488 ‚
593 1451 644 1484 cui
669 1448 802 1482 firmiter
825 1459 961 1481 annexus
993 1457 1058 1481 erat
1081 1472 1088 1479 .

86 1496 188 1526 Porro
210 1494 428 1533 ventriculus,
451 1493 505 1526 etsi
530 1502 596 1527 erat
619 1502 824 1535 corrugatus3
848 1501 951 1524 tamen
970 1515 982 1531 ,
1005 1490 1089 1534 post-

86 1547 181 1580 quam
205 1536 350 1570 extensus
374 1536 460 1577 fuit,
482 1538 628 1570 inventus
651 1536 692 1568 est
727 1534 863 1577 amplior
895 1545 990 1576 quarn
1026 1534 1091 1575 ple-

88 1592 223 1622 rumque
251 1580 351 1613 solet.
375 1581 455 1612 Lien
481 1588 584 1612 autem
608 1578 771 1613 manifeste
796 1587 859 1610 erat
894 1578 994 1620 duplo
1024 1589 1089 1609 ma-

92 1625 145 1666 jor
168 1634 263 1665 quam
290 1634 346 1665 pai·
377 1621 450 1655 esset
472 1646 484 1661 ,
515 1623 622 1655 colore
655 1631 759 1655 autem
793 1621 987 1664 pei-obscuro
1008 1646 1015 1653 .
1051 1622 1088 1653 In

87 1678 159 1700 rene
182 1665 305 1699 sinistro
328 1665 442 1698 calculi
466 1665 647 1706 deprehensi
670 1665 741 1698 sunt
765 1674 926 1707 quatuor,
949 1676 1028 1698 unus
1038 1675 1090 1696 ca—

94 1710 202 1743 staneae
227 1706 467 1749 magnitudine,
500 1708 614 1750 reliqui
649 1711 785 1742 minores
813 1733 820 1739 .
953 1707 1090 1741 Thorax

88 1749 225 1786 reclusus
251 1762 314 1784 non
338 1750 402 1784 est.
541 1754 630 1786 Dum
653 1752 827 1785 Cerebrum
852 1763 867 1784 e
889 1752 1002 1784 cranio
1025 1752 1093 1783 exi-

90 1798 213 1834 mitur,
237 1794 337 1828 serum
362 1793 448 1837 quod
473 1795 556 1828 inter
578 1795 743 1836 Crassam,
782 1797 813 1827 δε
847 1796 992 1828 Tenuem
1029 1805 1093 1826 me-

92 1840 222 1880 ningem
246 1839 489 1873 continebatur,
513 1848 638 1871 emanat
654 1863 661 1870 .
689 1841 726 1871 In
758 1839 939 1872 ventriculo
971 1836 1096 1870 finislm

89 1882 201 1924 plexus
226 1880 407 1921 Choroides
432 1880 569 1913 habebat
593 1893 709 1924 corpus
733 1881 873 1924 phaseoli
900 1879 1098 1923 magnitudi-

88 1936 148 1965 ne,
171 1936 209 1958 ex
232 1925 331 1957 variis
358 1923 499 1958 constans
524 1923 753 1966 hydatidibus:
774 1924 830 1958 sub
841 1923 1013 1966 eodemque
1025 1936 1098 1957 ven-

95 1968 216 2001 triculo
239 1967 323 2001 sinus
347 1976 414 2001 erat
437 1990 447 2006 ‚
479 1966 570 2010 cujus
605 1970 740 2010 parietes
775 1968 945 2001 substantia
977 1968 1098 2000 cerebri

92 2011 229 2045 faciebat
275 2011 354 2045 flava
400 2022 433 2044 ac
482 2010 611 2044 flaccida
636 2036 649 2053 ,
681 2023 752 2056 quae
784 2021 934 2054 corrupta
968 2011 1099 2044 videba-

94 2064 166 2089 tur·

132 2109 163 2141 7.
190 2100 288 2131 Senex
313 2097 367 2130 hic
393 2098 508 2131 tertius
524 2122 535 2138 ,
560 2100 685 2142 quippe
707 2099 829 2132 caeteris
863 2107 957 2132 aetate
985 2108 1099 2141 prove-

97 2141 201 2179 istim,
227 2152 260 2173 ac
285 2149 436 2182 praeterea
457 2164 469 2181 ,
492 2144 582 2184 quod
617 2143 787 2175 ventriculi
821 2142 886 2183 ipsa
921 2141 1101 2183 amplitudo

95 2183 330 2223 confirmabat,
357 2183 511 2224 edacior,
535 2196 596 2219 non
621 2185 814 2226 hemiplexia
838 2194 987 2224 tantum,
1010 2184 1101 2217 util-

97 2228 146 2268 li,
169 2236 335 2269 correptus
360 2225 488 2265 fuerat,
514 2227 563 2260 sed
588 2232 620 2261 &
646 2238 752 2260 renum
773 2226 982 2268 paffionibus,
1008 2237 1100 2268 atque

97 2269 284 2313 apoplexia,
306 2280 383 2311 quas
405 2273 601 2312 caeteroquin
625 2271 842 2310 Hippocrates
866 2272 929 2309 (e)
953 2271 1035 2302 inter
1058 2270 1101 2302 se-

95 2325 173 2346 num
198 2312 327 2344 morbos
352 2315 617 2352 connumeravit,
643 2313 681 2346 ad
703 2311 771 2346 li'aec
795 2310 980 2353 desipientia
1003 2338 1011 2352 ‚
1046 2312 1100 2345 de-

93 2357 192 2398 nique
216 2357 247 2389 ὅ(
273 2355 417 2388 motibus
440 2355 634 2388 convulsivis
657 2357 689 2388 in
713 2354 834 2388 sinistra
859 2357 1003 2397 corporis
1029 2368 1099 2397 par-

94 2407 148 2437 te,
172 2410 187 2431 a
212 2396 301 2437 sero,
326 2408 360 2431 ut
385 2398 527 2440 opinor,
550 2398 653 2438 salso,
675 2397 760 2439 quod
784 2407 819 2430 ut
856 2399 941 2431 inter
975 2400 1099 2431 menin-

94 2453 149 2484 ges
173 2449 238 2473 erat
263 2462 271 2476 ‚
308 2440 349 2473 sic
372 2440 526 2482 utrinque
552 2440 712 2473 irritando
735 2466 743 2479 ‚
775 2439 939 2474 dexteram
972 2453 1098 2484 quoque

91 2482 315 2519 convulsisset,
340 2482 397 2515 nisi
422 2483 488 2515 haec
513 2494 602 2517 autea
627 2483 761 2517 resoluta
787 2482 882 2516 esset.
909 2483 1098 2518 Resolutio-

88 2529 143 2561 nis
166 2535 268 2559 autem
292 2526 413 2558 causam
437 2524 492 2558 liic
517 2529 613 2560 etiarn
638 2527 723 2560 vides
749 2526 803 2560 sub
831 2528 1098 2560 Lateraliventri-

93 2571 191 2609 culo,
215 2567 276 2602 hoc
298 2568 339 2601 est
362 2569 416 2602 sub
429 2580 563 2611 corpore
578 2571 698 2604 Striato
711 2569 813 2612 ejusve
838 2570 1095 2612 vicinia.Q0d

92 2624 169 2647 vero
192 2613 343 2645 viciniam
366 2623 495 2655 quoque
518 2613 818 2656 comprehendimus
840 2638 852 2654 ,
885 2623 953 2647 tum
988 2616 1094 2648 obser-

92 2658 236 2689 vationes
262 2656 336 2688 alias
358 2655 528 2698 propofitae
552 2683 560 2697 ‚
591 2668 661 2690 turn
696 2657 751 2689 illa
785 2658 881 2690 etiam
916 2658 995 2690 facit
1028 2670 1093 2701 qua

91 2697 296 2732 Christianus
322 2699 460 2732 Vaterus
486 2698 547 2741 (f)
570 2700 638 2742 post
663 2700 791 2733 alterius
814 2699 938 2733 brachii
973 2702 1098 2743 paraly-

94 2741 177 2782 sim,
197 2741 388 2788 ossiculum,
411 2742 459 2775 vel
483 2752 659 2776 concretum
683 2744 834 2785 gypseum
858 2743 1098 2777 durissimumin

95 2785 245 2829 opposito
268 2796 435 2820 nervorum
459 2785 603 2819 thalamo
626 2786 851 2829 deprehendit.

142 2829 171 2861 S.
198 2828 341 2860 Eandem
365 2838 468 2862 autem
493 2830 583 2862 illam
606 2841 701 2872 quam
726 2830 786 2864 hoc
810 2832 842 2862 in
867 2830 957 2870 sene,
980 2831 1098 2863 ultimo

96 2871 172 2904 loco
196 2870 343 2913 descripsi
366 2873 484 2905 cerebri
510 2872 667 2906 laesionem
690 2881 724 2906 ut
750 2872 908 2907 diuturnae
944 2874 1098 2916 hemiple-

97 2916 183 2953 xize,
206 2912 246 2945 fic
268 2916 406 2957 antiquae
429 2917 527 2948 etiarn
551 2917 730 2959 apoplexiae
754 2916 880 2949 causam
906 2915 1015 2952 fuisse,
1031 2929 1095 2950 non

98 2957 239 2996 dubim,
262 2968 369 2990 eorum
392 2969 515 2991 memor
537 2971 607 3002 quae
632 2957 799 2992 secundum
824 2960 1095 2993 Brunneriobser-

96 3002 284 3039 vatione-m,
308 3002 337 3032 ἃ
361 3000 518 3043 judicium
543 3004 580 3035 ad
606 3012 636 3035 te
649 3004 725 3035 alias
750 3006 815 3044 (g)
839 3002 944 3044 scripsi
962 3004 1097 3036 ‚Nimi-

97 3055 169 3076 rum
193 3054 285 3085 quem
313 3043 458 3078 Valsalva
482 3044 581 3078 sinum
607 3046 801 3088 appellavit,
834 3044 924 3087 cujus
959 3049 1096 3088 parietes

97 3096 250 3128 corrupta
276 3085 390 3118 faceret
414 3088 581 3122 substantia
607 3088 755 3128 cerebri,
788 3089 981 3122 mediocrem
1014 3091 1096 3123 olim

95 3140 283 3168 cavernam,
306 3139 429 3170 repente
452 3131 662 3172 productam,
685 3131 774 3165 fuisse
796 3132 903 3164 censeo
928 3144 961 3165 ea
973 3135 1097 3167 ratione

97 3185 158 3215 qua
184 3173 243 3205 alia
266 3172 301 3204 ad
315 3181 357 3213 „te
372 3173 520 3220 ,Epistola
544 3174 616 3213 (li)
640 3176 821 3215 declaravi,
850 3187 921 3219 quce
935 3177 1096 3210 artedein-

99 3217 160 3256 de,
183 3218 214 3248 &
238 3213 413 3258 praesertim
437 3227 545 3250 natura
569 3218 758 3262 adjuvante,
783 3219 811 3251 s'e
834 3222 1029 3252 contraxerit
1062 3221 1103 3252 in'

97 3259 180 3293 finus
213 3257 373 3291 modum.
410 3259 462 3292 Sic
493 3261 606 3294 eodem
638 3260 782 3304 spectasse
815 3263 972 3295 minorem
1007 3263 1097 3296 illam

96 3310 259 3335 cavernam
271 3301 391 3335 credidi
405 3325 417 3341 ,
441 3301 634 3337 semificcato
644 3317 738 3339 muco
751 3305 897 3346 plenam,
919 3318 1013 3348 quam
1025 3318 1099 3339 curn

96 3346 192 3388 longe
214 3345 368 3392 ampliore
381 3368 402 3393 ,ι
418 3344 564 3387 sanguine
587 3348 699 3381 referta
713 3372 726 3388 ,
750 3350 783 3380 in
807 3349 1004 3391 apoplecsica
1030 3361 1098 3383 mu-

97 3389 172 3421 liere
195 3387 341 3435 descripsi
366 3388 443 3430 (z).
469 3389 540 3421 Nec
561 3392 696 3425 multum
720 3391 848 3425 fortasse
873 3404 888 3424 a
913 3393 1000 3425 recto
1011 3392 1097 3425 aber-

97 3443 196 3466 rarem
211 3457 219 3470 ,
244 3431 264 3465 si
290 3431 431 3474 ejusdem
455 3442 530 3473 pene
554 3432 640 3468 fuisse
663 3438 782 3478 generis
805 3436 874 3468 illas
884 3435 1096 3478 quoqueduas

96 3486 262 3516 cavernas,
286 3476 423 3508 dicerem
438 3497 445 3511 ,
469 3487 546 3517 quas
570 3476 607 3509 de
630 3478 790 3521 Epilepsia
814 3478 952 3511 scribens
975 3479 1039 3518 (k)
1062 3481 1097 3511 iri

96 3519 174 3551 viro
194 3541 203 3556 ,
240 3521 382 3561 itemque
416 3520 448 3550 in
481 3519 611 3552 muliere
644 3523 846 3560 memoravi,
872 3522 1029 3555 minorem
1062 3523 1095 3554 in

96 3561 176 3602 hac,
200 3564 232 3595 &
256 3562 324 3595 sero
350 3562 496 3603 plenam,
522 3564 605 3604 quod
630 3576 668 3597 ex
700 3574 787 3607 parte
818 3565 998 3607 nigricabat
1018 3588 1030 3605 ,
1063 3568 1095 3598 δε

96 3605 149 3638 fila
173 3604 256 3647 quasi
281 3603 427 3649 quaedam
453 3604 605 3643 habebat,
629 3609 780 3650 majorem
804 3609 835 3641 in
860 3609 942 3648 1110,
967 3612 997 3642 δε
1022 3618 1094 3642 curn

181 3649 344 3690 Morgagni
357 3649 391 3681 de
405 3649 471 3681 Sed.
487 3649 527 3681 (θ’
538 3649 622 3691 Caus-
635 3650 735 3683 Morb.
751 3651 848 3684 Tom.
864 3652 890 3684 I.

1118 325 1206 363 sero,
1228 323 1387 365 sanguinis
1411 322 1592 366 portionem
1615 319 1698 350 intra
1708 315 1877 360 inaequales
1888 314 2019 357 parietes
2031 324 2112 359 con-

1119 370 1296 401 tinentem.-
1318 376 1496 409 quanquam
1519 364 1568 396 ibi
1590 362 1686 394 malui
1700 360 1899 402 apostematis
1915 385 1922 397 ‚
1946 355 2112 405 abscessus-

1117 423 1153 443 ve
1175 410 1304 443 nomine
1327 409 1520 451 complecti,
1545 418 1618 439 cum
1631 403 1731 436 videri
1756 403 1874 444 possent
1899 402 1955 434 illa
1979 398 2111 442 quidem

1119 455 1157 487 ab
1178 454 1245 486 ictu
1261 476 1274 493 ,
1294 451 1362 485 haec
1385 463 1456 484 vero
1479 450 1577 483 ablue
1589 458 1715 480 venerea
1727 444 1833 478 sensim
1845 444 2112 487 pr'oductae:quae

1122 507 1193 535 rcs3
1218 507 1254 528 ne
1276 493 1313 527 de
1338 495 1500 537 utriusque
1525 492 1591 525 sede
1625 488 1799 533 quidquam
1830 490 1972 521 dicamus
1996 497 2006 535 ξ
2044 487 2112 518 sor-

1121 539 1195 573 tasse
1217 538 1319 576 fecit,
1342 548 1378 569 ne
1410 537 1445 571 ad
1477 546 1589 569 caetera
1621 530 1824 567 incommoda
1856 531 2023 573 apoplexm
2059 539 2112 577 ac-

1120 582 1265 622 cesserit,
1287 588 1339 614 aut
1363 590 1488 613 artuum
1514 579 1687 612 resolutio:
1712 587 1783 621 quae
1806 585 1905 617 neque
1938 572 1977 605 ad
2010 581 2116 622 ⁴verti-

1121 628 1227 664 ginem
1252 624 1345 658 vituli
1371 621 1514 656 acceffisse
1538 623 1693 664 legimus,
1715 629 1822 666 cujus·
1839 619 1872 666 in
1902 615 2018 665 cerebri
2045 613 2117 665 ‘ipsa

1122 663 1291 705 substantia
1316 677 1377 700 tres
1401 664 1567 708 hydatides
1582 687 1591 701 ‚
1615 664 1669 696 ovi
1682 661 1858 696 columbini
1873 657 2116 701 magnitudine,

1125 713 1257 746 humore
1281 708 1421 751 limpido
1445 708 1548 748 plenas
1569 704 1775 752 deprehendit
1800 704 1978 736 Brunnerus
2011 701 2086 740 (l)
2110 724 2119 731 .

1126 757 1250 789 Tamen
1273 753 1358 797 quod
1382 751 1513 791 sensim,
1537 754 1566 784 δε
1594 751 1632 783 ab
1655 752 1720 782 sero
1744 749 1843 789 magis
1866 757 1960 788 quam
1983 745 2021 794 ab
2054 743 2122 776 san-

1125 800 1242 838 guine,
1265 808 1403 830 cavernae
1426 794 1569 838 quaedam
1605 792 1851 834 producantur,
1884 799 1948 822 non
1981 787 2053 837 ideo
2085 797 2123 819 ex

1126 836 1242 881 erosis,
1266 850 1319 874 aut
1343 851 1380 872 ex
1403 838 1554 880 disruptis
1578 835 1775 869 vasculorum
1797 832 1916 865 cerebri
1938 840 2056 865 tunicis
2069 829 2125 862 sie-

1127 886 1153 916 ri
1177 896 1239 917 non
1263 882 1404 927 possent.
1431 879 1505 914 Imo
1529 878 1677 923 possunt,
1702 878 1798 911 modo
1821 877 1896 909 levis
1919 875 1995 925 adeo
2006 873 2043 906 sit
2056 884 2126 906 ero-

1128 927 1173 961 sio
1198 928 1250 959 illa
1267 951 1275 965 ‚
1302 936 1355 959 aut
1377 924 1561 967 disruptio,
1582 932 1617 956 ut
1642 924 1724 955 lente
1748 920 1877 953 exsudet
1902 927 2124 968 potiusquam

1131 980 1276 1012 erumpat
1300 969 1460 1011 sanguinis
1484 969 1593 1009 portio
1608 987 1617 1002 ‚
1640 976 1736 1012 eaque
1761 963 1858 997 serosa
1880 972 1993 1012 *magis
2029 971 2126 1003 quam

1132 1012 1247 1047 crassa:
1273 1024 1339 1055 quo
1361 1011 1439 1044 facit
1464 1011 1623 1052 sanguinis
1646 1011 1742 1050 ipsius
1765 1009 1799 1040 in
1831 1005 2019 1049 quibusdam
2052 1014 2129 1036 cor-

1133 1056 1264 1099 poribus
1288 1064 1399 1088 natura
1424 1055 1525 1095 magis
1549 1050 1662 1094 aquosa
1685 1076 1693 1090 ,
1715 1051 1810 1092 copia
1845 1051 1952 1081 minor
1972 1071 1980 1085 ‚
2018 1056 2128 1080 motus

1132 1100 1277 1142 segnior.
1302 1096 1404 1133 Quod
1428 1097 1449 1128 si
1475 1095 1522 1128 hae
1546 1106 1684 1128 cavernae
1694 1093 1952 1133 disrumpantur;
1972 1102 2034 1122 non
2047 1090 2132 1139 mul-

1132 1142 1274 1176 to'seciis
1298 1152 1331 1172 ac
1354 1140 1418 1172 illae
1443 1151 1512 1182 quae
1537 1137 1695 1179 sauguinis
1720 1137 1819 1178 plenae
1846 1134 1915 1167 sunt
1937 1136 1950 1172 (
1973 1144 2003 1166 m
2025 1138 2059 1173 )‚
2083 1133 2131 1166 nil

1135 1185 1220 1220 aliud
1243 1196 1338 1222 quarn
1364 1184 1466 1216 ulcera
1490 1180 1599 1218 fuisse,
1623 1182 1657 1212 in
1689 1179 1894 1224 cadaveribus
1923 1175 2024 1209 videri
2059 1175 2133 1218 pos-

1135 1230 1224 1263 sunt.-
1251 1223 1343 1270 idque
1367 1228 1400 1259 in
1423 1238 1461 1258 eo
1483 1226 1539 1268 qui
1564 1223 1653 1266 supra
1702 1229 1712 1263 (
1738 1232 1756 1254 n
1778 1226 1792 1262 )
1837 1220 2016 1261 descriptus
2056 1219 2097 1269 est
2121 1242 2134 1259 ,

1136 1271 1271 1306 secundo
1294 1271 1361 1304 sene
1385 1267 1502 1302 accidit
1524 1290 1533 1305 ‚
1569 1277 1604 1300 ut
1634 1267 1754 1309 opinor
1777 1289 1790 1306 ,
1822 1265 1903 1297 unde
1936 1274 2019 1307 aqua
2053 1260 2137 1311 infe-

1137 1317 1187 1349 Fra
1210 1315 1248 1348 sit
1271 1314 1422 1356 aeruginis
1449 1313 1552 1345 colore
1576 1335 1583 1341 .
1618 1310 1707 1343 Nam
1731 1311 1764 1342 in
1803 1309 1910 1350 primo
1942 1309 1955 1345 (
1977 1318 1993 1355 ρ
2017 1310 2028 1345 )
2062 1306 2137 1339 flui-

1137 1359 1216 1396 dus,
1239 1360 1294 1401 qui
1318 1367 1391 1390 curn
1414 1358 1480 1388 sero
1504 1352 1642 1397 limpido
1664 1362 1809 1396 eruperat
1832 1375 1844 1391 ,
1876 1351 2000 1391 sanguis
2030 1360 2139 1382 caver-

1140 1414 1211 1435 nam
1235 1398 1381 1440 indicat,
1402 1411 1472 1442 quae
1497 1399 1652 1431 Sti-iatum
1675 1407 1794 1439 corpus
1825 1395 1862 1427 ab
1895 1395 2020 1442 reliquo
2054 1403 2137 1442 cere-

1140 1447 1200 1478 bro
1232 1445 1421 1488 separaverat
1441 1466 1454 1483 ,
1484 1441 1523 1475 ad
1555 1453 1603 1474 eas
1638 1441 1737 1482 magis
1772 1438 1916 1471 accessisse
1938 1448 2008 1479 quae
2031 1447 2139 1469 minus

1142 1491 1224 1522 lente
1268 1488 1349 1522 fiunt
1391 1510 1400 1526 ‚
1458 1487 1488 1519 &
1535 1487 1600 1518 ΙΙΙ.
1649 1483 1795 1526 Epistola
1839 1484 1852 1522 (
1878 1491 1903 1523 p
1933 1483 1948 1520 )
1990 1477 2140 1523 expositae

1141 1533 1231 1567 suut.

1184 1589 1215 1617 9.
1239 1575 1322 1611 Quae
1345 1574 1452 1608 omnia
1475 1584 1545 1606 cum
1580 1572 1656 1605 bene
1690 1568 1889 1613 perpenderis
1911 1580 1924 1609 ;
1955 1576 2026 1600 tum
2057 1567 2143 1616 legas

1141 1620 1239 1652 velim
1262 1621 1294 1650 in
1319 1617 1526 1660 Sepulchreto
1549 1620 1559 1654 (
1584 1627 1602 1657 q
1624 1619 1639 1655 )
1662 1615 1751 1647 illam
1777 1611 1924 1656 Wepferi
1947 1611 2147 1644 observatio-

1143 1674 1235 1702 nem,
1259 1663 1292 1694 in
1316 1672 1377 1703 qua
1400 1669 1568 1693 anatomen
1598 1657 1772 1691 describens
1797 1655 2028 1699 hemiplceticae
2049 1655 2144 1704 ‘Vir-

1142 1707 1248 1750 ginis,
1272 1704 1348 1738 duas
1370 1705 1402 1737 in
1427 1703 1556 1736 dextero
1578 1702 1696 1734 cerebri
1719 1701 1898 1734 ventriculo
1920 1706 2073 1742 proponit
2091 1709 2147 1730 ca-

1144 1759 1275 1788 vernas,
1300 1748 1429 1780 alteram
1461 1748 1514 1779 ovi
1549 1746 1714 1787 gallinacei
1749 1742 1971 1786 magnitudine
2004 1739 2148 1775 nondum

1149 1803 1311 1836 apertam,
1335 1792 1487 1831 alteram,
1510 1801 1605 1833 quam
1628 1787 1681 1822 etsi
1705 1791 1737 1821 in
1763 1785 1963 1832 recludendo-
1986 1787 2149 1819 ventricu-

1149 1837 1183 1869 lo
1218 1836 1301 1868 forte
1345 1834 1521 1876 disruperat
1540 1855 1549 1869 ,
1589 1843 1694 1865 tamen
1724 1843 1762 1864 ex
1793 1833 1886 1873 copia
1917 1828 2022 1862 estusae
2052 1839 2146 1872 aquae

1149 1878 1285 1912 turbidae
1309 1879 1435 1921 qualem
1459 1880 1490 1909 in
1515 1877 1615 1918 prima
1639 1886 1765 1919 quoque
1787 1875 1931 1912 invenit,
1954 1882 2012 1904 non
2044 1872 2150 1905 multo

1150 1923 1208 1956 hac
1232 1923 1380 1954 minorem
1397 1919 1491 1964 fuiffe
1506 1944 1514 1958 ‚
1538 1921 1571 1951 in
1595 1918 1746 1959 subjectis
1780 1917 1919 1951 Scholiis
1951 1914 2110 1948 existimat
2136 1939 2150 1955 ,

1149 1975 1299 2008 praeterea
1322 1975 1425 1998 autem
1451 1966 1520 2003 ait,
1542 1964 1574 1996 in
1589 1963 1713 2005 fundo,
1737 1961 1778 1994 (ψ’
1800 1961 1839 1993 ad
1862 1961 1960 1995 latera
1990 1961 2151 2008 ventricuss

1150 2011 1174 2043 li
1201 2031 1209 2046 ‚
1242 2018 1369 2049 corpora
1406 2010 1530 2040 seriata
1552 2029 1564 2046 ,
1599 2009 1639 2039 Θ·
1670 2006 1842 2047 portionem
1874 2012 2011 2051 corporei
2040 2002 2150 2045 Calloji

1149 2052 1326 2086 exulcerata
1340 2074 1353 2090 ,
1376 2050 1559 2092 inaequalia,
1581 2051 1623 2083 (ff
1645 2047 1727 2091 quafi
1751 2047 1850 2081 lacera
1872 2056 2013 2089 apparui
2029 2057 2063 2080 e.
2088 2048 2154 2080 Vc·-

1150 2108 1221 2128 i‘um
1245 2093 1267 2127 si
1291 2093 1480 2136 diligentius
1504 2094 1611 2126 omnia
1636 2091 1777 2125 attendas
1799 2103 1808 2129 3
1834 2091 1976 2133 proclive
2008 2091 2069 2123 erit
2102 2091 2154 2123 in-

1151 2140 1314 2180 telligere,
1333 2136 1528 2180 superficiem
1552 2136 1632 2169 hanc
1667 2146 1736 2178 quae
1768 2134 1962 2182 inaequalis-‚⁴
1993 2137 2035 2168 τῇ·
2068 2134 2152 2176 quasi

1151 2183 1239 2223 exesa
1262 2182 1303 2214 &¹
1325 2180 1504 2214 exulcerata
1527 2180 1698 2221 apparuit,
1721 2188 1785 2210 non
1809 2187 1896 2210 extra
1909 2175 2086 2219 disruptam
2095 2189 2149 2210 ca-

1150 2235 1297 2262 vernam,
1322 2222 1372 2256 sed
1395 2224 1479 2255 intra
1503 2223 1602 2264 ipsam
1626 2220 1735 2255 fuisse.
1761 2222 1794 2253 Si
1817 2221 1903 2253 enirn
1926 2231 2058 2253 caverna
2082 2220 2150 2254 haec

1152 2267 1259 2301 fuisset
1274 2289 1282 2303 ,
1307 2275 1342 2300 ut
1365 2266 1420 2298 illa
1443 2267 1565 2309 integra
1584 2291 1592 2305 ‚
1614 2264 1768 2307 peculiari
1778 2263 1883 2309 tunica
1896 2286 1905 2302 ,
1931 2261 2062 2305 crassitie
2069 2274 2149 2305 pen-

1151 2322 1194 2344 72ae
1217 2308 1418 2349 columbinae,
1443 2309 1575 2350 vestita,
1597 2318 1649 2341 aut
1672 2316 1778 2346 certe,
1804 2308 1850 2346 si,
1883 2315 1919 2340 ut
1943 2306 1999 2338 illa
2018 2330 2030 2346 ‚
2058 2305 2154 2349 fbllz}

1151 2353 1220 2387 culo
1243 2352 1386 2395 inclusa,
1409 2361 1445 2385 ut
1468 2354 1594 2386 videtur
1617 2350 1756 2383 indicare
1771 2375 1779 2388 ‚
1802 2360 1876 2382 cum
1897 2349 2004 2383 ambas
2019 2348 2153 2392 follicu-

1150 2396 1197 2429 los
1221 2405 1340 2434 vocat,-
1366 2394 1512 2437 profeCffl
1535 2400 1565 2429 δε
1590 2393 1687 2436 hujus
1708 2396 1874 2432 tunicam,
1899 2396 1931 2426 δέ
1956 2393 2059 2426 sedern
2079 2417 2092 2434 ,
2114 2404 2151 2428 ut

1149 2440 1258 2478 illius,
1285 2437 1509 2480 descripsisset,
1533 2450 1630 2481 neque
1655 2435 1909 2480 magnitudinem
1932 2448 1970 2468 ex
1984 2436 2048 2469 sola
2061 2449 2149 2480 aquae

1149 2484 1244 2525 copia
1266 2482 1406 2514 divinare
1427 2484 1560 2515 coaetus
1591 2480 1660 2514 esset
1687 2505 1693 2511 .
1730 2480 1841 2522 Igitur
1873 2480 1963 2512 nullo
2001 2480 2152 2515 folliculo

1148 2525 1229 2559 hanc
1253 2524 1385 2568 quidem
1410 2527 1536 2566 proprie
1559 2521 1815 2568 comprehensam
1850 2522 2037 2556 crediderim
2059 2537 2067 2561 3
2101 2524 2153 2559 sed

1149 2568 1214 2611 ejus
1239 2567 1371 2612 parietes
1396 2569 1487 2600 illam
1509 2567 2151 2611 ipsamfuiss‘esuostantiam,quae,post-

1147 2624 1240 2655 quam
1266 2623 1396 2645 caverna
1420 2610 1562 2655 disrupta
1586 2610 1651 2650 est,
1674 2609 1758 2654 quasi
1783 2610 1892 2650 exesa,
1917 2612 1947 2643 δε
1971 2611 2150 2646 exulcerata

1148 2658 1315 2699 apparuit.

1197 2711 1245 2734 10.
1270 2700 1431 2733 Caeterum
1456 2698 1613 2733 laudatam
1637 2699 1714 2732 alias·
1734 2703 1747 2739 <
1769 2710 1784 2731 i·
1808 2703 1822 2734 >
1843 2697 1997 2731 Valsasvae
2027 2700 2150 2734 doc-tri..

1153 2755 1225 2776 nam
1250 2743 1334 2776 haud
1359 2743 1446 2776 secus
1469 2755 1502 2776 ac
1526 2743 1646 2785 triplex
1670 2741 1909 2785 propositorum
1943 2742 2048 2776 senum
2084 2743 2151 2777 dis-

1152 2787 1273 2826 sectio,
1297 2785 1363 2820 haec
1386 2797 1514 2829 quoque
1539 2786 1685 2828 chferi
1716 2785 1904 2828 comprobat
1928 2784 2118 2831 «observatio
2138 2813 2147 2820 .,

1150 2832 1266 2864 Fuerat
1291 2831 1374 2863 enim
1399 2830 1590 2872 lieniiplexia
1615 2830 1754 2861 inlatere
1764 2840 1818 2862 cor
1842 2827 2148 2870 01-islir1istro,cu·m

1150 2873 1254 2910 laefio,
1280 2883 1315 2907 ut
1338 2872 1497 2910 vidimus,
1521 2874 1553 2904 in
1579 2872 1758 2906 ventriculo
1782 2883 1797 2903 e
1823 2871 1980 2905 etcerebri
1993 2871 2148 2908 dextero:

1149 2917 1183 2950 id
1206 2917 1290 2960 quod
1313 2925 1480 2969 antequam
1504 2916 1584 2949 lianc
1609 2915 1804 2957 Sepulchreti
1819 2916 1999 2949 Sectionem
2010 2916 2148 2959 diligen-

1148 2963 1214 2994 tius
1237 2961 1405 2996 versarem,
1432 2967 1594 3002 nunquam
1618 2959 1835 2998 attenderam,
1860 2969 1894 2991 ut
1918 2962 2062 3002 nequein
2076 2961 2148 2994 Ob-

1149 3003 1345 3039 servatione,
1372 3015 1440 3045 quae
1463 3002 1583 3035 ibidem
1605 3002 1675 3042 est,
1697 3003 1792 3035 altera
1815 3001 1878 3044 (s)
1898 3002 2035 3045 Joanuis
2064 3004 2148 3038 Bau.

1149 3047 1242 3086 hini,
1266 3048 1299 3078 in
1323 3047 1381 3078 illo
1404 3046 1516 3080 eodem
1539 3044 1662 3079 sinistro
1687 3047 1782 3078 latere
1805 3045 1972 3087 paralysim
1995 3071 2004 3085 ,
2028 3048 2147 3090 aposte-

1148 3102 1197 3123 ma
1221 3100 1323 3123 autem
1349 3088 1436 3121 fuisse
1461 3091 1494 3121 in
1516 3089 1635 3121 cerebri
1660 3098 1746 3131 parte
1758 3088 1979 3123 dextera.Sed
1993 3091 2145 3124 nimirum

1148 3144 1212 3166 non
1237 3143 1302 3165 tam
1327 3133 1509 3166 mirandum
1531 3133 1592 3169 est,
1618 3133 1683 3166 haec
1708 3144 1757 3166 me
1782 3131 1915 3174 fugisse,
1937 3143 2032 3176 quam
2044 3135 2146 3176 Wep-

1148 3176 1273 3216 ferum,
1297 3178 1350 3219 qni
1377 3185 1440 3208 rein
1465 3176 1554 3208 semel
1580 3177 1762 3219 iterumque
1787 3176 1850 3219 jam
1876 3174 1996 3207 viderat
2030 3179 2044 3215 ζ
2067 3185 2081 3208 t
2104 3181 2146 3218 J,

1148 3222 1234 3262 parvi
1260 3220 1337 3252 adeo
1362 3218 1484 3252 fecisse.
1511 3221 1589 3260 'Non
1611 3222 1749 3261 equidem
1773 3231 1865 3261 nego,
1889 3220 1997 3260 inquit
2023 3224 2032 3258 (
2057 3230 2076 3252 u
2096 3225 2111 3260 )
2130 3245 2144 3262 ,

1150 3272 1285 3296 tumores
1308 3262 1377 3302 istos
1399 3262 1570 3296 ventriculi
1592 3264 1695 3296 dextri
1718 3264 1757 3296 ad
1779 3261 2010 3303 Hemi'plegiam
2026 3263 2146 3305 finistri

1149 3306 1259 3340 lateris
1274 3305 1451 3348 symbolum
1469 3306 1561 3344 suum
1584 3306 1744 3349 eontulzffe
1764 3329 1776 3345 ,
1808 3316 1878 3337 nam
1911 3303 2038 3346 ipsemet
2070 3318 2143 3340 cum

1146 3349 1296 3391 plui-imis
1318 3348 1393 3381 aliis
1416 3347 1578 3391 obfhrvavi
1601 3359 1659 3381 uno
1681 3349 1777 3381 latere
1800 3345 1906 3390 affecio
1927 3370 1937 3384 ‚
1971 3349 2142 3391 oppositum

1146 3391 1281 3435 paralyfi
1303 3391 1475 3432 correptum
1489 3390 1605 3434 fuiffe:
1627 3402 1734 3425 verum
1742 3390 1860 3433 sociam
1876 3413 1883 3426 ‚
1907 3389 2062 3434 &forsan
2072 3394 2144 3433 pri-

1150 3437 1279 3468 mariam
1304 3437 1424 3475 causam
1447 3435 1672 3476 Hemiplegiae‚
1687 3433 1794 3475 serum
1817 3433 1952 3476 extitiffe
1975 3434 2110 3468 arbitror
2128 3459 2143 3476 ‚

1151 3477 1232 3511 illud
1257 3478 1427 3516 videlicet,
1450 3490 1515 3520 quo
1539 3479 1641 3518 possea
1665 3477 1786 3510 cerebri
1810 3477 1939 3518 porulos
1963 3476 2141 3512 obstructos

1148 3520 1260 3560 fuisse,
1281 3520 1496 3553 existimabat.
1522 3520 1596 3554 Nisi
1619 3519 1771 3560 dixisset,
1794 3519 1828 3552 id
1852 3519 1880 3552 se
1904 3530 1974 3553 cum
1987 3519 2146 3561 plurimis¹

1146 3565 1220 3598 aliis
1231 3561 1443 3600 observavisse,
1458 3563 1608 3607 suspicari
1619 3565 1737 3607 aliquis
1746 3561 1854 3605 posset,
1866 3562 1950 3595 idem
1962 3564 2049 3606 quod
2060 3565 2143 3598 Val-

1147 3608 1228 3641 salva
1248 3608 1374 3649 postea,
1397 3606 1430 3640 id
1452 3606 1494 3640 est
1518 3607 1557 3639 ab
1581 3608 1703 3639 interna
1725 3606 1815 3639 causa
1839 3605 1958 3652 factum
1982 3608 2015 3640 in
2047 3608 2144 3651 longa

1661 3651 1688 3683 L
1734 3660 1751 3682 2
2012 3650 2103 3686 disse—

99 3707 2150 3724 *mh—Qu

241 3754 320 3779 schol.
338 3756 367 3780 ad
385 3754 457 3782 huius
473 3755 534 3781 Sest.
550 3755 609 3779 Obs.
629 3762 650 3778 2.
716 3756 729 3784 (
745 3756 763 3780 d
779 3757 793 3786 )
809 3765 833 3781 n.
849 3757 872 3781 8.

249 3785 324 3813 Epist.
356 3795 376 3810 ι.
409 3794 431 3810 n.
464 3790 503 3811 16.
557 3786 572 3819 ¹(
591 3785 634 3813 h)
655 3785 738 3819 epist.
770 3795 791 3816 3.
823 3796 846 3811 n.
881 3795 902 3816 3.
933 3789 956 3811 8.
989 3794 1012 3817 9.

242 3816 365 3870 {epulchn
384 3817 402 3840 l.
423 3825 443 3841 i.
461 3819 484 3841 S.
506 3818 539 3840 ¹6.
556 3823 580 3840 in
600 3816 681 3840 Addit.
699 3816 778 3840 Schol.
796 3817 824 3841 ad
840 3816 900 3841 Obs.
919 3825 957 3844 12.

155 3756 170 3785 (
185 3763 196 3779 ⁶
211 3755 226 3784 )

156 3788 170 3814 c
183 3786 232 3815 e)

155 3816 166 3871 s
183 3815 227 3875 ἐξ
259 3844 304 3870 eet.
321 3846 366 3871 kiae
381 3855 419 3877 15.
436 3847 492 3872 Obs.
512 3856 535 3877 4.
599 3847 612 3876 (
627 3855 639 3871 i·
654 3846 668 3876 )
684 3845 755 3876 Epist.
775 3855 797 3877 3.
814 3855 838 3873 ι.
857 3851 893 3873 16.
911 3856 949 3879 ¹7·

934 3758 948 3786 (
963 3765 974 3781 e
991 3756 1001 3788 )
1018 3757 1080 3781 SeE't.
1098 3765 1118 3785 3.
1138 3757 1200 3786 Aph.
1218 3765 1254 3786 31.

1074 3787 1088 3816 ζ
1103 3788 1113 3809 i
1130 3790 1140 3813 >
1172 3788 1236 3812 Ibid.
1269 3795 1291 3811 n.
1323 3790 1347 3810 ⁶.

1019 3818 1032 3847 (
1050 3825 1072 3840 m
1093 3818 1105 3846 )
1123 3818 1234 3848 Epist.33.
1252 3826 1276 3841 n.
1294 3826 1316 3846 3.

1011 3847 1079 3877 ss)
1096 3849 1133 3873 18-

1317 3757 1331 3786 (
1347 3755 1384 3786 f)
1401 3757 1463 3785 Eph.
1481 3758 1516 3781 N.
1533 3759 1562 3782 c.
1581 3760 1639 3782 Dec.
1657 3766 1680 3788 3.
1695 3760 1726 3783 A.
1743 3763 1764 3784 9-
1781 3758 1804 3780 δι
1824 3757 2008 3788 10-0bs-165.

1410 3787 1424 3816 ζ
1440 3787 1456 3812 k
1472 3787 1486 3816 )
1518 3789 1590 3818 Epist.
1631 3796 1653 3817 9.
1685 3796 1708 3812 n.
1740 3794 1778 3811 20.
1812 3786 1835 3809 ὲ
1864 3794 1901 3816 ²3,
2042 3790 2047 3793 '

1302 3848 1306 3851 Ι
1377 3818 1534 3853 (Ιω)“η.4>.
1596 3817 2039 3854 (ο)η.;ι.,(Ρ)η.3.,8.9.

1193 3848 1234 3878 (23
1251 3851 1261 3880 )
1280 3848 1335 3873 Vid.
1353 3848 1424 3879 Epist.
1442 3856 1485 3875 cit.
1502 3858 1523 3880 3·
1540 3857 1564 3874 n.
1583 3857 1622 3879 i7.
1686 3850 1724 3881 (u
1740 3849 1753 3878 )
1771 3855 1796 3872 in
1813 3849 1892 3874 schol.
1910 3850 1939 3874 ad
1955 3855 1997 3876 tit.
2015 3848 2074 3874 Obs-
