2498 4075
316 239 467 308 Epist·
507 243 669 294 Anat.
708 240 918 293 Medica
953 239 1100 291 XIV.

1133 238 1252 290 Art.
1281 236 1451 300 15.17.
1472 234 1546 288 18.
1567 249 1638 297 19·
1657 236 1711 286 &
1728 249 1808 289 20,
1966 249 2057 300 139

78 317 172 353 costis
195 317 320 356 solum,
341 315 394 350 scd
416 321 448 351 δι
472 317 731 359 diaphragma,
754 319 783 351 δι
808 314 994 350 mediastino
1028 325 1078 347 ar·
1124 312 1269 358 quamde
1281 308 2044 359 totquaeeamlaede1·eprofe6top0ffunt‚minus
2057 312 2128 359 aniss

80 361 212 397 ffiffime
235 362 370 397 annexi,
394 362 479 395 nulla
497 361 670 401 aliquando
682 360 798 402 praevia
811 359 997 394 difficultate
1014 357 1080 400 spi-
1128 356 1319 391 madversam
1333 353 1421 388 fuiss‘e
1435 379 1445 395 ,
1470 364 1522 388 aut
1535 355 1556 387 {1
1570 353 1652 386 nulla
1667 364 1770 385 revera
1783 356 1841 389 alia
1854 357 1983 398 usquam
1996 353 2058 386 fuit
2070 375 2078 389 ,
2094 360 2125 384 ιη

80 405 195 443 randi,
210 404 428 445 inveniuntur,
442 415 477 437 ut
491 406 523 436 in
538 402 777 436 Additamentis
788 405 825 436 ad
838 401 1077 446 Sepulchretum

81 448 146 487 (b)
173 445 395 487 Ob'servatio,
418 459 487 488 quae
513 446 792 480 Diemerbroeckii
819 451 882 486 (c)
904 446 967 485 est,
992 455 1084 477 mon-

81 490 190 525 strabit
214 490 339 524 XXIV·
363 491 476 524 Minus
500 498 603 523 autern
623 490 734 531 amplae
746 488 957 529 cohaefiones,
979 487 1085 529 quales

80 536 115 567 in
137 532 242 565 eadem
268 532 500 574 proferuntur,
523 541 601 573 tot,
625 536 656 565 &
680 541 746 566 tam
771 532 847 573 saepe
872 529 1085 575 superioribus

82 578 178 610 etiam
202 577 411 609 Anatomicis
434 575 463 608 se
485 576 694 615 obtulerunt,
716 584 753 609 ut
776 576 902 617 aliquot
926 584 1037 607 eorum
1048 582 1086 606 ex

79 619 231 654 instituto
245 630 366 652 naturee
382 643 391 658 ,
414 617 606 662 hominique
615 619 709 652 utiles
723 616 800 656 esse,
822 618 996 652 censuerint
1018 617 1084 656 (d).

125 666 173 696 16.
201 664 237 694 In
262 662 321 695 hac
342 671 430 694 tanta
454 660 858 695 diffiniioneffimmorum
895 663 1051 694 Virorum
1071 682 1084 699 ,

78 718 145 740 non
167 705 209 738 est
230 704 339 739 facilis
362 706 554 738 conciliatio
575 721 584 738 .·
608 706 696 738 Nam
728 705 814 747 quod
846 705 888 737 ab
919 703 1083 736 nonnullis

83 747 286 793 propositum
309 747 396 781 vides
419 752 505 788 (e),
529 747 551 782 fi
576 750 668 787 laxa,
694 750 725 781 &
751 758 818 781 rara
843 746 881 781 fit
914 744 1051 780 adhaefio
1071 768 1083 786 ‚

77 793 280 833 respirationi
305 803 369 824 non
393 790 534 829 obstare3
558 791 677 825 obstare
702 800 831 832 autem,
854 789 876 824 fi
899 790 1082 827 arction&

79 838 200 879 ubique
222 834 261 867 sit
276 859 284 873 ‚
312 844 365 869 aut
389 834 429 868 ad
451 837 575 877 amplos
597 836 718 868 transtus
737 845 750 874 ‚·
771 833 805 867 id
839 845 914 867 vero
950 832 1082 865 minime

79 876 245 921 respondet
268 877 544 913 observationibus
567 890 637 921 quae
660 878 755 920 paulo
781 886 853 911 ante
875 874 1083 910 suntindica-

79 932 142 956 tae.
166 922 237 954 Nec
259 920 351 963 quod
374 923 491 955 rationi
513 933 625 955 eorum
644 922 701 964 qui
716 920 857 962 obstare,
879 930 995 960 negant
1007 929 1083 961 pro-

79 974 186 1009 pterea
209 965 285 1006 quia
310 965 476 1005 pulmones
500 967 614 1009 utique
635 964 751 998 debent
785 965 817 998 in
850 963 1051 1005 inspiratione
1069 983 1083 1000 ,

77 1007 218 1051 pefforis
240 1006 372 1042 dilatati
393 1016 511 1042 motum
536 1008 646 1052 sequi,
671 1017 799 1050 cumque
822 1017 855 1040 eo
876 1017 909 1040 tn
946 1004 1083 1051 exspira-

83 1051 166 1084 tione
188 1050 349 1092 coarfr'ari
363 1049 426 1093 (f)
440 1075 450 1091 ‚
475 1053 569 1085 altera
592 1064 608 1084 a
630 1051 755 1093 Magno
768 1051 851 1083 Viro
861 1047 946 1093 quasi
961 1047 1085 1090 obJeeta

83 1094 167 1127 ratio
190 1092 287 1127 estin
312 1093 378 1127 lata
402 1096 572 1131 accretione
590 1094 772 1136 pulmonum
795 1103 865 1126 cum
882 1091 992 1135 pleura
1024 1089 1085 1123 hos

84 1136 219 1170 dilatato
236 1136 358 1179 pec‘iore
378 1147 436 1169 non
457 1137 536 1180 poffie
561 1147 665 1170 tamen
687 1136 882 1178 descendere,
903 1145 997 1175 neque
1020 1135 1089 1166 dia-

83 1178 236 1226 phragma
258 1179 368 1222 sequi3
394 1178 469 1212 hinc
492 1179 591 1222 potest
603 1180 716 1223 aliquis
729 1179 989 1212 conciliationem
999 1188 1088 1210 com-

87 1222 242 1262 minisci,
264 1221 452 1256 affirmando
476 1224 718 1266 respirationem
740 1222 814 1256 laedi
840 1222 878 1254 ab
910 1219 1085 1254 adhaesione

83 1265 280 1308 pulmonum
303 1267 527 1300 tantummodo
549 1266 586 1302 ad
609 1266 729 1306 costas,
753 1276 818 1298 non
842 1276 916 1298 vero
937 1263 975 1297 ad
988 1263 1087 1309 costas

83 1308 205 1348 timul,
227 1311 259 1342 &
282 1309 321 1342 ad
345 1309 575 1353 diapliragma3
602 1321 682 1348 non.
707 1311 861 1352 inquam,
883 1307 1085 1341 comminisci

85 1351 122 1385 id
146 1351 266 1394 potest.
294 1354 469 1396 Namque3
492 1364 529 1387 ut
554 1355 612 1386 alia
636 1353 810 1390 omittam3
835 1353 868 1384 in
893 1351 998 1394 aliqua
1022 1361 1087 1384 me-

85 1405 283 1428 moratarum
308 1396 580 1430 Observationum
603 1395 733 1436 vidisti,
756 1393 963 1428 cohaefionem
996 1391 1085 1427 fuisse

86 1449 162 1472 cum
183 1439 277 1472 costis
302 1439 491 1479 dumtaxat,
513 1440 609 1474 illaesa
632 1440 859 1482 respiratione:
882 1438 936 1470 cui
969 1436 1086 1470 fimiles

81 1482 226 1515 invenies
249 1484 387 1522 multas,
410 1481 548 1526 duasque
573 1483 744 1526 praesertim
767 1481 820 1515 Cl.
845 1479 971 1514 Hahnii
995 1484 1086 1529 (g),

85 1528 118 1558 &
141 1536 212 1567 quae
237 1527 340 1566 olim,
364 1525 508 1559 {imiliter
534 1539 548 1559 a
575 1526 822 1560 Piccolhomino
845 1524 909 1566 (h)
933 1525 965 1555 in
990 1523 1086 1556 fam1-

82 1568 159 1601 liari
183 1568 240 1602 suo
263 1568 373 1603 habita
397 1569 439 1602 est
455 1594 465 1608 ,
489 1570 648 1611 pulmonis
671 1570 772 1603 totius
794 1566 977 1609 tenaciffime
988 1567 1086 1600 adlue-

82 1611 232 1655 rescentis
253 1614 386 1655 undique
409 1611 498 1652 costis
521 1611 684 1648 omnibus,
707 1622 777 1644 cum
800 1618 903 1643 tamen
926 1610 958 1642 in
980 1620 1012 1644 eo
1022 1610 1091 1643 nul-

85 1654 118 1688 la
132 1653 246 1699 fuiſjer
268 1655 441 1697 respirandi
463 1653 648 1698 difficultas.
675 1654 768 1694 Quid
791 1664 869 1694 ergo
900 1651 971 1686 est?
1003 1652 1090 1687 Illud

79 1707 165 1730 certe
188 1709 205 1729 a
227 1710 276 1731 me
299 1699 406 1740 negari
430 1709 494 1731 non
520 1697 622 1740 potest
644 1697 732 1742 quod
756 1695 935 1739 promiscue
969 1697 1003 1730 in
1038 1708 1089 1730 ca-

79 1740 248 1774 daveribus
259 1741 403 1775 virorum
418 1765 428 1780 ‚
453 1744 484 1774 &
500 1741 670 1777 mulierum
681 1765 693 1782 ,
717 1738 955 1784 cujusquemodi
974 1740 1090 1773 morbo

79 1782 321 1826 absumptorum
335 1807 343 1822 ‚
368 1783 553 1818 disl‘ecandis
580 1786 763 1828 plerumque
785 1785 934 1820 invenio,
960 1783 1090 1830 &quod

80 1837 192 1860 omnes
214 1827 323 1860 vident
348 1826 414 1860 fere
437 1829 635 1869 quotannis,
657 1839 730 1863 cum
753 1828 787 1861 in
812 1827 960 1862 Theatro
972 1827 1088 1860 viscera

80 1869 222 1903 thoracis
247 1870 309 1904 suis
330 1872 364 1904 in
389 1870 511 1904 sedibus
523 1870 741 1912 ostendimus,
765 1871 929 1914 pulmones
940 1870 1010 1912 plus
1024 1872 1087 1903 mi-

82 1924 145 1946 nus
169 1913 207 1947 ad
232 1912 329 1956 hujus
353 1916 487 1956 parietes
510 1925 648 1953 annexos
671 1914 751 1954 ess‘e3
775 1923 811 1949 ut
833 1924 906 1947 cum
941 1915 1086 1948 Diemer-

84 1956 259 1991 broeckius
281 1958 339 1997 (i)
359 1956 526 2003 *scripserit
540 1981 550 1997 ,
572 1958 609 1991 id
624 1956 696 2001 fere
719 1958 819 1992 tertiae
843 1957 1087 2000 hominumpar-

76 2000 108 2034 ti
129 2010 299 2034 commune
322 2001 379 2034 esse
393 2024 401 2038 ‚
420 2001 562 2043 Tulpius
588 2001 651 2042 (R)
673 2010 778 2036 autern
792 2026 800 2041 ‚
821 2001 997 2043 pulmonem
1008 2011 1087 2042 pau-

80 2042 128 2076 cis
150 2043 330 2085 corporibus
353 2043 409 2090 effe
434 2045 555 2078 omnino
579 2045 713 2079 liberum
721 2056 734 2084 ,·
757 2044 794 2078 ad
818 2042 911 2086 huius
923 2044 1089 2085 aliquanto

80 2087 217 2128 propius
233 2111 244 2127 ,
267 2099 362 2129 quam
387 2086 425 2120 ad
448 2087 561 2128 illius,
583 2087 819 2122 observationes
845 2098 927 2120 meas
962 2086 1059 2120 fatear
1082 2112 1091 2126 ,

82 2129 226 2163 universe
249 2129 389 2174 sumptas
413 2130 576 2166 accedere,
602 2133 695 2165 Num
719 2142 796 2173 ergo
807 2129 1091 2173 paucisdumtaxat

82 2171 272 2206 hominibus
297 2172 425 2207 facilem
449 2172 507 2208 effe
524 2174 763 2216 respirationem
778 2199 786 2212 ‚
809 2174 1042 2214 dicemus?ego
1054 2183 1091 2205 ne

80 2214 119 2248 id
141 2215 274 2259 quidem
298 2215 424 2250 fortasse
448 2216 585 2256 dixero,
610 2216 695 2258 quod
718 2215 832 2249 dicunt
858 2216 988 2257 aliqui,
1003 2214 1091 2258 faci-

80 2258 210 2297 liorem,
231 2270 305 2292 cum
329 2261 363 2292 in
387 2258 597 2293 adultioribus
622 2259 687 2292 fere
712 2267 865 2302 perpetuo
889 2257 969 2291 hanc
994 2269 1090 2300 agno-

80 2302 187 2334 verint
211 2301 426 2336 adhaefionem
451 2303 608 2344 reperiri.
633 2303 704 2335 Nec
716 2311 821 2335 tamen
835 2311 999 2344 propterea
1013 2312 1086 2334 cum

82 2344 151 2378 illis
174 2343 260 2377 facio
283 2347 339 2387 qui
364 2357 380 2378 a
403 2354 513 2379 natura
525 2344 558 2378 id
571 2344 628 2378 ess'e
643 2367 652 2382 ‚
676 2345 886 2384 censuerunt,
911 2344 1009 2390 probe
1020 2355 1086 2377 me-

85 2399 185 2427 mor,
209 2388 263 2420 vix
287 2389 321 2421 in
343 2389 453 2430 aliquo
477 2387 516 2422 de
538 2398 590 2421 tot
613 2388 771 2428 foetibus,
795 2400 810 2420 a
836 2399 883 2420 me
917 2386 1055 2420 difleetis
1075 2409 1085 2425 ,

83 2431 316 2465 connexionem
340 2431 493 2473 ejusmodi
519 2432 659 2474 aliquam
683 2428 939 2464 animadvertisse
963 2433 1087 2473 (quan-

82 2485 178 2517 quam
200 2485 271 2507 cum
293 2485 327 2508 ea
352 2476 525 2516 quempiam
548 2474 652 2516 uasti,
677 2486 741 2508 non
766 2473 893 2507 videtur
924 2472 1086 2507 credidisse

82 2517 383 2552 Diemerbroeckius
406 2517 496 2559 (l))
519 2529 573 2550 nec
599 2519 702 2551 minus
726 2518 870 2551 conscius
887 2540 895 2553 ‚
919 2527 985 2550 tam
1018 2528 1092 2550 raro

81 2562 115 2593 in
137 2562 260 2593 caeteris
281 2572 349 2603 quae
375 2560 528 2595 struuura
553 2561 733 2603 propiusad
746 2572 802 2594 nos
817 2559 991 2598 accedunt,
1018 2561 1087 2592 ani-

81 2603 221 2638 malibus
243 2615 312 2636 eam
335 2605 495 2644 inveniri,
519 2613 553 2637 ut
576 2603 728 2646 siquando
753 2605 848 2646 paulo
870 2605 1009 2646 amplior
1032 2615 1087 2636 oc-

83 2653 214 2687 currat,
238 2647 293 2680 illa
316 2647 351 2680 de
374 2646 477 2681 morbo
495 2646 638 2689 fiispefia
656 2648 875 2690 sint-Verum
900 2657 1088 2681 utanatura

85 2701 150 2723 non
174 2689 237 2729 est;
261 2689 303 2723 fic
327 2701 449 2733 neque,
474 2700 510 2724 ut
535 2690 622 2724 idern
647 2691 953 2725 Diemerbroeckius
993 2699 1088 2732 puta-

84 2733 159 2772 bat,
184 2735 240 2767 vix
276 2745 414 2777 unquam
436 2733 495 2767 nifi
518 2746 535 2767 a
557 2735 676 2768 morbo
699 2734 766 2772 est,
791 2744 867 2777 puta
898 2733 1088 2777 pleuritide,

81 2778 355 2819 peripneumonia,
378 2778 480 2812 aliove
495 2777 598 2821 fimili
609 2802 622 2819 ,
644 2789 713 2812 cum
724 2778 951 2812 exulceratione
962 2776 1091 2814 morbo,-

85 2831 186 2862 ncque
210 2822 293 2853 enim
317 2820 464 2854 credibile
488 2820 551 2859 est,
578 2823 610 2854 δε
634 2820 713 2865 saepe
736 2832 844 2855 verum
857 2832 921 2854 non
935 2818 991 2853 esse
1005 2844 1012 2858 ‚
1032 2818 1092 2866 sci-

86 2874 181 2903 mus,
203 2862 226 2895 fi
251 2874 366 2905 paucos
389 2865 548 2905 excipias,
570 2864 716 2898 homines
740 2876 849 2898 omnes
859 2864 998 2906 reliquos
1009 2861 1092 2904 ejus-

86 2906 178 2940 modi
202 2906 282 2939 mala
306 2905 363 2940 effe
387 2906 561 2950 perpessos:
584 2907 632 2940 sed
658 2908 765 2941 multo
789 2908 989 2950 probabilior
1011 2917 1090 2938 con-

87 2950 209 2997 jeftura
233 2948 275 2982 est
298 2962 393 2996 quarn
417 2951 454 2984 ad
467 2962 514 2984 me
526 2948 765 2993 olimscripfisse
779 2952 911 2985 memini
923 2950 993 2982 Cel.
1010 2951 1091 2981 Ver-

86 3004 223 3036 nomm,
244 2993 331 3035 quod
357 2994 451 3032 solis,
476 2998 507 3028 &
530 3006 628 3037 prope
639 2994 789 3028 omnibus
802 2993 1010 3033 hominibus,
1034 3004 1090 3026 nec

88 3048 201 3070 eorum
224 3045 328 3070 tamen
352 3035 484 3072 foetibus
495 3049 661 3072 commune
676 3039 738 3078 sit,
760 3038 794 3071 id
804 3038 842 3071 ab
855 3035 979 3070 ridendi
991 3037 1092 3069 ac'tio-

88 3092 127 3114 ne
140 3078 266 3114 fortasse
284 3080 388 3119 oriri,
410 3093 481 3124 quae
503 3082 572 3115 illis
596 3082 693 3122 solis,
716 3082 882 3124 postquam
905 3080 976 3114 sunt
1000 3081 1091 3120 nati,

88 3125 270 3158 communis
294 3123 354 3157 cst.
379 3125 539 3159 Caeterum
563 3125 644 3159 unde
667 3124 748 3160 unde
771 3125 808 3158 fit
818 3124 905 3167 quod
928 3121 1091 3165 (sepositis

89 3168 132 3200 iis
155 3168 189 3199 in
211 3167 328 3209 quibus
353 3166 534 3200 idamorbo
546 3168 626 3201 effici
639 3166 799 3211 potuisse,
823 3179 886 3200 non
909 3167 952 3200 est
973 3177 1090 3209 negan-

89 3210 190 3252 dum)
212 3210 295 3244 unde
319 3209 423 3250 unde,
445 3211 600 3254 inquam,
623 3214 656 3245 in
670 3213 742 3245 aliis
761 3210 896 3254 sitquod
909 3211 1090 3254 plerumque

90 3253 167 3294 effe,
189 3263 310 3287 certum
333 3254 396 3293 est,
420 3264 481 3296 qua
503 3263 605 3288 autem
629 3255 826 3298 potissimum
837 3265 946 3298 parte.
971 3257 1092 3296 &qua-

88 3307 204 3338 tenus,
224 3298 405 3336 incertum,
429 3307 465 3330 ut
487 3299 568 3332 reete
586 3299 661 3332 hinc
684 3299 863 3333 Columbus
887 3298 990 3332 noster
1011 3300 1091 3336 (m)

92 3341 259 3376 admonuit
274 3367 282 3382 ‚
301 3339 383 3385 poffe
406 3343 590 3384 quempiam
615 3342 741 3376 vulnere
763 3342 921 3376 thoracem
927 3340 1092 3384 perforan-

98 3394 128 3419 te
153 3384 312 3425 laborare,
335 3394 429 3426 neque
451 3393 555 3418 tamen
573 3385 691 3426 spirare
703 3386 819 3419 vulnus
830 3387 913 3419 cerni
926 3409 935 3424 ‚
960 3386 1004 3417 ita
1018 3395 1092 3426 pru-

93 3429 203 3462 denter
227 3427 284 3461 hac
295 3430 394 3461 etiam
405 3425 443 3460 de
453 3427 543 3463 causa
554 3428 710 3472 Chirurgi
730 3428 872 3466 faciunt,
892 3430 948 3470 qui
973 3430 1089 3472 pleurae

93 3470 343 3515 perforationem
355 3471 463 3513 digito
476 3472 583 3514 potius
595 3471 773 3514 perficiunt,
784 3484 881 3515 quam
891 3471 974 3505 ferro
993 3497 999 3503 .

95 3514 153 3549 Sed
165 3515 201 3547 ad
214 3513 293 3548 illud
305 3514 431 3548 tandem
444 3524 480 3549 ut
493 3515 618 3548 redeam
628 3516 714 3557 quod
724 3516 890 3559 expediam
909 3527 982 3550 cum
994 3515 1031 3548 ab
1042 3517 1091 3548 in-

93 3568 186 3591 venta
197 3556 373 3591 adhaefione
384 3559 574 3601 pulmonum
586 3557 804 3601 respirationis
824 3558 984 3601 praegressa
1007 3560 1091 3594 laesio

94 3604 227 3645 repetita
238 3600 296 3640 est,
312 3601 512 3639 vehementer
524 3602 681 3644 suspicor,
707 3601 895 3637 autcausarn
916 3603 1009 3636 aliam
1035 3606 1093 3637 ali-

179 3645 344 3688 Morgagni
354 3646 389 3679 de
402 3646 469 3679 sed.
484 3647 526 3679 Θ
536 3645 621 3687 Caus-
633 3645 735 3681 Morb.
749 3648 847 3680 Tom.
862 3647 888 3679 I.
898 3641 907 3653 ’

1131 400 1200 442 ipsa
1217 399 1269 431 illa
1283 397 1448 440 pulmonis
1461 397 1540 431 facie
1553 397 1751 442 quse—plenta?
1763 409 1879 432 annexa
1899 410 1962 432 erat
1975 422 1986 438 ,
2009 395 2122 429 deliism

1134 444 1214 476 scere
1230 439 1395 485 potuisse,
1410 451 1445 474 ut
1466 449 1541 482 puta
1563 442 1770 481 crispaturam
1793 442 1952 483 aliquam,
1971 439 2127 481 expedito

1136 487 1308 520 humorum
1320 485 1425 517 cursui
1440 484 1587 517 haftenus
1599 483 1772 517 obstantem
1785 508 1794 523 ,
1817 495 1852 517 ut
1867 487 1985 517 irritari
1998 490 2128 524 propte-

1136 541 1185 563 rea
1198 529 1285 561 nervi
1298 526 1441 569 poss'ent,
1467 530 1499 560 &
1513 528 1627 560 intima
1639 527 1830 568 pulmonum
1851 527 1955 561 officia
1978 524 2124 559 turbaret

1137 571 1224 615 quod
1236 583 1249 611 ;
1261 569 1281 603 fi
1294 570 1386 603 aliam
1399 571 1432 603 in
1446 569 1518 603 aliis
1538 573 1567 602 δε
1583 569 1752 603 humorum
1774 579 1918 604 naturam
1930 595 1941 611 ,
1963 573 1995 603 &
2016 579 2130 600 nervo-

1135 627 1207 649 rum
1221 613 1461 655 dispositionem
1483 612 1677 651 confiderem
1695 611 1822 647 fortasse
1845 623 1899 647 aut
1920 625 1983 647 non
2005 611 2131 655 prorsu}

1136 657 1321 701 displicebit
1331 679 1343 697 ‚
1367 665 1419 689 aut
1433 655 1468 688 ad
1481 657 1543 688 alia
1555 668 1625 698 qua:
1641 656 1702 689 tibi
1715 657 1816 697 magis
1827 679 1835 694 ‚
1849 666 1942 700 atque
1958 656 2034 689 adeo
2047 653 2129 686 miht

1133 701 1351 740 satisfaciant,
1372 698 1583 740 excogitanda
1608 701 1640 732 in
1663 710 1695 732 re
1714 694 1905 734 difficillima
1925 697 2100 733 excitabit.

1180 756 1228 788 17,
1252 743 1410 778 VIRGO
1433 753 1587 776 annorum
1614 742 1819 785 quindecim,
1844 753 1934 777 acuta
1958 742 2044 775 febre
2069 765 2078 780 ‚
2100 742 2133 772 &-

1132 787 1206 822 diro
1228 786 1404 830 praesertim
1424 784 1537 819 dolore
1558 787 1697 828 capitis;
1722 797 1793 819 nam
1818 789 1909 820 mitia
1922 796 2033 820 caetera
2046 791 2135 816 erant

1134 831 1371 874 symptomata3
1396 829 1621 872 torquebatur.
1647 829 1757 863 Febris
1779 832 1860 863 circa
1874 829 1959 863 diem
1972 830 2133 863 decimum

1133 874 1260 908 videtur
1283 874 1464 907 remittere.
1491 874 1611 906 Verum
1635 873 1744 915 paucis
1767 873 1836 915 post
1861 873 1970 907 dicbus
1995 871 2032 905 ad
2057 871 2137 903 hanc

1134 917 1288 951 accedunt
1311 927 1423 958 magna
1445 915 1535 956 fitis,
1559 916 1716 950 laboriosa.
1740 917 1924 958 respiratio,
1949 919 1980 950 in
2019 912 2139 949 sinistra

1134 961 1274 995 thoracis
1298 969 1387 1003 parte
1409 958 1519 992 dolor.
1544 960 1608 992 His
1630 958 1751 994 duobus
1775 961 1899 994 ultimis
1922 959 2139 1003 ingravescen-

1134 1006 1222 1038 tibus
1234 1029 1245 1043 ‚
1266 1006 1350 1037 intra
1373 1001 1440 1036 dies
1464 1013 1528 1035 non
1541 1003 1658 1036 multos
1671 1026 1679 1040 ‚
1703 1004 1811 1045 lingua
1823 1028 1835 1044 ,
1858 1007 1890 1037 &
1904 1014 2006 1037 mente
2018 1004 2113 1036 libera
2127 1024 2138 1040 ,

1135 1057 1248 1091 praeter
1266 1045 1462 1079 assidentium
1483 1046 1738 1086 expet‘tationem
1749 1046 1872 1079 decedit
1884 1072 1892 1079 .
2015 1045 2140 1080 TI-IO-

1140 1091 1268 1125 RACE
1293 1098 1424 1131 aperto,
1445 1088 1749 1131 pulmonesquidem
1764 1090 1854 1127 sani3
1880 1089 2078 1123 atfinistrum
2099 1086 2140 1119 il·

1140 1135 1201 1168 lius
1212 1144 1324 1166 cavum
1340 1132 1407 1164 sero
1423 1131 1550 1173 plenum
1562 1132 1725 1164 invenitur
1739 1144 1802 1165 non
1814 1132 1902 1165 valde
1915 1132 2049 1165 absimili
2073 1130 2143 1164 uri-

1139 1189 1187 1211 nae
1209 1175 1446 1219 jumentorum,
1467 1175 1501 1207 in
1524 1176 1814 1216 quoconcretiones
1831 1175 1975 1219 quaedam
1988 1175 2142 1209 natabant

1136 1220 1283 1254 albumen
1306 1217 1494 1252 referentes.
1521 1219 1556 1250 ln
1581 1217 1712 1250 dextero
1734 1230 1861 1262 quoque
1894 1231 1976 1252 cavo
2007 1219 2106 1252 serum
2133 1239 2146 1254 5

1136 1274 1168 1297 at
1192 1273 1381 1306 perpaucum
1406 1261 1470 1295 fuit
1486 1286 1495 1292 ..
1520 1260 1578 1294 Sed
1602 1262 1634 1293 in
1659 1261 1836 1303 pericardio
1859 1274 1890 1295 ea
1902 1264 1998 1305 copia
2014 1284 2022 1299 ,
2044 1271 2080 1296 ut
2093 1271 2158 1299 tof

1136 1317 1208 1341 tum
1231 1307 1394 1349 oppleret,
1420 1304 1544 1338 craffius
1564 1313 1671 1337 autem
1695 1316 1734 1338 eo
1755 1304 1841 1349 quod
1863 1307 1898 1338 in
1920 1305 2147 1340 thorace'con-

1138 1350 1281 1393 spectum
1305 1349 1406 1384 fuerat
1420 1361 1429 1378 .·
1453 1350 1569 1381 &cum
1583 1349 1724 1381 exterior
1735 1349 1841 1381 cordis
1852 1348 1948 1382 facies
1962 1349 2075 1381 leviter
2097 1346 2144 1380 es·

1138 1394 1182 1427 set
1194 1393 1298 1432 erosa;
1323 1389 1449 1426 fortasse
1474 1390 1512 1423 ab
1534 1390 1644 1424 eodem
1669 1391 1734 1424 sero
1747 1391 1779 1424 id
1794 1391 1914 1425 saum
1926 1390 2015 1425 fuisse
2032 1417 2040 1431 ‚
2063 1402 2145 1424 con-

1137 1437 1194 1480 jici
1219 1445 1363 1479 poterat.
1389 1433 1555 1476 Polyposae
1579 1435 1612 1467 in
1636 1435 1742 1468 cordis
1767 1437 1950 1468 ventriculis
1963 1434 2149 1468 concretio-

1138 1492 1189 1514 nes
1213 1479 1377 1514 densatum
1401 1488 1529 1512 mucum
1553 1477 1794 1520 quodammodo
1819 1478 2018 1512 referebant:
2044 1477 2150 1519 major

1138 1535 1244 1557 autem
1267 1533 1333 1556 erat
1355 1534 1426 1566 qua:
1450 1523 1486 1553 in
1506 1522 1686 1553 ventriculo
1712 1520 1853 1554 sinistro.

1185 1568 1232 1600 18.
1257 1565 1361 1603 Quod
1382 1564 1480 1598 febris
1502 1563 1691 1606 ejuscemodi
1716 1564 1745 1598 se
1767 1566 1928 1599 remittere
1950 1564 2015 1599 visa
2050 1563 2152 1598 fuerit

1142 1610 1204 1643 {ine
1226 1610 1289 1643 ulla
1313 1608 1380 1651 ejus
1401 1608 1565 1646 materiae,
1588 1619 1658 1650 quae
1682 1608 1781 1651 ipsam
1805 1607 1968 1653 faciebat,
1992 1609 2148 1642 excretio-

1141 1665 1205 1694 ne,
1227 1652 1428 1687 vehementer
1452 1649 1630 1693 suspect-*tum
1655 1660 1742 1684 erat:
1767 1654 1798 1685 &
1824 1653 1892 1686 sane
1914 1651 1981 1686 haec
2005 1654 2040 1685 in
2074 1651 2155 1685 tho-

1142 1699 1246 1737 racis,
1268 1699 1300 1730 &
1324 1694 1492 1739 pericardii
1518 1705 1593 1727 cava
1628 1693 1656 1726 sc
1679 1693 1832 1728 effuderat
1856 1721 1869 1738 ‚
1904 1708 1938 1729 ea
1973 1695 2152 1729 acrimonia

1141 1739 1301 1783 praedita,
1324 1750 1418 1782 quam
1442 1738 1530 1771 dirus
1553 1738 1846 1780 capitisprimum,
1869 1751 1945 1773 mox
1962 1740 2060 1781 partis
2076 1737 2156 1772 siri-

1141 1785 1208 1818 ilrae
1233 1782 1378 1817 thoracis
1397 1781 1493 1815 dolor
1517 1780 1706 1821 indicabat,
1728 1781 1930 1815 confirmavit
1952 1793 2059 1816 autem
2080 1793 2159 1815 ero-v

1139 1826 1185 1860 fio
1207 1827 1331 1860 cordis.
1357 1827 1444 1859 Cum
1466 1837 1541 1857 vcro
1564 1837 1579 1857 a
1604 1826 1709 1867 capite
1732 1824 1771 1859 ad
1795 1824 1961 1859 thoracem
1985 1829 2016 1860 &
2032 1837 2089 1859 cor
2102 1824 2154 1858 di-

1140 1870 1300 1910 vertisti-n
1323 1880 1387 1902 non
1397 1871 1542 1915 mirum,
1566 1867 1728 1911 magua,
1754 1871 1887 1902 &mens
1906 1870 2018 1903 liberae
2039 1869 2076 1903 ad
2098 1881 2157 1902 ex-

1138 1924 1275 1948 tremum
1289 1913 1417 1947 fuerunt
1434 1935 1442 1950 ,
1468 1915 1500 1945 δε
1515 1912 1536 1944 {1
1551 1923 1637 1944 mors
1649 1913 1749 1946 citius
1762 1911 1890 1946 advenit
1904 1939 1911 1953 ,
1935 1925 2030 1956 quam
2044 1915 2075 1946 in
2088 1911 2155 1955 h-y-

1140 1958 1239 2000 drope
1252 1957 1348 1995 soleat
1360 1980 1372 1996 ,
1396 1959 1427 1989 &
1440 1954 1598 1989 affidentes
1610 1956 1805 1998 expe&arent
1820 1960 2020 2000 :quanquam
2034 1956 2175 1999 hydros

1142 2012 1246 2043 pcs‚c·x
1255 2002 1358 2034 acui-*is
1374 2000 1490 2033 morbis
1500 1998 1602 2033 oborti
1612 2023 1624 2040 ,
1635 2000 1716 2034 utin
1739 2001 1989 2034 ‘Praenotionibus
2015 2002 2030 2045 (
2040 2001 2080 2043 u)
2097 2000 2159 2034 hae

1141 2046 1255 2078 bemus
1265 2068 1276 2084 ,
1288 2054 1391 2077 omnes
1403 2042 1562 2085 malisunr
1575 2068 1580 2075 .
1592 2044 1708 2086 Neque
1720 2045 1801 2078 enim
1814 2056 1831 2077 a
1835 2041 1927 2087 febre
1938 2043 2075 2079 liberant-
2088 2070 2095 2083 ,
2108 2046 2153 2077 Θ*

1141 2088 1233 2120 valde
1243 2085 1474 2132 dosorofisunr,
1498 2097 1533 2119 ac
1545 2085 1676 2120 lethales
1692 2112 1700 2120 .
1727 2087 1827 2129 Qod
1839 2098 1912 2121 vero
1924 2089 2155 2121 concretiones-1

1141 2132 1339 2164 illasiniero
1351 2128 1450 2164 effuso
1461 2128 1609 2162 Valsalva
1623 2130 1781 2164 albumini
1805 2130 2009 2173 affimilavit,
2034 2132 2071 2165 de
2094 2133 2157 2164 ove

1144 2174 1303 2211 albumine
1328 2172 1549 2215 accipiendum
1574 2173 1616 2207 est
1641 2174 1674 2206 in
1697 2174 1798 2207 calida
1823 2173 1979 2216 densam,
2002 2174 2160 2219 quemad&

1142 2217 1275 2250 modurn
1299 2218 1333 2249 in
1356 2217 1418 2250 alia
1441 2216 1579 2249 declarat
1603 2216 1838 2251 Observatione
1859 2220 1945 2257 (o).
2078 2220 2158 2252 No-

1142 2260 1260 2293 viffime
1285 2259 1372 2303 quod
1396 2259 1434 2292 ad
1459 2259 1624 2301 pericardii
1648 2259 1829 2303 hydropem
1856 2263 1996 2303 attinet,
2020 2262 2052 2295 in
2077 2272 2158 2294 non-

1139 2303 1236 2337 nullis
1259 2315 1388 2346 quoque
1412 2302 1556 2336 historiis
1574 2302 1666 2345 supra
1678 2314 1991 2345 commemoratum,
2016 2305 2156 2339 seorsum

1138 2358 1215 2379 mox
1238 2346 1418 2381 videbimus
1432 2370 1443 2387 ,
1467 2346 1521 2379 ubi
1545 2346 1674 2381 alterius
1687 2348 1836 2391 Virginis
1849 2347 1997 2383 morbum
2009 2372 2022 2389 ,
2045 2351 2077 2383 ἃ
2090 2348 2154 2382 dis-

1139 2389 1312 2423 seStionem
1336 2389 1612 2432 proposuerimus.

1188 2444 1235 2473 19-
1258 2435 1416 2467 VIRGO
1440 2444 1539 2466 annos
1564 2443 1635 2466 nata
1660 2435 1792 2469 circiter
1814 2438 1932 2479 viginti
1965 2436 2047 2472 duos
2081 2449 2148 2472 nozs
2181 2452 2183 2455 ¹

1141 2475 1199 2522 nisi
1223 2477 1325 2508 erecta
1348 2477 1476 2522 cervice
1493 2477 1609 2518 spirare
1633 2479 1752 2518 potest,
1779 2479 1995 2514 multumfitit
2010 2506 2019 2521 ,
2044 2485 2074 2515 ὃ(
2088 2483 2154 2516 tus-

1144 2520 1206 2563 sit,
1235 2518 1425 2562 sputumque
1448 2520 1536 2561 ejicit
1561 2520 1646 2563 quasi
1670 2523 1901 2565 purulentum,
1924 2525 2086 2559 interdum
2122 2529 2154 2557 Rc

1142 2564 1293 2605 sanguine
1305 2563 1466 2599 nostum,
1492 2561 1657 2597 febricitat
1676 2588 1687 2603 ,
1709 2564 1792 2599 facie
1806 2568 2153 2608 intumescit‚tandem

1141 2607 1302 2639 moritur.
1353 2647 1359 2652 .
1437 2607 1492 2639 IN
1516 2607 1719 2641 VENTRE
1743 2621 1831 2653 aquae
1856 2612 1947 2645 librae
1959 2612 2153 2656 aliquotsta-

1141 2649 1306 2691 gnabant5
1330 2660 1396 2691 ejus
1422 2659 1526 2682 tamen
1552 2649 1669 2684 viscera
1680 2654 1916 2687 omniuillacsa.
2052 2655 2152 2690 Tho-

1146 2694 1225 2726 racis
1248 2704 1362 2742 cavum
1383 2694 1547 2727 dexterum
1570 2694 1699 2736 plenum
1723 2706 1787 2729 erat
1813 2697 1897 2730 sero:
1924 2698 2015 2741 cujus
2046 2701 2153 2733 minor
2197 2726 2199 2728 -

1147 2737 1241 2777 copia
1267 2746 1300 2768 in
1323 2736 1446 2770 {mistro
1470 2735 1535 2769 fuit
1557 2760 1564 2768 .
1602 2738 1795 2772 Pulmonum
1828 2740 1996 2775 substantia
2029 2744 2152 2777 nullam

1148 2778 1287 2812 ostendit
1312 2779 1492 2813 laesionem:
1516 2780 1707 2822 quibusdam
1731 2782 1833 2817 solum
1859 2785 1892 2816 in
1915 2785 1998 2818 locis
2032 2790 2153 2820 nonni-

1144 2822 1193 2855 hil
1219 2822 1374 2862 rubebat5
1398 2824 1430 2856 in
1455 2824 1525 2856 aliis
1549 2824 1690 2857 albebat.
1718 2826 2054 2861 Pericardiumtotum
2071 2842 2149 2872 aqua

1144 2867 1334 2943 gppgetum.
1362 2868 1399 2899 In
1433 2866 1537 2900 cordis
1569 2868 1753 2903 ventriculis
1785 2869 1902 2912 nihil,
1935 2871 1992 2905 nisi
2024 2870 2151 2917 sanguis

1171 2921 1202 2942 ui
1232 2922 1285 2943 us.

1146 2998 1154 3003 .
1189 2955 1351 3003 zo.uSatis
1373 2952 1411 2986 de
1437 2952 1595 2988 Thoracis
1618 2954 1800 3002 Hydmpe,
1825 2959 1905 2993 &de
1919 2959 2072 3004 plerisque
2084 2961 2152 3005 ejus

1144 2997 1297 3036 indicus,
1319 3007 1474 3039 quantum
1498 2996 1536 3031 ad
1559 2999 1715 3033 Valialvae
1740 3001 1990 3038 Observationes
2013 3006 2148 3046 attinet,

1144 3039 1234 3083 supra
1259 3040 1384 3073 distum
1407 3040 1467 3079 est,
1489 3049 1526 3075 ut
1548 3043 1653 3077 minus
1678 3045 1710 3075 in
1734 3042 1817 3087 hac,
1841 3045 1919 3081 sicut
1942 3049 1975 3080 in
1990 3048 2150 3090 superiore

1142 3094 1273 3125 quoque
1297 3083 1428 3117 historia
1453 3083 1606 3122 fecimus,
1627 3087 1666 3120 de
1690 3087 1750 3120 illo
1772 3090 1864 3122 nobis
1886 3091 2056 3125 dicendum
2068 3092 2151 3134 effe,

1141 3126 1345 3174 censeamus,
1368 3127 1540 3169 praesertim
1557 3140 1631 3163 cum
1643 3131 1725 3169 alia,
1752 3143 1865 3175 praeter
1883 3135 1985 3177 ipsum
1998 3158 2009 3174 ,
2023 3136 2148 3168 incom-

1144 3169 1238 3203 moda
1262 3171 1409 3213 adjuns‘ffl
1432 3170 1571 3205 fuerint:
1595 3185 1774 3218 quanquam
1797 3177 1829 3209 in
1850 3176 1908 3210 hac
1923 3178 2060 3219 Virgine
2074 3178 2149 3221 spu«

1145 3223 1215 3246 tum
1239 3225 1302 3247 non
1327 3214 1451 3260 videtur
1475 3214 1565 3249 fuisse
1591 3228 1694 3251 revera
1717 3221 1923 3261 purulentum
1943 3243 1952 3257 ,
1988 3225 2019 3252 ὀί
2054 3223 2144 3264 quod

1145 3267 1372 3300 nonnunquam
1395 3258 1542 3301 sanguine
1566 3259 1769 3303 inficeretur,
1791 3262 1824 3296 id
1848 3262 1942 3296 facile
1964 3265 2007 3297 est
2019 3264 2146 3300 effeetus

1145 3298 1303 3335 fortuitus
1325 3302 1478 3345 gravioris
1491 3302 1575 3336 tuffis
1586 3304 1828 3339 existimandum
1842 3329 1850 3336 .
1985 3307 2095 3342 Potius
2106 3309 2147 3342 de·

1145 3344 1317 3377 Pericardii
1342 3344 1520 3387 Hydrope‚
1544 3356 1579 3380 nt
1604 3348 1716 3386 semel,
1743 3359 1835 3391 atque
1858 3350 1975 3384 iterum
2000 3352 2144 3392 polliciti

1143 3385 1247 3421 sumus
1258 3411 1270 3428 ,
1292 3388 1346 3421 hic
1367 3389 1471 3431 aliqua
1485 3389 1554 3423 sunt
1567 3390 1741 3434 adjicienda
1755 3416 1762 3423 .
1897 3395 2062 3428 Freindius
2074 3400 2083 3434 (
2094 3399 2142 3436 p>

1141 3434 1227 3465 inter
1248 3443 1282 3465 ea
1305 3444 1375 3474 quae
1398 3433 1594 3468 Avenzoaris
1618 3436 1745 3478 propria
1771 3435 1861 3476 sunt,
1888 3439 1920 3470 &
1943 3438 2141 3480 peculiaria,

1143 3474 1226 3509 illud
1250 3477 1343 3517 ponit
1366 3476 1453 3517 quod
1472 3475 1512 3516 *de
1543 3477 1606 3511 hoc
1641 3477 1787 3521 hydrope
1818 3480 1967 3524 loquatur
1986 3503 1997 3519 ,
2031 3481 2142 3515 addat-

1143 3530 1227 3563 que,
1251 3520 1283 3553 se
1307 3528 1410 3551 tamen
1436 3530 1507 3552 eum
1530 3532 1690 3563 nunquam
1724 3522 1834 3557 vidiffe
1856 3547 1881 3563 ,‚
1917 3526 1949 3558 &
1986 3525 2145 3560 Calenum

1142 3587 1167 3605 ,‚
1191 3562 1295 3605 ipsum
1308 3573 1344 3595 ne
1355 3561 1484 3596 verbum
1494 3563 1625 3607 quidem
1639 3564 1752 3599 habere
1762 3566 1800 3600 de
1813 3566 1924 3601 eodem
1937 3591 1945 3599 .
1959 3591 1986 3609 „
2005 3572 2145 3611 AEquum

1143 3617 1249 3643 autem
1279 3606 1321 3640 est
1353 3604 1394 3638 fic
1433 3605 1559 3641 dietum
1590 3610 1730 3685 accigere
1751 3633 1763 3649 ,
1794 3609 1880 3652 quasi
1911 3621 1966 3644 nec
1999 3612 2143 3646 Galenus

1730 3664 1746 3685 2
2072 3668 2105 3688 m

100 3710 2148 3732 Q„

155 3760 170 3788 ζ
186 3759 199 3783 b
214 3760 229 3788 )
245 3761 305 3785 Sest.
322 3761 363 3785 tit.
427 3759 436 3791 (
452 3770 464 3785 c
480 3761 488 3791 )
506 3763 579 3786 Anat.
597 3761 616 3786 l.
631 3769 653 3785 2.
669 3768 691 3785 c.
709 3770 757 3787 non
774 3772 809 3789 12.
826 3764 864 3788 sed
883 3770 920 3794 ις.

154 3789 193 3849 (kei
207 3791 221 3849 ἒ
237 3791 335 3851 ghi-“34
346 3792 435 3847 scii-miii
454 3792 501 3846 ἦη(
511 3791 534 3846 ξ
544 3792 623 3852 )1Χίἀ.
642 3793 722 3817 schol.
740 3801 761 3822 3.
778 3795 808 3819 ad
825 3794 885 3819 0bs.
904 3803 940 3825 3²-
957 3795 982 3818 in
999 3795 1083 3819 Addit.

155 3850 170 3880 (

185 3858 208 3873 m
223 3851 238 3881 2
252 3852 307 3877 Vid.
326 3852 403 3878 Schol.
420 3853 450 3878 ad
466 3851 489 3882 ὅ.
506 3861 526 3883 9.
545 3853 603 3878 obs.
620 3856 658 3883 64.
674 3856 716 3881 eit.
736 3855 766 3880 ad
787 3864 810 3881 n.
831 3862 868 3884 ις.
928 3857 943 3886 (
957 3865 973 3880 n
991 3857 1004 3885 )
1022 3867 1045 3883 n.
1066 3858 1088 3882 8.

981 3764 993 3794 (
1008 3764 1028 3788 ἆ
1044 3765 1051 3792 )
1067 3765 1122 3790 vid.
1139 3764 1217 3791 Seh'ol.
1234 3765 1264 3789 ad
1280 3765 1348 3790 illam
1364 3762 1423 3788 obs.
1439 3771 1480 3793 24.
1497 3764 1520 3789 δι
1534 3764 1564 3789 ad
1581 3763 1656 3794 super.
1673 3765 1729 3790 Obs.
1750 3768 1790 3795 64.

654 3824 660 3851 (
678 3824 694 3848 k
713 3822 721 3853 )
738 3824 795 3849 Vid.
814 3826 892 3849 Schol.
909 3827 938 3850 ad
955 3825 1016 3850 obs.
1031 3830 1067 3855 ὅς.
1084 3827 1129 3852 cit.
1146 3827 1176 3850 ad
1193 3828 1264 3851 eund.
1284 3835 1307 3850 n-

1810 3765 1830 3796 §.
1847 3764 1892 3789 ult.
1909 3768 1931 3791 8<
1948 3768 1977 3791 ad
1994 3771 2031 3797 ἀς.

1700 3796 1709 3826 (
1726 3797 1740 3819 h
1757 3799 1767 3821 )
1789 3796 1803 3820 l.
1823 3804 1845 3825 4.
1866 3798 1938 3822 Anat.
1956 3800 2025 3823 Prael.
2045 3797 2141 3823 Lesb-8„

1368 3827 1376 3850 (
1393 3825 1403 3849 l
1420 3825 1434 3853 )
1451 3825 1504 3850 Vid.
1523 3826 1602 3851 schol.
1621 3826 1649 3850 ad
1665 3827 1706 3850 tit.
1725 3827 1786 3850 ΟΜ.
1804 3834 1841 3854 24.

1526 3858 1540 3887 (
1553 3864 1569 3888 p
1587 3883 1592 3890 Ι
1610 3857 1669 3883 Hist.
1687 3857 1715 3884 de
1731 3859 1754 3883 la
1773 3859 1866 3883 Mede-c.
1884 3859 1909 3883 Ρ.
1928 3867 1950 3883 2.

1146 3797 1185 3825 (g
1202 3796 1212 3827 )
1227 3797 1279 3821 Ast.
1296 3799 1328 3821 N.
1345 3798 1373 3820 C.
1391 3797 1467 3819 Tom.
1483 3803 1506 3824 7.
1522 3795 1584 3820 ΟΜ.
1602 3804 1637 3825 ¹3·

1150 3859 1192 3888 (a
1208 3861 1217 3889 )
1235 3858 1309 3889 Epist«.
1327 3867 1363 3885 20.
1381 3865 1404 3881 n·
1425 3860 1462 3885 36-
