2498 4075
550 226 702 291 Epist.
741 227 903 278 Anat.
939 224 1159 280 Medica
1195 223 1346 276 XXI.
1387 225 1510 276 Art.
1546 241 1628 288 40.

106 303 245 337 tiendum
267 301 339 347 effet
361 329 369 343 ,
402 304 506 338 inciso
526 302 786 337 cadavere-nihil
812 303 896 338 aliud
928 303 985 337 fibi
1011 315 1114 346 reper-

108 357 178 381 tum
201 357 306 379 narrat
323 371 330 383 ‚
353 359 448 388 quam
473 348 635 390 pulmonis
657 344 781 379 dexteri
805 348 1114 387 inflammationem,

108 393 140 423 &
162 391 382 422 concretiones
407 391 574 432 polyposas
598 391 631 422 in
650 389 727 423 vasis
752 391 927 434 majoribus
947 392 1114 433 pulmona-

105 433 218 466 ribus.
253 434 370 476 Neque
404 433 671 468 Praestantiffimus
707 433 866 468 Gesnerus
897 436 931 467 in
955 446 988 466 ea
1018 446 1114 477 quam

107 476 199 518 supra
221 479 235 515 ζ
257 475 275 508 b
298 480 312 516 )
336 480 536 517 memoravi,
560 476 667 509 fallaci
691 477 822 518 quidem
848 500 856 513 ‚
892 477 942 511 [εά
966 478 1035 510 non<
1053 476 1115 511 fine

105 520 326 561 punc'torioin
351 520 524 561 lateribus,
547 530 601 553 aut
613 519 669 553 sub
692 520 817 562 scapula
837 520 971 560 dolore,
996 521 1114 553 Urien-

106 561 188 595 fium
214 563 287 605 pagi
310 563 576 603 Constitutione,
601 574 666 596 uno
684 589 692 602 ‚
717 564 817 597 altero
836 588 848 604 ,
881 565 953 597 aliis
975 562 1114 599 dissectis

104 605 295 647 corporibus
317 631 325 645 ,
359 607 473 649 pleurae
497 608 596 642 ullam
619 605 714 639 refert
738 609 898 641 inventam
922 605 1080 640 laefionem
1104 631 1117 647 ‚

106 659 182 682 cum
208 651 373 690 pulmones
395 652 507 693 utique
520 650 757 690 inflammatos,
782 651 1037 690 aliterveintus,
1063 660 1116 683 aut

104 701 195 725 extra
219 693 297 725 male
321 691 448 728 affetffims
471 703 631 735 proponat
647 718 654 723 -
682 695 829 737 Denique
853 703 888 728 ut
915 695 995 726 alios
1014 703 1113 726 omit-

104 746 195 777 tam,
220 737 463 779 praetermittere
496 748 617 779 nequeo
641 736 800 770 Illustrem
824 738 994 774 Hallerurn
1017 740 1079 776 (c)
1101 760 1113 777 ‚

103 781 160 821 qui
184 790 257 813 cum
281 779 350 813 suas
372 780 556 822 pleuritidis
575 804 587 821 ,
620 783 652 813 &
677 781 949 823 peripneumoniae
972 790 1115 822 quatuor

105 822 356 856 Observationes
379 822 514 856 ediderit
538 850 547 863 ,
581 824 635 857 vix
658 825 690 856 in
726 836 787 860 una
810 835 918 857 earum
943 823 1077 856 tradidit
1102 847 1114 864 ‚

106 868 139 898 in
157 867 271 909 pleura
289 865 377 908 signa
393 864 489 910 fuisse
512 866 770 910 inflammationis
790 890 800 906 ‚
825 869 858 900 in
883 866 1034 900 omnibus
1060 879 1114 900 au-

104 918 170 942 tem
194 909 386 952 pulmones,
410 910 555 952 scripsit,
580 920 632 944 aut
656 921 772 952 magno
796 910 887 945 fuisse
911 909 1045 943 abscessu
1067 912 1115 942 vi-

104 954 226 990 tiatos,
250 963 304 985 aut
331 966 347 985 a
371 954 520 996 sanguine
542 955 596 996 qui
621 956 706 987 intra
729 966 839 988 eorum
857 954 1028 993 vesiculas,
1053 953 1116 986 cel-

102 995 219 1028 lulasve
241 995 473 1034 destillaverat‚
498 1006 551 1031 aut
577 997 614 1030 ab
637 998 710 1031 albo
733 997 866 1033 humore
898 998 983 1030 intra
1005 1008 1114 1030 eorum

102 1038 306 1073 substantiam
329 1042 442 1074 coesto
464 1052 572 1083 graves
599 1064 607 1078 ‚
640 1044 673 1074 δε
695 1042 727 1074 in
753 1050 839 1083 parte
861 1039 957 1075 duros
981 1043 1013 1074 δε
1038 1040 1115 1074 soli-

102 1082 186 1122 dos,
207 1083 480 1126 quemadmodum
504 1085 537 1116 in
562 1096 673 1118 eorum
696 1083 1007 1118 inflammationibus
1024 1108 1034 1124 ‚
1058 1083 1112 1118 sae-

101 1127 174 1168 pius
208 1126 379 1168 accidere,
413 1128 503 1169 supra
539 1129 626 1167 (d)
656 1140 674 1160 a
706 1129 799 1162 nobis
832 1126 1010 1170 expositum
1044 1127 1113 1160 est-

101 1170 184 1203 Haec
209 1182 282 1204 cum
306 1173 351 1203 ita
376 1171 406 1204 se
430 1171 586 1210 habeant;
609 1172 755 1213 praeclare
778 1172 935 1213 intelligis
958 1195 970 1211 ,
993 1172 1110 1213 pleurae

100 1213 393 1248 inflammationem
417 1226 490 1249 cum
514 1215 675 1257 pulmonis
697 1215 953 1249 inflammatione
978 1213 1114 1257 conjun-

99 1257 185 1290 &am
209 1260 315 1292 minus
337 1258 451 1291 crebro
472 1257 665 1301 deprehendi
688 1282 700 1299 ,
722 1270 817 1302 quam
840 1259 989 1292 Medicus
1013 1257 1115 1290 nostra

99 1309 192 1333 :etate
238 1302 448 1336 nobiliffimus
480 1301 601 1335 credere
643 1302 810 1336 videbatur
838 1313 912 1337 cum
951 1302 1117 1343 peripneu-

98 1346 240 1378 moniam
276 1370 288 1386 ,
339 1344 460 1388 scripsit
487 1369 497 1383 ,
528 1357 565 1379 cx
589 1346 622 1387 se
660 1345 725 1389 ipsa
756 1358 826 1379 raro
857 1347 936 1380 oriri
962 1371 971 1386 ,
1004 1355 1115 1378 verum

96 1385 305 1430 supervenire
348 1389 519 1431 pleuritidi
550 1412 562 1429 ‚
609 1390 651 1422 Θ
686 1389 940 1431 paraphrenitia'i
973 1414 980 1420 .
1029 1388 1113 1427 Quae

99 1431 196 1464 verba
225 1432 264 1465 ad
298 1434 486 1466 memoriam
532 1441 681 1465 revocant
712 1434 929 1475 Hippocratis
970 1432 1078 1465 locum
1105 1457 1112 1470 ‚

98 1473 142 1507 fic
177 1486 192 1507 a
225 1477 354 1509 Dureto
376 1480 391 1516 (
413 1488 429 1510 e
451 1481 464 1516 )
488 1477 583 1509 latine
616 1475 777 1511 redditum
801 1490 810 1507 .-
850 1477 1111 1518 ‘Peripneumonia

94 1518 285 1560 pleuritidis
311 1520 498 1563 succedanea
529 1542 538 1557 ‚
585 1520 685 1552 tutior
716 1520 755 1560 esi
785 1520 977 1562 primigenia
1003 1530 1010 1551 :
1053 1520 1110 1561 qui

97 1561 191 1595 locus
230 1564 449 1605 Interpretum
472 1587 484 1602 ,
527 1566 559 1596 δε
601 1561 806 1597 Medicorum
853 1564 980 1604 ingenia
1015 1562 1108 1596 torsit

97 1617 172 1639 cum
196 1605 239 1638 ob
271 1606 348 1639 alias
371 1606 477 1640 causas
511 1605 593 1647 apud
616 1607 756 1639 Caelium
788 1606 999 1640 Aurelianum
1023 1603 1107 1649 (f),

97 1651 131 1681 &
156 1649 341 1683 Ballonium
365 1648 454 1691 (g)
488 1660 754 1683 commemoratas
779 1675 788 1689 ,
828 1658 899 1682 tum
931 1649 1108 1692 praesertim

96 1693 175 1734 quia
208 1692 242 1724 in
277 1691 484 1734 Aphorismis
517 1692 608 1733 (h)
641 1692 798 1735 scriptum
822 1692 864 1726 est
889 1705 896 1725 .-
930 1694 1107 1736 Apleuri-

97 1736 164 1768 tide
193 1735 446 1777 peripneumonia
488 1736 638 1769 malum.
678 1738 724 1770 Et
762 1737 942 1770 Martianus
976 1737 1107 1781 quidem

95 1781 111 1817 (
133 1779 145 1810 i
167 1782 180 1818 )
200 1801 209 1814 ‚
240 1788 335 1820 atque
360 1779 529 1812 Sennertus
553 1782 566 1818 (
589 1780 607 1819 l<
629 1784 642 1822 )
663 1804 676 1821 ‚
708 1780 825 1823 quibus
849 1779 977 1814 fortass'e
1011 1782 1108 1815 nimis

95 1820 162 1854 anfi
195 1819 286 1854 fuisse
311 1822 367 1853 alii
401 1823 436 1854 in
459 1831 550 1857 textu
584 1822 782 1858 emendando
804 1823 987 1858 viderentur
1011 1848 1020 1863 ,
1058 1837 1108 1858 ra-

94 1866 219 1908 tionem
243 1866 468 1907 excogitarunt
492 1889 504 1905 ,
536 1878 597 1909 qua
620 1890 631 1905 ,
679 1867 766 1900 nulla
798 1867 969 1901 verborum
1002 1880 1108 1902 muta-

94 1907 184 1942 tione
219 1907 305 1942 fac‘ta
329 1931 346 1955 >-
373 1920 440 1942 rem
469 1920 534 1942 non
566 1910 774 1945 incommode
816 1912 958 1954 intelligi
992 1910 1075 1955 posse
1098 1938 1109 1952 ‚

94 1951 256 1985 crederent
287 1978 295 1992 ,
325 1953 347 1983 {1
381 1952 534 1986 nimirum
560 1977 571 1992 ,
610 1954 698 1997 quod
740 1956 908 1989 Sennertus
942 1956 1023 1996 ait,
1058 1967 1108 1989 re-

93 2004 244 2038 putemus
268 2019 281 2035 ,
313 1998 454 2029 materiae
490 2007 577 2039 parte
609 1999 643 2031 in
679 1997 820 2032 thoracis
853 1999 1028 2042 parietibus
1052 2011 1107 2032 an-

93 2049 146 2072 tea
178 2037 320 2081 depofita
342 2063 355 2080 ,
388 2041 573 2082 pauciorem
597 2066 606 2081 ‚
642 2043 825 2086 minorique
862 2054 937 2079 cum
980 2043 1105 2086 impetu

92 2084 129 2115 in
164 2082 331 2124 pulmones
363 2083 522 2125 reliquam
555 2083 665 2123 ferri,
706 2096 760 2119 aut
792 2084 815 2119 fi
841 2110 849 2123 ‚
878 2086 967 2129 quod
1001 2086 1105 2119 censet

92 2126 275 2160 Martianus
298 2149 308 2164 ,
332 2136 395 2159 vox
418 2130 601 2169 α’σφαλεςέραι
623 2139 686 2162 non
709 2131 756 2162 ita
778 2131 954 2171 accipiatur
978 2154 986 2169 ,
1019 2129 1107 2173 quod

92 2169 193 2213 vulgo
225 2168 350 2204 faciunt
373 2194 385 2210 ‚
417 2178 454 2216 ut
490 2173 628 2204 tutiores
660 2181 738 2205 tunc
771 2172 975 2205 securioresve
1018 2175 1105 2214 peri-

91 2214 306 2255 pneumonias
338 2211 493 2254 significet
524 2236 536 2253 ,
583 2213 633 2247 [εά
660 2214 840 2252 stabiliores
862 2238 874 2254 ,
907 2213 967 2246 five
1000 2217 1105 2248 minus

92 2257 158 2299 jam
189 2256 447 2292 transmutabiles
484 2280 492 2287 .
537 2257 687 2296 Qarum
731 2259 1032 2299 interpretationum
1067 2270 1105 2291 ne

93 2302 234 2341 primam
267 2298 377 2343 sequar
401 2324 412 2339 ,
448 2298 525 2331 facit
559 2298 760 2341 aphorismus
802 2300 901 2334 modo
945 2313 1102 2335 memora-

94 2353 147 2376 tus
170 2366 182 2383 ,
214 2355 353 2386 quocum
385 2343 478 2375 illam
510 2352 546 2376 ut
580 2342 655 2377 satis
692 2345 861 2377 conciliem
896 2368 905 2382 ‚
952 2356 1018 2378 non
1053 2346 1103 2377 vi-

95 2386 157 2419 deo
182 2400 191 2418 .-
223 2398 261 2419 ne
293 2398 367 2419 vero
400 2386 529 2420 alteram
565 2410 573 2425 ,
614 2388 661 2419 vel
694 2387 760 2429 ipse
794 2387 937 2420 constans
961 2413 970 2427 ‚
1002 2399 1103 2431 quan-

93 2438 165 2464 tum
199 2429 370 2472 perspicere
394 2431 486 2473 potui
512 2451 520 2465 ‚
554 2430 587 2462 in
618 2432 736 2463 Coacis
770 2430 841 2463 usus
866 2431 955 2464 illius
993 2432 1101 2467 vocis,

94 2475 162 2505 eive
196 2473 339 2507 affinium
362 2497 375 2512 ,
408 2482 443 2506 ut
476 2472 631 2515 majorem
664 2484 726 2506 non
769 2473 976 2507 stabilitatem
999 2498 1012 2514 ,
1049 2475 1100 2508 sed

94 2516 295 2550 securitatem
320 2541 332 2557 ,
365 2516 427 2549 hoc
465 2515 506 2549 est
532 2517 636 2549 minus
674 2518 806 2558 periculi
830 2519 966 2550 omnino
1000 2517 1098 2560 figni-

93 2559 188 2593 ficent
211 2563 225 2599 (
248 2560 260 2593 l
281 2564 325 2599 ).
362 2559 443 2601 Qae
479 2571 552 2593 cum
586 2561 632 2592 ita
665 2559 761 2600 fint5
798 2562 831 2593 in
866 2570 1003 2595 mentem
1037 2563 1099 2593 mi-

93 2601 128 2635 hi
158 2604 237 2635 olim
270 2612 397 2636 venerat
428 2615 565 2645 quaerere
595 2626 609 2645 ,
653 2616 728 2638 num
770 2604 854 2638 forte
887 2606 995 2638 liceret
1030 2607 1096 2647 pri-

92 2658 177 2678 mam
217 2646 307 2680 illam
341 2646 517 2680 litterulam
548 2671 561 2687 ‚
601 2647 686 2690 quasi
732 2647 940 2682 librariorum
973 2650 1095 2681 incuria

93 2688 234 2723 additam
258 2713 268 2728 ,
310 2701 326 2723 a
358 2689 518 2733 proposita
550 2702 628 2725 voce
665 2691 798 2735 abjicere
820 2715 833 2733 ‚
871 2703 907 2726 ut
941 2694 1096 2726 mutatio.

92 2744 130 2766 ne
160 2734 305 2767 omnium
338 2734 472 2767 minima
504 2734 538 2767 id
571 2733 659 2777 quod
692 2738 775 2770 ratio
816 2735 975 2779 postulare
1006 2734 1099 2769 vide-

92 2777 185 2822 batur
218 2800 227 2814 ,
275 2788 339 2810 non
370 2776 452 2820 jam⁴
473 2779 608 2812 tutiores
631 2801 642 2817 ,
677 2779 729 2813 sed
764 2779 1005 2822 periculofiores
1049 2789 1100 2813 eas

93 2820 148 2853 olle
184 2820 355 2863 legeremus
387 2822 663 2864 peripneumonias
692 2834 763 2866 quae
795 2822 962 2866 pleuriticii
995 2822 1100 2856 succe-

93 2862 207 2896 dunt:
243 2874 296 2897 aut
321 2863 342 2896 fi
365 2864 398 2897 id
431 2876 495 2898 non
530 2866 674 2904 liceret5
709 2877 784 2899 num
817 2866 903 2909 sequi
939 2866 986 2900 fas
1018 2865 1094 2900 esset

93 2907 355 2941 conciliationem
388 2920 403 2941 a
443 2910 549 2942 Petito
582 2912 684 2949 (m)
715 2909 906 2950 traditam,
941 2920 993 2943 aut
1026 2921 1094 2942 cer-

96 2959 127 2982 te
165 2952 336 2992 probatam
357 2973 368 2988 ,
410 2960 447 2984 ut
481 2952 700 2995 aphorismum
736 2954 931 2995 accipiamus
967 2954 1005 2986 de
1038 2965 1093 2995 pe-

97 2995 319 3036 ripneumonia
353 3017 366 3034 ,
405 3006 475 3037 quae
521 2996 670 3039 perstanti
713 2997 880 3040 pleuritidi
927 2996 1095 3037 addatur,

95 3039 277 3072 Coacarum
301 3047 405 3070 autem
429 3037 536 3072 locum
570 3040 608 3072 de
630 3041 897 3082 peripneumonia
913 3063 923 3078 ,
946 3041 980 3073 in
1000 3052 1097 3083 quam

96 3080 244 3122 pleuritis
268 3090 408 3115 mutetur
431 3105 439 3111 -
464 3084 518 3115 Tu
543 3093 647 3117 autem
670 3083 792 3118 videbis
815 3108 827 3125 ,
858 3095 933 3117 num
956 3096 994 3116 eo
1025 3085 1099 3117 loco

95 3123 164 3157 duae
197 3126 260 3159 istae
294 3125 563 3168 peripneumoniae
596 3128 679 3160 inter
712 3127 739 3161 se
771 3136 996 3170 comparentur
1017 3151 1030 3168 ,
1061 3139 1101 3160 an

96 3169 205 3209 potius
228 3168 296 3202 haec
331 3168 426 3200 altera
449 3170 483 3201 in
514 3182 608 3212 quam
635 3172 782 3214 pleuritis
814 3181 959 3205 mutatur
983 3195 995 3210 ‚
1025 3183 1099 3204 cum

96 3222 130 3242 ea
163 3221 366 3255 comparetur
398 3222 467 3252 quae
499 3213 537 3245 fit
570 3216 758 3257 primigenia
783 3239 790 3247 .
829 3215 930 3255 Qiod
963 3213 986 3247 fi
1023 3215 1066 3248 est
1088 3240 1098 3254 ,

94 3263 131 3287 ut
162 3256 253 3297 plane
285 3256 361 3293 ests
396 3265 507 3297 nempe
538 3257 616 3290 illuc
652 3258 788 3292 redimus
820 3283 833 3299 ‚
875 3268 910 3291 ut
944 3260 1099 3292 rationem

94 3309 273 3347 quaeramus
296 3323 309 3339 ,
339 3308 395 3331 cur
426 3301 704 3341 peripneumonias
727 3326 740 3342 ,
774 3314 845 3344 quae
880 3301 1031 3337 accidunt
1055 3315 1099 3335 ε..

96 3343 163 3383 gris
188 3367 200 3384 ,
232 3354 298 3386 jam
331 3341 501 3384 pleuritide
524 3367 536 3382 ,
570 3347 602 3376 ἅτ
632 3345 701 3388 ipsa
736 3345 919 3388 pleuritidis
952 3346 1096 3380 curatio-

96 3395 134 3417 ne
166 3385 345 3420 debilitatis
379 3408 387 3421 ,
429 3397 479 3418 eas
514 3388 650 3421 tutiores
687 3391 878 3431 pronunciet
914 3390 1097 3432 Hippocra-

182 3430 347 3473 lliorgagni
358 3430 393 3462 de
406 3431 472 3464 Seel-
488 3430 624 3473 &Caus-
637 3431 738 3466 Morb.
753 3434 850 3466 Tom.
866 3435 892 3466 I.

183 3642 197 3667 b
214 3642 223 3673 )
240 3653 266 3668 n.
286 3652 325 3673 14.
401 3645 415 3674 (
430 3653 442 3669 c
458 3645 472 3673 )
488 3644 576 3674 opusc.
595 3644 691 3669 Pathol.
708 3644 768 3670 ΟΜ.
786 3654 823 3675 13.
840 3647 862 3670 8:
878 3647 941 3677 seqqa

185 3673 225 3705 f)
242 3677 312 3699 Acut.
329 3675 413 3700 Morb.
432 3678 448 3700 l.
466 3682 488 3701 2.
506 3683 526 3700 c.
544 3684 583 3705 25·
899 3677 903 3679 ’

184 3704 201 3728 k
217 3706 231 3734 )
246 3706 339 3730 Medic.
358 3707 432 3731 Prast.
448 3706 465 3730 l.
484 3714 505 3730 2.
522 3709 548 3730 Ρ.
567 3714 589 3729 2.
607 3713 627 3729 c.
646 3708 683 3729 16.

186 3743 210 3759 m
227 3735 236 3765 )
252 3738 392 3761 Comment.
412 3737 436 3761 in
455 3738 522 3761 Aret.
540 3737 569 3761 de
587 3737 670 3761 Morb.
690 3738 762 3762 Acut.
779 3738 797 3761 l.
818 3745 838 3762 1.
856 3746 878 3762 c.
897 3747 933 3764 10.

187 3767 232 3824 q))
249 3769 285 3791 De
302 3768 480 3796 Pleutipneum.
499 3770 517 3792 1.
539 3776 559 3792 ι.
576 3775 596 3791 <;μ
619 3775 637 3790 i.

188 3802 198 3819 t

245 3796 309 3827 supra
326 3806 349 3822 n.
369 3806 408 3828 37.
470 3800 484 3827 (
500 3807 515 3823 u
534 3804 540 3828 J
557 3806 582 3823 n.
601 3800 637 3828 38.
657 3806 695 3827 39.

1139 2949 1307 2993 servamus
1331 2965 1340 2982 .-

1002 3647 1017 3676 ζ
1032 3647 1048 3671 d
1065 3646 1074 3676 )
1090 3653 1115 3670 n.
1134 3653 1174 3670 ιο.

645 3678 659 3704 ί
671 3683 690 3705 g
705 3676 718 3704 J
735 3678 827 3700 Annot.
842 3680 866 3701 6.
881 3679 912 3702 ad
929 3676 1020 3703 consu.
1041 3685 1079 3707 ²7·
1097 3677 1115 3700 l·
1135 3684 1157 3700 1.

2013 238 2108 287 ²¹9

1165 313 1210 337 tes
1234 326 1243 340 ‚
1277 313 1375 344 quam
1407 314 1477 344 quae
1500 326 1512 342 ‚
1545 302 1633 347 nulla
1656 304 1772 344 praevia
1796 301 1966 345 pleuritide
1990 325 2002 341 ‚
2035 302 2172 347 valentes

1165 344 1368 386 robustosque
1401 344 1544 379 homines
1576 346 1804 387 aggrediuntur
1840 352 1849 379 Ρ
1883 347 1959 378 Illas
1991 344 2059 377 sane
2090 346 2171 386 ipsas

1168 389 1251 432 apud
1277 389 1460 421 Ballonium
1493 392 1546 427 (n
1571 392 1582 427 >
1615 389 1736 422 videbis
1767 389 1881 422 censeri
1917 387 2047 422 lethales
2071 411 2084 427 ,
2115 397 2170 419 nec

1168 433 1291 465 ratione
1315 430 1417 465 solum
1436 455 1446 471 ³
1481 442 1533 465 aut
1557 432 1674 464 Galeni
1699 432 1911 472 auctoritate,
1936 430 1985 465 sed
2009 434 2041 463 δε
2064 441 2171 463 exem-

1168 477 1231 519 plis
1254 475 1421 517 produtstis
1443 476 1570 508 citioris
1593 475 1666 508 inde
1691 476 1805 509 mortis
1828 477 1950 518 Regina
1972 476 2134 516 Navarra&
2160 498 2167 509 .

1166 523 1197 553 δε
1219 519 1356 551 Dominae
1379 522 1511 560 Dupuy:
1536 517 1573 551 ad
1597 530 1667 560 quae
1689 520 1753 552 alia
1777 541 1785 556 ‚
1810 526 1904 559 atque
1930 518 1988 550 alia
2013 516 2090 559 saepe
2116 516 2169 548 ad-

1166 561 1314 594 diderunt
1338 562 1486 603 deinceps
1510 561 1634 594 Medici
1659 560 1779 595 funesta
1802 561 1967 602 exempla,
1991 562 2099 593 &non
2122 560 2169 591 ita

1168 605 1292 647 pridem
1326 606 1389 638 Vir
1411 602 1537 638 Clariss'.
1574 605 1724 638 Gianella
1759 604 1863 638 noster
1895 607 1944 642 (ο
1968 606 2008 642 ):
2043 612 2168 636 tantum

1170 650 1273 689 abest,
1297 658 1333 680 ut
1356 659 1405 682 eas
1430 649 1725 690 peripneumonias3
1750 648 1772 681 fi
1795 646 1882 689 quod
1906 647 2018 684 saeoius
2041 647 2169 679 contin-

1165 694 1237 734 git,
1261 691 1458 734 spectemus3
1480 691 1604 724 credere
1628 693 1662 725 in
1685 691 1865 725 universum
1888 691 2036 733 poffimus
2058 690 2171 732 primi-

1162 735 1264 778 geniis
1287 735 1443 768 tutiores.

1208 791 1260 820 40.
1287 778 1411 811 Verum
1445 786 1480 812 ut
1513 777 1554 811 ab
1583 777 1635 811 his
1671 790 1741 820 quae
1775 776 1944 811 succedunt
1975 799 1987 816 ,
2023 775 2064 810 ad
2095 775 2168 808 illas

1165 833 1234 863 quae
1258 820 1347 854 sll‘ssul
1373 833 1446 855 cum
1470 821 1643 864 pleuritide
1667 820 1737 855 sunt
1762 845 1770 859 ‚
1808 821 2085 863 peripneumonias
2120 830 2169 851 re-

1168 865 1330 902 deamus;
1374 876 1438 897 non
1471 874 1537 898 tam
1571 865 1683 898 crebro
1717 876 1767 897 eas
1797 864 1927 907 quidem
1962 876 1972 902 3
2015 863 2049 896 id
2081 861 2170 906 quod

1171 907 1233 948 jam
1259 907 1332 940 satis
1357 907 1464 942 vidisti
1487 921 1497 947 5
1532 908 1581 941 sed
1606 919 1711 941 tamen
1737 908 1821 941 haud
1854 907 2002 940 rariffime
2025 916 2171 939 occurre-

1169 963 1221 991 re,
1244 961 1308 983 non
1332 951 1444 985 nostrae
1470 953 1570 985 modo
1590 975 1602 992 ,
1627 951 1676 985 [εά
1702 955 1734 985 δε
1758 952 1896 985 aliorum
1920 950 2169 984 Observationes

1166 993 1380 1028 demonstrant
1406 1020 1413 1026 .
1452 996 1497 1027 At
1530 1005 1613 1028 certe
1641 995 1745 1028 multo
1779 996 1884 1028 minus
1911 995 2022 1026 crebro
2054 1004 2170 1027 occur-

1165 1048 1239 1071 runt
1263 1037 1326 1070 illae
1358 1038 1547 1079 quibuscum
1571 1040 1699 1081 gravior
1734 1039 1849 1080 pleurae
1883 1037 1920 1070 sit
1954 1038 2172 1071 inflammatio

1165 1079 1335 1124 conjuncfta
1360 1105 1366 1111 .
1402 1080 1507 1114 Testis
1530 1081 1572 1114 est
1596 1093 1658 1124 prae
1682 1083 1806 1114 caeteris
1828 1082 1875 1113 vel
1900 1084 1927 1113 is
1947 1081 2039 1113 Civis
2064 1092 2172 1119 meus,

1163 1126 1221 1168 qui
1252 1123 1290 1156 de
1314 1133 1452 1167 utroque
1484 1124 1574 1157 simul
1598 1123 1711 1167 juncto
1744 1124 1856 1157 morbo
1890 1124 2046 1164 peculiare
2078 1124 2172 1156 volu·-

1164 1179 1237 1201 men
1260 1167 1382 1206 edidit,
1406 1167 1591 1210 primusque
1614 1168 1766 1201 ambobus
1789 1167 2088 1213 ‘Pleuripneumoniae
2113 1178 2171 1198 no-

1166 1222 1237 1245 men
1263 1237 1271 1251 ‚
1302 1210 1326 1244 fi
1362 1221 1427 1243 non
1460 1211 1620 1253 imposuit
1645 1233 1653 1247 ‚
1693 1221 1725 1244 at
1747 1220 1831 1244 certe
1863 1211 1904 1242 sic
1928 1209 2133 1242 confirmavit
2160 1233 2171 1248 ,

1167 1265 1203 1289 ut
1235 1266 1318 1289 nunc
1354 1254 1580 1297 pervulgatum
1611 1253 1652 1287 ab
1684 1254 1898 1288 recentiffimis
1933 1255 2033 1286 etiam
2066 1252 2171 1287 laude-

1168 1308 1221 1332 tur
1244 1322 1256 1337 ,
1280 1299 1474 1332 Vincentius
1500 1299 1657 1333 Baronius
1683 1310 1691 1331 :
1716 1297 1805 1341 cujus
1830 1296 2084 1331 Observationes
2108 1297 2173 1340 jam

1168 1342 1241 1376 inde
1278 1342 1317 1375 ab
1349 1343 1392 1375 A.
1435 1344 1526 1385 1636.
1567 1345 1655 1384 typis
1683 1339 1860 1375 commissae
1895 1340 1980 1374 haud
2016 1340 2080 1373 scio
2115 1352 2174 1374 cur

1166 1397 1230 1420 non
1262 1385 1382 1419 fuerint
1406 1386 1439 1418 in
1475 1386 1619 1419 sectione
1654 1385 1711 1419 hac
1736 1385 1936 1428 Sepulchreti
1972 1384 2143 1427 propositae
2162 1409 2172 1423 ‚

1164 1432 1197 1463 in
1227 1441 1289 1473 qua
1321 1430 1517 1471 caeteroquin
1552 1438 1667 1471 praeter
1700 1441 1769 1463 eam
1802 1440 1899 1472 quam
1942 1427 2034 1470 supra
2078 1431 2174 1472 (p)

1161 1473 1302 1507 indicavi
1337 1497 1347 1512 ‚
1398 1471 1467 1506 aliae
1500 1473 1647 1516 quaedam
1681 1484 1744 1506 non
1780 1471 1873 1506 semel
1906 1480 2036 1504 tantum
2068 1496 2080 1512 ,
2122 1472 2175 1506 secl

1162 1518 1212 1550 bis
1238 1527 1402 1560 ponuntur
1424 1542 1437 1558 ‚
1471 1527 1505 1552 ut
1531 1529 1600 1561 quae
1625 1526 1694 1550 tum
1719 1518 1746 1555 §.
1774 1528 1805 1557 7.
1829 1515 1909 1548 Obs·
1937 1528 1967 1556 9.
1993 1525 2064 1548 tum
2087 1518 2115 1556 §.
2141 1527 2175 1549 2„

1161 1560 1318 1603 Ob1340.
1347 1564 1380 1595 δε
1413 1573 1483 1604 quae
1508 1571 1578 1596 tum
1612 1562 1645 1596 in
1680 1569 1826 1593 extremo
1862 1558 1995 1591 Scholio
2027 1558 2067 1591 ad
2090 1559 2176 1593 ΟΜ,

1159 1617 1212 1649 33.
1242 1615 1313 1638 tum
1349 1616 1439 1638 nono
1471 1606 1608 1640 articulo
1643 1602 1846 1648 Appendicis
1880 1601 1917 1636 ad
1953 1600 2040 1635 Obsi
2062 1613 2112 1645 ις.
2140 1606 2173 1636 δε

1160 1662 1230 1692 quae
1255 1659 1326 1682 tum
1350 1650 1384 1682 in
1408 1647 1503 1691 hujus
1528 1649 1730 1692 Appendicis
1755 1646 1892 1688 articulo
1916 1656 2033 1689 quarto
2057 1669 2066 1684 ‚
2102 1656 2175 1680 tum

1159 1694 1193 1726 in
1227 1691 1364 1726 secundo
1397 1690 1520 1726 Scholii
1557 1693 1593 1727 ad
1626 1693 1706 1726 Obs.
1746 1691 1795 1733 38.
1831 1690 1950 1725 eaedem
1993 1690 2177 1733 leguntur,

1161 1737 1321 1769 Batonius
1345 1737 1445 1778 igitur
1483 1741 1492 1776 (
1516 1748 1534 1779 q
1556 1741 1570 1777 )
1593 1761 1605 1777 ‚
1639 1748 1712 1770 cum
1736 1738 1770 1769 in
1803 1735 1916 1769 nos'tris
1942 1734 2008 1767 illis
2032 1735 2175 1777 regioni-

1160 1780 1220 1814 bus
1254 1781 1554 1822 Pleuripneumonia
1586 1780 1761 1823 epidemicc
1796 1788 1961 1823 vagaretur
1994 1801 2003 1817 ,
2049 1778 2174 1821 tresque
2202 1818 2204 1820 v

1160 1836 1199 1856 eo
1223 1824 1336 1856 morbo
1372 1824 1584 1865 interemptos
1609 1824 1675 1867 ipse
1700 1825 1735 1857 in
1759 1823 1964 1857 Nosocomio
1976 1823 2083 1865 patrio
2104 1822 2173 1856 dise

1160 1867 1275 1901 secaret
1297 1889 1310 1906 ,
1345 1867 1376 1900 in
1399 1866 1484 1899 nullo
1508 1878 1610 1901 eorum
1635 1867 1733 1902 lacere
1754 1866 1918 1913 abscessum
1942 1890 1954 1907 ,
1990 1876 2044 1899 nec
2068 1864 2177 1899 ullum·

1161 1911 1261 1944 alium
1294 1912 1326 1944 in
1360 1909 1539 1943 membrana
1574 1910 1668 1949 costas
1708 1911 1908 1953 succingtnte
1951 1907 2178 1951 inflammatio*v

1159 1955 1209 1987 nis
1233 1978 1244 1994 ,
1268 1961 1324 1987 aut
1347 1954 1481 1986 tumoris
1503 1954 1665 1996 mfflginm
1689 1954 1910 1996 deprehendere
1935 1954 2071 1995 potuit,
2089 1963 2177 1995 pne-r

1160 2006 1302 2039 terquam
1336 1997 1368 2029 in
1403 2007 1464 2029 una
1504 2004 1629 2031 tantum
1673 1997 1861 2032 muliercula
1886 2019 1896 2035 ‚
1931 1998 1965 2029 in
2003 2008 2065 2039 qua
2101 1996 2174 2039 ips-a

1160 2050 1355 2073 tamennon
1388 2040 1623 2074 inflammatam
1658 2053 1726 2075 eam
1760 2040 1976 2075 membranam
2004 2066 2012 2080 ‚
2048 2039 2101 2074 secl
2123 2048 2175 2074 tao

1159 2085 1264 2117 hidam
1287 2084 1413 2116 invenit
1435 2106 1447 2123 ,
1480 2093 1516 2117 ut
1541 2085 1625 2118 arcte
1649 2084 1861 2120 adhaerentem
1887 2085 2073 2128 pulmonem
2096 2095 2173 2118 curn

1159 2127 1328 2171 avellerent
1351 2150 1363 2166 ,
1397 2126 1575 2170 sequeretur
1599 2153 1606 2159 .
1644 2130 1697 2162 Ex
1720 2128 1918 2171 fingulorum
1943 2136 2048 2162 autem
2082 2140 2173 2161 mor-

1158 2170 1191 2202 bi
1224 2170 1437 2212 descriptione
1460 2194 1472 2211 ,
1503 2183 1601 2215 quam
1635 2172 1828 2207 seffionibus
1864 2173 2036 2215 praemittit
2059 2196 2072 2213 ‚
2115 2183 2171 2214 ap-

1158 2222 1248 2255 paret
1270 2236 1283 2253 ‚
1317 2225 1427 2246 omnes
1451 2225 1548 2248 acuto
1583 2227 1617 2247 ac
1642 2225 1801 2259 pungente
1826 2216 1934 2250 lateris
1954 2216 2064 2249 dolore
2088 2215 2171 2249 fuis-

1157 2256 1186 2290 se
1210 2257 1370 2302 cruciatos
1394 2281 1401 2288 .
1440 2258 1531 2300 Qu
1560 2260 1657 2292 etiam
1680 2284 1689 2299 ‚
1721 2269 1758 2293 ut
1782 2259 1906 2293 suarum
1931 2258 2048 2294 similes
2071 2284 2083 2301 ‚
2114 2259 2166 2293 his

1155 2299 1290 2341 subjicit
1316 2301 1432 2333 Plateri
1452 2325 1466 2341 ,
1490 2304 1523 2334 δε
1549 2301 1681 2335 Zecchii
1706 2302 1955 2337 Observationes
1983 2317 1992 2336 .·
2025 2314 2167 2347 quorum

1154 2343 1210 2376 ille
1233 2345 1267 2375 in
1291 2344 1473 2386 pleuriticis
1496 2344 1620 2379 duobus
1643 2346 1799 2380 maculam
1823 2354 1949 2381 tantum
1971 2347 2107 2382 lividam
2131 2349 2165 2381 in

1153 2386 1262 2428 pleura
1288 2388 1381 2434 ’-CUi
1413 2388 1546 2430 quidem
1581 2388 1692 2423 affixos
1725 2390 1896 2432 pulmones
1930 2390 2015 2433 ipsos
2055 2393 2166 2433 potius

1154 2430 1236 2462 male
1271 2431 1399 2464 allectos
1424 2430 1668 2473 deprehendit3
1702 2433 1859 2467 Zecchius
1895 2444 2001 2468 autem
2035 2436 2067 2467 in
2093 2437 2166 2478 plu-

1156 2474 1243 2506 ribus
1268 2499 1277 2513 ,
1311 2485 1376 2506 non
1400 2475 1491 2507 illam
1515 2499 1526 2515 ‚
1561 2475 1610 2508 sed
1642 2477 1810 2517 pulmones
1835 2479 1971 2511 vitiatos
2006 2479 2129 2513 invenit
2152 2505 2165 2521 ,

1155 2527 1192 2550 ur
1227 2518 1261 2549 in
1296 2517 1506 2566 Sepulchreto
1540 2530 1667 2561 quoque
1700 2523 1788 2560 (r)
1829 2521 2018 2556 adnotatum
2044 2522 2125 2565 leges
2154 2538 2164 2556 :

1152 2571 1336 2603 quanquam
1367 2571 1399 2592 in
1431 2570 1576 2594 extremo
1613 2564 1773 2596 Tratftatu
1808 2565 1843 2597 cle
1867 2566 1990 2598 Lam-is
2012 2566 2124 2600 Dolore
2149 2591 2163 2607 ‚

1149 2605 1207 2646 qui
1242 2613 1277 2636 ut
1310 2603 1455 2637 Metlmdo
1498 2606 1533 2638 de
1565 2606 1672 2639 Urinis
1718 2606 1873 2649 subjectus
1908 2631 1918 2646 ‚
1967 2608 2008 2642 fic
2036 2610 2161 2652 Consul-

1149 2647 1267 2694 tationi
1297 2647 1349 2679 illi
1382 2659 1452 2690 qnae
1483 2649 1641 2682 editarum
1675 2651 1823 2684 Veneriis
1847 2651 1888 2685 est
1920 2653 2052 2690 ultima,
2082 2665 2162 2695 prae-

1153 2692 1275 2733 positus
1307 2689 1382 2728 est3
1417 2690 1502 2725 idem
1550 2691 1706 2727 Zecchius
1755 2695 1871 2729 scribit
1904 2721 1913 2736 ‚
1964 2698 1996 2728 in
2042 2696 2161 2738 pleuri-

1152 2736 1229 2767 ticis
1274 2745 1348 2767 cum
1393 2746 1514 2778 magno
1559 2737 1749 2778 pulmonum
1782 2739 1867 2772 vitio
1891 2763 1902 2780 ,
1948 2740 2086 2781 pleuram
2110 2743 2161 2773 in-

1152 2779 1276 2811 terdum
1315 2778 1443 2820 prorsus
1475 2778 1601 2821 illaesam
1625 2804 1637 2819 ,
1681 2791 1898 2824 nonnunquam
1931 2794 2005 2816 nero
2045 2794 2160 2825 parum

1153 2821 1358 2855 immutatam
1404 2832 1560 2864 repertam
1604 2821 1661 2857 esse
1694 2849 1700 2857 .
1749 2825 1825 2859 Huc
1863 2826 2030 2869 Jacotium
2076 2827 2161 2869 (s)

1153 2864 1266 2898 addito
1311 2888 1319 2901 ‚
1367 2864 1457 2907 cujus
1518 2866 1585 2899 haec
1642 2866 1713 2900 sunt
1757 2869 1849 2901 verba
1885 2882 1892 2902 1
1949 2870 2160 2913 experimento

1147 2909 1180 2940 in
1213 2906 1387 2950 diffieilione
1407 2908 1646 2949 pleni-uicorum
1681 2920 1749 2944 raro
1775 2919 1894 2946 tumere
1929 2913 2073 2955 pleuram
2106 2912 2159 2946 ob-

1376 2954 1406 2984 &
1440 2963 1477 2984 ne
1512 2953 1669 2987 Valsalvae
1693 2977 1705 2994 ,
1736 2958 1767 2986 δε
1802 2954 1919 2988 nostras
1954 2955 2155 2991 diffeftioms

1149 2993 1264 3037 saepius
1289 2995 1504 3034 inculcemus3
1529 3005 1681 3031 trecentas
1704 2997 1775 3030 illas
1786 3000 1886 3031 Servii
1910 2999 1973 3040 (t)
1998 2999 2157 3042 adjicito,

1149 3039 1184 3070 in
1218 3039 1336 3081 quibus
1361 3039 1503 3080 pleuram
1534 3050 1587 3074 aut
1611 3041 1693 3074 nihil
1718 3043 1855 3075 omnino
1885 3045 2035 3077 vitiatam
2057 3068 2069 3084 ,
2102 3056 2158 3079 aut

1155 3080 1269 3115 leviter
1312 3090 1439 3115 tantum
1482 3085 1701 3125 quodammodo
1746 3086 1942 3128 inquinatam
1987 3085 2122 3120 offendit
2147 3114 2154 3120 .‚

1153 3124 1437 3164 Quemadmodum
1470 3136 1574 3160 autem
1605 3140 1680 3162 cum
1713 3128 1806 3172 supra
1839 3132 1931 3169 (u)
1962 3130 2157 3164 ostenderem

1154 3170 1369 3211 ampliorum,
1392 3171 1639 3216 graviorumque
1663 3173 1779 3215 pleurae
1806 3171 1992 3213 laefionum,
2016 3173 2069 3206 ubi
2096 3174 2156 3207 sal-

1150 3214 1184 3245 vi
1209 3213 1374 3254 pulmones
1395 3214 1454 3245 lint
1477 3239 1484 3251 ,
1520 3224 1573 3248 aut
1596 3215 1684 3249 illius
1707 3217 1974 3250 inflammationis
1996 3228 2069 3250 cum
2094 3219 2155 3251 ho-

1151 3267 1222 3289 rum
1257 3257 1510 3303 inflammatione
1542 3257 1723 3299 conjunffiste
1754 3261 1919 3292 raritatem
1943 3284 1952 3298 ‚
1996 3271 2059 3292 non
2105 3273 2155 3294 me

1148 3310 1233 3333 certe
1264 3312 1302 3333 ex
1336 3301 1375 3332 iis
1408 3300 1464 3333 esse
1491 3324 1499 3339 ‚
1530 3301 1702 3336 credideris
1725 3326 1737 3343 ,
1767 3305 1823 3346 qui
1857 3302 1976 3336 nullam
2005 3303 2158 3345 pleuriti-

1149 3343 1218 3376 dem
1251 3357 1269 3377 a
1308 3343 1489 3377 membranae
1531 3346 1628 3385 sosias
1661 3345 1873 3388 fitccingentis
1911 3344 2155 3389 inflammatione

1148 3388 1311 3424 excitari,
1353 3388 1587 3421 contenderunt
1615 3415 1624 3430 ,
1668 3391 1827 3466 1}ominati
1872 3389 2017 3432 plerique
2051 3402 2067 3421 a
2100 3392 2155 3424 Cl.

1685 3445 1700 3465 a
1721 3444 1737 3465 e
1783 3444 1800 3465 2
2032 3434 2114 3466 Tit-

1237 3648 1251 3676 (
1268 3655 1279 3670 e
1301 3648 1307 3679 )
1324 3649 1424 3671 Coacar.
1442 3648 1545 3670 Praennt.
1562 3646 1581 3669 l.
1598 3654 1618 3669 2.
1635 3655 1658 3671 c.
1679 3650 1715 3671 16.
1732 3655 1756 3671 n.
1775 3648 1812 3670 28.

1222 3679 1236 3707 ί
1254 3679 1268 3702 b
1285 3678 1293 3708 )
1311 3678 1370 3703 Sest.
1387 3686 1411 3705 7.
1429 3678 1490 3705 Aph.
1512 3685 1547 3701 ιι.
1608 3679 1617 3706 ί
1634 3680 1644 3701 i
1662 3683 1670 3704 )
1690 3677 1727 3701 Ad
1743 3679 1818 3702 Coac.
1837 3678 1898 3702 Sest.
1914 3684 1937 3701 2.
1955 3684 1979 3701 n.
1998 3686 2052 3707 277.

746 3708 761 3737 (
776 3708 786 3731 l
801 3708 815 3735 )
831 3707 1051 3738 Vid.apudouret.
1062 3708 1104 3731 cit.
1120 3714 1256 3743 cap.n.173
1272 3710 1312 3733 cui
1328 3708 1387 3732 adde
1404 3716 1426 3730 n.
1438 3711 1474 3731 16.
1492 3707 1514 3731 δε
1530 3715 1581 3735 cap.
1594 3716 1661 3735 17.n.
1676 3715 1694 3731 ι.
1706 3708 1772 3733 Adde
1788 3715 1840 3737 cap.
1853 3716 1921 3737 15.n.
1932 3709 1989 3736 4.&
2005 3710 2022 3733 l.
2035 3717 2054 3733 1.
2069 3718 2093 3734 n.
2105 3718 2160 3740 ¹49-

699 3769 705 3797 (
724 3777 735 3792 r
750 3772 762 3799 )
777 3769 839 3793 sen.
856 3769 915 3800 hac,
930 3738 1277 3798 obs.(2<⁷2’.³§f⁸i¹{¹.⁰tic⁶i,⁶’t'

1341 3740 1354 3766 (
1372 3746 1384 3761 o
1404 3739 1411 3764 )
1429 3740 1463 3761 De
1480 3739 1578 3762 Succesi‘.
1598 3739 1680 3763 Morb.
1700 3741 1715 3763 l.
1732 3746 1751 3762 ².
1769 3746 1792 3762 c.
1811 3742 1835 3763 6.
1899 3738 1907 3768 (
1922 3746 1939 3768 p
1955 3739 1969 3767 )
1986 3748 2010 3763 n.
2028 3742 2066 3764 28.

1289 3771 1297 3801 <
1312 3770 1355 3799 s)
1372 3771 1513 3795 comment.
1531 3770 1556 3793 in
1573 3770 1643 3800 Hipp.
1664 3771 1738 3795 eoae.
1755 3770 1816 3795 sest.
1833 3777 1857 3793 2·
1873 3771 1889 3794 l.
1909 3778 1927 3795 1.
1945 3770 2029 3800 apher.
2049 3779 2070 3797 1.
