2498 4075
506 209 656 275 Epist.
693 210 853 262 Anat.
887 207 1102 263 Medica
1137 205 1264 259 XII.
1301 205 1418 260 Art.
1457 221 1500 270 7.
1538 208 1592 262 ὅτ
1620 206 1664 259 8.

59 291 126 332 ,ᾖιτε
148 287 277 323 cerebro
299 288 418 327 editis,
440 294 476 320 nt
500 284 577 326 saepe
600 283 769 328 hydatides
793 287 826 318 in
859 286 1064 328 meningibus

60 334 202 372 fuerint,
227 334 254 365 is
277 332 333 373 qui
357 342 373 363 a
395 329 447 363 Cl.
468 327 619 375 Jo.Rud.
636 330 808 372 Zwingero
831 333 840 369 (
862 341 892 363 m
912 332 925 369 )
946 328 1063 362 descri-

60 387 133 421 ptus
154 376 219 416 est,
242 378 274 408 &
298 375 466 408 memorati
489 371 731 414 Monspelienfis
752 395 765 412 ,
797 370 1022 406 Porolivienfis
1044 395 1057 412 ‚

61 422 179 463 aliique
201 418 450 451 commonstrant
464 440 471 447 .
496 416 576 458 Quo
586 416 683 447 etiam
695 417 874 458 pertinere,
886 415 978 448 facile
989 426 1054 447 cre-

63 465 116 498 des
141 472 243 496 totam
265 462 354 494 illam
377 458 568 492 notiffirnam
592 468 630 491 ex
654 460 827 492 innumeris
861 459 1061 501 compactam

63 507 229 546 vesiculis,
251 503 467 547 limpidissima
491 513 567 544 aqua
593 502 693 542 plenis
709 524 718 538 ,
743 501 889 545 Wepferi
910 501 977 545 (n)
996 512 1066 533 mo-

63 551 147 588 lem3
171 549 228 583 nisi
252 559 325 582 cum
348 548 388 579 iis
412 544 512 578 facere
534 545 625 577 malis
637 546 691 587 qui
705 544 742 578 ad
756 544 982 588 cerebriipsius
995 543 1065 577 sub-

62 593 208 629 stantiam
233 588 396 635 specsassffi
423 587 640 621 existimarunt
657 612 664 619 .
691 588 796 621 Certe
811 597 916 622 autern
947 587 1062 621 Halle-

63 648 115 671 rus
137 639 206 677 (o)
226 646 299 671 curn
320 632 573 666 observationem
600 631 722 665 indicat
744 632 797 665 Cl.
823 631 982 674 Spoerlini
999 628 1062 671 hy-

63 680 209 714 datidum
233 681 306 712 loco
328 675 447 709 cerebri
470 676 669 708 inventarum
683 698 694 713 ‚
718 684 811 715 turn,
834 674 910 708 alibi
920 672 1062 716 pluscula

66 724 206 766 exempla
229 722 322 762 hujus
335 717 466 763 sabricae
488 717 616 755 haberi,
648 718 817 751 admonet.
843 718 914 751 111ae
939 718 1064 759 igitur,

64 776 119 801 aut
143 766 192 800 hae
214 764 355 798 vesiculae
378 760 399 794 fi
424 761 471 794 vel
496 773 511 792 a
536 759 587 795 sua
610 760 685 803 ipsae
701 760 892 794 distentione
903 760 987 793 forte
1000 758 1065 792 dis-

66 810 195 850 filiam,
218 819 329 851 aquam
352 807 435 839 intra
459 805 602 838 cranium
626 815 687 846 pro
710 803 760 838 sua
774 802 1020 847 magnitudine,
1034 805 1065 835 &

64 865 197 889 numero
220 850 402 885 effundent:
428 847 476 880 hae
501 856 607 881 autem
630 849 794 890 quaeintra
806 847 1067 881 substantiamin-

65 899 219 931 creverint
242 894 383 933 cerebri,
406 900 442 925 ut
464 892 498 924 in
521 903 589 925 earn
611 891 729 925 alterna
755 892 945 924 arteriarum
966 888 1071 932 pulsa-

67 943 157 974 tione
179 940 374 977 adiguntur,
398 933 439 967 sic
451 935 540 976 prius
554 935 652 968 etiam
663 946 759 977 quam
779 934 927 967 diffiliant
941 956 950 969 ,
970 942 1070 975 quan-

64 994 137 1018 tum
159 977 273 1026 possint
297 980 335 1014 ad
357 978 658 1019 comminuendam,
680 976 971 1020 diffolvendamque
985 975 1070 1022 mol-

32 1060 35 1062 .
65 1027 212 1061 liffimam
235 1021 475 1065 circumiectam
499 1021 697 1061 medullam,
721 1022 919 1064 excogitavit
943 1019 1069 1053 Lauste-

64 1081 117 1105 rus
137 1069 227 1112 (p).
252 1069 374 1101 Verum
398 1076 586 1109 quacunque
610 1064 757 1105 ratione,
780 1066 1017 1107 &quocunque
1029 1074 1068 1095 ex

64 1114 157 1147 fonte
180 1114 265 1145 intra
287 1110 408 1144 cerebri
431 1107 559 1142 thecam
583 1119 661 1151 aqua
684 1116 799 1151 praeter
821 1116 966 1139 naturam
987 1115 1069 1138 con-

64 1166 217 1197 geratur5
241 1154 311 1188 sane
333 1152 476 1196 poterit,
499 1151 521 1184 si
545 1150 682 1185 necdum
717 1150 800 1184 illud
831 1150 1032 1195 concreverit
1056 1171 1067 1185 ,

64 1195 131 1242 ejus
155 1199 394 1232 concretionem
417 1196 474 1229 suo
498 1194 665 1238 interjeetu
688 1192 879 1237 prohibere:
904 1204 956 1227 aut
971 1191 1070 1235 sijam

67 1242 288 1280 concreverit3
312 1243 395 1275 inter
417 1238 483 1282 ejus
506 1238 676 1281 particulas
709 1236 738 1271 se
761 1236 949 1270 insinuando
970 1260 983 1276 ,
1013 1234 1070 1269 has

66 1285 178 1321 sensim
200 1285 303 1328 magis
323 1283 487 1326 magisque
511 1281 714 1326 disjungere,
736 1280 844 1318 donec
859 1280 896 1314 ad
922 1281 1072 1313 minimas

67 1338 200 1362 ventum
225 1327 290 1368 sit,
316 1326 411 1360 facile
433 1337 506 1359 cum
531 1337 610 1370 aqua
634 1323 886 1367 permiscendas,
911 1335 1010 1366 neque
1034 1321 1074 1354 ab

65 1385 100 1406 ea
124 1372 262 1415 amplius
285 1369 538 1412 internoscendas
551 1394 558 1400 .
582 1367 685 1411 Cujus
697 1366 805 1401 sensim
818 1367 1049 1410 progredientis
1061 1388 1075 1406 ,

70 1415 120 1450 sed
144 1414 280 1449 necdum
303 1413 473 1457 perfe&ae‚
496 1410 722 1455 disjunctionis
746 1410 946 1444 luculentum
978 1409 1073 1443 habes

67 1459 251 1502 exemplum
275 1459 309 1490 in
333 1456 574 1500 hydrocephalo
597 1464 701 1488 recens
725 1463 823 1494 nato,
854 1464 949 1497 quem
980 1452 1073 1487 disse-

66 1514 141 1537 cans
164 1501 366 1535 Christianus
377 1503 514 1534 Vaterus
536 1497 602 1540 (q)
627 1496 848 1540 hemisphaeria
859 1496 978 1530 cerebri
992 1507 1073 1530 con-

68 1546 173 1589 spexit
201 1544 240 1578 ab
261 1556 340 1588 aqua
362 1542 514 1586 expansa,
535 1543 578 1576 θ
600 1542 633 1575 in
655 1541 777 1574 modum
800 1539 927 1583 brafficae
949 1540 1073 1582 capita-

68 1598 107 1623 tae
134 1596 308 1629 excavata,
330 1585 384 1620 ubi
404 1586 486 1620 nulli
509 1583 708 1623 ventriculi,
730 1583 866 1626 nullique
889 1581 1071 1626 anfraflus,

65 1631 158 1675 fihrae
179 1642 253 1665 vero
276 1629 471 1669 albicantes,
494 1629 536 1661 Θ
558 1638 576 1659 a
599 1627 685 1668 copia
706 1626 772 1669 seri
793 1627 884 1661 valde
906 1628 1036 1669 turgidae
1058 1637 1074 1660 e

65 1675 129 1718 basi
142 1699 152 1715 ‚
173 1674 215 1707 (φ
239 1681 352 1710 trunco
372 1670 513 1706 medullae
539 1669 676 1713 spinalis
695 1694 708 1710 ,
736 1679 794 1711 per
826 1678 926 1703 totam
957 1669 1076 1703 cerebri

67 1727 265 1760 compagem,
290 1714 381 1749 velut
401 1714 476 1757 nasa
498 1713 598 1759 Ιιζῐὶεα
616 1723 673 1755 per
695 1712 931 1754 mesenterium‚
966 1711 1076 1755 denfis-

64 1761 142 1805 sime
165 1760 206 1792 ad
226 1759 375 1793 corticem
399 1756 587 1798 distributae,
611 1757 654 1790 Θ
675 1757 708 1790 in
728 1757 783 1789 via
806 1756 918 1789 multis
951 1755 1078 1790 vicibus

70 1805 207 1837 invicem
231 1813 290 1845 quo
313 1805 353 1834 aci
375 1812 480 1834 ramos
509 1801 624 1837 unitae,
658 1811 694 1833 ac
724 1799 916 1840 complicatae
946 1809 1079 1841 appare-

51 1846 140 1891 ,bant
155 1872 162 1878 .
192 1849 230 1880 In
254 1845 356 1879 altero
380 1853 485 1879 autem
509 1842 780 1886 hydrocephalo5
804 1853 840 1875 ut
855 1842 1004 1885 perfeetae
1016 1841 1080 1874 dis-

63 1889 262 1932 junctionis,
287 1898 380 1931 atque
405 1888 483 1922 adeo
507 1885 723 1920 dissolutionis
745 1886 889 1928 exempla
913 1885 966 1920 hic
977 1886 1080 1918 omit-

64 1944 131 1967 tam
154 1944 192 1966 ex
217 1932 301 1965 infra
325 1934 388 1971 (r)
413 1929 630 1965 memorandis
655 1930 863 1973 Kerckringii
886 1953 898 1971 ,
935 1928 1083 1963 Tombi-

62 1977 121 2017 ni,
143 1975 282 2010 Laufferi
307 1974 609 2014 observationibu5‚·
632 1974 664 2006 in
679 1974 804 2014 altero,
828 1975 959 2017 inquam
975 1996 988 2012 ,
1011 1972 1072 2015 hy-

62 2017 284 2062 drocephalo,
306 2030 400 2062 quem
449 2018 542 2051 ariter
564 2028 670 2051 recens
693 2017 815 2051 editum
839 2017 1074 2051 inciditRom-

65 2063 193 2105 bergius
215 2062 301 2106 (s),
326 2073 389 2095 non
429 2062 519 2095 olum
555 2060 806 2104 disjunctionem
838 2060 1076 2104 propemodum

62 2106 265 2150 perfeffirm,
292 2104 342 2139 sed
366 2105 600 2147 disjunctarum
626 2105 857 2147 particularum
891 2116 964 2138 cum
997 2114 1078 2146 aqua

62 2149 303 2194 permistionem
329 2149 395 2192 ipsa
419 2147 577 2182 indicabit
603 2159 681 2189 aqua
706 2147 815 2181 loturae
839 2147 1077 2188 carniumfimi-

65 2194 131 2234 lis,
155 2201 270 2236 praeter
292 2204 411 2236 quam,
435 2194 466 2224 δι
489 2189 629 2225 Crassam
654 2192 832 2231 meningem
856 2189 1084 2229 nihildistz‘nffl

67 2237 101 2270 in
125 2235 287 2281 diffluente
310 2235 432 2269 cerebro
454 2235 558 2267 videre
582 2234 697 2266 licuit.
722 2233 794 2265 Nec
818 2233 937 2265 mirum
956 2244 970 2273 ;
1002 2242 1080 2273 aqua

70 2280 157 2312 enim
181 2289 251 2322 quae
274 2277 338 2321 jam
347 2277 387 2311 ad
400 2275 556 2310 mensuras
566 2285 706 2320 quatuor
718 2274 771 2308 hic
786 2285 924 2308 creverat
937 2299 950 2316 ,
973 2286 1075 2319 quan-

67 2331 101 2355 ta
125 2323 159 2354 vi
182 2319 317 2364 egisset,
338 2319 496 2358 ostendit,
521 2328 590 2354 tum
613 2318 654 2353 ad
681 2320 817 2362 primam
830 2318 927 2352 cultri
941 2318 1076 2361 impres-

68 2364 90 2398 fi
95 2376 191 2398 onem
216 2374 286 2398 cum
309 2364 431 2406 impetu
437 2372 655 2405 prorumpens,
666 2372 736 2396 tum
746 2358 859 2395 offibus
868 2363 992 2396 cunctis
1004 2373 1077 2404 quae

63 2408 210 2442 calvariae
235 2406 392 2440 fornicem
416 2406 540 2440 faciunt
555 2432 564 2445 ‚
589 2408 634 2438 ita
657 2404 821 2444 diduetis,
844 2414 880 2438 ut
902 2406 1076 2448 magnoin--

66 2462 118 2486 ter
141 2451 169 2485 se
192 2450 282 2484 hiatu
305 2449 479 2489 distarent,
496 2452 529 2482 ὃς
551 2448 623 2482 hinc
646 2449 717 2482 inde
733 2446 831 2491 faczli
866 2449 953 2482 modo
982 2446 1072 2490 flctfh'
1084 2451 1087 2453 ’

59 2493 201 2540 poffent,
225 2503 297 2526 cum
322 2494 355 2525 in
378 2493 484 2535 priore
506 2491 631 2526 infante
654 2490 747 2526 essent
761 2491 1011 2533 tantummodo,
1034 2500 1070 2525 ut

63 2537 129 2572 sere
151 2539 185 2570 in
208 2535 269 2571 hoc
293 2535 407 2569 morbo
430 2534 557 2575 solent,
579 2534 701 2569 divulsa
716 2560 723 2567 .

106 2593 137 2625 7.
165 2581 294 2614 Scilicet
318 2591 406 2622 aquae
428 2579 463 2612 in
487 2578 729 2622 hydrocephalo
750 2577 861 2613 sensim
884 2578 1038 2621 congestae
1059 2602 1072 2621 ‚

63 2622 87 2658 fi
109 2634 195 2658 tener
218 2624 392 2667 praesertim
415 2621 454 2655 sit
478 2622 598 2663 foetus,
622 2623 670 2656 vis
693 2634 808 2665 urgens
829 2622 993 2657 manifesta
1007 2621 1072 2663 est,

63 2679 164 2711 eoque
187 2668 313 2709 magis,
335 2678 401 2710 quo
424 2667 520 2701 citius
543 2678 633 2709 agere
657 2667 777 2709 incipit
803 2667 837 2700 in
860 2668 965 2701 minus
998 2665 1072 2698 refi-

53 2711 176 2745 'stentes
198 2711 299 2743 cranii
322 2718 446 2753 partes.
470 2711 560 2743 Hinc
583 2708 681 2753 hujus
694 2710 804 2744 offium
818 2710 991 2754 impeditus
1005 2720 1072 2742 non

64 2753 198 2788 accessus
223 2752 348 2794 modo,
371 2752 422 2787 sed
445 2755 477 2787 &
501 2753 606 2797 ipsum
631 2754 706 2787 alias
763 2754 929 2789 auciorum
948 2777 957 2792 ‚
994 2752 1071 2786 alias

65 2797 293 2840 plerorumque
316 2797 571 2837 incrementum,
591 2806 628 2832 ut
651 2808 728 2841 pror
745 2808 779 2831 us
813 2796 912 2832 deesse
940 2795 1070 2831 videan-

65 2850 136 2874 tur.
165 2841 286 2874 Verum
311 2839 437 2883 insuper
459 2852 688 2884 nonnunquam
712 2840 831 2874 accidit
846 2864 859 2881 ,
881 2850 917 2875 ut
940 2842 1071 2874 univer-

64 2884 95 2917 sa
120 2884 256 2916 tumoris
282 2883 378 2917 moles
401 2895 465 2918 non
487 2886 632 2919 cranium
654 2884 882 2919 tantummodo
905 2909 918 2925 ,
953 2883 1003 2918 sed
1037 2888 1070 2917 δε

65 2928 214 2976 corporis
237 2925 301 2960 ossa
325 2927 446 2970 reliqua
468 2927 510 2962 sic
534 2936 679 2972 premat,
703 2936 739 2962 ut
766 2927 865 2963 foetus
888 2927 986 2961 facies
1004 2953 1012 2967 ,
1036 2930 1069 2960 &

64 2981 181 3012 corpus
205 2980 238 3002 m
261 2969 467 3005 transversum
491 2973 612 3014 magis,
636 2982 733 3015 quam
757 2971 930 3006 secundum
964 2971 1070 3013 longi-

66 3013 239 3061 tudinem,
264 3022 458 3055 augeantur.
482 3014 585 3059 Cujus
609 3017 655 3048 rei
678 3016 860 3058 exemplum
891 3027 930 3049 eo
964 3015 1071 3048 liben-

67 3059 136 3109 tius
160 3056 355 3098 subjiciam,
377 3056 465 3099 quod
489 3059 639 3102 perleffls
661 3059 812 3102 plurimis
845 3057 1073 3101 hydrocepha-

65 3102 172 3136 lorum
195 3098 470 3135 observationibus
486 3126 499 3142 ,
522 3101 676 3145 nusquam
698 3102 830 3136 memini
853 3100 978 3146 legisse.
998 3103 1071 3135 Sce-

65 3146 154 3178 leton
177 3143 218 3177 est
242 3143 324 3185 apud
348 3153 397 3175 me
433 3154 503 3178 ante
538 3156 636 3179 annos
668 3144 878 3189 quadraginta
900 3170 915 3187 ,
947 3155 1001 3180 aut
1032 3157 1072 3178 eo

65 3189 172 3231 plures
195 3185 459 3237 confeRuni·‚·ut
481 3190 537 3223 vix
560 3189 595 3223 id
618 3190 843 3231 meminerim,
867 3189 906 3223 ab
940 3199 978 3222 eo
1011 3189 1069 3232 qui

64 3230 153 3264 dono
177 3230 292 3270 dedit,
313 3228 461 3263 audivisse
484 3230 630 3265 foeminei
655 3232 754 3267 foetus
778 3231 835 3267 esse
856 3258 863 3273 ‚
902 3244 918 3265 a
952 3243 1070 3273 magno

64 3276 197 3308 interno
219 3271 460 3315 hydrocephalo
482 3276 515 3308 in
538 3278 649 3310 matris
672 3286 763 3310 utero
786 3277 908 3311 eneffi.
934 3277 980 3309 Et
1003 3271 1071 3308 iane

64 3319 167 3351 cranii
192 3323 308 3352 cavum
338 3316 386 3350 vel
421 3326 503 3350 nunc
537 3317 632 3353 habet
666 3320 766 3362 triplo
797 3320 891 3354 facile
922 3320 1071 3362 capacius

64 3372 160 3403 quam
184 3361 286 3394 foetus
310 3359 527 3399 novimestris‚
548 3362 602 3396 etsi
626 3363 681 3397 ubi
705 3364 790 3405 plera
814 3376 853 3398 ue
889 3373 964 3397 toto
996 3373 1068 3395 cor-

63 3415 139 3454 pore
162 3404 224 3438 ossa
248 3403 365 3445 speeies
376 3427 388 3445 ,
411 3405 564 3452 minorem
588 3405 777 3449 septimestri
808 3407 885 3441 acile
899 3405 1070 3449 agnoscas;

64 3447 121 3480 ubl
146 3459 223 3481 vero
247 3447 380 3494 dempto
402 3455 526 3489 capite,
555 3449 760 3484 altitudinem
781 3473 793 3491 ‚
825 3452 879 3484 vix
911 3450 1069 3493 quinque-

63 3490 168 3524 mestri
193 3501 347 3533 majorem
372 3491 534 3523 invenias.
560 3492 686 3536 Nempe
708 3494 845 3537 oblonga
868 3503 995 3527 artuum
1005 3492 1069 3527 ossa

64 3535 176 3567 omnia
200 3543 322 3578 quanto
346 3534 490 3568 crassiora
513 3546 606 3577 aequo
628 3536 699 3571 sunt
716 3560 730 3578 ‚
763 3548 855 3571 tanto
876 3537 946 3571 sunt
970 3538 1068 3570 etiam

63 3576 230 3618 breviora‚·
254 3587 290 3612 ut
312 3589 382 3621 quae
406 3577 498 3611 causa
522 3578 648 3613 obstitit
683 3591 722 3614 ne
757 3582 790 3614 in
829 3579 1066 3623 longitudinem

63 3622 255 3663 crescerent,
274 3630 312 3655 ‘ea
334 3630 371 3655 ut
392 3622 426 3654 in
452 3621 643 3656 tranversum
666 3625 769 3667 magis
792 3633 1000 3668 augerentur,
1024 3623 1070 3657 ef-

152 3667 317 3709 Morgagni
327 3665 362 3699 de
371 3666 437 3698 Sed.
451 3664 494 3697 Θ
505 3664 594 3708 Caus.
605 3667 708 3700 Morb.
721 3669 822 3701 Tom.
839 3671 866 3701 I.

194 3785 203 3818 )
219 3787 274 3812 Ast.
290 3788 410 3812 Helvetic.
427 3789 458 3812 T.
479 3795 498 3812 1.
514 3794 535 3811 c.
556 3798 577 3814 ι.

214 3818 274 3846 Eph.
291 3819 326 3841 N.
344 3819 374 3842 C.
392 3821 449 3843 Dee.
466 3825 489 3847 3.
508 3820 538 3843 Α.
557 3828 580 3850 9.
597 3818 655 3844 ebs.
674 3822 727 3845 166.

184 3822 197 3874 i
216 3847 279 3874 δείὶ.
295 3848 339 3873 hac
357 3852 394 3875 1⁶.
408 3848 467 3874 ΟΜ.
486 3852 532 3878 16.>
788 3821 799 3850 s
816 3828 828 3844 r
844 3825 855 3851 )
870 3829 894 3845 η’
911 3829 945 3851 ¹³¹

126 3785 176 3813 (m

124 3818 170 3878 ξε

637 3788 653 3817 ζ
668 3796 685 3812 ⁹¹
701 3788 715 3817 )
734 3791 794 3816 obs.
812 3797 864 3819 ¹29-
880 3791 922 3815 cit.
940 3790 1006 3819 supr·
1022 3790 1052 3813 ad
1069 3797 1091 3814 u.
1110 3798 1133 3819 ς.

1008 3820 1068 3852 (s)
1084 3820 1145 3849 Eph.
1158 3819 1354 3846 N.C.A.modo
1364 3819 1529 3846 cit.0bs.ui.

1113 282 1216 320 fecisse
1239 281 1403 318 videatur.
1427 283 1486 318 Sed
1508 286 1542 317 &
1563 282 1656 317 costae
1679 281 1809 315 latiores
1832 290 1939 314 omnes
1951 304 1963 322 ,
1986 283 2110 316 craffio-

1114 329 1221 371 resque
1244 325 1341 359 sunt:
1364 327 1457 360 faciei
1482 336 1588 361 autem
1611 326 1768 368 praecipue
1793 332 1949 367 quantum
1970 325 2008 358 de
2041 325 2114 358 lon-

1116 370 1261 415 gitudine
1283 368 1448 412 demptum
1469 370 1534 410 est,
1557 378 1682 402 tantum
1705 367 1742 401 de
1767 367 1938 401 latitudine
1960 367 2001 401 est
2025 368 2114 401 addi-

1115 424 1204 447 tum.
1230 413 1380 455 Namque
1404 412 1678 455 hydrocephalum
1701 421 1775 444 cum
1798 413 1968 446 maximam
1993 411 2115 445 ademe-

1117 460 1160 490 rit
1183 454 1399 498 longitudinis
1423 466 1546 498 partem
1570 457 1733 500 geminum
1757 452 1875 487 frontis
1898 465 1933 487 os
1957 465 2019 487 non
2044 466 2115 487 mo-

1115 501 1158 534 do
1181 499 1315 532 crescere
1339 498 1569 541 prohibendo,
1592 498 1642 533 sed
1666 499 1710 531 ita
1734 497 1768 530 in
1790 497 1911 530 orbitas
1931 521 1939 536 ,
1969 499 2114 540 interque

1116 556 1163 578 eas
1185 541 1415 584 deprimendo,
1443 551 1479 576 ut
1502 543 1539 576 de
1561 541 1734 576 Nasalibus
1754 540 1869 573 offibus
1901 540 1981 575 nihil
2020 551 2115 583 appa-

1113 595 1201 625 reat3
1225 585 1337 618 faciem
1361 586 1394 618 in
1417 583 1740 620 transversumtvalde
1762 582 1991 625 amplificavit,
2016 583 2114 626 idque

1114 630 1264 670 singulari
1288 628 1416 671 prorsus
1440 628 1539 663 modo
1562 654 1571 663 .
1597 625 1790 670 Sphenoidis
1821 626 1905 659 enim
1938 626 2007 660 offis
2041 637 2115 668 pro-

1114 673 1228 707 cessum
1251 683 1346 716 quem
1371 672 1478 704 Praecl.
1506 671 1720 705 Winslowius
1743 678 1837 704 vocat
1861 669 2087 712 Temporalem
2102 693 2113 708 ‚

1114 717 1253 759 huicque
1278 726 1429 750 annexam
1443 714 1651 758 Squamosam
1664 712 1871 757 Temporalis
1893 712 1962 746 offis
1982 713 2113 755 portio-

1117 772 1189 793 nem
1212 769 1348 802 utroque
1370 759 1404 791 in
1427 758 1526 791 latere
1547 758 1726 791 extrorsum
1749 755 1987 799 antrorsumque
2011 757 2118 798 impu-

1118 804 1178 842 lit,
1205 803 1285 836 hanc
1312 813 1384 835 vero
1416 800 1508 835 simul
1541 803 1587 835 ita
1619 799 1767 834 deorsum
1799 808 1835 833 ut
1867 799 1932 842 ejus
1964 798 2119 842 processus

1123 847 1351 889 Zygomaticus
1363 868 1375 885 ,
1397 846 1454 888 qui
1478 845 1651 879 secundum
1675 843 1881 877 horizontem
1904 840 1962 876 esse
1972 841 2095 875 deberet
2109 867 2119 881 ,

1121 901 1139 922 a
1164 888 1392 932 posterioribus
1416 889 1598 922 antrotsum
1621 887 1788 920 ascendat.
1814 885 1957 920 Addidit
1981 886 2042 919 huc
2068 886 2119 918 in-

1120 933 1237 975 signem
1265 931 1535 975 protuberantiam
1557 933 1628 975 qure
1654 929 1766 963 faciem
1791 931 1937 972 utrinque
1961 931 1994 962 in
2021 927 2122 962 trans-

1119 977 1243 1010 versum
1266 984 1413 1018 augeret,
1436 976 1594 1017 completa
1618 985 1671 1016 per
1693 971 1835 1007 Crassam
1857 974 2036 1015 meningen]
2048 970 2124 1012 ‚os-

1117 1019 1150 1052 sa
1173 1031 1242 1063 quae
1265 1018 1408 1052 diximus
1432 1019 1558 1059 modo,
1578 1028 1652 1051 cum
1674 1016 1813 1050 totidem
1836 1027 1905 1059 quae
1929 1028 2006 1049 mox
2030 1016 2122 1050 dice-

1121 1074 1192 1096 mus
1215 1065 1261 1095 ita
1287 1061 1494 1103 jungentem,
1517 1071 1553 1094 ut
1576 1071 1688 1094 cavum
1711 1071 1778 1093 non
1801 1059 1966 1093 modicum
1986 1083 1998 1099 ,
2019 1058 2125 1093 cranii

1120 1117 1199 1139 cavo
1222 1105 1264 1138 fic
1287 1104 1457 1146 adjiciatur
1478 1116 1544 1146 jam
1568 1103 1643 1137 satis
1664 1114 1782 1146 magno
1806 1112 1877 1136 turn
1897 1113 1952 1143 per
1974 1102 2027 1143 se,
2050 1111 2125 1134 tum
2160 1101 2163 1105 ’

1120 1161 1174 1193 per
1197 1148 1266 1181 offis
1288 1147 1486 1187 ezhmoidis,
1512 1156 1584 1180 tum
1608 1146 1715 1179 multo
1738 1146 1837 1187 magis
1861 1156 1915 1187 per
1937 1144 2124 1187 sphenoidis

1121 1192 1287 1227 insolitam
1309 1190 1558 1234 depreffionem3
1582 1198 1619 1223 ut
1641 1188 1725 1222 nihil
1747 1188 1891 1223 dicamus
1914 1186 1953 1221 de
1968 1186 2053 1221 osseo
2075 1188 2142 1220 ex-'

1122 1247 1215 1270 terno
1237 1235 1416 1268 orbitarum
1440 1234 1558 1276 pariete
1580 1233 1615 1265 in
1639 1232 1722 1276 ipsas
1743 1231 1933 1274 compulso.
1960 1233 2028 1274 Iam
2051 1242 2128 1263 vero

1124 1289 1161 1313 ut
1186 1279 1306 1321 reliqua
1329 1278 1507 1320 intelligas,
1530 1276 1571 1309 sic
1595 1274 1739 1316 habeto,
1763 1278 1907 1309 cranium
1930 1271 1967 1308 de
1988 1286 2054 1318 quo
2078 1275 2129 1307 lo·

1126 1325 1258 1366 quimur
1280 1333 1319 1354 ex
1343 1320 1467 1355 duobus
1488 1318 1672 1353 dimidiatis
1694 1321 1811 1352 craniis
1832 1318 1980 1353 coaluisse
2000 1342 2012 1358 ,
2045 1329 2128 1359 quo-

1126 1378 1198 1400 rum
1222 1363 1372 1408 posterius
1395 1376 1432 1398 eo
1453 1363 1492 1397 de
1513 1375 1580 1407 quo
1602 1361 1752 1396 haetenus
1776 1362 1918 1396 diximus
1932 1386 1944 1403 ,
1967 1361 2010 1395 est
2023 1362 2129 1395 multo

1127 1408 1249 1452 majus.
1276 1408 1384 1442 Postea
1407 1409 1493 1441 enim
1516 1417 1613 1449 quam
1636 1407 1804 1440 anterioris
1828 1405 1923 1448 hujus
1947 1417 1982 1438 os
2004 1405 2132 1447 occipi-

1129 1456 1171 1487 tis
1194 1451 1233 1485 ab
1256 1451 1311 1485 suo
1334 1462 1452 1494 magno
1475 1449 1632 1484 foramine
1656 1449 1693 1483 ad
1703 1449 1909 1483 transversum
1921 1448 2134 1491 pollicemre-

1128 1495 1269 1531 trorsurn
1294 1494 1456 1532 ascendit,
1479 1495 1614 1527 alterum
1636 1493 1772 1536 amplius
1795 1493 1939 1526 foramen
1962 1490 2068 1524 videre
2092 1490 2135 1523 est

1129 1541 1249 1584 pariter
1271 1540 1304 1572 in
1327 1537 1430 1572 media
1452 1536 1536 1577 basi,
1558 1547 1623 1569 non
1645 1537 1678 1569 in
1700 1536 1917 1569 vertebrarum
1938 1534 2052 1568 tubum
2067 1559 2075 1574 ,
2097 1543 2135 1568 ut

1130 1585 1220 1627 prius
1243 1581 1353 1623 illud,
1375 1581 1516 1621 ducens,
1539 1579 1590 1612 sed
1612 1580 1646 1612 in
1669 1590 1776 1622 parem
1787 1579 1868 1616 fibi,
1892 1577 2015 1621 sibique
2028 1578 2136 1611 conti-

1130 1636 1262 1660 nuatum
1286 1626 1430 1659 canalem
1451 1622 1571 1658 osseum
1585 1647 1594 1662 ‚
1617 1621 1919 1656 minimitransversi
1932 1621 2029 1663 digiti
2047 1622 2136 1665 apice

1132 1681 1198 1704 non
1223 1670 1428 1711 longiorem,
1451 1669 1483 1701 &
1508 1665 1693 1709 priusquam
1716 1664 1837 1700 desinat
1860 1665 2044 1699 membrana
2077 1677 2135 1698 oc·
2188 1669 2207 1672 ”

1133 1713 1276 1747 clusum.
1302 1712 1357 1745 Ab
1380 1712 1440 1745 hoc
1466 1709 1624 1743 foramine
1647 1708 1737 1743 suum
1763 1709 1899 1743 ascendit
1922 1720 1958 1743 os
1980 1709 2136 1752 occipitis

1133 1758 1263 1799 longius
1286 1767 1380 1798 quam
1404 1755 1437 1787 in
1461 1751 1643 1787 novimestri
1667 1751 1774 1793 foetu,
1796 1752 1846 1786 sed
1869 1751 2051 1791 angustius.
2066 1753 2140 1785 Sin-

1134 1801 1247 1843 cipitis
1270 1800 1354 1832 enim
1364 1796 1424 1832 ossa
1439 1807 1560 1840 partem
1572 1797 1721 1838 utrinque
1732 1806 1891 1839 occupant
1903 1790 2019 1830 debitae
2032 1796 2082 1829 illi
2094 1795 2139 1828 se-

1135 1844 1208 1880 dis,
1233 1852 1268 1877 ut
1292 1855 1363 1885 quae
1387 1840 1466 1874 ficut
1490 1840 1748 1875 abanterioribus
1758 1840 1855 1874 citius
1867 1841 2030 1883 incipiunt
2041 1851 2137 1883 quam

1135 1887 1263 1927 solent,
1289 1887 1334 1919 ita
1357 1896 1374 1918 a
1397 1891 1488 1928 tergo
1510 1882 1607 1917 serius
1631 1883 1806 1917 finiuntur.
1830 1884 1921 1917 Huic
1945 1892 2049 1917 tamen
2061 1883 2138 1916 lati-

1137 1929 1245 1964 tudini
1269 1928 1409 1962 altitudo
1432 1939 1495 1960 non
1520 1926 1708 1969 respondet3
1734 1926 1783 1960 sed
1807 1926 1975 1962 mediocris
1987 1927 2028 1961 est
2038 1925 2139 1967 adeo,

1135 1984 1172 2008 ut
1195 1985 1257 2006 non
1282 1973 1381 2006 modo
1404 1970 1441 2004 ad
1465 1971 1616 2003 verticem
1640 1970 1792 2013 nusquam
1808 1971 2013 2014 perveniant,
2038 1970 2088 2004 sed
2102 1970 2141 2003 ab

1132 2030 1172 2051 eo
1181 2016 1300 2060 fingula
1310 2016 1424 2050 distent
1435 2013 1621 2048 transversos
1631 2013 1754 2057 digitos
1765 2015 1937 2049 minimum
1947 2024 2009 2049 tres
2020 2027 2030 2054 3
2043 2015 2142 2048 inter-

1133 2061 1256 2094 vallum
1268 2059 1562 2103 namque,utrique
1573 2056 1794 2101 interjectum,
1815 2069 1889 2093 cum
1902 2068 2008 2093 teneat
2030 2056 2139 2092 Crassa

1134 2105 1267 2137 meninx
1280 2127 1292 2143 ,
1303 2103 1447 2136 calvariae
1459 2102 1614 2134 fornicem
1626 2101 1664 2135 ab
1674 2103 1742 2134 occi
1748 2102 1826 2145 pitis
1837 2101 1899 2136 osse
1910 2113 1987 2146 pene
2001 2101 2037 2137 ad
2049 2103 2141 2136 orbi-

1133 2157 1202 2180 tarn
1215 2147 1311 2189 usque
1323 2145 1514 2184 conficiens3
1537 2144 1625 2185 hacc,
1636 2147 1779 2188 quamvis
1793 2144 1937 2180 resiccata
1951 2145 1993 2180 est
2004 2171 2016 2188 ,
2028 2146 2142 2180 latitu-

1134 2192 1244 2224 dinem
1257 2189 1303 2223 ibi
1316 2199 1417 2232 aequat
1429 2188 1607 2232 digitorum
1620 2189 1748 2221 circiter
1759 2189 1878 2231 septem
1891 2213 1900 2228 ‚
1911 2199 1947 2224 ut
1958 2189 2143 2232 longitudi-

1139 2246 1177 2267 ne
1189 2233 1311 2276 superat
1321 2243 1435 2266 novem
1449 2256 1456 2264 .
1470 2231 1597 2265 Offibus
1608 2241 1712 2265 autem
1728 2232 1887 2275 fincipitis
1897 2256 1908 2273 ,
1927 2235 2048 2277 quippe
2059 2234 2142 2267 utri-

1132 2288 1194 2321 que
1218 2278 1330 2310 cranio
1350 2273 1598 2315 communibus,
1622 2285 1656 2308 ut
1681 2274 1839 2316 afronte,
1864 2276 2138 2320 quemadmodum

1134 2319 1286 2363 proposui
1300 2344 1313 2360 ,
1323 2316 1505 2361 sphenoidis
1517 2318 1586 2352 offis
1598 2317 1754 2360 processus
1764 2320 1971 2363 Temporalis
1983 2345 1996 2361 ,
2009 2323 2041 2354 δε
2052 2321 2143 2365 squa-

1132 2363 1221 2396 mosa
1245 2363 1453 2404 Temporalis
1476 2361 1544 2394 offis
1567 2364 1676 2404 por-tio
1699 2363 1865 2396 anterioris
1876 2365 1976 2397 cranii
1989 2365 2141 2407 utrinque

1131 2405 1373 2448 subjiciuntur,
1393 2405 1436 2439 sic
1459 2416 1585 2447 quoque
1607 2417 1623 2438 a
1647 2414 1739 2448 tergo
1750 2406 1858 2439 eadem
1870 2405 1931 2440 ossa
1943 2419 2013 2453 quae
2028 2407 2067 2441 ad
2081 2420 2142 2451 po-

1129 2450 1242 2484 sterius
1265 2451 1405 2482 attinent
1427 2450 1592 2493 cranium,
1619 2446 1656 2482 ad
1666 2460 1739 2483 eum
1752 2449 1883 2484 modum
1895 2450 2031 2494 subjecta
2046 2451 2116 2485 sunt
2131 2479 2140 2493 ‚

1126 2502 1165 2527 ut
1178 2492 1361 2526 extrorsum
1372 2515 1384 2532 ,
1409 2493 1648 2534 retrorsumque
1657 2492 1847 2535 compulsa,
1860 2497 1892 2527 &
1902 2505 1960 2537 per
1972 2493 2056 2532 haud
2070 2506 2140 2538 par-

1126 2536 1233 2570 vulam
1244 2534 1362 2569 Crassae
1373 2535 1532 2577 meningis
1546 2544 1667 2578 partem
1677 2545 1809 2579 utraque
1819 2538 1904 2570 inter
1916 2536 1944 2570 se
1955 2537 2075 2580 juncia,
2091 2540 2140 2572 in-

1128 2579 1248 2623 fignem
1259 2580 1352 2613 illam
1361 2579 1498 2611 exterius
1509 2589 1683 2611 convexam
1695 2581 1852 2620 ,interius
1863 2591 1975 2614 cavam
1986 2581 2139 2624 protube-

1126 2626 1265 2657 rantiam
1282 2633 1421 2665 utroque
1434 2624 1467 2654 in
1490 2622 1588 2654 latere
1608 2622 1749 2656 efficiant
1763 2645 1771 2660 ,
1791 2635 1855 2666 qua
1875 2622 1968 2658 faciei
1991 2626 2139 2659 latitudi-

1125 2678 1199 2701 nem
1212 2691 1225 2708 ,
1248 2667 1397 2701 &cranii
1408 2666 1616 2713 capacitatem
1627 2677 1690 2699 non
1703 2677 1813 2708 parum
1825 2669 1951 2710 augeri,
1977 2670 2134 2703 diximus.

1124 2712 1275 2753 Denique
1307 2709 1488 2754 squamosis
1519 2708 1649 2752 singulis
1674 2711 1880 2753 Tcmporalis
1914 2711 1983 2746 offis
2007 2715 2137 2755 portio-

1126 2755 1221 2788 nibus
1244 2754 1380 2789 Petrosae
1404 2764 1534 2796 quoque
1560 2754 1721 2795 portiones
1745 2752 1931 2797 respondent
1956 2754 2015 2789 suae
2043 2768 2051 2788 .-
2086 2757 2137 2792 sed

1126 2809 1306 2840 quanquam
1352 2794 1416 2831 ossa
1453 2805 1633 2838 temporum
1667 2798 1780 2830 cranio
1811 2797 1981 2840 posteriori
2013 2798 2136 2842 majora

1124 2842 1349 2884 contigerint;
1374 2850 1480 2873 tamen
1504 2840 1539 2871 in
1565 2838 1688 2873 duobus
1719 2840 1889 2874 dumtaxat
1921 2843 2134 2878 anterioribus

1124 2885 1306 2918 membrana
1333 2884 1502 2926 Tympani
1525 2894 1599 2917 cum
1622 2883 1677 2916 suo
1701 2884 1818 2918 annulo
1841 2894 1994 2928 apparet.

1122 2927 1232 2962 Habes
1253 2928 1502 2970 descriptionem
1525 2924 1609 2959 haud
1633 2926 1771 2969 vulgaris
1794 2929 1946 2967 monstri3
1971 2929 2022 2963 sed
2045 2942 2136 2966 mon.

1123 2973 1179 3006 stri
1204 2971 1436 3014 hydrocephali
1451 2983 1460 3001 .·
1484 2979 1520 3002 ut
1543 2968 1708 3012 postquam
1733 2971 2133 3008 monstrosaeconstitutio.

1123 3017 1157 3049 ni
1182 3024 1233 3048 tot
1257 3014 1457 3058 affignaveris
1480 3021 1564 3055 quot
1589 3013 1757 3054 volueris,-
1780 3015 1871 3058 plura
1895 3024 2002 3050 tamen
2027 3017 2132 3062 super-

1124 3059 1185 3093 fint
1208 3060 1240 3092 in
1265 3059 1367 3091 cranii
1390 3056 1502 3090 offium
1527 3057 1668 3090 aliorum
1692 3058 1889 3092 incremento
1926 3059 2097 3104 prohibito
2121 3087 2132 3102 ‚

1125 3104 1260 3136 aliorum
1282 3100 1495 3144 depreffione,
1519 3100 1658 3135 aliorum
1680 3103 1713 3135 in
1738 3102 1819 3137 latus
1842 3104 2032 3146 impulsione
2051 3129 2064 3146 ,
2097 3108 2130 3139 ὃς

1123 3145 1336 3184 diductione,
1359 3155 1430 3191 quse
1454 3144 1581 3186 urgenti
1607 3146 1638 3176 vi
1663 3157 1749 3188 aquae
1772 3146 1908 3181 tribuere
1930 3147 2062 3182 debeas.

1171 3190 1200 3222 8.
1225 3187 1325 3225 Quod
1349 3189 1370 3219 11
1396 3199 1476 3229 aqua
1499 3185 1608 3220 sensim
1619 3189 1652 3221 in
1664 3188 1906 3233 hydrocephalo
1919 3191 2063 3233 congesta
2077 3193 2125 3226 vel

1124 3234 1158 3266 in
1181 3231 1246 3275 ipsa
1263 3231 1372 3264 ¹foetus
1395 3229 1458 3265 ossa
1484 3239 1611 3265 tantum
1636 3232 1761 3274 potest3
1785 3242 1904 3274 quanto
1919 3234 1990 3276 plus
2003 3236 2127 3277 poterit

1122 3278 1156 3309 in
1182 3274 1417 3315 molliffimum‚
1443 3277 1475 3308 <Sc
1499 3285 1577 3317 pene
1599 3274 1750 3309 diffluens
1773 3275 1916 3319 ejusdem,
1939 3279 2101 3314 cerebrum
2120 3278 2129 3313 ἔ

1122 3321 1211 3353 Nam
1232 3318 1254 3352 si
1277 3319 1312 3351 in
1335 3329 1434 3360 puero
1458 3317 1576 3360 septem
1602 3341 1610 3356 ,
1645 3328 1700 3352 aut
1733 3320 1809 3353 osto
1842 3331 2000 3355 annorum
2029 3333 2125 3366 quem

1121 3361 1328 3398 Hunauldius
1351 3364 1414 3401 (t)
1437 3361 1559 3402 secuit,
1581 3373 1644 3396 non
1667 3361 1764 3395 modo
1788 3364 1820 3395 in
1845 3365 1987 3404 trienni,
2009 3377 2124 3409 quem,

1121 3416 1157 3439 ut
1183 3406 1277 3441 habes
1300 3407 1332 3438 in
1357 3404 1565 3446 Sepulchreto
1588 3407 1675 3447 (u),
1699 3404 1883 3448 Hildanus,
1906 3409 1951 3441 ita
1962 3409 2125 3442 cerebrum

1121 3449 1323 3486 extenderat,
1349 3457 1384 3481 ut
1407 3447 1704 3482 circumvolutiones
1725 3449 1767 3481 Θ
1786 3451 1862 3492 gyri
1883 3454 1942 3485 non
1964 3452 2121 3494 conspice-

1121 3502 1251 3533 rentur,
1273 3494 1330 3535 qui
1353 3493 1385 3524 in
1409 3490 1476 3534 ejus·
1499 3492 1641 3534 alioquin
1665 3489 1828 3533 superficie
1852 3493 2009 3536 profundi
2031 3494 2123 3535 sunt,

1121 3537 1202 3570 unde
1214 3536 1369 3570 haectunc
1380 3534 1493 3577 poffit,
1517 3544 1673 3579 quantum
1696 3536 1797 3568 cranii
1820 3537 1969 3579 angustiae
1992 3539 2124 3580 permit-

1120 3577 1416 3623 tunt,amplificari;
1425 3577 1503 3621 quid
1516 3590 1579 3612 non
1593 3587 1664 3621 aget
1677 3579 1709 3612 in
1720 3578 1821 3613 foetus
1832 3580 2004 3620 cerebrum,
2016 3583 2051 3615 in
2059 3593 2126 3625 quo

1120 3623 1265 3657 nondum
1277 3623 1350 3665 gyri
1364 3621 1542 3656 illiusmodi
1556 3647 1564 3662 ‚
1587 3625 1619 3656 &
1631 3622 1936 3698 cfficumvolutiones
1948 3624 2019 3658 sunt
2031 3648 2043 3666 ,
2054 3632 2132 3668 quae'

1242 3688 1245 3690 -
1980 3669 2083 3711 expli-

1195 3788 1233 3817 (ιι
1248 3791 1262 3819 )
1277 3794 1328 3813 not.
1345 3788 1385 3812 cit.
1404 3796 1427 3818 3.
1489 3791 1530 3819 (p
1546 3789 1559 3818 )
1574 3788 1630 3814 Diff,
1645 3788 1690 3812 eit.
1710 3789 1732 3819 §.
1750 3797 1779 3818 34

1591 3818 1641 3850 (t)
1652 3819 1731 3845 Mem,
1742 3822 1770 3845 de
1778 3808 1873 3847 raead.
1880 3823 1911 3847 R.
1923 3821 1963 3848 des
1971 3824 2045 3850 sc.A.
2052 3830 2120 3857 R740·
