2498 4075
333 150 569 200 sequerentur,
594 148 754 192 conjicere
775 145 904 183 sortasse
938 144 1064 190 possent
1084 168 1094 183 ‚
1125 146 1348 189 explicandam

337 195 404 229 “esse
426 195 562 234 Sculteti
584 196 599 233 (
611 190 641 238 f
653 196 669 233 )
690 192 960 228 Observationem
983 200 1045 232 qua
1067 199 1198 224 truncus
1232 193 1347 226 Aortae

343 241 540 281 proponitur
561 237 601 271 ad
620 236 747 271 minimi
767 235 862 278 digiti
884 232 1106 276 longitudinem
1128 241 1216 267 totus
1227 232 1347 278 offlam,

342 282 482 325 aiiasque
501 279 597 323 hujus
619 278 759 320 similes,
781 281 812 312 ἃ
835 287 904 311 eam
925 287 1053 321 quoque
1066 298 1077 316 ‚
1101 275 1153 310 sed
1176 275 1258 311 hanc
1283 274 1349 309 dif-

341 324 461 362 ficilius
481 324 527 358 ob
548 322 655 359 multo
678 322 857 364 longiorem
880 320 1002 354 arteriae
1026 319 1165 354 trafium
1189 319 1251 352 sine
1273 319 1348 353 ullis

341 366 466 414 prorsus
488 367 670 402 tunicarum
692 364 859 409 reliquiis,
891 373 988 405 quam
1017 373 1057 395 ex
1087 363 1232 404 Harvejo
1264 373 1349 397 acce-

344 420 434 453 ptam
457 410 728 447 Observationem
750 418 808 441 nos
830 405 908 440 huic
930 406 1094 442 sententiae
1116 404 1263 449 objecisse
1284 409 1348 449 (g)

287 491 291 494 ,
343 454 549 490 meminimus
561 478 569 486 .

388 507 440 539 23.
463 498 585 532 Verum
609 495 677 530 haec
700 496 764 528 tria
786 503 859 536 quae
893 491 1051 537 postremo
1084 491 1227 527 diximus
1248 516 1257 531 ,
1286 491 1350 526 {ine

342 539 523 583 profusione
568 539 730 582 sanguinis
771 547 812 571 ex
851 534 939 571 erosa
982 536 1096 570 arteria
1119 557 1129 574 ,
1168 535 1275 577 perfici
1297 546 1350 569 ne-

341 594 503 627 quaquam
558 580 732 625 potuissent
766 604 774 612 .
821 580 949 613 caetera
994 587 1103 613 autem
1146 578 1201 611 etsi
1245 578 1346 622 pluri-

341 636 432 664 mum
472 625 622 663 videntur
667 624 768 660 facere
789 620 828 657 ad
852 620 1102 657 confirmandam
1122 644 1136 661 ‚
1178 621 1345 655 tuendam-

344 681 408 712 que
451 680 565 704 novam
611 667 801 704 sententiam
822 688 836 706 ,
879 675 956 701 num
1002 674 1170 707 propterea
1215 665 1345 707 planum

344 712 390 748 est
411 736 424 757 ,
468 713 687 748 concretiones
731 708 804 746 istas
849 719 923 752 quae
968 707 1037 750 post
1058 708 1345 743 inflammationem

346 758 380 792 &
423 755 681 798 suppurationem
724 762 805 787 ortae
839 750 1014 787 creduntur
1036 773 1050 791 ,
1081 750 1248 794 tophaceas
1271 752 1352 785 sem‘-

342 808 400 841 per
445 799 502 833 esse
525 822 538 840 ‚
582 808 646 831 non
690 796 788 830 osseas
823 799 834 828 ?
876 793 967 831 Mihi
1010 802 1094 827 certe
1139 795 1188 829 vel
1232 796 1266 829 in
1310 795 1351 830 iis

341 841 493 879 omnibus
537 840 750 877 cadaveribus
785 848 858 882 quae
890 837 988 879 paulo
1020 846 1092 871 ante
1114 839 1350 879 memorabam,

342 895 409 918 non
431 883 596 927 tophaceae
621 884 691 918 sunt
731 881 829 922 visae,
851 880 903 916 sed
926 879 1040 922 osseae‚
1072 884 1103 914 &
1139 893 1216 924 quas
1247 881 1350 917 disru-

341 928 399 974 pi,
422 940 465 965 εκ
490 939 554 963 non
578 927 670 963 aliter
691 937 728 960 ac
750 924 821 959 ossis
843 924 975 958 lamellae
991 947 1000 963 ‚
1025 925 1235 967 rupem-&⁷
1252 949 1261 964 ,
1294 937 1350 959 eo..

341 970 477 1014 demque
501 971 579 1009 sono
600 970 711 1006 edito.
737 968 841 1003 Aliud
877 976 983 1001 autem
1015 967 1057 1002 est
1080 991 1089 1007 ‚
1121 967 1191 1012 post
1221 969 1350 1011 inflam-

343 1016 522 1056 mationes,
546 1017 577 1048 &
603 1014 845 1057 suppurationes
867 1012 1007 1053 squamas
1018 1011 1090 1046 istas
1112 1013 1190 1046 oriri
1203 1026 1213 1050 ς
1238 1013 1325 1046 aliud
1341 1038 1351 1054 ,

341 1058 426 1101 ‚ipsas
441 1081 453 1098 ‚
476 1056 663 1100 caeterasque
686 1067 749 1091 non
772 1054 829 1090 effe
851 1054 946 1090 osseas
970 1080 977 1087 .
1013 1054 1099 1089 Illud
1132 1054 1210 1098 saepe
1245 1055 1315 1089 fieri
1339 1079 1350 1096 ,

346 1100 512 1144 agnoscere
534 1100 663 1144 quidem
686 1098 812 1143 possum
836 1110 847 1138 3
879 1098 942 1134 hoc
957 1122 970 1139 ‚
993 1097 1050 1133 nifi
1073 1099 1254 1137 interdum,
1288 1110 1352 1132 non

347 1143 492 1186 possum.
516 1146 561 1179 Et
586 1144 656 1180 sane
677 1141 757 1187 quid
781 1141 846 1182 est,
868 1141 956 1184 quod
979 1140 1122 1186 Majores
1144 1144 1158 1181 (
1171 1141 1216 1183 h)
1238 1143 1350 1176 Aortae

343 1186 465 1227 basim,
488 1189 522 1222 in
545 1188 659 1224 vetulis
681 1187 782 1221 cer-vis
807 1185 986 1220 induratam
1001 1210 1010 1226 ,
1041 1196 1078 1218 os
1108 1183 1350 1220 constantiffime

337 1232 545 1271 vocaverint,
569 1239 624 1265 aut
648 1229 734 1272 quod
758 1229 920 1272 Ingraffias
942 1232 956 1268 ί
977 1230 990 1264 i
1011 1232 1025 1269 )
1047 1227 1177 1262 eandem
1199 1229 1234 1262 in
1266 1229 1348 1263 bove

337 1274 522 1311 conversam
547 1274 581 1308 in
604 1271 871 1316 exquifitiffimum
893 1283 927 1305 os
949 1269 1099 1307 invenisse
1122 1270 1175 1311 se,
1201 1271 1348 1306 dixerit?

338 1317 433 1351 Num
453 1316 640 1355 Aristoteles
649 1340 662 1357 ‚
685 1316 850 1356 Galenus,
873 1315 990 1358 aliique
1000 1315 1346 1351 exercitatiffirniAna-

337 1361 479 1402 tomici,
502 1372 540 1394 ne
562 1359 666 1395 dicam
689 1358 951 1403 Pharmacopolae
975 1357 1056 1404 ipsi,
1079 1360 1136 1401 qui
1148 1370 1204 1403 per
1215 1367 1269 1393 tot
1292 1359 1348 1394 sae-

336 1405 408 1440 cula
430 1404 511 1441 illud
534 1416 570 1438 os
593 1401 725 1439 subinde
757 1403 790 1436 in
823 1401 947 1438 scobem
993 1401 1133 1445 redigere
1177 1401 1347 1437 consueve-

336 1456 439 1489 runt,
471 1447 662 1491 tophaceum
697 1446 735 1481 ab
768 1443 854 1480 osseo
887 1446 1101 1481 internoscere
1132 1445 1346 1481 nesciebant?

339 1493 410 1527 Aut
432 1491 510 1535 quid
533 1491 576 1525 est
596 1514 609 1531 ,
638 1489 729 1533 quod
750 1489 805 1525 ubi
828 1488 892 1526 istae
916 1491 951 1523 in
974 1490 1079 1525 Aorta
1102 1490 1236 1524 lamellae
1255 1512 1267 1530 ,
1302 1488 1341 1523 fi-

339 1535 406 1572 mul
430 1546 558 1578 quoque
582 1535 617 1570 in
639 1533 752 1570 iisdem
774 1533 964 1575 corporibus
988 1533 1056 1567 aliae
1089 1543 1192 1576 partes
1226 1535 1260 1567 in
1293 1545 1346 1568 ve-

337 1590 409 1615 rum
432 1590 468 1613 os
492 1586 624 1614 mutatae
649 1576 861 1619 saepenumero
885 1577 1114 1610 inveniuntur?
1141 1577 1193 1614 Sic
1227 1578 1345 1613 Vicus.

342 1621 447 1657 senius
469 1622 539 1666 (¹5)
560 1631 620 1664 qua
643 1621 677 1652 in
702 1619 854 1654 Matrona
877 1628 927 1652 tot
952 1621 1081 1655 arterias
1103 1629 1266 1655 enumerat
1279 1631 1345 1654 ma·

343 1676 406 1709 gna
428 1673 567 1709 exparte
578 1661 673 1697 osseas
684 1662 784 1697 factas
800 1685 814 1702 ,
835 1663 870 1697 in
880 1661 987 1697 eadem
999 1664 1095 1697 etiam
1107 1665 1240 1700 annulos
1251 1664 1346 1698 bron-

342 1708 497 1744 chiorum
521 1705 634 1748 fuisse,
655 1713 781 1746 narrat,
803 1706 836 1739 in
859 1716 895 1738 os
930 1706 1097 1741 conversos
1118 1731 1126 1740 .
1161 1708 1313 1750 Idemque
1336 1732 1348 1749 ‚

338 1751 502 1796 Epistolas
526 1751 645 1787 nostras
668 1749 805 1792 relegens
827 1750 842 1787 (
864 1747 876 1783 l
897 1751 930 1789 ),
955 1747 1056 1783 visum
1080 1749 1200 1784 anobis
1214 1752 1348 1792 reperies

336 1796 373 1832 in
395 1794 543 1835 duobus,
566 1795 600 1827 in
622 1793 739 1839 quibus
760 1792 856 1826 osseas
888 1792 1029 1826 lamellas
1072 1793 1188 1827 habuit
1232 1795 1349 1827 arteria

339 1839 482 1883 Magna.
507 1839 545 1873 In
570 1836 620 1873 his
645 1845 751 1873 autem
773 1833 847 1877 ipfis
872 1836 1005 1869 Litteris
1027 1838 1041 1875 (
1064 1847 1096 1869 m
1116 1840 1131 1878 )
1154 1837 1269 1873 mulier
1291 1837 1348 1872 illa

339 1883 498 1928 descripta
520 1880 587 1922 est,
607 1892 678 1923 quae
702 1879 818 1919 simul,
840 1879 875 1911 in
897 1881 1020 1913 arteriis
1042 1878 1077 1913 id
1099 1881 1173 1913 vitii
1187 1879 1347 1921 ostendit,

337 1925 430 1963 simul
452 1937 489 1960 os
512 1925 547 1957 in
569 1923 678 1959 cordis
702 1922 937 1962 substantia‚&
961 1922 1038 1957 novi
1060 1922 1130 1957 offis
1151 1922 1349 1957 additamen-

337 1975 374 2006 ‘ta
398 1971 431 2003 in
457 1969 602 2003 calvariae
625 1966 707 2000 facie·
738 1968 894 2000 interiore
919 1990 926 1999 .
967 1966 1104 1999 Omitto
1135 1965 1233 2000 sciens
1263 1977 1348 2001 meas

340 2014 419 2051 alias
441 2012 505 2049 huc
528 2012 700 2047 attinentes
724 2010 995 2049 Observationes,
1017 2010 1051 2042 in
1075 2009 1177 2052 iisque
1200 2010 1348 2052 aliquas,

339 2058 423 2092 olim
449 2058 577 2090 ineunte
601 2054 662 2090 hoc
686 2054 802 2089 saeculo
824 2051 976 2093 habitas,
997 2062 1071 2086 cum
1094 2053 1206 2087 iisdem
1229 2054 1264 2086 in
1275 2063 1349 2086 cor-

340 2102 475 2145 poribus
497 2097 592 2135 osseas
616 2098 791 2134 bracteolas
815 2107 884 2132 tum
909 2098 942 2129 in
964 2097 1110 2136 arteriis,
1133 2105 1205 2131 tum
1228 2098 1262 2130 in
1293 2106 1349 2139 pe.

346 2143 492 2179 ricardio
513 2142 664 2186 conspexi
680 2165 687 2175 .
713 2142 765 2176 Ex
789 2149 821 2175 te
842 2141 945 2182 igitur
968 2150 1096 2182 quaero,
1119 2151 1195 2174 num
1218 2140 1286 2172 veri
1307 2138 1348 2172 si·

341 2189 453 2226 milius
476 2185 536 2224 fit,
561 2197 634 2229 quae
657 2187 691 2217 in
714 2183 830 2218 iisdem
852 2183 1053 2218 cadaveribus
1074 2182 1182 2219 eadem
1204 2182 1260 2217 effe
1294 2193 1347 2216 va-

342 2234 402 2270 riis
424 2233 459 2265 in
476 2229 620 2273 partibus
644 2238 754 2262 omnes
777 2227 920 2261 dicerent
944 2228 1000 2268 qui
1023 2225 1188 2268 viderent,
1212 2230 1244 2260 &
1267 2237 1347 2261 con-

344 2276 517 2311 treetarent
533 2295 542 2311 ‚
566 2274 601 2306 in
622 2272 747 2307 caeteris
769 2270 899 2316 quidem
924 2271 1064 2312 partibus
1088 2269 1178 2305 fuisse
1189 2269 1291 2315 ossea,
1315 2270 1350 2302 in

343 2320 468 2354 arteriis
485 2318 565 2352 solis
589 2314 766 2359 tophacea,
790 2327 828 2349 an
852 2315 969 2356 ubique
994 2315 1111 2356 pariter
1133 2313 1240 2347 ossea?
1265 2313 1348 2347 Tibi

342 2373 426 2397 certe
449 2361 624 2405 proclivius
647 2360 709 2392 erit
731 2358 847 2401 quibus
871 2359 905 2389 in
915 2357 1105 2399 corporibus
1126 2356 1266 2391 abundet
1278 2356 1347 2389 san-

344 2407 417 2449 guis
438 2406 533 2440 certis
556 2401 744 2447 quibusdam
767 2401 897 2439 salinis,
919 2401 1051 2440 terreis,
1075 2399 1204 2442 aliisque
1227 2410 1265 2432 ex
1276 2399 1348 2440 qui-

345 2450 405 2484 bus
429 2449 572 2492 plerique
595 2443 658 2480 ossa
681 2443 806 2479 censent
829 2443 996 2485 compingi
1022 2443 1209 2485 particulis,
1232 2442 1353 2484 procli-

348 2494 443 2533 vius,
466 2491 597 2533 inquam
610 2512 623 2530 ,
644 2489 705 2521 erit
730 2488 771 2520 iis
795 2488 829 2519 in
852 2484 1041 2528 corporibus
1072 2485 1265 2524 existimare,
1290 2484 1354 2518 eas-

347 2535 422 2570 dem
445 2533 618 2578 particulas
640 2531 681 2564 iis
704 2531 738 2564 in
762 2529 885 2564 sedibus
909 2527 1105 2570 restitantes,
1127 2541 1200 2572 quae
1222 2526 1283 2562 five
1296 2539 1353 2562 na-

348 2589 444 2619 tura,
468 2576 520 2612 seu
542 2574 650 2611 morbi
672 2575 703 2608 vi
728 2574 830 2615 magis
852 2572 914 2606 sint
939 2570 1097 2615 dispofitae
1120 2573 1158 2606 ad
1179 2583 1230 2606 eas
1254 2573 1352 2614 parti-

347 2623 437 2657 culas
459 2619 663 2658 retinendas,
686 2618 721 2651 in
744 2617 869 2652 sedibus
889 2617 930 2649 iis
952 2615 1102 2649 omnibus
1134 2616 1353 2649 concretiones

349 2666 478 2701 demum
501 2663 603 2698 facere
625 2659 764 2704 ejusdem
786 2660 931 2704 generis,
952 2670 1048 2704 quam
1060 2660 1094 2693 in
1106 2660 1226 2693 caeteris
1237 2660 1353 2697 unius,

347 2710 384 2744 in
407 2708 530 2743 arteriis
553 2705 628 2741 solis
652 2705 780 2738 alterius
795 2728 803 2737 .

394 2763 446 2796 24.
468 2749 571 2786 Vides
592 2750 719 2793 igitur,
743 2757 861 2781 novam
883 2758 900 2781 a-
923 2757 973 2780 me
995 2745 1146 2780 haetenus
1168 2744 1353 2779 sententiam

349 2795 478 2838 accipi,
501 2806 539 2828 ne
561 2803 642 2827 ortae
663 2791 698 2825 in
731 2791 856 2825 arteriis
893 2790 1028 2834 squamae
1060 2801 1120 2833 pro
1152 2789 1318 2831 tophaceis
1341 2812 1353 2828 ‚

350 2840 466 2882 saepius
489 2837 620 2878 saltem,
645 2835 847 2870 habeantur.
883 2835 1034 2868 Praeterea
1078 2833 1204 2869 illarum
1245 2842 1353 2865 ortum

351 2883 402 2916 vel
425 2882 488 2916 fine
510 2881 626 2924 praevia
648 2878 900 2914 inflammatione
915 2899 924 2915 ,
949 2886 1003 2912 aut
1025 2885 1106 2910 certe
1129 2875 1354 2919 suppuratione

351 2923 518 2960 interdum
541 2922 701 2960 accidere,
725 2933 790 2955 non
811 2920 950 2955 dubito.
975 2919 1122 2962 Inspice,
1152 2919 1259 2962 quaeso
1279 2941 1288 2956 ‚
1320 2919 1354 2951 in

352 2967 504 3011 Epistola
524 2967 656 3001 XVIII.
680 2968 695 3005 (
716 2965 769 3009 n)
792 2973 828 2999 ut
852 2965 971 3006 Magna
994 2965 1106 2997 arteria
1141 2975 1158 2996 a
1190 2961 1286 2995 corde
1317 2961 1355 2996 ad

355 3012 501 3056 primum
524 3008 620 3053 usque
642 3007 804 3042 orificium
827 3018 989 3042 ramorum
1013 3029 1022 3044 ,
1053 3006 1210 3049 superiora
1245 3015 1353 3048 peten-

354 3056 468 3095 tium,
490 3064 524 3087 ea
548 3053 706 3095 parietum
728 3050 847 3084 duritie
871 3050 988 3088 fuerit,
1010 3059 1046 3084 ut
1069 3052 1123 3083 vix
1154 3049 1272 3082 summa
1306 3057 1355 3080 et-

353 3099 421 3133 iam
443 3098 476 3131 vi
499 3095 646 3131 adhibita
669 3093 770 3128 incidi
798 3093 897 3138 poss‘et
910 3103 1038 3137 propter
1050 3092 1116 3136 ejus
1131 3091 1331 3140 substantiam
1345 3102 1375 3132 ,·

358 3153 455 3185 quae,
475 3148 513 3175 ut
536 3140 570 3173 in
594 3137 789 3174 sectionibus
813 3139 983 3180 apparuit,
1006 3146 1153 3170 naturam
1174 3147 1239 3178 jam
1269 3136 1359 3168 nacta

356 3194 422 3219 erat
446 3183 587 3218 mediam
607 3182 912 3225 interligamentum
928 3205 935 3220 ,
957 3184 986 3213 ἀ
999 3181 1218 3223 cartilaginem
1230 3205 1237 3212 .
1250 3179 1362 3220 Qan-

357 3228 465 3262 tulum
487 3226 595 3260 deerat
609 3250 618 3266 ,
640 3224 662 3258 fi
685 3223 812 3258 vixisset
835 3223 935 3258 homo
954 3247 966 3263 ,
996 3234 1032 3257 ut
1054 3223 1134 3257 ossea
1157 3222 1282 3259 tandem
1307 3220 1360 3255 fie-

358 3269 435 3306 ret?
458 3272 553 3304 Num
575 3280 649 3302 vero
670 3268 857 3307 credemus,
881 3276 989 3301 totum
1011 3267 1105 3301 illum
1129 3268 1325 3309 praecipuum
1349 3288 1361 3305 ‚

359 3316 392 3348 δε
415 3322 542 3348 tantum
565 3313 685 3347 arteriae
709 3312 850 3345 tractum
872 3310 1146 3350 inflammatione,
1183 3313 1214 3343 ἃ
1247 3308 1362 3351 suppu-

360 3358 484 3392 ratione
505 3367 633 3392 omnem
655 3353 723 3398 ejus
743 3354 945 3390 substantiam
967 3364 1142 3397 occupante
1153 3350 1289 3397 potuisse
1298 3351 1362 3395 jam

933 49 1091 125 Liber
1123 68 1187 123 11.
1219 68 1305 123 De
1339 69 1547 123 Morbis
1578 61 1834 123 Thoracis

1398 155 1488 180 antea
1510 145 1651 180 laborare
1661 168 1675 186 ,
1695 153 1733 180 ut
1754 157 1860 183 mors,
1882 151 1937 180 aut
1959 144 2125 181 acutissimi
2149 145 2264 185 saltemz
2278 147 2397 183 &morbi

1397 188 1484 231 figna
1508 199 1570 221 non
1592 187 1728 223 adessent
1752 200 1790 223 eo
1812 187 1984 230 tempore?
2007 188 2178 232 Ejusmodi
2192 200 2297 225 autern
2312 202 2398 225 mor·
2422 194 2425 197 '

1396 232 1454 266 bus
1476 232 1590 274 utique
1611 242 1677 265 non
1700 231 1912 274 praecesserat.
1937 232 2030 270 Quid
2054 242 2128 265 vero
2140 256 2152 272 ,
2174 232 2196 267 si
2218 242 2269 268 tot
2292 235 2325 268 in
2343 246 2401 269 ca-
2415 262 2422 266 ,

1395 274 1567 309 daveribus
1587 298 1600 315 ‚
1634 276 1667 307 in
1691 275 1805 316 quibus
1827 274 2037 310 erofiones&
2069 275 2321 311 exulcerationes
2345 290 2397 312 ar-

1397 318 1485 352 teriae
1529 317 1791 360 deprehendimus
1812 344 1820 359 ‚
1865 329 1929 352 non
1975 318 2026 353 hae
2070 318 2190 361 semper
2207 343 2220 360 ‚
2250 332 2308 354 nec
2343 322 2400 355 sae.

1398 363 1471 404 pius
1516 359 1676 401 fortasse,
1709 363 1933 396 antecesserunt
1968 360 2212 405 productionem
2243 363 2399 399 ossearum

1398 405 1621 448 squamarum3
1643 403 1693 438 sed
1715 402 1787 438 istas
1810 407 1918 448 potius
1941 404 2235 440 sunt—consecutae?
2259 417 2334 442 num
2358 420 2398 443 ex

1400 448 1590 491 purulenta,
1613 458 1707 491 quam
1731 456 1807 481 tunc
1829 450 1990 489 vidimus,
2011 450 2166 490 materia,
2186 460 2226 483 ex
2247 450 2341 484 erosis
2352 451 2401 484 lo-

1399 493 1446 526 cis
1467 491 1664 528 destillante,
1688 489 1811 525 easdem
1834 492 1975 537 squamas
1998 491 2138 525 extitiss'e
2153 515 2167 532 ,
2190 493 2399 534 putabimus?

1400 537 1474 569 Imo
1495 533 1545 568 hae
1567 534 1630 568 suis
1653 533 1789 576 asperis,
1812 537 1844 569 &
1868 536 1946 578 saepe
1978 535 2161 569 extantibus
2191 536 2261 578 plus
2294 540 2399 573 minus

1398 580 1466 612 oris
1488 578 1639 611 intimam
1661 578 1805 611 tunicam
1828 577 2087 621 perrumpendo,
2103 576 2257 612 erofiones
2290 581 2362 614 illas
2385 605 2399 622 ‚

1398 625 1430 655 &
1453 621 1699 655 exulcerationes
1723 620 1887 655 fecerunt.
1911 623 2026 665 Neque
2047 622 2133 656 enim
2176 620 2256 655 otest
2287 625 2400 658 arteria.

1396 665 1425 699 se
1447 663 1653 702 contrahere,
1679 665 1757 707 quin
1781 663 1961 706 asperitates
1976 689 1988 706 ,
2017 668 2048 698 δι
2072 670 2159 708 quai
2183 665 2311 699 aculeos
2330 667 2400 700 offi-

1394 708 1540 745 culorum
1563 717 1672 741 contra
1693 719 1764 742 eam
1786 709 1928 741 tunicam
1949 719 2080 750 urgeat,
2103 718 2201 752 neque
2215 708 2361 751 sanguis,
2383 722 2400 744 a

1401 751 1498 785 corde
1519 750 1674 794 impulsus
1689 776 1698 792 ,
1723 752 1854 786 arterias
1875 751 2071 792 distendere,
2093 754 2173 795 quin
2196 752 2324 785 eandem
2347 763 2401 788 tu-

1401 796 1505 829 nicam
1520 794 1565 829 'ad
1589 795 1713 829 aculeos
1736 796 1810 829 illos
1833 796 2012 837 apprimat.
2038 795 2124 830 Vide
2144 820 2153 836 ‚
2185 805 2220 829 ut
2255 797 2399 831 Bellinus

1400 841 1415 878 (
1438 850 1455 872 ο
1478 842 1492 879 )
1512 838 1553 872 ab
1575 837 1660 872 hisce
1683 838 1843 875 officulis,
1867 849 1937 881 quae
1960 837 2100 881 lapides,
2132 848 2168 873 ut
2201 839 2278 873 alibi
2308 844 2324 882 ζ
2343 850 2365 882 p
2385 845 2401 881 )

1400 881 1565 922 diximus,
1589 881 1816 925 appellitabat‚
1839 883 1871 914 &
1895 881 2201 922 inflammationem,
2226 885 2257 916 &
2281 884 2401 917 exelio.

1400 936 1471 959 nem
1493 925 1560 970 ejus
1583 927 1701 959 tunicae
1720 925 1837 959 ‘diserte
1861 933 1999 967 repetat.
2022 926 2153 968 Lapides
2163 927 2303 959 vidimus
2317 948 2326 965 ‚
2349 928 2403 961 in-

1399 971 1472 1011 quit
1486 993 1499 1010 ,
1521 971 1554 1003 in
1577 970 1692 1003 intima
1714 972 1902 1004 arteriarum
1925 969 2053 1006 tunica,
2079 969 2132 1009 qui
2157 968 2207 1001 hic
2231 969 2298 1003 illic
2329 980 2403 1003 ean-

1402 1013 1470 1046 dem
1492 1013 1678 1052 exederann,
1701 1017 1742 1046 &
1765 1012 1868 1046 veluti
1885 1010 2023 1053 phlogofi
2046 1009 2340 1053 inflammaverunt,
2363 1015 2401 1048 Θ·

1402 1056 1442 1088 ad
1463 1054 1529 1091 loca
1552 1054 1744 1098 inflammata
1766 1054 1870 1089 veluti
1892 1053 1988 1094 crusta
2011 1052 2234 1098 affigebantur:
2258 1055 2342 1088 dolor
2353 1056 2404 1089 in-

1402 1098 1437 1131 de
1451 1098 1535 1140 satis
1545 1109 1636 1137 acer,
1659 1098 1877 1132 &contraffio
1888 1099 2096 1131 arteriarum.
2119 1098 2169 1129 Sic
2183 1098 2281 1130 etiam
2294 1099 2403 1132 Abra-

1402 1139 1512 1175 hamus
1536 1143 1673 1175 Vaterus
1695 1145 1708 1180 (
1730 1153 1749 1184 q
1765 1142 1806 1184 ),
1829 1141 1884 1182 qui
1917 1136 2045 1174 officula
2078 1140 2116 1173 ab
2152 1142 2274 1173 arteriae
2309 1153 2403 1177 motu

1399 1183 1541 1227 disrupta
1565 1183 1622 1218 esse
1645 1186 1679 1218 in
1703 1185 1794 1227 plura
1821 1182 1951 1217 frustula
1966 1206 1973 1220 ‚
1995 1182 2164 1222 credebat,
2185 1184 2294 1218 horum
2309 1209 2321 1225 ‚
2352 1187 2403 1218 in-

1398 1229 1471 1271 quit
1484 1250 1495 1268 ‚
1516 1229 1732 1263 extremitates
1755 1227 1903 1261 intimam
1922 1227 2060 1260 tunicam
2081 1226 2321 1269 perforaverunt
2334 1253 2341 1260 .
2356 1230 2403 1263 Et

1396 1282 1578 1314 quanquam
1603 1271 1785 1304 Brunnerus
1806 1272 1821 1312 (’
1842 1280 1857 1302 r
1874 1269 1892 1311 )
1915 1270 1992 1302 dum
2014 1271 2123 1302 Soceri
2137 1271 2273 1302 Aortam
2285 1271 2404 1305 descri-

1395 1314 1473 1349 bens
1496 1314 1608 1349 ollibus
1632 1314 1777 1356 pluribus
1797 1312 2001 1352 distinctam,
2025 1313 2178 1355 proponit
2200 1312 2338 1355 ejusdem
2350 1327 2405 1349 va-

1398 1359 1455 1392 riis
1477 1359 1511 1391 in
1535 1356 1659 1392 sedibus
1682 1359 1822 1392 tunicam
1845 1356 2023 1391 interiorem
2046 1356 2245 1399 disruptam,
2268 1357 2404 1394 laceram

1397 1413 1434 1436 ac
1446 1400 1628 1445 fracidam,
1650 1412 1707 1435 non
1731 1402 1811 1435 citra
1846 1399 2004 1441 ruptionis
2035 1408 2153 1433 metum
2181 1421 2195 1439 ,
2227 1400 2368 1445 ambigat
2392 1425 2403 1442 ,

1396 1452 1505 1479 utrum
1527 1446 1562 1479 vi
1583 1446 1625 1479 &
1647 1443 1822 1487 evulsione,
1846 1453 1886 1476 an
1907 1441 2039 1484 erofione
2052 1440 2180 1485 facium
2203 1444 2236 1478 id
2261 1443 2366 1487 fuerit
2390 1458 2402 1485 3

1397 1499 1510 1523 tamen
1527 1489 1590 1531 qui'
1605 1488 1834 1521 animadvertat
1852 1512 1860 1526 ,
1885 1496 1953 1518 eam
1975 1487 2125 1519 arteriam
2148 1484 2223 1529 offea
2249 1487 2405 1530 asperitu-

1397 1533 1466 1566 dine
1488 1531 1624 1574 intr-usos
1647 1528 1796 1575 offendiffe
1819 1529 1958 1572 digitos,
1981 1531 2012 1575 βε
2033 1531 2191 1576 pupugiſje
2222 1532 2405 1573 prominen-

1397 1577 1445 1610 tia
1467 1575 1603 1618 quadam
1627 1582 1743 1613 acuta3
1766 1584 1831 1607 non
1855 1571 1894 1604 ab
1918 1573 2057 1604 erohone
2080 1573 2182 1618 solum
2209 1575 2243 1607 id
2276 1573 2333 1608 esse
2348 1573 2405 1618 fa-

1397 1620 1506 1659 stum,
1528 1618 1687 1660 intelliget
1703 1643 1710 1649 .
1737 1616 1837 1657 Qod
1860 1624 1966 1649 autem
1990 1625 2054 1648 non
2079 1616 2141 1649 sine
2166 1619 2327 1660 ruptionis
2352 1630 2405 1660 pe.-

1398 1661 1503 1696 riculo
1526 1660 1616 1695 fuisse
1639 1671 1705 1693 rem
1736 1659 1842 1698 dicit3
1866 1658 2024 1691 nimirum
2046 1656 2088 1692 fic
2111 1661 2215 1703 reapse
2240 1662 2403 1696 acciditin

1400 1707 1477 1738 Sene
1491 1730 1500 1745 ‚
1522 1707 1554 1738 δε
1578 1703 1741 1743 Muliere,
1763 1702 1804 1735 de>
1824 1702 1939 1744 quibus
1963 1701 2116 1744 scriptum
2140 1704 2182 1738 est
2205 1706 2338 1739 Litteris
2356 1705 2408 1740 su-

1398 1747 1577 1791 perioribus
1599 1746 1701 1790 (s).
1728 1745 1885 1779 Vidimus
1906 1746 1992 1777 enim
2014 1755 2053 1777 ex
2075 1745 2207 1790 dilatata
2219 1750 2381 1791 utriusque
2395 1773 2406 1788 ‚

1399 1795 1433 1825 &
1454 1791 1603 1826 Mulieris
1626 1788 1824 1833 praesertim,
1845 1790 1947 1822 Aorta
1970 1788 2053 1820 viam
2077 1789 2135 1822 nbi
2169 1791 2208 1824 ad
2243 1803 2408 1834 erumpen-

1399 1834 1477 1869 dum
1500 1834 1604 1868 fecisse
1627 1833 1811 1875 sanguinem
1832 1843 1895 1874 qua
1919 1831 2192 1867 inter-‘confertas
2218 1835 2407 1879 vasperasque

1399 1878 1540 1912 lamellas
1562 1874 1658 1910 osseas
1669 1879 1802 1908 internae
1818 1876 1935 1909 tunicae
1946 1884 2034 1908 erant
2044 1876 2139 1910 exesae
2155 1891 2163 1909 ε
2189 1878 2285 1922 usque
2298 1879 2376 1912 adeo
2391 1892 2407 1913 a

1398 1932 1474 1954 vero
1495 1922 1651 1954 aberravit
1665 1921 1787 1953 Paraeus
1810 1922 1869 1959 (t)
1892 1926 1927 1952 ut
1940 1917 2028 1960 quod
2039 1919 2237 1956 obstaculum
2251 1945 2258 1959 ,
2273 1924 2306 1955 δε
2319 1921 2407 1966 quafi

1400 1975 1546 2008 aggerem
1570 1962 1658 1998 offeae
1681 1961 1790 1995 crustae
1803 1970 1921 1994 naturae
1942 1962 2141 2002 providentia
2165 1968 2198 1998 in
2212 1965 2344 2000 dilatata
2356 1978 2409 1999 ar-

1400 2010 1480 2041 teria
1503 2008 1627 2050 opponi
1651 2007 1773 2040 censuit
1795 2005 1834 2038 ad
1857 2007 2016 2048 impetum
2049 2004 2210 2048 sanguinis
2244 2009 2409 2044 retardan-

1400 2050 1502 2090 dum,
1523 2052 1558 2083 id
1581 2049 1686 2092 ipsum
1700 2071 1711 2088 ‚
1733 2050 1854 2081 arteriae
1877 2049 2001 2082 tunicas
2025 2048 2241 2091 perforando,
2263 2053 2356 2087 ficuti
2373 2055 2409 2088 in

1400 2092 1466 2136 ejus
1498 2103 1629 2136 quoque
1661 2091 1895 2126 Observatione
1929 2091 2023 2124 facile
2054 2096 2196 2139 contigit
2215 2119 2228 2137 ‚
2260 2098 2408 2135 sanauini

1399 2139 1523 2170 exitum
1546 2137 1696 2169 citiorem
1718 2143 1821 2178 paret.
1848 2135 1956 2174 Qodr
1971 2134 1994 2167 fi
2017 2137 2198 2172 tunicarum
2221 2131 2409 2180 exefid‘,in-

1398 2190 1447 2214 ter
1469 2178 1532 2214 ossa
1555 2180 1685 2216 innata,
1708 2179 1807 2212 levior
1829 2177 1893 2219 fit,
1925 2188 1961 2212 ut
2006 2182 2108 2220 magis
2152 2181 2314 2216 infirmare
2358 2197 2410 2220 eas

1400 2223 1514 2267 posist,
1536 2233 1632 2266 quam
1656 2222 1864 2264 pertundere,
1888 2220 2011 2263 sanguis
2047 2232 2152 2257 autem
2187 2226 2322 2262 validius
2355 2240 2410 2263 ur.

1399 2275 1496 2309 geat;
1519 2266 1617 2300 laxari
1638 2266 1686 2298 ibi
1710 2264 1884 2308 aliquando
1907 2266 2028 2308 poterit
2052 2269 2175 2301 arteriae
2188 2269 2294 2310 latus,
2317 2275 2349 2306 δε
2372 2274 2409 2307 in

1400 2307 1587 2344 sacciforme
1609 2308 1794 2351 aneurysma
1815 2308 2019 2346 extuberare,
2040 2308 2129 2353 cujus
2152 2314 2323 2353 parietibus
2352 2317 2410 2351 illa

1399 2355 1485 2387 intus
1507 2351 1569 2385 ossa
1593 2351 1683 2385 affixa
1707 2351 1767 2385 fint
1781 2376 1789 2382 .
1815 2352 1896 2394 QO
1919 2352 2179 2394 polit0,rminus
2201 2356 2328 2392 fortass'e
2347 2361 2411 2393 erit

1401 2394 1536 2444 difficile
1557 2406 1652 2439 quam
1675 2395 1861 2442 credebatur
1882 2398 1896 2434 (
1916 2394 1993 2436 u),
2019 2398 2178 2432 rationem
2211 2402 2411 2447 modumque

1402 2441 1543 2472 invemre
1565 2450 1631 2481 quo
1653 2439 1738 2472 intra
1760 2449 1827 2484 ejus
1850 2440 1971 2481 generis
2003 2441 2186 2481 aneurysrna
2211 2467 2224 2484 ‚
2255 2445 2344 2487 cujus
2375 2449 2410 2481 vi

1402 2482 1568 2515 claviculae
1594 2480 1755 2526 ,diductae
1796 2479 1947 2521 fuerant,
1970 2479 2104 2516 frustum
2128 2485 2198 2519 offis
2221 2488 2409 2525 conclusum

1404 2524 1504 2559 videri
1528 2524 1627 2569 pollet
1649 2524 1737 2567 quod
1760 2523 1862 2557 sterno
1884 2524 2011 2559 deerat.
2036 2525 2315 2569 Conjiciesenim‚
2339 2545 2409 2568 eam

1404 2570 1535 2612 quidem
1558 2566 1649 2602 sterni
1675 2567 1866 2609 particulam
1888 2566 2005 2608 fuisse,
2027 2578 2063 2601 ut
2086 2568 2123 2602 fit
2140 2595 2153 2612 ‚
2197 2585 2213 2606 a
2258 2579 2409 2617 proximo

1403 2611 1619 2654 aneurysmate
1642 2610 1751 2645 sensim
1771 2610 2014 2655 consumptam3
2037 2623 2229 2654 quaeautem
2252 2619 2334 2652 intra
2347 2620 2410 2656 hoc

1404 2666 1494 2697 erat,
1517 2655 1661 2689 fortuito
1689 2665 1756 2688 eam
1781 2652 1920 2687 formam
1944 2655 2266 2705 magnitudinemque
2281 2656 2411 2698 habuisL

1403 2697 1432 2732 se
1447 2722 1459 2739 ,
1481 2708 1516 2733 ut
1539 2710 1606 2730 eam
1628 2710 1698 2741 quae
1721 2698 1826 2744 sterno·
1845 2696 1974 2739 deerat,
1996 2698 2212 2741 quadantenus
2245 2707 2412 2748 repraesen..

1404 2751 1506 2776 taret.
1533 2741 1727 2784 cujusmodi
1750 2742 1931 2783 comestura
1963 2743 1996 2775 in
2028 2743 2111 2776 illud
2143 2758 2270 2790 quoque
2305 2748 2410 2784 forsan

1403 2787 1555 2820 convenit
1578 2785 1712 2819 frustum
1734 2783 1852 2825 costae,
1873 2785 1961 2829 quod
1984 2784 2022 2817 ab
2044 2786 2191 2824 Lentilio
2212 2794 2228 2831 (
2248 2802 2270 2827 ,τ
2290 2796 2305 2834 )
2325 2794 2410 2828 intra

1405 2830 1538 2863 alterum
1563 2828 1745 2871 aneurysma
1768 2838 1926 2871 repertum
1948 2829 2103 2871 legimus.

1448 2884 1498 2915 25.
1523 2874 1738 2920 Cave5tamen
1761 2872 1868 2906 credas
1888 2896 1900 2912 ‚
1932 2883 1980 2906 me
2004 2884 2112 2910 omnes
2135 2879 2323 2914 arteriarum
2346 2878 2409 2914 five

1404 2917 1535 2949 leviores
1560 2940 1570 2957 ‚
1603 2916 1663 2948 sive
1694 2917 1852 2958 graviores
1884 2915 2036 2951 erosiones
2070 2930 2206 2963 repetere
2228 2923 2266 2955 ab
2300 2923 2412 2959 officu-

1405 2960 1511 2994 lorum
1535 2960 1732 3001 asperitate.
1768 2959 1848 2992 Haec
1882 2961 1966 2992 enirn
2003 2960 2094 2996 ficuti
2126 2965 2288 3000 interdum
2322 2976 2411 3001 tanta

1408 3002 1472 3043 est,
1494 3013 1530 3037 ut
1546 3004 1626 3037 satis
1648 3002 1687 3034 fit
1710 3004 1867 3036 internam
1890 3005 2008 3038 arteriae
2031 3004 2144 3041 faciem
2169 3009 2305 3052 aspicere
2323 3033 2333 3049 ,
2357 3020 2412 3046 aut

1411 3056 1539 3089 tangere
1560 3070 1574 3087 ,
1598 3057 1656 3094 ,ne
1700 3045 1827 3081 dubites
1850 3071 1859 3086 ,
1903 3047 1984 3080 inde*
2020 3050 2216 3086 vulneratam
2240 3077 2253 3094 ,
2297 3055 2413 3088 lacera-

1413 3101 1541 3134 tamque
1586 3086 1679 3123 suisse
1710 3113 1723 3130 ‚
1766 3091 1811 3122 ita
1857 3091 1932 3123 alias
1977 3093 2065 3126 nulla
2109 3095 2312 3132 officulorum
2356 3110 2412 3131 ex-

1411 3143 1459 3167 tat
1506 3133 1654 3176 asperitas
1689 3157 1698 3172 ‚
1745 3143 1798 3167 aut
1844 3135 2049 3178 inaequalitas
2082 3162 2092 3177 ‚
2135 3142 2168 3172 &
2212 3142 2316 3175 erofio
2360 3151 2411 3174 ta-

1412 3188 1482 3211 men
1528 3177 1556 3210 se
1600 3175 1738 3223 ostendit
1771 3201 1778 3207 .
1825 3178 1917 3223 Quin
1963 3179 2138 3223 aliquando
2181 3182 2263 3217 nihil
2308 3183 2411 3219 adhuc

1412 3220 1456 3254 est
1478 3220 1573 3256 ossei,
1598 3230 1672 3269 curn
1694 3231 1756 3262 jam
1781 3226 1867 3254 erosa
1892 3232 2019 3266 apparet
2044 3228 2177 3259 arteria.
2203 3229 2254 3260 Sic
2277 3229 2412 3262 inNau-

1412 3274 1464 3304 ta,
1487 3275 1582 3308 quem
1605 3265 1667 3313 tibi
1691 3265 1765 3296 alias
1788 3268 1797 3303 (
1817 3276 1841 3306 y
1864 3270 1877 3306 )
1899 3266 2072 3300 describam
2097 3294 2106 3308 ,
2151 3271 2236 3303 nulla
2279 3280 2344 3304 erat
2377 3272 2411 3303 in

1413 3309 1532 3351 Magna
1567 3316 1683 3340 arteria
1726 3308 1882 3342 bmffeola
1926 3309 2006 3345 ossea
2028 3335 2041 3351 ‚
2075 3315 2204 3348 maculae
2247 3313 2412 3348 dumtaxat

1414 3351 1548 3386 subalbae
1569 3349 1814 3390 occurrebant'3
1847 3351 1950 3387 erofio
1973 3363 2079 3389 autem
2100 3379 2113 3396 ,
2145 3356 2169 3394 fi
2190 3358 2288 3400 paulo
2311 3367 2414 3394 atten-

2307 3404 2372 3435 tius

422 3556 437 3584 (
449 3554 467 3585 s
478 3556 491 3582 )
506 3555 622 3583 Triehias.
641 3554 728 3580 admit.
790 3553 798 3582 (
816 3561 834 3585 g
850 3552 864 3581 )
880 3552 952 3582 Epist.
974 3554 1008 3577 18.
1025 3560 1048 3577 n.
1065 3561 1104 3583 33.

423 3585 910 3615 (12Vll.n.n.&Xle.n<16.
973 3584 1133 3613 (m)n,2.
1190 3582 1341 3610 (n)n.².

421 3620 436 3703 (ἱ
450 3617 494 3706 2}
510 3617 642 3671 (iiiir‘sgessi
653 3615 769 3670 ιιῖὴῖἷὲιι.
802 3646 834 3669 R.
865 3643 906 3668 des
937 3644 975 3667 s0.
1005 3645 1036 3669 a.

449 3684 465 3703 1

509 3677 582 3706 Epist·
598 3683 640 3708 o
656 3683 683 3703 a.
698 3682 735 3706 ιι

1164 3552 1206 3584 (h
1225 3553 1233 3581 l
1249 3552 1304 3576 Vid.
1321 3551 1407 3581 supra,
1421 3558 1445 3576 n.
1466 3558 1502 3581 ¹9·

807 3615 815 3641 (
833 3623 843 3638 r
860 3614 872 3641 )
889 3613 914 3636 in
931 3613 1037 3641 append.
1054 3614 1083 3638 ad
1099 3616 1129 3638 A.
1146 3621 1165 3644 3.
1185 3614 1241 3636 Dec.
1260 3621 1283 3643 3.
1301 3612 1362 3639 Eph.
1379 3614 1414 3638 N.
1431 3615 1459 3638 C.

1070 3651 1138 3673 1700-
1176 3642 1236 3667 OM.
1268 3647 1340 3668 Anam
1392 3660 1398 3666 .

1564 3552 1578 3584 ζ
1594 3551 1604 3574 ι·
1620 3556 1630 3579 )
1649 3551 1712 3575 ibid.
1772 3554 1786 3582 ζ
1803 3553 1818 3577 le
1836 3551 1845 3581 )
1876 3551 1961 3578 Traite
1973 3555 2008 3579 du
2021 3554 2102 3579 Coeur
2117 3554 2157 3580 ch.
2176 3559 2212 3580 16³

1404 3583 1418 3611 (
1436 3591 1449 3607 ο
1465 3587 1477 3610 )“
1492 3582 1626 3607 De-Morb.
1650 3583 1714 3607 reci.
1733 3582 1772 3607 ubi
1790 3584 1817 3607 de
1836 3584 1963 3608 lntetmiii‘.
1979 3585 2040 3610 Puls.
2101 3585 2146 3616 (Ap
2162 3586 2175 3614 )
2191 3586 2261 3615 Epist.
2279 3594 2315 3618 ²4·
2331 3595 2355 3613 n.
2376 3595 2408 3618 ¹7-

1521 3610 1562 3642 (J
1576 3616 1582 3640 y
1600 3615 1692 3637 XXVI.
1708 3621 1733 3637 n.
1756 3622 1787 3644 ¹5-
1806 3616 1828 3638 St
1846 3621 1880 3642 ¹7·
1944 3615 2213 3644 (1)Oper.l.6.c.
2234 3625 2269 3648 3²-

1460 3644 1502 3672 (a
1520 3642 1534 3670 )
1567 3642 1624 3672 Eeb.
1659 3646 1690 3669 N,
1723 3646 1753 3670 C.
1786 3646 1855 3669 Cent.
1888 3652 1909 3668 ι,
1942 3645 2000 3671 Ohs.
2033 3649 2071 3675 96.
2101 3653 2128 3672 ιι.
2160 3654 2200 3675 ¹4-
