2498 4075
450 226 542 275 190
963 210 1119 264 Liber
1153 211 1244 266 111.
1276 210 1361 267 De

378 294 453 335 ¹{vere
475 288 561 321 intra
591 285 667 320 hanc
689 288 732 322 &¹
757 287 897 332 scrotum
918 287 1018 330 ipsum
1039 311 1049 326 ,
1072 289 1105 322 id
1128 289 1169 330 est
1192 292 1226 324 in
1251 292 1379 325 cellulas

382 339 467 363 anter
490 339 663 373 utrumque
684 332 868 374 interjeetas
889 355 899 370 ‚
925 334 955 364 &
976 343 1050 366 cum
1075 332 1291 375 superioribus
1314 335 1379 369 illis

348 390 351 393 ν
383 382 438 405 aut
462 385 516 416 per
540 374 567 405 se
590 395 598 409 ‚
633 383 687 408 aut
712 377 744 408 vi
775 376 905 409 demum
932 376 1037 409 morbi
1070 379 1344 411 communicantes
1365 403 1375 413 .

380 413 462 450 Haec
485 416 549 450 sere
572 418 682 455 omnia
705 417 882 459 sequuntur
905 429 988 464 nunc
1011 419 1114 460 plures
1129 442 1138 456 ,
1161 432 1216 454 nec
1233 420 1300 463 ipse
1323 433 1378 455 ne-

378 469 422 507 go
444 480 454 496 ,
486 468 521 492 ut
546 470 646 501 neque
678 461 759 496 illud
783 463 871 504 quod
894 461 1053 502 adjiciunt
1075 486 1084 501 ‚
1110 464 1248 504 pondere
1270 475 1377 498 tamen

379 501 553 543 aliquando
574 523 584 539 ‚
619 513 672 537 aut
696 506 873 538 acrimonia
896 504 1041 542 humoris
1063 530 1073 545 ,
1104 507 1138 539 in
1163 506 1379 549 superioribus

377 545 441 577 illis
465 546 588 578 cellulis
612 547 764 588 colleeti,
787 548 870 589 posse
894 547 1047 590 disrumpi
1069 570 1079 586 ‚
1103 558 1157 584 aut
1181 550 1270 584 erodi
1295 553 1377 585 illud

376 587 464 627 quasi
489 587 611 631 septum
637 591 876 624 membraneum
910 591 997 633 quod
1021 593 1106 627 inter
1130 594 1302 636 Vaginalis
1325 607 1378 628 ca-

376 641 469 665 veam
490 654 500 669 ‚
531 634 563 664 &
586 632 656 666 illas
678 634 807 671 cellulas
841 633 1012 670 intercedit
1027 659 1040 675 ,
1063 634 1168 679 sicque
1190 637 1320 671 demum
1343 639 1376 670 in

374 685 443 707 eam
479 675 649 709 humorem
684 676 805 711 effundi
829 700 838 715 ,
871 681 902 711 ὃ(
926 689 1025 711 unum
1050 688 1239 721 perpetuum
1261 693 1376 715 cavum

375 717 445 751 fieri
461 743 470 757 ‚
493 720 664 761 Vaginalis
687 732 800 764 nempe
815 743 824 758 ,
847 724 877 753 &
902 721 994 763 spatii
1018 722 1105 763 quod
1132 721 1313 765 superiores
1326 719 1376 757 'il-

373 761 412 795 lae
436 762 582 796 distentae
606 764 728 800 cellulae
751 765 970 806 occupabant⁴
998 766 1072 800 Qua
1097 767 1221 800 ratione
1242 767 1374 801 forsitan

373 805 465 838 illam
489 806 627 838 nostram
660 809 870 849 explicabunt
893 808 1163 842 Observationem
1197 811 1251 853 (d
1271 814 1285 850 )
1307 807 1377 845 Va-

374 849 492 890 ginalis
516 860 621 882 caveae
646 849 683 883 ad
707 849 867 886 summum
891 850 988 893 usque
1012 863 1046 884 os
1071 853 1165 894 pubis
1190 854 1375 897 producitae,

371 892 426 925 cui
450 892 580 933 quidem
613 893 825 935 explicationi
851 895 1056 938 pertinaciter
1092 894 1178 930 haud
1201 896 1375 939 refragabi-

372 945 478 968 mur:
514 946 699 978 quanquam
722 949 786 970 non
818 937 892 973 satis
925 936 1141 980 intelligimus
1163 960 1173 976 ‚
1209 943 1376 983 quomodo

371 989 446 1011 cum
470 990 508 1011 eo
533 979 714 1013 consentiat
739 981 826 1023 quod
841 992 906 1013 non
931 983 1031 1015 modo
1045 982 1119 1019 alii,
1145 983 1194 1016 sed
1220 984 1377 1026 ipsiquo-

370 1033 433 1064 (με
457 1022 630 1064 agnoscunt
650 1046 660 1061 ‚
685 1023 891 1066 hydrocelem
914 1048 926 1064 ,
957 1034 992 1060 ut
1017 1035 1138 1060 caeterae
1164 1025 1280 1060 lierniae
1305 1027 1378 1070 spu-

372 1067 430 1097 riae
443 1089 452 1105 ‚
473 1066 548 1099 cium
574 1066 746 1109 increscunt
761 1093 772 1108 ,
794 1067 970 1110 adscendere
993 1068 1102 1110 versus
1125 1069 1253 1111 inguina
1276 1072 1378 1104 videri

370 1118 486 1142 contra
511 1120 546 1143 ac
568 1110 746 1152 legitimae‚
771 1122 842 1153 quae
853 1110 1052 1153 deffendendo
1073 1111 1179 1153 versus
1191 1113 1298 1151 testes',
1320 1124 1377 1147 au-

366 1152 494 1195 gescunt
515 1167 523 1186 ;
559 1153 618 1187 Sed
643 1156 675 1187 δε
698 1154 832 1190 alteram
856 1155 995 1192 nostram
1025 1156 1058 1187 in
1083 1155 1232 1191 Bubulco
1255 1158 1377 1190 Obser-

373 1198 539 1229 vationem
565 1197 613 1239 (e
636 1199 671 1235 ),
695 1196 785 1238 cujus
810 1198 978 1240 Vaginalis
1000 1209 1115 1233 cavum
1140 1207 1202 1232 tres
1227 1199 1317 1240 supra
1330 1209 1376 1234 te-

369 1238 523 1274 sticulum
553 1241 676 1282 digitos
699 1241 830 1282 pollices
865 1240 1054 1278 ascendebat
1076 1264 1084 1278 ,
1120 1239 1142 1274 fi
1167 1241 1206 1276 ad
1241 1243 1374 1277 eundem

370 1283 506 1318 modum
530 1284 691 1326 explicent
712 1310 722 1325 ‚
755 1293 809 1317 aut
832 1284 1001 1318 nonnullas
1035 1287 1135 1320 etiam
1156 1283 1195 1319 de
1228 1294 1279 1319 tot
1303 1288 1374 1321 aliis

368 1327 403 1359 in
427 1328 546 1369 quibus
569 1339 605 1361 ea
628 1338 723 1362 cavea
746 1337 810 1359 non
836 1328 938 1370 magis
961 1339 1060 1370 quam
1087 1328 1186 1362 soleat
1205 1351 1216 1368 ‚
1250 1328 1372 1365 sursum

369 1370 528 1413 produe'ta
543 1395 551 1410 ,
575 1370 645 1412 plus
669 1371 815 1406 minusve
838 1370 985 1404 humoris
1007 1372 1196 1406 continebat
1219 1387 1228 1411 ;
1254 1376 1372 1409 mirum

370 1415 452 1455 erit,
475 1425 513 1447 ne
536 1425 633 1448 unam
655 1412 788 1458 quidem
810 1425 952 1457 unquam
977 1414 1069 1467 supra
1096 1417 1290 1459 Vaginalern
1323 1419 1373 1453 su-

368 1459 533 1501 perstitem
560 1455 650 1493 fuisse
673 1457 845 1497 cellulam,
868 1469 965 1502 quarn
991 1461 1171 1495 vrderemus
1193 1484 1203 1499 ,
1237 1461 1372 1496 humore

367 1501 564 1542 distentam,
588 1504 676 1541 imo,
703 1501 790 1536 salvo
805 1502 864 1537 illo
889 1503 978 1546 quod
989 1504 1154 1543 diximus,
1177 1505 1289 1549 septo,
1312 1505 1374 1541 hu-

369 1558 495 1580 morem
518 1554 629 1580 tamen
649 1570 663 1587 ‚
698 1547 787 1588 quod
810 1545 867 1589 ipsi
892 1548 963 1582 fieri
987 1548 1071 1591 posse
1092 1573 1103 1589 ,
1127 1559 1267 1591 negant,
1288 1550 1374 1584 intra

366 1590 565 1632 Vaginalem
588 1588 743 1624 transiisse
763 1614 770 1621 .
805 1590 913 1632 Igitur
936 1591 959 1623 si
981 1603 1016 1625 ea
1049 1593 1278 1628 tantummodo
1301 1605 1374 1637 quae

367 1645 426 1667 nos
449 1632 675 1675 conspeximus
692 1658 701 1674 ‚
724 1632 885 1673 fideliter,
907 1644 944 1668 ut
967 1634 1105 1671 solemus
1122 1659 1134 1676 ,
1165 1636 1219 1670 hic
1242 1649 1373 1680 quoque

367 1688 494 1712 narrare
517 1678 580 1710 tibi
605 1678 766 1717 velimus,
788 1676 945 1718 nusquam
970 1679 1004 1711 in
1021 1678 1150 1717 scroto,
1177 1679 1234 1713 nisi
1259 1682 1292 1713 in
1306 1682 1373 1715 Va-

368 1722 485 1765 ginalis
507 1731 590 1754 cavo
613 1743 625 1760 ,
656 1719 827 1754 humorem
849 1719 1023 1754 conessum
1048 1723 1188 1757 vidimus
1213 1748 1222 1763 ,
1245 1722 1268 1757 fi
1293 1735 1374 1765 prae-

365 1774 415 1798 ter
440 1766 550 1798 Senem
580 1762 620 1798 de
643 1775 711 1806 quo
744 1762 909 1797 noviffime
932 1764 1035 1799 locuti
1057 1765 1164 1800 sumus
1184 1789 1197 1806 ,
1226 1765 1374 1801 asciticos

365 1809 527 1850 excipias,
553 1808 587 1840 in
610 1807 731 1850 quibus
754 1815 861 1840 tamen
894 1808 927 1840 in
953 1809 1091 1843 minutas
1124 1819 1191 1844 erat
1213 1810 1285 1844 illas
1310 1811 1373 1845 cel-

368 1853 449 1886 lulas
471 1851 657 1893 dispertitus
693 1862 764 1893 quae
788 1852 855 1885 cuti
887 1852 1019 1892 propius
1043 1852 1175 1887 subsunt
1198 1876 1208 1891 ,
1233 1864 1268 1887 ut
1293 1855 1374 1897 Epi-

367 1895 459 1977 stfflis
484 1894 685 1930 XXXVIII.
711 1890 794 1938 (f)
815 1917 829 1936 ,
858 1896 889 1930 &
923 1895 1012 1930 XLI.
1057 1896 1146 1940 (g)
1187 1898 1373 1940 expositum

368 1951 383 1975 e
421 1965 429 1975 Ι
902 1966 906 1968 “

409 1997 462 2030 33.
489 1984 711 2020 Asciticorum
746 1982 828 2019 hanc
861 1983 1071 2027 hydrocelen]
1092 2007 1102 2023 ,
1136 1996 1234 2029 quam
1266 1985 1374 2028 potius

366 2031 468 2065 scroti
502 2029 684 2072 hydropem
716 2037 834 2062 vocant
859 2051 868 2067 ‚
902 2029 1035 2063 minime
1069 2029 1189 2064 necesse
1222 2029 1264 2064 est
1297 2041 1373 2063 cum

368 2075 471 2117 vulgo
505 2075 544 2107 ab
569 2084 650 2116 aqua
683 2071 739 2105 illa
764 2082 907 2115 repetere
930 2084 993 2115 qua
1017 2073 1171 2108 distentus
1194 2084 1307 2107 eorum
1331 2072 1374 2106 est

368 2128 515 2155 venter,
544 2128 621 2151 cum
643 2115 759 2149 eaedem
791 2115 891 2150 causae
915 2125 1048 2158 propter
1080 2129 1159 2160 quas
1182 2128 1264 2160 aqua
1297 2126 1375 2149 tunc

369 2172 499 2198 caeteras
523 2161 661 2203 persaepe
692 2157 826 2193 infarcit
850 2159 979 2193 cellulas
1011 2172 1082 2202 quae
1106 2161 1174 2195 cuti
1199 2160 1377 2202 subjiciun-

368 2218 421 2241 tur
436 2232 445 2246 ‚
470 2204 644 2248 praesertim
669 2212 773 2236 autem
788 2199 977 2239 inferiores,
1001 2203 1124 2238 efficere
1140 2204 1212 2238 satis
1237 2202 1376 2246 poffint,

370 2260 408 2285 ut
431 2251 465 2282 in
491 2247 599 2282 scroto
623 2247 743 2289 pariter
765 2246 837 2280 illas
860 2244 1011 2280 infarciat
1032 2269 1041 2285 ‚
1065 2259 1167 2290 eoque
1191 2247 1225 2281 id
1248 2246 1377 2281 facilius

371 2293 461 2338 quod
496 2290 673 2334 pendulum
697 2290 739 2323 est
760 2312 772 2330 ,
807 2291 839 2323 &
863 2288 1081 2325 musculorum
1116 2292 1239 2325 viribus
1263 2302 1377 2334 parum

371 2336 564 2372 jnstsustum
588 2358 595 2365 .
632 2334 705 2367 Nec
728 2342 837 2367 tamen
860 2333 984 2367 inficias
1007 2336 1119 2372 ivero,
1145 2345 1377 2377 nonnunquam

370 2381 509 2416 immani
532 2389 620 2420 aquae
645 2378 678 2410 vi
701 2389 772 2419 quae
804 2379 837 2410 in
863 2378 1075 2418 peritonaeum
1100 2379 1224 2413 nitatur
1245 2400 1253 2415 ‚
1292 2376 1378 2419 posse

373 2427 436 2462 hoc
459 2425 543 2456 intra
567 2421 707 2454 scrotum
733 2420 809 2454 adeo
833 2421 939 2462 urgeri
964 2443 973 2457 ‚
999 2431 1034 2454 ut
1057 2420 1079 2453 si
1104 2421 1244 2455 scrotum
1272 2419 1379 2463 perfo-

373 2481 442 2509 res,
467 2476 585 2508 magno
616 2465 691 2497 illac
712 2464 838 2505 impetu
870 2475 908 2496 ex
932 2473 1040 2496 ventre
1071 2462 1260 2498 descendens
1296 2475 1378 2506 aqua

374 2519 523 2553 erumpat
546 2530 555 2546 ,
587 2505 861 2549 quemadmodum
909 2505 939 2539 se
972 2504 1083 2539 vidisse
1102 2529 1111 2544 ‚
1146 2509 1328 2549 ingenuus,
1355 2505 1378 2539 si

373 2558 448 2600 quis
472 2555 572 2589 alius,
598 2551 659 2584 Vir
682 2560 788 2584 narrat
810 2571 818 2586 ‚
854 2550 1031 2583 ssenevolns
1057 2554 1066 2589 (
1091 2549 1110 2583 h
1133 2551 1144 2590 )
1168 2576 1175 2584 .
1208 2551 1279 2593 Qui
1304 2557 1379 2583 cum

373 2603 445 2637 ait,
470 2595 655 2631 abdominis
689 2594 842 2627 annulum
868 2602 947 2626 tunc
983 2592 1074 2626 fuiffe
1097 2596 1143 2627 ita
1175 2594 1346 2627 dilatatum
1368 2615 1381 2633 ,

374 2654 411 2678 ut
436 2651 580 2685 pugnum
606 2638 775 2672 admittere
798 2635 973 2679 potuisset,
999 2637 1093 2669 nobis
1117 2636 1224 2670 ansam
1247 2637 1301 2670 dat
1327 2636 1382 2670 ad-

374 2684 528 2723 monendi
556 2705 569 2723 ,
599 2693 663 2715 non
688 2682 782 2714 licere
806 2681 855 2713 uti
879 2704 888 2719 ,
913 2679 1034 2721 semper
1059 2681 1190 2719 saltem,
1215 2678 1403 2721 ingeniosa'

374 2729 514 2774 quadam
538 2726 754 2768 explicatione
778 2724 915 2765 originis
938 2725 971 2756 in
996 2723 1131 2758 asciticis
1154 2735 1235 2757 verae
1250 2718 1380 2766 ‘hydro-

376 2776 458 2809 celes
481 2770 519 2804 ab
542 2771 663 2804 intento
694 2766 880 2809 addufboque
905 2766 1040 2800 multum
1062 2790 1073 2807 ‚
1107 2767 1151 2800 ob
1173 2768 1296 2801 ventris
1327 2777 1381 2801 tu-

378 2826 530 2855 morem,
552 2812 687 2855 musculo
710 2808 857 2853 obliquo,
880 2818 973 2852 atque
989 2809 1034 2852 fic
1057 2811 1177 2844 aretam
1199 2810 1266 2852 ejus
1290 2810 1383 2850 ostia,

379 2860 524 2900 oblonga
548 2856 699 2890 videlicet
722 2852 826 2888 fissura
849 2865 946 2896 quam
970 2854 1123 2887 annulum
1149 2863 1267 2888 vocant
1294 2876 1303 2891 ,
1326 2865 1386 2887 un-

381 2907 422 2940 de
456 2902 530 2935 illac
562 2899 762 2934 transeuntes
798 2908 886 2938 venae
923 2899 1128 2940 Spermaticae
1161 2898 1385 2941 compriman-

379 2961 392 2984 t
420 2960 453 2982 r.
595 2972 597 2975 Α

397 2961 478 3033 u34.
501 2990 665 3022 Caeterum
696 2996 806 3020 earum
828 2996 982 3019 venarum
1023 2986 1134 3026 preffio
1158 2983 1320 3018 interdum
1345 2984 1385 3017 ab

379 3034 519 3071 immani
543 3034 654 3074 potius
678 3041 833 3073 aquarum
858 3028 997 3071 pondere
1022 3029 1087 3063 illis
1111 3053 1124 3070 ,
1147 3029 1231 3063 dum·
1250 3027 1306 3061 sub
1330 3039 1385 3070 pe·-

381 3080 521 3116 1itonaeo
545 3075 709 3109 transeunt
729 3097 738 3113 ‚
771 3073 1032 3106 incumbentium
1057 3072 1150 3106 facile
1182 3071 1349 3114 repetenda
1373 3093 1384 3109 ‚

381 3130 543 3165 quantum
567 3117 659 3162 possit
682 3115 784 3150 facere
810 3115 847 3148 ad
871 3115 1076 3158 hydrocelen]
1100 3115 1292 3159 gignendam
1311 3138 1322 3154 ‚
1347 3127 1384 3147 o-

380 3166 557 3202 stenderem
579 3185 588 3200 ‚
622 3160 642 3195 fi
667 3171 749 3202 opus
772 3158 844 3192 esset
869 3181 879 3197 ,
916 3159 1063 3201 exemplo
1087 3159 1262 3202 praesertim
1294 3158 1383 3200 quod

382 3209 470 3252 apud
501 3208 555 3247 cl,
579 3204 720 3240 Baffium
742 3206 752 3242 (
777 3203 822 3244 i)
848 3202 931 3243 leges
952 3225 963 3241 ,
999 3214 1123 3245 magnae
1160 3203 1348 3245 hydroceles
1371 3225 1380 3240 ‚

382 3264 457 3296 quae
482 3250 654 3290 subligaris
678 3269 687 3285 ‚
720 3247 856 3283 metius,
880 3248 910 3278 &
936 3245 1072 3279 validius
1096 3248 1215 3289 inguen
1238 3247 1382 3287 compri-

383 3296 522 3333 mentis,
547 3290 638 3328 usum
661 3291 753 3325 brevi
776 3288 845 3333 post
869 3288 1037 3323 consecuta
1061 3288 1124 3323 est.
1152 3291 1195 3323 Et
1220 3289 1386 3323 Medicum

382 3350 491 3373 tamen
515 3339 594 3371 novi
618 3335 746 3371 senem,
768 3333 825 3375 qui
849 3331 887 3365 ad
909 3331 1148 3370 defluxionem,
1171 3344 1206 3367 ut
1230 3330 1297 3375 ipse
1321 3332 1385 3374 aje-

383 3383 465 3420 bat,
490 3380 527 3414 ad
551 3379 687 3413 testiculi
720 3387 785 3411 non
809 3376 896 3409 modi
920 3387 974 3409 um
1011 3376 1074 3417 jam
1097 3386 1256 3410 tumorem
1282 3378 1385 3409 inter-

381 3425 563 3468 cipiendam
587 3421 814 3463 adstringentia
837 3386 1070 3459 medicamenta
1103 3421 1232 3462 inguini
1256 3420 1383 3460 imponi

381 3468 511 3513 jusserat
531 3490 543 3508 ,
576 3467 665 3510 quasi
690 3465 842 3498 arteriam
866 3463 1072 3497 invehentem
1098 3462 1219 3505 possent
1243 3484 1253 3500 ,
1288 3473 1382 3496 venas

381 3521 489 3546 autem
514 3532 523 3549 ,
553 3513 584 3544 &
607 3506 864 3551 lymphaedufius
884 3506 1070 3540 revehentes
1093 3529 1103 3544 ‚
1138 3512 1230 3540 tanto
1255 3507 1381 3548 magis,

379 3564 504 3599 quanto
537 3551 777 3588 infirmioribus
811 3550 882 3584 sunt
918 3551 1058 3591 tunicis,
1094 3561 1159 3583 non
1183 3548 1303 3592 possent
1327 3549 1383 3583 ad-

1398 212 1604 267 Morbis
1639 214 1850 269 Ventris

1430 293 1603 334 stringere.
1627 293 1708 329 Quae
1728 304 1803 328 cum
1827 304 1877 326 rne
1900 293 2065 341 consulens
2087 293 2337 339 Pharmacopola
2359 310 2368 335 ς
2402 297 2430 332 is

1430 338 1518 369 enim
1542 344 1610 368 erat
1633 347 1739 377 aeger;
1764 348 1803 371 ex
1826 349 1875 370 me
1900 337 2093 375 audivisset3
2115 340 2275 373 continuo
2297 340 2352 373 illa
2375 341 2431 373 ab·

1430 379 1526 420 jecit3
1550 382 1580 413 ὃς
1603 380 1730 411 curatio
1754 380 1878 421 reliqua
1904 383 2005 424 magis
2030 381 2153 424 profuit
2179 406 2187 416 .
2221 384 2336 425 Atque
2357 406 2367 421 ‚
2393 389 2430 416 ut

1428 423 1550 457 caeteris
1572 422 1625 457 hic
1649 422 1767 455 omissis
1791 422 1890 457 causis
1910 448 1921 464 ,
1957 426 2164 466 Spermaticas
2188 434 2314 459 tantum
2336 437 2431 459 venas

1429 466 1463 498 in
1487 465 1659 507 hydrocele
1674 491 1683 506 ,
1707 468 1737 497 &
1761 466 1920 509 plerisque
1944 468 2014 500 aliis
2028 468 2208 509 illegitimis
2231 468 2348 502 herniis
2361 469 2430 511 spe-

1430 509 1576 547 (semus,-
1600 509 1672 542 sunt
1694 507 1758 541 illae
1783 521 1838 550 per
1861 511 1889 543 se
1913 511 1951 545 ad
1975 511 2040 545 haec
2064 512 2246 553 gignenda,
2270 512 2431 545 &foven-

1428 551 1467 584 da
1493 553 1573 584 mala
1597 552 1672 585 satis
1695 562 1827 593 pmnae,
1850 553 1913 586 sive
1936 554 2075 596 pofitum
2101 555 2267 597 attendas,
2292 554 2355 588 five
2378 557 2428 588 in-

1427 602 1554 637 gentem
1579 596 1618 629 ab
1640 595 1741 628 initio
1765 595 1805 629 ad
1828 596 1925 630 finem
1949 597 1987 632 us
2010 610 2047 631 ue
2070 598 2312 640 longitudinem
2333 622 2343 638 ,
2363 598 2428 632 sive

1427 640 1617 671 inertiorem
1641 650 1736 681 quem
1763 639 1919 673 revehunt
1941 662 1951 677 ‚
1998 643 2169 683 anguinem
2193 666 2202 681 ,
2236 643 2358 684 quippe
2381 651 2431 675 te-

1427 681 1543 715 nuibus
1558 704 1567 719 ,
1591 684 1621 715 &
1647 681 1779 715 affuofis
1802 684 1969 723 particulis
1992 686 2024 717 in
2049 685 2123 718 teste
2146 687 2299 718 orbatum
2325 709 2334 725 ,
2365 683 2429 718 five

1428 725 1551 758 arteriae
1575 725 1666 759 sociae
1691 725 1730 758 ab
1751 726 1880 771 origine
1904 727 2083 761 exilitatem
2108 753 2117 769 ‚
2149 728 2430 771 longiffimumque

1427 768 1592 802 decursum
1618 791 1627 806 ‚
1671 768 1734 810 sive
1771 768 1886 810 adjeffi
1920 771 2013 803 unius
2043 771 2251 806 Cremasteris
2294 772 2431 805 musculi

1427 810 1649 845 infirmitatem
1673 834 1686 851 ,
1721 812 1782 845 sive
1813 812 1952 857 denique
1977 815 2126 852 ,valvulas
2159 818 2194 848 in
2228 817 2316 848 venis
2353 813 2428 857 ipsis

1428 865 1484 888 aut
1508 855 1638 895 nullas,
1662 863 1715 887 aut
1739 866 1852 897 paucas
1874 880 1883 895 ‚
1917 867 1971 891 aut
1995 857 2104 891 officio
2128 881 2138 896 ,
2177 857 2211 899 id
2233 859 2321 901 quod
2342 857 2427 900 inje-

1427 899 1476 931 &a
1508 897 1597 931 testes
1624 897 1730 932 versus
1762 899 1931 933 ostendunt
1952 921 1963 937 ‚
1997 900 2162 935 nonsatis
2196 900 2288 944 pares
2317 903 2350 935 in
2385 902 2429 936 iis

1427 940 1603 984 praesertim
1627 942 1683 984 qui
1707 941 1850 975 crebrius
1873 965 1883 981 ‚
1921 942 2106 986 diutiusque
2129 954 2184 979 aut
2207 947 2312 979 veneri
2336 969 2346 984 ‚
2371 956 2426 978 aut

1430 986 1573 1018 venereis
1596 985 1853 1026 cogitationibus
1876 987 1996 1020 intenti
2017 1009 2030 1026 ,
2063 999 2155 1021 venas
2179 989 2248 1021 illas
2270 988 2428 1022 dilatave-

1428 1030 1495 1060 rint
1522 1051 1529 1059 .
1563 1028 1620 1061 Ob
1645 1028 1700 1061 has
1733 1029 1835 1071 igitur
1858 1030 1964 1063 causas
1985 1052 1994 1067 ‚
2030 1030 2069 1063 ab
2090 1032 2205 1065 Doffis
2236 1033 2329 1065 Viris
2350 1031 2425 1065 satis

1429 1072 1553 1113 agnitas
1574 1094 1582 1108 ‚
1624 1074 1654 1104 δι
1676 1083 1748 1114 quae
1778 1082 1884 1106 tamen
1910 1074 1948 1107 ad
1971 1074 2073 1106 semen
2105 1076 2169 1108 rite
2202 1074 2429 1108 secernendum

1427 1115 1675 1155 requirebantur
1697 1137 1707 1154 ,
1740 1116 1785 1148 ita
1810 1117 1882 1149 sunt
1906 1115 1955 1150 hae
1978 1129 2063 1151 venae
2087 1117 2125 1151 ad
2149 1129 2183 1152 ea
2206 1129 2277 1160 quae
2302 1118 2427 1152 indica-

1428 1158 1533 1191 vimus
1556 1181 1565 1196 ,
1599 1158 1679 1191 mala
1712 1158 1875 1193 inferenda
1900 1182 1913 1199 ,
1945 1170 1999 1193 aut
2031 1161 2171 1203 augenda
2202 1160 2325 1195 idoneae
2347 1184 2356 1199 ‚
2390 1170 2427 1195 ut

1427 1200 1449 1234 fi
1484 1201 1659 1235 libidinum
1700 1202 1948 1243 intemperantia
1988 1206 2118 1238 ‘accedat
2151 1230 2161 1245 ,
2203 1204 2393 1247 compreffio
2417 1226 2428 1243 ,

1426 1244 1510 1277 iflus
1532 1267 1544 1284 ,
1581 1254 1633 1278 aut
1658 1244 1743 1278 aliud
1768 1246 1935 1289 quidpiam
1959 1248 2040 1281 unde
2065 1257 2174 1281 motus
2198 1248 2359 1290 sanguinis
2372 1259 2427 1290 pet

1425 1287 1506 1329 ipsas
1530 1289 1629 1331 magis
1653 1287 1829 1322 retardetur
1858 1312 1868 1327 ,
1894 1290 1950 1323 illa
1973 1302 2038 1324 non
2063 1291 2193 1325 difficile
2217 1291 2390 1333 sequantur
2415 1313 2429 1332 ,›

1425 1330 1543 1365 nedum
1566 1353 1576 1369 ‚
1609 1331 1630 1364 si
1655 1343 1697 1364 eae
1730 1343 1794 1365 non
1832 1335 1975 1367 vitentur
2008 1345 2056 1367 res
2080 1359 2090 1374 ‚
2125 1345 2301 1376 augeantur
2325 1359 2334 1365 .
2364 1335 2431 1367 At-

1424 1387 1485 1419 que
1508 1374 1587 1409 adeo
1609 1386 1646 1407 ex
1669 1375 1889 1410 retardatione
1914 1376 1969 1411 ista
1992 1377 2105 1412 deduci
2128 1379 2223 1412 video
2245 1379 2287 1411 ab
2307 1378 2432 1411 Erudi-

1425 1419 1544 1454 tiffimo
1569 1419 1730 1459 Script'ore
1761 1421 2009 1462 explicationem
2035 1422 2285 1455 Observationis
2308 1421 2429 1455 Dodo-

1425 1463 1487 1497 naei
1507 1486 1516 1501 ,
1559 1463 1593 1496 in
1625 1461 1824 1504 Sepulchreti
1859 1475 1988 1507 quoque
2022 1466 2203 1498 Sefflonem
2246 1466 2430 1507 proximam

1425 1505 1479 1550 (lz
1503 1510 1513 1546 )
1536 1507 1646 1540 relatae
1667 1529 1680 1545 ‚
1713 1508 1744 1539 δε
1768 1507 1801 1540 in
1834 1505 1893 1540 hac
1919 1511 1929 1546 (
1953 1507 1965 1541 l
1987 1511 2001 1547 )
2032 1507 2168 1542 laudatae
2193 1530 2203 1546 ,
2238 1508 2429 1551 hydroceles

1426 1550 1576 1585 videlicet
1601 1575 1610 1591 ,
1653 1561 1726 1582 cum
1762 1550 1801 1584 ab
1832 1551 1961 1584 interna
1993 1551 2082 1585 causa
2118 1552 2160 1585 est
2183 1576 2195 1592 ‚
2237 1553 2271 1585 in
2305 1551 2429 1586 sinistra

1426 1594 1524 1628 scroti
1555 1602 1645 1637 parte
1670 1592 1789 1635 semper
1812 1616 1822 1632 ‚
1857 1604 1912 1627 aut
1936 1594 2048 1628 saltem
2069 1617 2083 1634 ,
2116 1605 2151 1629 ut
2186 1596 2274 1628 illam
2309 1595 2430 1628 Obser-

1425 1639 1590 1673 vationem
1613 1638 1777 1671 contraxit
1801 1638 1962 1672 Hildanus
1985 1642 1998 1678 (
2020 1649 2051 1671 m
2075 1642 2085 1676 )
2119 1645 2156 1670 ut
2174 1638 2348 1679 plurimum
2372 1650 2430 1672 oc-

1424 1684 1583 1716 currentis
1605 1704 1613 1713 .
1638 1681 1725 1714 Cum
1748 1683 1835 1715 enim
1858 1681 1946 1726 quod
1969 1682 2019 1714 illi
2042 1681 2080 1715 de
2099 1680 2220 1715 sinistra
2246 1693 2324 1715 vena
2336 1683 2431 1725 Sper-

1425 1727 1543 1759 matica
1567 1723 1655 1766 quasi
1690 1737 1706 1758 a
1730 1726 1879 1767 proximo
1910 1727 1987 1759 'rene
2012 1724 2115 1759 serum
2148 1726 2180 1757 in
2207 1725 2350 1758 scrotum
2373 1738 2428 1758 ve-

1425 1768 1499 1802 here
1523 1767 1649 1811 posset,
1671 1768 2000 1802 comminiscebantur
2022 1791 2031 1805 ‚
2065 1769 2175 1802 locum
2199 1768 2282 1802 haud
2307 1768 2429 1804 habent

1425 1811 1488 1846 hoc
1512 1821 1677 1855 tempore5
1700 1813 1822 1853 optime
1845 1811 1974 1855 quidem
1997 1811 2029 1845 id
2054 1811 2281 1851 substituitur,
2305 1811 2432 1853 sangui-

1427 1867 1499 1889 nem
1523 1856 1563 1889 ab
1587 1867 1620 1889 ea
1654 1866 1734 1888 vena
1755 1856 1789 1889 in
1814 1857 2044 1898 Emulgentem
2078 1856 2222 1897 expedite
2245 1866 2309 1888 non
2334 1853 2433 1889 refer-

1425 1901 1456 1933 ri
1482 1924 1489 1931 .
1524 1899 1718 1942 Exemplum
1746 1910 1821 1932 vero
1856 1900 1945 1942 quod
1971 1900 2009 1933 ad
2033 1899 2303 1941 impedimentum
2326 1899 2431 1941 expli-

1426 1942 1563 1977 candum
1590 1942 1802 1985 producitur,
1825 1953 1861 1976 ut
1884 1943 1906 1975 fi
1931 1953 1984 1975 ren
2012 1944 2178 1985 proximus
2200 1942 2333 1975 calculis
2354 1963 2364 1979 ‚
2400 1945 2432 1976 &

1426 1998 1541 2028 arena,
1564 1989 1594 2019 δι
1618 1986 1722 2019 ulcere
1745 1985 1869 2019 laboret
1896 2011 1904 2026 ,
1929 1987 2063 2028 exiguus
2087 1995 2196 2019 autem
2221 1985 2360 2019 calculus
2394 1997 2434 2019 ex

1425 2031 1529 2064 ulcere
1562 2041 1637 2063 curn
1672 2029 1823 2072 sanguine
1859 2031 1893 2062 in
1928 2030 2157 2071 Emulgentem
2199 2039 2314 2062 venam
2346 2029 2435 2062 abri-

1426 2074 1536 2115 piatur
1558 2098 1568 2114 ,
1601 2084 1638 2106 ex
1661 2072 1720 2106 hac
1743 2083 1851 2106 autern
1876 2073 2023 2115 procidat
2046 2074 2080 2105 in
2104 2072 2336 2114 Spermaticam
2360 2095 2370 2110 ‚
2397 2075 2430 2106 &

1427 2116 1589 2159 sanguinis
1615 2128 1630 2150 e
1660 2115 1737 2150 teste
1762 2115 1921 2150 refluxum
1954 2116 2062 2150 turbet
2085 2127 2094 2154 3
2128 2116 2309 2158 exemplum
2333 2115 2396 2151 hoc
2422 2141 2434 2156 ‚

1427 2161 1560 2204 inquam
1581 2183 1594 2200 ‚
1625 2159 1705 2194 adeo
1727 2160 1761 2192 in
1795 2158 1969 2202 hydrocele
1995 2171 2101 2194 rarum
2123 2160 2166 2192 est
2193 2185 2202 2199 ‚
2227 2168 2263 2192 ut
2286 2160 2351 2202 ipse
2375 2160 2436 2202 qui

1428 2206 1583 2247 proponit
1606 2226 1618 2244 ‚
1651 2214 1717 2236 non
1741 2202 1918 2237 diffiteatur
1937 2226 1948 2243 ‚
1981 2204 2050 2236 imo
2077 2204 2116 2237 ab
2141 2203 2211 2235 aliis
2235 2203 2436 2245 probabilio-

1429 2259 1498 2282 rem
1522 2246 1651 2280 causam
1675 2247 1818 2289 requirat
1842 2246 2102 2290 frequentissime
2128 2247 2193 2284 rei,
2220 2255 2274 2279 aut
2298 2255 2384 2280 certe
2396 2257 2435 2279 ex

1429 2291 1496 2333 ejus
1530 2302 1657 2333 quoque
1681 2289 1905 2324 observatione
1936 2290 2022 2332 longe
2045 2288 2181 2332 crebrius
2213 2290 2246 2321 in
2271 2288 2399 2323 sinistro
2422 2313 2438 2330 ,

1429 2344 1526 2378 quarn
1549 2334 1582 2366 in
1607 2334 1739 2367 dextero
1762 2332 1870 2367 scroto
1893 2334 2091 2367 occurrentis
2116 2358 2124 2365 .
2159 2331 2246 2367 Mihi
2270 2344 2346 2366 vero
2369 2344 2437 2366 non

1431 2379 1494 2411 alia
1520 2377 1577 2410 hic'
1597 2376 1765 2419 quaerenda
1788 2377 1918 2413 videtur
1940 2376 2032 2410 causa
2050 2388 2147 2420 quam
2170 2389 2205 2410 ea
2224 2387 2295 2418 quae
2319 2388 2335 2409 a
2350 2387 2437 2409 mor-

1430 2422 1474 2455 bo
1505 2421 1582 2453 alibi
1614 2424 1702 2460 (n)
1736 2432 1811 2453 cum
1847 2420 2047 2453 Dofiiffimis
2081 2420 2171 2453 Viris
2212 2421 2321 2461 agnita
2355 2418 2399 2452 est
2421 2442 2435 2459 ,

1430 2475 1488 2498 cur
1521 2475 1576 2496 ren
1609 2462 1729 2497 sinister
1763 2463 1878 2506 saepius
1910 2475 2008 2505 quam
2040 2463 2154 2496 dexter
2177 2486 2190 2503 ,
2228 2462 2265 2496 sit
2302 2462 2437 2496 calculis

1432 2508 1593 2541 obnoxius
1617 2532 1626 2539 .
1658 2508 1746 2540 Cum
1778 2507 1865 2539 enim
1897 2506 2024 2549 sanguis
2052 2518 2106 2548 per
2140 2505 2298 2540 sinistram
2321 2507 2437 2540 Emul-

1434 2560 1562 2594 gentem
1588 2561 1701 2583 venam
1725 2575 1735 2590 ‚
1769 2551 1889 2592 quippe
1920 2550 2106 2591 longiorem
2129 2573 2139 2588 ‚
2174 2552 2206 2582 δε
2229 2549 2360 2591 Magnae
2385 2562 2436 2582 ar-

1434 2595 1523 2628 teriae
1547 2595 1581 2626 in
1605 2592 1819 2626 transversum
1842 2592 2049 2633 impositam,
2075 2603 2140 2625 non
2163 2592 2310 2633 expedite
2334 2592 2438 2634 adeo,

1433 2641 1464 2671 &
1499 2638 1567 2670 cito
1591 2661 1601 2676 ‚
1635 2646 1672 2670 ut
1705 2647 1760 2678 per
1794 2635 1956 2669 dexteram
1988 2659 2000 2676 ‚
2040 2634 2162 2669 feratur
2207 2637 2241 2668 in
2275 2637 2401 2670 Cavam
2427 2662 2438 2677 ,

1437 2681 1631 2723 Spermatica
1667 2688 1775 2714 autem
1806 2690 1886 2714 vena
1919 2679 2041 2713 sinislra
2067 2702 2077 2717 ‚
2110 2690 2173 2711 non
2211 2688 2248 2712 ut
2277 2678 2404 2713 dextera
2429 2702 2438 2717 ‚

1435 2725 1470 2757 in
1501 2726 1624 2757 Cavarn
1658 2722 1759 2766 ipsam
1786 2746 1796 2762 ,
1834 2722 1886 2755 sed
1919 2724 1952 2756 in
1987 2722 2215 2764 Emulgentem
2250 2722 2340 2757 illam
2364 2723 2437 2757 fini-

1436 2767 1532 2801 stram
1564 2765 1716 2804 influat3
1755 2765 1831 2799 satis
1855 2776 1984 2809 apparet
2009 2789 2018 2804 ‚
2052 2767 2108 2799 ubi
2143 2764 2268 2806 sanguis
2292 2767 2325 2799 in
2359 2779 2438 2801 vena

1436 2820 1575 2854 utraque
1620 2811 1814 2853 Spermatica
1846 2821 1933 2853 aeque
1975 2810 2013 2844 ad
2045 2808 2276 2843 subfistendum
2319 2821 2438 2852 pronus

1436 2853 1535 2888 fuerit
1558 2877 1568 2894 ‚
1602 2854 1732 2888 facilius
1765 2862 1871 2886 tamen
1902 2852 1969 2887 fore
1992 2876 2002 2892 ‚
2046 2863 2080 2886 ut
2112 2854 2145 2884 in
2182 2851 2304 2886 sinistra
2338 2852 2439 2888 subfi-

1437 2897 1496 2931 stat
1520 2920 1530 2937 ‚
1570 2897 1632 2932 sive
1672 2899 1789 2931 lentius
1830 2895 1974 2930 ascendat
1998 2918 2006 2933 ,
2053 2895 2150 2939 quarn
2197 2897 2231 2928 in
2274 2896 2403 2931 dextera
2426 2925 2437 2933 .

1569 2942 1690 2983 Neque
1730 2942 1827 2975 aliam
1861 2939 2038 2981 proferrem
2082 2938 2210 2973 causam
2233 2962 2246 2979 ,
2277 2951 2334 2973 cur
2360 2942 2438 2974 Cir-

1437 2985 1538 3019 socele
1562 2984 1719 3027 sinistrum
1750 2985 1835 3018 latus
1867 2980 1937 3026 fere
1965 2983 2085 3025 flemper
2117 2980 2232 3025 afficiat
2265 2982 2438 3019 secundum

1437 3030 1572 3061 Arantii
1603 3032 1655 3067 (o
1679 3032 1688 3067 )
1726 3026 1983 3061 Observationes
2007 3039 2016 3058 .·
2045 3038 2115 3069 quae
2150 3035 2256 3058 tamen
2281 3048 2291 3064 ‚
2335 3036 2371 3061 ut
2406 3031 2438 3061 &

1438 3071 1615 3114 superiores
1646 3083 1724 3115 quas
1750 3071 1847 3103 modo
1880 3068 1918 3102 de
1942 3069 2115 3112 hydrocele
2150 3071 2328 3103 memoravi
2353 3095 2365 3111 ‚
2397 3083 2438 3104 an

1436 3117 1559 3149 caeteris
1590 3117 1710 3157 pariter
1742 3112 2015 3148 observatoribus
2038 3112 2244 3163 respondeant
2267 3137 2280 3153 ,
2312 3114 2346 3146 in
2371 3126 2439 3147 me-

1437 3157 1493 3191 dio
1524 3159 1674 3202 relinquo
1707 3182 1715 3192 .
1755 3158 1845 3190 Nam
1877 3158 1907 3189 ὃ(
1942 3158 2046 3199 plures
2087 3156 2313 3199 plerorumque
2357 3169 2437 3199 opus

1437 3201 1513 3234 esset
1561 3203 1663 3236 editas
1694 3210 1801 3234 extare
1838 3199 1897 3233 hac
1930 3201 1968 3234 de
2001 3211 2034 3232 re
2077 3201 2111 3232 in
2145 3208 2284 3242 utroque
2320 3201 2437 3234 morbo

1434 3244 1685 3280 Observationes
1718 3268 1728 3284 ‚
1780 3246 1810 3276 δέ
1862 3255 1941 3285 quas
1998 3242 2146 3276 Valsalva
2190 3245 2221 3274 ὅ(
2276 3254 2335 3285 ego
2380 3243 2437 3277 ha-

1438 3287 1569 3323 buimus
1593 3311 1603 3328 ‚
1648 3287 1735 3321 forte
1780 3285 1898 3320 accidit
1923 3309 1932 3324 ,
1977 3296 2014 3321 ut
2057 3298 2124 3329 quo
2165 3292 2209 3318 'eae
2253 3288 2288 3320 in
2334 3288 2434 3321 latere

1436 3329 1559 3366 habitae
1612 3331 1673 3365 lint
1719 3353 1728 3369 ‚
1794 3341 1858 3363 non
1909 3328 1967 3364 nisi
2021 3340 2150 3373 perraro
2206 3328 2244 3362 sit
2299 3329 2434 3364 adnota-

1436 3383 1529 3409 tum.

1477 3428 1529 3460 35.
1566 3417 1624 3452 Sed
1659 3417 1848 3460 priusquam
1883 3417 1922 3451 de
1954 3417 2116 3450 Cirsocele
2147 3428 2248 3459 pauca
2273 3416 2432 3451 adscriba-

1433 3473 1504 3495 mus
1524 3485 1534 3499 ‚
1568 3461 1606 3495 de
1640 3461 1880 3495 Pneumatocele
1904 3482 1913 3498 ‚
1959 3464 1990 3494 δι
2024 3460 2062 3494 de
2096 3461 2315 3494 Haematocele
2336 3481 2348 3499 ‚
2390 3468 2430 3492 ut

1434 3503 1616 3547 propositus
1658 3505 1739 3539 ordo
1772 3508 1860 3546 (p)
1892 3504 2030 3546 postulat
2064 3527 2073 3544 ‚
2119 3504 2225 3536 multo
2278 3503 2430 3545 pauciora

1435 3549 1631 3590 attingemus
1656 3573 1662 3580 .
1709 3548 1803 3581 Hanc
1848 3549 1931 3581 enim
1963 3546 2049 3581 haud
2093 3547 2233 3581 vidimus
2255 3568 2268 3586 ,
2309 3547 2430 3588 quippe

2313 3599 2388 3621 raro

385 3680 2433 3700 ...fi-‘ww

503 3755 609 3817 ))su?m‚
626 3766 649 3781 n.
666 3765 702 3787 ²5·
765 3757 779 3785 (
794 3763 805 3780 e
823 3756 831 3785 )
846 3754 930 3785 supra,
947 3763 972 3779 n.
990 3761 1028 3778 ²2.
1090 3753 1156 3784 (f)
1171 3761 1195 3778 n.
1214 3755 1249 3776 26-
1312 3749 1356 3782 (g

534 3789 584 3810 Se&
611 3795 648 3816 30-
667 3788 691 3811 in
708 3788 786 3811 Schol.
803 3787 833 3810 ad
849 3785 904 3811 Obs
928 3793 950 3809 1.

444 3757 489 3816 {2¹

440 3821 483 3849 (0
911 3816 1072 3846 (Νη-ις·

501 3819 508 3850 )
524 3820 559 3842 De
574 3819 674 3843 Tumor.
692 3826 714 3847 p.
731 3826 757 3842 n.
774 3824 794 3841 c.
814 3824 849 3847 51.

1010 3785 1024 3814 (
1038 3785 1048 3808 l
1062 3784 1076 3813 )
1094 3786 1119 3809 in
1136 3784 1216 3809 Schol.
1234 3781 1262 3807 ad
1282 3781 1305 3812 §-
1322 3790 1344 3811 3.
1360 3752 1425 3807 (Ξὺῐί1
1436 3752 1482 3807 ²1¹8

1629 3751 1751 3775 Dissertaz
1771 3759 1794 3775 ι.
1856 3752 1871 3780 (
1886 3752 1896 3774 ἰ
1915 3751 1928 3780 )
1944 3753 2003 3776 Dec.
2022 3758 2042 3775 1.
2060 3750 2115 3775 Obs.
2134 3751 2207 3774 Anat.
2225 3747 2291 3772 Chir.
2308 3755 2332 3775 9.

1534 3751 1587 3812 (ni,
1603 3749 1703 3812 }Cent.
1719 3790 1743 3811 4.
1760 3780 1819 3807 Obs.
1838 3781 1907 3807 Chir.
1923 3785 1964 3806 66.
2027 3782 2041 3809 (
2056 3789 2071 3805 n
2087 3781 2101 3810 )
2117 3780 2188 3817 lipist.
2205 3786 2245 3806 40.
2262 3786 2286 3802 n.
2303 3786 2343 3805 ιι..
