2498 4075
535 246 686 313 Epist.
722 250 883 301 Anat.
915 249 1128 304 Medica
1164 248 1225 302 L.-
1244 249 1366 302 Art.
1389 264 1464 314 54.
1484 252 1539 305 &
1560 262 1636 311 ςς.

81 318 189 371 subito
207 323 272 366 post
294 324 467 359 maximum
498 325 631 359 dolorem
654 336 744 360 ortus
767 353 777 367 ,
812 328 920 362 cedens
942 328 1080 362 traft‘an-

87 372 170 398 tcum
191 367 336 413 manibus
357 391 369 407 ‚
404 369 447 401 ψ
468 367 649 412 compressus
670 369 848 412 evanescens
871 394 880 409 ,
914 383 929 404 a
953 371 1079 414 scapula

86 408 126 443 ad
155 409 315 444 decimam
336 410 401 445 fere
435 412 553 445 costam
577 413 605 444 le
626 412 816 447 extendebat
839 438 847 446 .
881 415 937 449 Sed
961 426 1080 458 primus

84 452 167 494 quid
188 456 368 488 contineret
384 477 397 494 ‚
419 467 457 488 ne
480 454 630 497 suspicari
653 455 783 495 quidem
806 457 987 498 possemus,
1007 469 1082 493 cum

86 496 252 530 Severinus
284 496 367 532 nihil
392 507 543 543 prssterea
575 498 694 532 dixerit
717 522 728 538 ‚
759 510 816 533 nec
838 500 1010 536 dissecuisse
1035 504 1083 535 vi-

84 539 196 574 deatur
218 553 228 577 ;
262 541 321 574 nisi
344 542 425 575 inter
448 538 601 575 abscessus
636 541 830 584 sanguifluos
854 543 915 578 five
938 544 1082 589 aneurys-

84 590 171 616 mata
194 583 404 626 proposuisset
429 609 436 616 .
469 584 620 617 Alterum
645 597 723 619 vero
755 589 905 627 sanguine
928 586 1083 623 refertum

84 623 177 659 fuisse
200 649 213 666 ,
247 627 362 661 scimus
388 653 398 668 ,
429 628 486 670 qui
510 626 600 660 horis
636 629 675 663 ab
697 629 852 663 incisione
882 642 947 664 non
971 633 1083 666 multis

82 668 247 712 profluens
265 688 277 710 ,·
297 673 403 705 virum
426 669 548 704 occidit
572 693 582 708 ‚
605 673 636 704 &
656 673 812 714 plurimus
835 696 845 711 ,
878 685 952 707 cum
977 675 1081 716 postea

83 720 197 748 tumor
221 713 398 753 secaretur,
426 723 568 754 repertus
591 714 634 747 est
659 740 666 748 .
699 720 854 749 Attamen
878 718 898 750 {i
930 717 968 751 de
991 727 1079 752 utro-

72 767 150 798 ·que
174 767 301 792 tumore
325 758 405 791 illud
430 757 502 790 addi
527 756 677 799 potuisset
699 783 712 799 ‚
755 760 855 792 initio
877 760 985 794 saltem
1010 761 1079 803 pul-

82 798 179 842 sasse,
202 801 296 834 sicuti
319 801 357 834 de
380 801 470 841 alio,
493 798 677 842 sanguinem
701 804 889 837 continente
907 826 919 843 ,
942 807 974 837 &
995 815 1079 846 genu

81 843 260 886 uni-versiam
282 844 452 878 omnimode
474 845 625 890 operiente
650 866 660 882 ‚
690 845 759 887 post
790 846 915 888 aliquot
947 848 1078 880 demum

81 898 239 921 annorum
276 887 483 920 intervallum
505 886 564 920 sibi
599 887 726 921 ostenso
751 910 761 926 ‚
787 889 1001 923 subindicavit
1023 892 1076 925 Cl.

80 929 236 965 Preuffius
258 934 270 971 (
291 941 313 972 p
334 934 348 969 )
367 942 379 969 5
410 931 515 964 minus
537 930 749 965 dubitationis
774 932 922 966 rel'irfftum
945 932 1017 967 esset
1039 935 1079 968 iis

79 975 138 1018 qui
158 973 197 1007 de
220 975 410 1016 sanguineis
434 974 637 1008 Tumoribus
660 999 670 1015 ‚
692 987 767 1009 cum
790 986 888 1017 rupto
912 988 996 1009 venae
1020 977 1079 1009 ali-

79 1017 173 1060 cujus
197 1026 314 1053 trunco
337 1017 677 1056 communicantibus,
701 1030 736 1052 ea
757 1018 903 1060 legissent
925 1031 1020 1059 quae,
1045 1029 1080 1054 ut

78 1061 174 1104 supra
198 1061 252 1104 (q
276 1064 288 1099 )
310 1070 602 1095 commemoratum
615 1061 680 1101 est,
703 1063 738 1095 in
751 1062 910 1096 Tractatu
923 1062 1081 1096 Valsalvae

75 1106 116 1138 de
147 1105 238 1138 Aure
262 1105 413 1138 Humana
434 1126 447 1143 ‚
482 1105 515 1136 in
541 1116 675 1149 meaque
705 1105 850 1148 Epistola
883 1106 1080 1150 Anatomica

76 1149 176 1182 XIII.
204 1149 324 1182 tradita
347 1147 443 1180 sunt.

122 1200 172 1234 54.
198 1192 362 1227 Tui-nores
386 1198 500 1224 contra
524 1189 596 1224 sunt
619 1202 701 1233 quos
725 1192 818 1226 facile
842 1191 965 1226 sanatos
987 1192 1048 1227 esse
1069 1215 1078 1231 ‚

75 1235 282 1276 accepimus,
305 1244 490 1278 quanquam
515 1245 581 1267 non
605 1231 694 1267 facili
720 1235 758 1269 ad
781 1235 1007 1277 explicandum
1031 1248 1079 1269 ra-

73 1279 166 1312 tione
190 1290 198 1311 :
231 1289 302 1321 quae
324 1277 414 1311 causa
437 1276 479 1310 est
502 1288 559 1310 cur
583 1278 874 1320 praeterrnittendos
898 1289 961 1311 non
986 1289 1078 1321 putes-

75 1332 166 1355 mus.
192 1320 386 1355 Veronensis
411 1319 580 1358 Medicus,
604 1321 666 1354 Vir
692 1320 847 1363 speetatus
871 1346 882 1362 ‚
919 1322 1018 1360 mibi,
1044 1325 1076 1355 &

75 1366 134 1407 qui
158 1375 284 1399 mecum
307 1364 392 1398 forte
418 1364 706 1408 aderitum-noetis
729 1365 823 1399 Viris
845 1366 996 1399 narrabat
1008 1367 1076 1399 Ve-

73 1409 171 1442 netiis
194 1408 237 1441 A.
266 1418 361 1451 ¹707·
386 1418 460 1442 cum
483 1408 517 1441 in
552 1416 621 1447 eius
646 1408 752 1442 Patria
776 1430 786 1445 ,
819 1408 916 1452 idque
940 1420 1040 1451 nuper
1061 1431 1073 1449 ,

72 1463 159 1494 equo
183 1451 290 1485 nobili
314 1462 405 1485 crura
430 1451 527 1485 ambo
549 1450 723 1493 posteriora
747 1452 784 1485 ad
809 1462 891 1493 genu
904 1453 1075 1486 articulum

73 1494 284 1528 vehementer
307 1493 533 1529 intumuissent
557 1492 678 1535 aquoso
700 1503 829 1528 tumore
845 1495 976 1538 quidem
994 1520 1002 1534 ‚
1025 1495 1075 1529 sed

72 1538 174 1575 duro,
199 1542 229 1571 &
252 1550 328 1573 curn
351 1538 463 1571 dolore
487 1559 496 1574 ‚
519 1548 575 1570 nec
599 1537 738 1571 remedia
761 1547 872 1572 caetera
896 1538 1075 1581 quidquam

72 1581 269 1624 proficerent
293 1605 305 1621 ‚
327 1580 467 1615 extitisse
485 1581 734 1615 .Veterinarium
754 1582 813 1623 qui
838 1580 868 1614 se
890 1581 949 1615 hac
974 1583 1075 1615 ratio-

71 1637 113 1659 ne
136 1623 320 1660 sanaturum
345 1626 502 1666 reciperet
526 1645 538 1662 ‚
561 1633 597 1657 ut
618 1625 711 1657 corio
735 1625 832 1666 paulo
854 1623 944 1667 supra
967 1635 1075 1659 tumo-

49 1663 142 1702 'rem
166 1667 293 1708 inciso,
318 1671 350 1701 &
374 1678 453 1700 vena
476 1677 546 1708 quae
569 1666 616 1699 ibi
642 1678 706 1700 non
730 1668 833 1700 tenuis
849 1667 912 1706 est,
936 1669 1051 1701 resesta
1066 1690 1074 1705 ‚

71 1711 154 1746 hanc
181 1713 318 1745 vinculis
355 1709 481 1744 duobus
504 1709 607 1743 valide
628 1710 859 1753 constringeret
882 1732 892 1748 ,
927 1713 1075 1754 interque

70 1755 140 1789 haec
163 1755 266 1796 ipsam
289 1752 455 1788 dissecaret
479 1777 487 1785 .
521 1753 753 1787 Reclamatum
773 1753 836 1787 esse
869 1758 1009 1796 primum
1037 1756 1076 1788 ab

70 1798 227 1832 omnibus¹
247 1797 367 1839 quibus
390 1797 579 1831 circumitio
604 1797 767 1839 sanguinis
780 1796 856 1830 esset
881 1809 957 1831 nota
973 1824 980 1837 ‚
1005 1808 1075 1831 tan-

70 1853 167 1885 quam
193 1842 317 1875 auxilio
352 1851 418 1874 non
441 1842 540 1873 modo
563 1851 627 1873 non
651 1839 828 1883 profuturo
852 1866 861 1881 ‚
900 1841 948 1875 sed
975 1842 1075 1883 pluri-

67 1887 355 1919 mumnocituro.
383 1886 537 1919 Attamen
561 1895 636 1917 cum
660 1884 715 1916 ille
739 1882 970 1926 ejusdemmodi
997 1884 1076 1918 affe-

66 1928 137 1962 ἃος
159 1928 275 1962 morbo
299 1927 417 1970 septem
431 1950 442 1967 ‚
467 1937 521 1960 aut
543 1927 620 1960 octo
645 1938 743 1968 equos
764 1949 774 1964 ,
804 1930 835 1961 &
857 1929 889 1961 in
923 1928 972 1962 his
994 1928 1074 1962 duos

63 1973 102 2005 in
125 1972 232 2006 eadem
257 1971 369 2009 Urbe,
394 1969 436 2004 fic
460 1971 499 2003 ab
521 1970 551 2003 se
575 1969 759 2012 persanatos
783 1981 994 2010 memoraret,
1020 1982 1073 2005 ve-

63 2027 203 2057 rumque
225 2015 330 2049 dicere
354 2038 365 2054 ,
398 2014 547 2056 protinus
570 2025 602 2047 re
626 2015 777 2055 inquisita
813 2016 1038 2058 explorataque
1060 2039 1069 2053 ‚

65 2059 247 2096 constaret3
271 2058 456 2100 permissum
480 2055 537 2091 esse
553 2081 561 2095 ‚
582 2059 613 2090 &
636 2082 645 2097 ,
672 2057 700 2090 se
723 2059 780 2100 qui
803 2057 870 2092 haec
895 2058 975 2092 milii
1000 2070 1070 2091 nar-

62 2104 181 2142 rabat,
204 2101 401 2143 inspe&ante
423 2125 432 2139 ,
460 2101 507 2133 ita
532 2101 582 2133 uti
608 2102 810 2143 propositum
834 2100 938 2135 fuerat
962 2126 974 2142 ‚
1007 2101 1068 2135 esse

62 2144 188 2180 :facium
211 2170 218 2177 .
245 2148 359 2187 ltaque
382 2154 526 2177 tumores
547 2143 622 2178 inde
646 2144 767 2188 semper
792 2146 840 2178 v'el
863 2147 975 2187 primis
999 2145 1068 2178 die-

61 2189 122 2223 bus
143 2187 315 2222 decrevisse
340 2212 349 2226 ‚
381 2187 482 2221 donec
504 2188 590 2219 intra
615 2188 804 2229 vigesimum
827 2190 958 2223 circiter
980 2188 1066 2223 diem

61 2232 193 2275 prorsus
216 2233 403 2266 evanuerint
429 2253 437 2262 .
473 2230 558 2266 Quae
582 2242 657 2265 cum
687 2230 769 2264 forte
794 2231 865 2265 aliis
896 2233 929 2265 in
951 2232 1069 2275 quibus

62 2285 132 2309 erat
157 2276 221 2309 Vir
245 2273 516 2317 Ingeniofiffimus
533 2275 738 2320 *Dominicus
752 2275 971 2309 Gulielminus
989 2301 996 2314 ,
1021 2288 1070 2309 re-

62 2319 179 2353 ferrem
203 2333 213 2356 3
246 2318 299 2353 hic
323 2318 439 2352 maluit
462 2318 624 2358 conjicere
649 2339 658 2354 ‚
690 2317 781 2351 simul
803 2330 878 2352 cum
901 2330 978 2353 vena
1001 2318 1068 2352 for-

62 2362 141 2396 tasse
165 2373 298 2396 nervum
324 2361 487 2404 aliquem,
511 2359 550 2394 ad
573 2372 689 2403 aegram
716 2370 837 2405 partem
849 2362 1065 2404 spectantem,

64 2405 161 2440 fuisse
182 2405 352 2439 dissectum
375 2427 388 2445 ‚
417 2415 516 2446 eaque
541 2406 666 2437 ratione
700 2403 862 2439 sublatum
886 2406 1032 2440 dolorem
1055 2428 1065 2443 ‚

62 2449 121 2491 qui
143 2450 304 2490 originem
328 2458 392 2480 non
418 2459 434 2480 a
460 2456 586 2481 tumore
611 2446 791 2486 habuisset,
817 2448 867 2482 sed
893 2451 999 2490 potius
1013 2459 1066 2483 tu-

63 2494 149 2526 mori
175 2491 239 2534 ipse
261 2489 466 2534 praebuisset‚
490 2491 600 2533 itaque
625 2491 727 2524 ablata
752 2493 783 2524 vi
806 2491 928 2526 stimuli
954 2518 963 2532 ,
995 2504 1066 2535 quae

61 2537 115 2569 uti
139 2534 262 2569 fecisset
279 2557 287 2571 ‚
311 2537 356 2568 ita
380 2533 579 2568 conservaret
604 2543 764 2568 tumorem
782 2560 790 2573 ,
814 2535 901 2569 hunc
924 2547 987 2569 non
1002 2535 1069 2569 dif-

61 2579 151 2613 ficile
174 2579 265 2613 fuiffe
288 2578 449 2612 solutum.
477 2578 524 2611 Ut
548 2588 583 2611 ut
607 2577 651 2611 est
672 2601 681 2615 ‚
707 2580 797 2612 nolui
821 2578 902 2613 hanc
926 2580 987 2613 tibi
1011 2591 1067 2613 cu—

59 2624 221 2656 rationem
245 2623 374 2655 reticere
398 2632 412 2660 ,·
445 2632 547 2663 neque
572 2623 657 2654 enim
681 2622 823 2655 Medicis
842 2633 983 2666 unquam
1008 2634 1068 2656 no-

59 2667 129 2701 cuit
153 2665 232 2709 quid
256 2665 471 2699 Veterinariis
485 2664 656 2705 succedat,
679 2664 820 2701 novisse,
844 2669 874 2699 &
898 2668 985 2708 prius
997 2665 1065 2699 for-

61 2709 136 2744 tasse
167 2710 208 2742 ab
230 2708 279 2742 his
303 2731 312 2746 ,
346 2709 438 2742 utin
471 2708 576 2741 brutis
600 2709 817 2742 animantibus
851 2708 988 2742 liberum
1022 2709 1064 2742 est

61 2753 268 2795 periclitari,
291 2752 382 2793 plura
403 2760 548 2790 tentata,
573 2755 603 2785 ὃς
624 2750 710 2785 fa&a
735 2752 807 2785 sunt
818 2764 916 2796 quani
941 2753 978 2786 ad
1001 2751 1063 2786 ho-

61 2796 163 2830 mines
185 2793 455 2828 transferrentur.
481 2794 602 2832 Vides,
625 2796 764 2837 exempli
787 2796 876 2830 causa
899 2819 912 2836 ,
945 2805 979 2829 ut
1006 2797 1064 2828 Pe-

62 2849 135 2873 trus
156 2837 360 2871 Crescentius
390 2838 447 2880 qui
471 2847 544 2870 ante
568 2836 626 2871 lios
647 2840 900 2881 quadringentos
933 2850 1030 2880 annos
1052 2861 1062 2882 ρ

63 2894 140 2916 cum
173 2880 211 2914 de
236 2881 445 2922 Agricultura
469 2881 618 2914 scriberet
641 2905 650 2919 ,
683 2882 832 2924 quaedam
864 2881 1062 2923 interjecerit

65 2925 104 2959 ad
128 2924 342 2967 Chirurgiam
365 2924 604 2957 Veterinariatn
627 2924 802 2966 spe&antia
817 2952 824 2963 ,
848 2928 881 2959 in
894 2937 979 2968 aegro
1003 2926 1062 2959 bo—

64 2980 104 3002 ve
128 2968 315 3010 sanguinem
348 2978 387 2999 ex
409 2967 516 3001 incisis
540 2969 626 3001 venis
648 2979 719 3011 quae
743 2968 801 3002 sub
822 2970 932 3012 lingua
956 2970 1026 3002 sunt
1051 2995 1059 3008 ‚

64 3013 194 3046 mittere
220 3014 230 3050 (
254 3014 303 3050 r)
325 3009 470 3044 docuerit
493 3034 506 3051 ,
540 3020 593 3044 aut
618 3012 785 3053 quomodo
824 3024 884 3054 pro
906 3012 1061 3054 clysmate

62 3055 237 3097 injicienda
250 3053 392 3096 quodam
416 3055 594 3087 ventriculo
604 3056 748 3096 excipere
758 3079 770 3095 ‚
793 3056 885 3097 cujus
897 3056 1061 3090 orificium

65 3099 146 3133 tubo
169 3099 205 3132 fit
230 3097 422 3130 instructum
446 3120 458 3136 ‚
479 3100 510 3130 δε
529 3109 584 3139 per
606 3097 690 3131 hunc
714 3099 747 3131 in
772 3101 846 3141 equi
872 3101 978 3134 alvum
1001 3103 1061 3134 im-

65 3145 195 3176 mittere
217 3139 298 3183 (s)
322 3164 331 3178 ‚
354 3150 407 3172 aut
429 3151 492 3182 qua
516 3142 639 3174 ratione
662 3163 671 3178 ‚
705 3141 728 3174 si
752 3143 784 3175 in
809 3144 881 3184 equi
917 3153 1059 3177 tumente

56 3185 215 3229 -glanclula
238 3182 411 3217 excidenda
435 3183 559 3224 sanguis
583 3196 622 3218 ex
647 3195 724 3218 vena
748 3185 853 3228 aliqua
877 3186 961 3219 sorte
983 3199 1057 3229 pro-

67 3238 197 3270 rumpat
221 3250 230 3265 ,
262 3227 320 3260 hac
342 3227 499 3259 continuo
523 3238 644 3270 arrepta
670 3253 677 3266 ‚
713 3230 745 3260 &
768 3229 868 3263 serico
891 3228 948 3262 filo
971 3231 1057 3263 art‘ie

63 3271 231 3306 constriffi
248 3294 260 3310 ,
281 3269 319 3303 fit
342 3269 397 3302 ille
420 3275 609 3304 coercendus
634 3272 683 3314 (t
698 3270 716 3313 )
732 3297 739 3304 .
764 3272 856 3306 Num
882 3283 972 3314 putas
988 3274 1055 3307 b-aec

64 3327 104 3349 ex
126 3314 367 3357 antiquioribus
390 3314 598 3346 Veterinariis
619 3326 682 3347 non
692 3314 844 3348 hausisse?
869 3317 926 3349 hos
949 3328 1055 3350 autem

24 3360 27 3363 '
65 3369 130 3393 non
154 3369 192 3391 ex
214 3357 284 3390 aliis
308 3357 404 3398 longe
417 3354 668 3390 vetustioribus?
690 3357 864 3392 utfortass‘e
886 3370 1056 3402 antequam

64 3401 180 3437 Celsus
200 3400 219 3443 (
236 3411 254 3433 u
270 3399 288 3442 )
307 3422 316 3437 ‚
341 3403 370 3432 δι
395 3399 536 3432 Galenus
559 3404 569 3438 (
593 3410 614 3433 x
634 3400 815 3440 >cohibere
838 3404 870 3434 in
884 3404 1056 3439 vulneratis

63 3444 206 3488 partibus
230 3443 389 3484 sanguinis
414 3442 609 3484 profluvium
621 3444 770 3478 docerent
795 3447 924 3479 vinculo
939 3446 1056 3485 saucia-

63 3498 104 3521 τε
128 3497 183 3521 aut
207 3497 313 3523 venae,
336 3496 390 3519 aut
415 3485 538 3518 arreriae
561 3486 702 3528 injec‘to,
726 3490 758 3521 id
782 3490 847 3531 jam
871 3492 935 3523 illis
958 3489 1056 3525 fuerit

64 3530 239 3566 usitatum,
260 3530 337 3562 dum
362 3528 548 3571 glandulam
571 3531 712 3571 aliquam
737 3533 945 3573 exstirparent
969 3560 976 3574 ,
1003 3544 1056 3568 aut

150 3573 314 3616 Morgagni
324 3574 359 3606 de
371 3572 435 3605 sed.
448 3572 490 3604 Θ
500 3572 586 3613 Caus.
601 3574 700 3606 Morb.
717 3576 815 3609 Tom.
827 3578 871 3608 ΙΙ.

60 3675 1680 3699 Ἥ*

123 3751 653 3787 (p2Eph.N.-C.Cent.3.0bs.19..
693 3759 848 3789 (q)n.2.
910 3760 1086 3792 sr)l.9,c.

122 3784 131 3840 ᾖ
149 3790 165 3805 u
186 3784 243 3809 )De
261 3784 351 3810 Medic.
371 3784 387 3807 l.
405 3794 425 3813 ς.
443 3793 466 3809 c.
485 3790 523 3810 26.
542 3789 565 3810 S.
583 3796 620 3812 ai,
682 3790 696 3817 ζ
712 3798 727 3813 x
743 3790 751 3818 )
766 3791 844 3815 Meth.
865 3793 931 3816 Med.
950 3794 966 3817 l.
985 3803 1006 3821 4.
1023 3803 1044 3819 c·
1065 3804 1084 3824 ς.

149 3820 164 3835 ,τ
180 3813 192 3840 )
207 3816 304 3839 Tetrab.
322 3823 343 3842 4.
361 3816 434 3839 Setini
453 3824 467 3849 4
492 3824 513 3840 c.
530 3825 568 3845 40,
632 3820 643 3846 (
662 3819 675 3842 h
692 3819 705 3846 )
721 3822 757 3844 De
773 3823 808 3844 Re
824 3824 893 3847 Med.
910 3824 917 3847 l
946 3830 966 3849 6.
984 3833 1006 3849 c.
1027 3833 1065 3854 37,

125 3843 134 3874 (
151 3851 163 3866 e
180 3845 227 3874 )ri.
246 3853 280 3869 io.
342 3844 383 3874 (f
399 3848 405 3874 j
424 3847 496 3875 Epist.
513 3848 542 3872 de
560 3849 702 3879 Aneurysm.
720 3851 750 3875 ad
767 3853 882 3877 Denzelh

1964 253 2053 304 281

1127 329 1205 364 dum
1227 329 1317 370 equis
1340 330 1372 362 in
1397 329 1508 371 praelio
1531 329 1643 363 sauciis
1665 328 1888 364 mederentur}
1911 329 2038 363 Verum
2063 328 2126 363 five

1129 373 1167 407 ad
1190 372 1353 406 hominem
1377 372 1520 406 tradufia
1543 372 1586 405 est
1610 372 1679 406 haec
1702 374 1868 406 coercendi
1893 372 2053 414 san‘guiriis
2076 384 2126 406 ra-

1131 417 1203 453 tio,
1228 414 1292 447 sive
1314 417 1348 448 in
1370 417 1441 459 ipso
1465 418 1605 457 primum
1628 424 1748 448 tentata
1772 416 1813 449 est
1837 432 1845 453 ;
1870 417 1979 449 mirari
2004 415 2087 448 subit
2113 440 2123 453 ,

1131 470 1205 493 cum
1228 470 1245 490 a
1268 459 1384 492 Galeni
1406 459 1609 501 temporibus
1631 458 1740 501 paffim
1763 460 1796 491 in
1821 458 2068 501 Chirurgorum
2086 458 2124 491 li-

1132 503 1198 536 bris
1220 501 1447 535 describeretur
1469 524 1481 541 ,
1517 514 1615 544 eaque
1637 504 1723 535 inter
1753 511 1885 536 caeteros
1908 504 1940 535 in
1974 502 2030 535 illa
2053 513 2125 545 quae

1133 545 1223 588 supra
1246 547 1334 586 (y)
1367 545 1507 579 indicata
1540 546 1583 579 est
1605 568 1618 585 ‚
1649 546 1806 586 amputati
1839 547 1927 589 penis
1958 547 2125 578 curatione

1132 589 1203 623 usus
1226 587 1297 622 esset
1322 589 1514 622 Benivenius
1536 611 1549 628 ,
1572 588 1709 632 singulas
1732 588 1818 621 illius
1852 599 1946 622 venas
1970 599 2032 631 quae
2048 587 2123 630 san-

1128 632 1254 675 guinem
1269 629 1444 674 fundebant
1459 654 1468 668 ,
1493 634 1622 664 arterias
1646 631 1820 670 videlicet,
1842 631 2088 673 apprehendendo
2113 652 2125 669 ,

1131 683 1222 716 arque
1244 674 1489 717 itecleligando,
1511 681 1548 706 ut
1568 684 1620 706 ora
1639 673 1785 715 praeclusa
1807 675 1922 707 coirent
1945 686 1954 710 ς
1981 675 2089 707 mirari
2115 695 2124 710 ,

1129 718 1282 759 inquam,
1309 717 1415 758 subit,
1440 718 1601 751 neminem
1624 724 1697 749 ante
1720 718 1859 751 Paraeum
1883 720 1897 757 (
1919 729 1943 760 z
1967 721 1976 755 )
2001 715 2127 751 extitis-

1130 760 1160 793 se
1182 761 1238 803 qui
1263 760 1301 794 ad
1324 772 1357 794 ea
1383 760 1515 794 vulnera
1537 770 1609 803 quae
1631 761 1665 792 in
1689 768 1814 793 artuum
1848 762 2126 802 amputation‘lbus

1129 803 1234 841 fiunt,
1257 802 1424 838 transferri
1445 805 1535 837 illam
1558 802 1667 845 posse,
1690 805 1851 844 cogitaret
1877 828 1884 836 .
1913 803 1971 836 Sed
1995 814 2033 836 ne
2056 802 2128 835 for-

1129 856 1162 880 te
1185 846 1316 887 credas,
1340 848 1530 881 arteriarum
1541 857 1612 889 quae
1633 847 1667 878 in
1684 847 1814 879 artubus
1837 847 2006 889 praecipuae
2031 845 2127 885 sunt,

1127 889 1364 924 craffitudinem
1388 891 1506 924 veritos
1528 913 1538 929 ‚
1571 900 1645 923 curn
1670 900 1831 923 ramorum
1865 891 2025 924 tenuitate
2046 899 2129 932 quos

1128 934 1270 967 Galenus
1282 932 1468 967 vinciendos
1489 933 1672 976 praeceperit
1684 955 1693 970 ,
1720 934 1850 966 minime
1860 933 2127 976 comparandam3

1129 985 1213 1009 certe
1235 980 1411 1018 praecipuus
1436 986 1565 1010 truncus
1587 978 1620 1008 in
1644 976 1814 1010 brachiois
1837 977 1880 1011 est
1902 975 2048 1019 quemad
2072 985 2130 1009 cu-

1132 1020 1194 1053 biti
1229 1019 1384 1053 flexuram
1417 1020 1561 1061 imperiti
1594 1018 1739 1053 homines
1773 1018 1853 1062 saepe
1892 1019 2127 1054 convulnerant

1130 1074 1205 1096 cum
1228 1074 1339 1095 venam
1364 1064 1484 1103 aperire
1507 1064 1674 1097 dumtaxat
1699 1072 1813 1103 putant
1838 1088 1846 1102 ,
1880 1063 1964 1096 unde
1987 1062 2091 1105 postea
2115 1083 2125 1099 ‚

1132 1104 1190 1139 nifi
1214 1116 1327 1148 magna
1352 1106 1459 1147 primo
1479 1115 1624 1148 tempore
1646 1106 1746 1138 obstet
1757 1106 1927 1148 diligentia
1942 1132 1950 1145 ‚
1976 1103 2128 1146 aneurys-

1132 1161 1184 1182 ma
1208 1149 1409 1189 pronascitur
1433 1173 1439 1180 .
1465 1149 1506 1181 Et
1530 1160 1603 1182 eum
1627 1157 1732 1181 tamen
1756 1150 1952 1191 praecipuum
1977 1158 2127 1182 truncum

1131 1194 1165 1226 in
1189 1191 1352 1234 chirurgia
1374 1190 1468 1233 hujus
1491 1191 1722 1233 aneurysmatis
1743 1193 1908 1225 curatione
1933 1191 2035 1233 ipsum
2048 1202 2129 1233 quo-

1128 1248 1190 1278 que
1213 1233 1277 1268 filis
1300 1235 1441 1276 obligari
1466 1233 1598 1268 solitum
1623 1246 1688 1267 non
1711 1235 1809 1267 modo
1832 1246 1871 1267 ex
1895 1237 1986 1268 Aetii
2002 1238 2022 1278 y(
2044 1246 2061 1266 a
2086 1238 2104 1272 >⁸
2122 1258 2131 1272 ‚

1127 1279 1217 1312 Pauli
1242 1279 1259 1320 (
1279 1277 1297 1310 b
1319 1282 1353 1318 ),
1378 1276 1544 1311 Albucafis
1566 1281 1580 1317 <
1603 1290 1618 1311 c
1639 1281 1674 1318 )‚
1700 1278 1902 1320 aliorumque
1925 1280 2024 1311 etiam
2048 1277 2132 1310 infe-

1127 1323 1274 1362 riorum,
1300 1330 1335 1355 ut
1358 1320 1521 1355 Gnidonis
1544 1320 1583 1355 de
1606 1320 1763 1354 Cauliaco
1785 1324 1799 1360 <
1822 1322 1843 1354 d
1864 1324 1897 1361 ),
1922 1320 2047 1364 scriptis
2066 1331 2131 1354 non

1128 1374 1277 1407 poterant
1309 1365 1480 1407 ignorare.
1616 1365 1741 1398 Verum
1765 1366 1804 1397 ab
1828 1365 2062 1406 aneurysmatis
2094 1366 2130 1396 in

1127 1407 1266 1442 brachio
1290 1408 1378 1441 enati
1403 1432 1412 1447 ‚
1436 1410 1469 1441 in
1493 1419 1590 1450 quam
1613 1406 1696 1441 forte
1722 1407 1822 1441 incidi
1850 1433 1858 1447 ,
1890 1411 2053 1442 mentione
2078 1406 2132 1440 ad-

1128 1463 1286 1490 moneor,
1309 1460 1344 1484 ut
1356 1451 1587 1493 aneurysmatis
1611 1452 1719 1493 potius
1743 1452 1776 1484 in
1791 1452 1913 1494 poplite
1939 1452 2043 1485 exorti
2057 1450 2131 1483 Ob-

1128 1496 1341 1528 servationem
1365 1493 1554 1536 subjiciam,
1582 1504 1651 1527 tum
1675 1505 1713 1527 ne
1737 1495 1775 1527 ab
1790 1504 1875 1527 artus
1900 1495 2064 1528 inferioris
2080 1503 2134 1526 tu-

1128 1540 1271 1572 moribus
1296 1540 1328 1570 in
1352 1538 1469 1579 quibus
1493 1537 1558 1570 fere
1583 1536 1746 1570 subsistere
1769 1538 2003 1577 constitueram
2025 1560 2038 1576 ,
2062 1538 2133 1570 lon-

1128 1587 1200 1626 gius
1223 1580 1388 1618 recedam,
1413 1590 1484 1614 tum
1508 1589 1639 1621 propter
1664 1591 1698 1611 ea
1723 1591 1792 1621 quae
1808 1581 1898 1622 supra
1922 1583 1971 1624 (e
1991 1585 2004 1619 )
2026 1579 2064 1613 de
2076 1591 2134 1623 po-

1126 1628 1216 1668 plitis
1240 1624 1518 1666 aneurysmatibus
1540 1622 1625 1656 diua
1650 1621 1742 1658 sunt,
1768 1631 1909 1664 quorum
1942 1624 2132 1667 praeclarum

1125 1668 1308 1710 exemplum
1331 1690 1340 1705 ‚
1376 1667 1416 1701 ab
1438 1667 1571 1701 Hornio
1595 1661 1677 1707 (f)
1699 1665 1894 1709 descriptum
1917 1690 1929 1707 ‚
1963 1667 2075 1701 frustra
2099 1668 2132 1700 in

1127 1710 1336 1755 Sepulchreto
1362 1709 1561 1752 perquisivi.

1172 1764 1220 1797 55.
1248 1751 1536 1788 STRUCTORI
1562 1754 1712 1795 parvulus
1736 1755 1769 1788 in
1796 1755 1922 1799 poplite
1945 1767 2098 1799 apparere
2124 1781 2133 1795 v

1126 1802 1157 1833 &
1180 1797 1301 1841 pulsare
1326 1808 1436 1832 tumor
1458 1807 1600 1840 coeperat
1619 1821 1626 1828 .
1652 1798 1723 1835 Qui
1748 1801 1912 1841 neglecftus
1936 1825 1945 1838 ,
1968 1801 2067 1833 crevit
2092 1798 2132 1832 ad

1126 1846 1215 1884 pomi
1241 1841 1499 1884 magnitudinem
1515 1867 1522 1875 .
1549 1842 1644 1875 Tunc
1667 1842 1779 1883 plura,
1802 1855 1818 1875 a
1842 1842 1980 1877 Medicis
2002 1867 2014 1882 ,
2048 1843 2134 1877 Chi·

1126 1885 1292 1928 rurgisque
1317 1885 1518 1928 praescripta,
1547 1887 1669 1926 partim
1693 1884 1774 1919 nihil
1790 1884 1960 1928 profuere,
1985 1889 2133 1928 partim,

1125 1933 1156 1962 δε
1180 1929 1370 1971 compressio
1395 1930 1591 1964 nominatim
1616 1952 1627 1969 ,
1660 1931 1766 1971 potius
1792 1927 1918 1964 officere
1942 1930 2005 1964 visa
2030 1928 2100 1964 sunt
2123 1955 2130 1962 .

1125 1973 1241 2016 Itaque
1263 1973 1348 2006 intra
1371 1984 1546 2016 perpaucos
1571 1973 1690 2007 menses
1715 1972 1757 2008 fic
1779 1983 1959 2008 excreverat
1975 1999 1982 2013 ‚
2009 1983 2044 2007 ut
2057 1986 2135 2017 par-—

1125 2027 1202 2049 vum
1225 2024 1363 2059 aequaret
1389 2017 1569 2055 melonem3
1594 2018 1822 2060 acerrimisque
1847 2017 2012 2051 hominem
2035 2017 2129 2052 dolo-

1124 2061 1211 2093 ribus
1235 2061 1459 2094 excruciabat.
1486 2061 1562 2094 Huc
1588 2060 1712 2094 acceffit
1737 2060 1875 2095 universi
1902 2062 2002 2095 cruris
2015 2074 2049 2095 ac
2075 2073 2130 2104 pe-

1120 2102 1169 2136 dis
1192 2103 1338 2142 cedema,
1361 2108 1392 2136 &
1417 2115 1501 2145 genu
1527 2103 1704 2145 praesertim
1729 2103 1825 2147 ipsius
1849 2115 1959 2139 tumor
1983 2131 1990 2137 .
2029 2107 2129 2139 Deni-

1119 2157 1182 2187 que
1206 2157 1394 2188 gangraena,
1419 2150 1450 2181 ὃ(
1474 2157 1549 2181 mox
1572 2147 1735 2189 spliacelus
1759 2148 1893 2183 invasit.
1920 2150 2030 2192 Quem
2050 2162 2129 2183 con-

1121 2189 1248 2227 secuta,
1273 2199 1309 2223 ut
1334 2190 1526 2232 praedictum
1551 2189 1679 2231 fuerat,
1702 2190 1885 2235 disruptio,
1911 2193 2043 2235 plurimi
2058 2194 2128 2226 san·

1120 2234 1225 2274 guinis
1249 2231 1434 2274 profusione
1458 2234 1552 2267 illico
1576 2236 1680 2268 vitam
1705 2236 1825 2270 ademit
1849 2237 1905 2269 sub
1929 2235 2026 2269 finem
2037 2237 2128 2270 Mar-0

1120 2278 1159 2309 tii
1182 2278 1224 2309 A.
1252 2287 1345 2319 1740.
1371 2277 1489 2319 quibus
1523 2289 1584 2319 ego
1609 2279 1723 2312 diebus
1755 2280 1901 2321 quaedam
1925 2279 1965 2313 ad
2001 2282 2126 2314 cerebri

1120 2330 1290 2354 anatomen
1316 2321 1487 2354 attinentia
1512 2320 1686 2363 Discipulis
1710 2323 1742 2354 in
1755 2322 1960 2357 Nosocomio
1983 2323 2128 2356 ostende-

1119 2364 1194 2397 bam
1208 2389 1217 2397 .
1350 2365 1620 2399 CEREBRUM
1646 2366 1747 2407 igitur
1761 2364 1855 2407 hujus
1877 2378 2006 2409 quoque
2018 2366 2127 2401 homi-

1119 2409 1168 2440 nis
1191 2407 1367 2447 dissecans,
1391 2417 1507 2451 praeter
1529 2417 1643 2442 caetera
1667 2420 1737 2450 quae
1755 2409 1815 2443 huc
1841 2411 1947 2443 minus
1960 2412 2121 2449 attinent,

1118 2451 1294 2488 adnotavi,
1318 2451 1443 2484 tametsi
1468 2453 1622 2492 exanguis
1636 2452 1719 2485 visus
1743 2451 1846 2486 fuerat
1861 2455 1966 2491 moris
1993 2453 2123 2497 sangui-

1118 2505 1174 2527 nea
1196 2504 1304 2526 tamen
1336 2495 1452 2535 punsta
1475 2496 1508 2527 in
1544 2495 1726 2528 medullaris
1760 2496 1941 2530 substantiae
1976 2496 2122 2532 senstioni'«

1118 2538 1176 2571 bus
1201 2536 1377 2579 apparuisse
1392 2563 1400 2577 ,
1423 2548 1494 2580 quae
1517 2540 1549 2570 &
1573 2538 1696 2579 majora
1722 2539 1828 2572 multo
1852 2540 1968 2573 fiebant
1984 2563 1993 2577 ,
2017 2553 2089 2575 cum
2105 2556 2121 2577 a

1119 2581 1270 2615 lateribus
1295 2582 1541 2623 comprimerem
1562 2594 1570 2614 :
1593 2591 1664 2615 tum
1688 2582 1768 2615 illud
1795 2584 1879 2624 qnod
1907 2583 2120 2619 admiratione

1116 2625 1247 2666 dignius
1270 2623 1352 2664 fuit,
1377 2635 1451 2657 cum
1476 2626 1595 2657 Striata
1622 2627 1771 2667 Corpora
1796 2626 1976 2667 assulatim,
2000 2638 2034 2660 ut
2060 2629 2119 2663 sit,

1117 2666 1331 2710 persecarem,
1355 2669 1502 2710 quamvis
1527 2668 1676 2710 scalpello
1700 2671 1732 2701 in
1755 2682 1979 2713 quamcunque
2005 2671 2118 2706 vellem

1116 2720 1236 2753 partem
1259 2711 1381 2744 direeto
1407 2736 1417 2751 ‚
1450 2711 1646 2745 inclinatove
1669 2712 1796 2745 demum
1821 2715 1990 2747 inciderim
2016 2724 2084 2748 tota
2108 2742 2117 2755 ‚

1115 2753 1270 2797 nusquam
1295 2763 1401 2787 tamen
1417 2754 1514 2799 *strias
1537 2756 1722 2789 medullares
1746 2779 1758 2796 ‚
1791 2766 1827 2789 ut
1853 2757 1971 2797 semper
2004 2758 2081 2791 alias
2104 2783 2114 2797 ,

1115 2797 1310 2833 occurrisse,
1335 2810 1507 2840 earumque
1520 2799 1592 2831 loco
1616 2798 1774 2840 quandam
1789 2801 1875 2842 quasi
1902 2799 2032 2835 fasciam
2045 2813 2130 2847 pen.

1115 2851 1246 2883 petuam
1270 2841 1475 2874 medullarem
1501 2843 1529 2875 se
1540 2840 1726 2881 ostendisse,
1752 2854 1846 2886 quarn
1874 2845 2045 2880 secundum
2060 2860 2117 2881 eo-

1113 2896 1185 2918 rum
1210 2886 1396 2926 Corporum
1421 2885 1659 2928 longitudinem
1685 2889 1848 2922 corticalis
1864 2891 2015 2933 utrinque
2041 2891 2115 2926 sub-

1112 2928 1221 2961 stantia
1246 2928 1470 2969 intercipiebat
1497 2942 1504 2962 .-
1530 2941 1630 2971 neque
1656 2930 1820 2965 hominem
1845 2942 1950 2967 tamen
1975 2936 2007 2967 in
2031 2947 2114 2969 cere.

1112 2971 1163 3004 bri
1183 2995 1195 3011 ,
1217 2974 1247 3004 δι
1273 2982 1443 3005 nervorum
1469 2972 1526 3006 usu
1549 2972 1727 3015 quidquam
1751 2987 1767 3007 a
1791 2980 1957 3011 communi
1981 2979 2114 3013 eonsue-

1113 3015 1223 3049 tudine
1250 3014 1390 3048 alienum
1415 3015 1539 3058 passum
1563 3016 1619 3049 esse
1646 3039 1653 3053 ‚
1687 3018 1851 3053 constabat
1875 3033 1884 3053 :
1922 3020 1955 3054 id
1980 3023 2066 3064 quod
2090 3026 2115 3058 ii

1113 3059 1306 3100 perpendant
1332 3059 1450 3097 velim,
1474 3061 1593 3101 quibus
1616 3070 1702 3093 certa
1726 3064 1872 3103 quaedam
1885 3064 2007 3104 placent
2031 3067 2113 3100 olim

1111 3100 1273 3144 proposita
1298 3101 1424 3135 illarum
1449 3103 1595 3136 striarum
1618 3103 1721 3137 officia
1737 3130 1745 3136 .
1876 3109 1931 3140 Sed
1957 3109 2005 3141 his
2030 3121 2113 3143 nunc

1111 3145 1228 3181 missis,
1252 3144 1289 3177 ad
1314 3146 1455 3186 Popliti's
1477 3146 1714 3187 disieciionem,
1742 3161 1837 3191 quam
1868 3151 2027 3184 Mediavia
2052 3164 2110 3185 no-

1109 3187 1168 3222 ster
1194 3190 1334 3230 peregit,
1358 3190 1572 3224 transeamus.
1599 3192 1770 3232 Sphacelus
1792 3206 1828 3226 eo
1853 3194 1947 3232 loco,
1971 3198 2000 3227 δέ
2025 3197 2109 3229 circa

1107 3243 1180 3264 eum
1204 3233 1309 3264 lucum
1332 3234 1441 3265 omnia
1465 3245 1675 3276 occupaverat
1699 3247 1761 3268 non
1787 3236 1826 3269 lic
1851 3246 1956 3269 tamen
1980 3240 2057 3280 quin
2075 3251 2109 3272 ea

1106 3286 1178 3316 quae
1201 3275 1324 3313 dicam,
1349 3275 1594 3317 agnoscerentur
1617 3304 1625 3311 .
1661 3278 1806 3311 Cruralis
1830 3282 1942 3312 arteria
1966 3278 2032 3321 jam
2058 3284 2110 3315 in-

1107 3319 1145 3351 de
1171 3320 1226 3352 ubi
1252 3331 1265 3350 a
1290 3320 1386 3350 latere
1410 3318 1707 3355 femorisinteriore
1721 3322 1757 3355 ad
1770 3323 2111 3364 posterioradrliect'tit,

1107 3362 1211 3395 statim
1232 3362 1565 3404 dilatariincipiebat.
1591 3366 1718 3397 Deinde
1733 3365 1919 3399 adtraftum
1932 3367 2109 3401 dimidiatae

1107 3405 1328 3438 circiterulnae
1340 3403 1587 3440 frustraarteriae
1604 3417 1753 3441 truncum
1766 3408 1955 3449 quaesivisses
1969 3423 1980 3448 5
1994 3414 2025 3443 in
2038 3411 2106 3445 sura

1107 3450 1237 3482 demum
1249 3449 1326 3480 rami
1341 3450 1372 3479 in
1385 3460 1465 3489 quos
1474 3450 1502 3482 se
1514 3450 1634 3484 dividit
1646 3453 1874 3493 ‚apparebant.
1893 3454 1985 3485 Toto
2002 3466 2106 3489 autem

1107 3492 1167 3525 illo
1177 3491 1279 3524 traftu
1290 3489 1371 3524 nibil
1384 3492 1442 3525 nifi
1453 3495 1563 3535 ingens
1576 3506 1690 3527 cavum
1703 3495 1853 3537 sanguine
1866 3493 2002 3536 foedum,
2014 3499 2108 3533 erosis

1108 3536 1257 3569 videlicet
1268 3534 1417 3568 omnibus
1430 3546 1526 3579 atque
1541 3536 1754 3613 adeo-pforsus
1766 3538 1942 3581 absumptis
1954 3551 2064 3578 nervo,
2076 3547 2107 3576 δι

1625 3601 1635 3613 ι
1682 3593 1702 3614 Π
1985 3595 2065 3619 vena

1909 3694 2114 3703 ——-—-.

1105 3770 1143 3796 63.
1207 3769 1275 3798 (s)
1293 3770 1390 3794 1bid.c.
1410 3755 1448 3795 is.
1510 3771 1546 3800 (t
1565 3773 1578 3799 3
1597 3771 1655 3795 ibid.
1668 3779 1688 3795 c,
1707 3773 1744 3794 ιε.

1127 3799 1191 3857 (ζει),
1207 3800 1317 3860 ἒῑῒιῖτιῗτέ.
1338 3833 1362 3854 Ρ.
1379 3802 1497 3860 ξ.ζε.)4ιςῖ.
1511 3810 1544 3826 η
1560 3809 1757 3862 ἷιίηὶὴεὴῐι-υνς.
1776 3831 1817 3855 Tr.
1838 3818 1907 3856 2.*D.
1922 3839 1947 3857 ι.
1966 3840 1985 3856 e.
2003 3842 2025 3862 a.
