2498 4075
390 85 675 141 lxxxtv⁷
852 35 1211 136 INIJEX
1279 79 1875 137 NOMINUM

1612 157 1670 200 qui
1692 156 1784 191 simul
1808 154 2008 199 gravissimos
2030 155 2216 190 lumborum
2238 154 2365 189 dolores
2389 158 2401 193 ,“

778 205 880 306 Q
1657 211 1712 235 aut
1739 200 1819 233 alias
1844 211 1958 242 pravas
1981 210 2095 233 renum
2118 197 2299 234 affeeiiones
2321 208 2400 232 tunc

871 286 887 289 ⁷.
1076 249 1091 258 Χ
1657 245 1844 279 adnotarint
1857 269 1866 277 .
1884 244 1969 280 Ibid.
2163 264 2165 267 -

354 319 357 320 γ
396 326 411 329 ,
1011 333 1018 339 ι
1609 285 1677 321 haec
1700 287 1923 331 quadantenus
1945 284 2127 328 explicandi
2149 295 2304 321 conatus.
2327 285 2400 319 XL.

429 336 657 372 Uelmaltzius
672 358 682 375 ‚
705 338 788 372 Sam.
813 333 944 369 Theod.
968 332 1093 375 pridem
1118 335 1151 366 P.
1179 333 1340 366 Prof.Li-
1654 342 1705 373 25.

440 379 588 424 pistensis,
615 380 787 416 laudatus,
813 379 900 409 XIV.
929 379 977 410 16.
993 376 1088 410 LIV.
1102 380 1164 420 {43.
1190 377 1339 411 LXVII.
1366 403 1372 410 ,,
1395 373 1500 407 Renes
1523 372 1655 408 insolita
1680 374 1911 420 longitudine,
1935 377 1964 407 ἃ
1991 372 2171 411 strueiura,
2201 374 2231 406 δι
2267 372 2401 406 arteria-

423 435 473 468 15·
503 451 509 452 γ
917 445 925 449 -
1484 427 1558 451 rum
1581 419 1726 460 origine.
1754 421 1902 451 XXXVI.
1917 429 1968 461 23.

332 469 531 512 Quesnyus,
561 469 613 503 Fr.
637 480 677 503 ex
698 468 745 502 R.
768 466 823 502 Sc.
846 463 953 500 Acad.
980 461 1134 498 Parisien.
1158 463 1309 499 laudatus
1332 487 1341 497 .
1522 461 1604 494 alter
1628 462 1828 503 longissimus
1852 464 1961 502 visus,
1981 459 2024 494 sic
2046 470 2116 493 erat
2140 458 2180 493 ab
2201 459 2313 493 innata
2336 468 2402 491 ma-

412 514 580 549 LXVIII.
607 523 641 545 2·
1568 514 1630 545 gna
1653 504 1831 547 hydatide.
1857 507 1927 538 LX.
1950 507 1981 536 6.
2157 527 2159 530 ,
2287 529 2299 531 ,

1532 547 1612 580 alter
1636 559 1711 582 curn
1737 549 1882 591 pelvibus
1904 548 2049 582 duabus.
2074 547 2197 580 LXIV.
2223 555 2254 577 2.

784 598 866 682 R
1529 591 1627 624 ambo
1652 593 1753 635 pelvis
1777 594 1849 625 loco
1873 591 2078 634 spongiosam
2101 590 2253 624 habentes
2263 585 2409 622 substan-

1570 638 1668 668 tiam.
1699 637 1832 669 XXVII.
1858 635 1909 668 28.
2378 659 2382 662 .

724 727 731 732 Ι
1347 718 1351 720 .
1525 678 1657 712 alterius
1681 677 1822 712 morbosi
1847 690 1995 722 quaenatn
2016 679 2172 713 struoiura
2197 674 2405 721 apparuerit.

416 730 571 768 Achitis.
596 730 648 764 De
671 727 772 770 bnjus
795 724 916 761 causis.
942 725 1021 759 Vid.
1046 725 1151 767 Spinae
1173 723 1344 760 distorsio.
1571 722 1641 754 XL.
1673 723 1721 754 18.
1751 734 1797 763 19.

430 780 461 812 &
485 773 622 809 LVIII.
646 782 679 814 7.
1527 765 1608 798 alter
1633 766 1735 799 altero
1758 764 1883 807 major.
1908 767 1967 797 IX.
1995 765 2042 797 18.
2066 766 2137 798 XL.
2161 774 2210 798 η.

456 820 512 855 Ab
533 818 593 853 hac
617 825 696 849 num
719 813 780 847 sint
805 812 1002 856 pumiliones
1025 822 1160 852 omnes,
1183 814 1215 845 δε
1238 812 1314 845 nani
1336 835 1345 844 .
1612 809 1679 850 ejus
1704 811 1748 843 rei
1772 809 1894 843 causae.
1922 811 2067 850 §sl-214·
2097 819 2146 851 15.

505 860 592 894 Ibid.
744 901 751 907 .
1530 851 1631 887 altero
1647 875 1656 891 ‚
1679 853 1712 885 in
1738 855 1794 886 suo
1816 853 1926 886 officio
1952 849 2109 889 cessante,
2135 861 2211 885 num
2236 850 2406 893 alterque-

323 906 571 947 Ramazzinus‚
594 899 838 938 Bernardintss,
860 902 971 934 Patav.
995 898 1075 932 olim
1101 899 1136 932 Ρ.
1160 897 1248 932 Prof.
1274 900 1344 932 Pri-
1570 907 1633 939 que
1656 896 1779 938 semper
1802 895 1896 930 cesset
1911 920 1919 928 .
1944 896 2016 929 XL.
2041 905 2088 938 ις.
2114 895 2204 928 XLI.
2232 905 2258 926 1.

414 950 559 988 marius,
582 946 755 981 laudatur.
782 943 849 977 111.
875 944 906 976 8.
1203 985 1209 989 .
1397 939 1538 973 Renum
1564 940 1666 981 figura
1691 951 1755 974 non
1781 941 1853 974 satis
1876 941 1956 973 bene
1985 939 2064 972 asari
2089 938 2174 973 solio
2198 935 2404 973 affimilatur.

455 992 539 1036 Ejus
562 989 777 1026 morborum,
805 989 835 1020 δε
860 987 976 1020 mortis
1007 985 1100 1021 causa
1133 986 1312 1028 conjicitur
1336 1010 1343 1017 .
1487 987 1525 1014 X.
1556 993 1621 1024 19..
1668 1010 1672 1012 .
2126 1006 2131 1008 s

503 1034 590 1069 Ibid.
1396 1025 1527 1059 Renum
1551 1028 1692 1060 duorum
1717 1028 1815 1065 loco,
1839 1037 1921 1061 unus
1945 1027 2117 1060 inventus.
2154 1027 2252 1060 XXV.
2297 1035 2329 1067 4.
2375 1032 2406 1063 5.

401 1114 408 1121 „
453 1080 536 1125 Ejus
560 1076 816 1111 Observationes
838 1072 985 1117 quaedam
1010 1073 1160 1108 ineditae.
1177 1073 1274 1106 VIII.
1293 1084 1341 1112 29.
1487 1071 1602 1100 XXXI.
1629 1080 1680 1112 25.
1704 1071 1775 1104 XL.
1808 1080 1856 1113 14.
1881 1070 2046 1102 XLVIII.
2071 1072 2121 1103 16.

499 1125 558 1155 IX.
588 1122 620 1154 8,
646 1119 771 1150 XVIII.
800 1119 849 1150 16.
874 1121 905 1151 δι
929 1117 1017 1160 seqq.
1047 1118 1150 1149 XXII.
1180 1126 1226 1151 11.
1251 1117 1339 1149 XLI.
1525 1114 1609 1146 unde
1633 1122 1711 1147 tunc
1734 1114 1978 1157 conjiciendum
2002 1112 2061 1151 fit,
2085 1124 2162 1147 num
2187 1114 2267 1147 alter
2300 1123 2317 1145 a
2338 1111 2408 1153 pri-

502 1177 552 1199 12.
1572 1157 1731 1192 mordiis‚
1754 1169 1792 1190 an
1817 1169 1832 1190 a
1858 1157 1974 1189 morbo
1996 1157 2097 1191 desit.
2124 1158 2191 1190 XL.
2218 1165 2266 1198 14.

323 1211 502 1250 Raueedo.
525 1212 576 1244 De
599 1207 659 1243 hac
681 1204 827 1248 quaedam
842 1228 849 1236 .
875 1205 961 1238 XIV.
984 1214 1037 1248 33.
1525 1200 1599 1241 quis
1622 1211 1639 1233 a
1665 1200 1854 1243 primordiis
1876 1199 1976 1234 deeffe
1997 1222 2010 1240 ,
2042 1201 2123 1235 olim
2162 1200 2369 1235 adnotaverit
2396 1217 2405 1228 .

324 1261 558 1300 RaymannuS‚
576 1252 633 1296 Jo.
657 1250 776 1285 Adam.
801 1259 841 1284 ex
862 1248 945 1282 Caes.
969 1247 1129 1283 Academ.
1153 1247 1200 1281 N.
1215 1247 1255 1280 C.
1269 1246 1338 1280 lau·
1566 1243 1652 1278 Ibid.

408 1299 526 1335 datus,
553 1296 644 1327 XIV.
668 1297 722 1338 36.
842 1335 848 1341 Ι
1520 1286 1727 1328 posterorum
1752 1287 2006 1321 Observationes
2029 1288 2119 1320 unici
2145 1287 2227 1320 renis
2238 1284 2406 1324 collefiae,

324 1343 565 1381 Reaurnurius,
590 1340 737 1372 Renatus
757 1360 765 1374 ‚
800 1334 923 1379 pridem
956 1345 995 1367 ex
1037 1335 1120 1378 Reg.
1153 1335 1201 1367 Sc·
1236 1333 1339 1368 Acad.
1484 1372 1491 1379 .
1564 1331 1597 1364 in
1622 1332 1729 1366 claffes
1752 1331 1864 1366 divisae
1880 1353 1889 1371 ‚
1910 1332 1941 1363 &
1965 1331 2148 1372 perpensae.
2173 1329 2335 1362 XLVIII.
2354 1329 2402 1361 16.

413 1385 514 1421 Paris.
536 1383 714 1417 laudatus.
749 1380 810 1411 IV.
844 1389 897 1423 32.
937 1378 1025 1410 XIV.
1062 1389 1093 1421 7.
1129 1377 1267 1410 XXXII.
1304 1390 1339 1422 4.
1390 1373 1638 1415 Respingerus,
1659 1376 1711 1419 J0.
1740 1375 1841 1409 Henr.
1868 1373 2022 1409 Medicus
2046 1373 2230 1407 Βείιῐεεηῇε
2255 1396 2265 1413 ,
2295 1371 2406 1406 lauda-

409 1430 518 1465 XLII.
542 1430 575 1460 6.
601 1427 689 1460 LIX.
714 1426 766 1457 26.
788 1434 842 1467 42.
1476 1425 1546 1449 tus.
1577 1420 1763 1450 XXXVIII.
1789 1430 1841 1460 50.
1868 1430 1918 1461 59.
2196 1448 2198 1450 .

324 1472 510 1513 Re3itudo
533 1473 699 1505 Partium.
724 1466 906 1501 secundum
930 1464 1011 1498 hanc
1036 1465 1138 1498 multa
1164 1466 1199 1497 in
1221 1477 1342 1508 corpo.
1393 1459 1661 1503 Respirationem
1683 1463 1873 1497 laedentium
1896 1460 2062 1494 causarum
2075 1458 2245 1494 divisiones
2256 1458 2405 1501 quaedam

412 1530 446 1553 re
469 1516 561 1557 fieri,
584 1523 713 1549 certum
737 1510 804 1550 est5
829 1509 879 1544 sed
905 1507 1093 1552 perdifficile
1116 1508 1158 1544 est
1180 1510 1263 1543 ferae
1286 1520 1344 1543 ex..
1481 1504 1653 1539 secundum
1678 1508 1780 1540 varias
1805 1517 1915 1540 earum
1940 1503 2047 1542 sedes,
2070 1508 2102 1538 &
2127 1503 2244 1545 agendi
2271 1502 2403 1536 modos.

411 1562 553 1605 plicare.
581 1560 658 1590 VII.
687 1567 735 1590 12.
922 1597 928 1602 Ι
1485 1549 1553 1578 XV·
1578 1560 1609 1590 3.
1638 1559 1687 1591 17.
1711 1552 1741 1582 &
1767 1550 1856 1592 seqq.

323 1606 465 1642 Reenim
487 1603 698 1637 intestinum.
723 1597 805 1634 Vid.
822 1596 995 1631 intestina.
1292 1602 1315 1613 ”
1523 1601 1582 1624 cur
1606 1604 1657 1625 eas
1678 1592 1788 1627 causas
1815 1592 1940 1627 Medici
1965 1591 2049 1625 baud
2074 1602 2148 1624 raro
2180 1588 2312 1623 credant
2346 1589 2405 1624 esse

321 1651 548 1687 ReimannuS.
573 1646 628 1689 J0.
655 1644 772 1678 Adam.
797 1653 834 1674 ex
848 1639 1075 1674 Caesar.Acad.
1100 1640 1147 1674 N.
1172 1640 1339 1675 C.lauda-
1474 1663 1477 1666 <
1568 1638 1602 1669 in
1627 1635 1783 1674 thorace,
1807 1648 1882 1670 cum
1907 1636 1967 1669 sint
1992 1637 2025 1668 in
2050 1644 2181 1668 ventre.
2207 1633 2290 1665 Ibid.
2321 1644 2368 1666 11.

410 1702 479 1726 tus.
512 1691 601 1721 XVI.
629 1698 679 1722 11.
704 1686 858 1716 XXXIII.
889 1694 935 1717 12.
962 1684 1129 1716 XXXVII.
1147 1685 1337 1718 18.&Prae-
1389 1676 1634 1722 Respirationis
1655 1679 1801 1714 difficilis
1824 1691 1921 1723 quam
1945 1679 2109 1712 interdum
2134 1677 2258 1710 causam
2286 1678 2405 1719 inqui.

409 1736 469 1771 fat.
492 1735 531 1769 ad
554 1734 629 1767 libr.
659 1742 685 1767 1.
780 1755 827 1760 .-a
1477 1724 1609 1759 busdam
1633 1723 1819 1758 mulieribus
1843 1722 1994 1765 suspicari
2019 1721 2168 1764 possimus
2184 1745 2191 1752 .
2218 1721 2322 1752 XLV.
2349 1731 2402 1762 24.

323 1782 517 1817 Reimarus.
537 1777 572 1821 J.
595 1776 672 1810 Alb.
690 1770 1202 1815 Henr.laudatus.LXVIII.4.
1215 1772 1337 1806 LXIX.
1517 1767 1642 1802 causam
1667 1766 1727 1801 esse
1750 1768 1945 1809 paralyfirm
1969 1765 2055 1808 signa
2080 1765 2227 1807 aliquot.
2255 1765 2320 1796 XV,
2345 1774 2381 1803 7.

415 1834 462 1857 12.
486 1825 517 1856 &
542 1821 629 1863 seqq.
1609 1810 1797 1853 glandulam
1823 1822 1905 1853 pone
1931 1810 2085 1851 Asperam
2111 1808 2404 1841 arrei-iamtumen-

323 1868 456 1906 Renalis
480 1864 660 1900 affeffionis
683 1871 757 1896 cum
781 1859 868 1903 signa
891 1859 964 1893 sunt
986 1857 1107 1899 dubia,
1132 1857 1215 1893 unde
1237 1861 1336 1902 paulo
1576 1870 1583 1881 ³
1651 1865 1737 1894 teni,
1761 1866 1838 1889 curn
1860 1852 2027 1897 diagnosi.
2050 1852 2124 1886 Ibid
2142 1876 2150 1884 .
2178 1860 2229 1893 15.
2254 1852 2285 1882 &
2312 1854 2376 1882 16.v

410 1911 519 1945 minus
543 1908 642 1943 dubia
666 1905 737 1940 fieri
761 1903 900 1946 poffint.
926 1903 995 1935 XL.
1023 1911 1075 1944 13.
1605 1899 1713 1934 cordis
1737 1899 2021 1941 magnitudinem,
2046 1899 2077 1929 &
2108 1895 2191 1928 hanc
2228 1893 2407 1935 multiplici

320 1958 453 1993 Renum
478 1952 608 1986 lethalis
631 1949 787 1987 morbus,
810 1946 855 1980 ob
877 1945 1083 1989 quorundam
1106 1944 1270 1988 signorum
1283 1946 1337 1980 de·
1650 1944 1776 1976 ratione
1805 1967 1813 1976 .
1847 1942 1953 1975 XVII.
1989 1950 2016 1972 t.
2056 1938 2180 1971 XVIII.
2209 1947 2258 1980 15.
2286 1938 2405 1969 XXIV.

409 1998 533 2034 fedum
555 2006 621 2029 non
645 1994 793 2037 agnitus,
818 1990 940 2033 quibus
974 1999 1012 2022 ex
1046 1988 1179 2024 indiciis
1213 1990 1336 2033 conjici
1484 2027 1491 2034 ·
1653 1996 1701 2027 15.

409 2039 583 2086 potuisset.
609 2039 710 2070 XXX.
739 2045 789 2068 22.
1389 2026 1580 2069 Respiratio
1605 2028 1739 2068 anhela,
1765 2039 1840 2062 cum
1862 2029 1919 2062 vix
1943 2028 2057 2070 portio
2090 2025 2252 2068 sanguinis
2287 2025 2405 2067 exigua

320 2090 457 2125 Renum
483 2084 602 2118 vitium
617 2107 625 2118 .
649 2082 683 2114 in
708 2077 819 2113 vesicae
842 2076 1013 2112 affeetibus
1037 2075 1120 2112 unde
1156 2076 1339 2120 conjicien-
1475 2081 1533 2113 per
1556 2072 1725 2114 pulmones
1748 2071 1881 2105 transire
1907 2069 2029 2113 posset.
2057 2071 2161 2101 XVII.
2189 2079 2235 2100 12.
2265 2077 2313 2111 13.

408 2130 509 2164 dum.
533 2125 644 2160 XLII.
669 2134 723 2158 22.
1520 2114 1709 2158 prohibita,
1732 2115 1900 2159 quomodo
1924 2114 1979 2147 etsi
2004 2124 2067 2147 non
2093 2122 2223 2146 omnem
2247 2112 2406 2154 impediat

451 2169 621 2215 quomodo
643 2165 893 2210 explicandum.
925 2163 1078 2208 Ibid.23.
1565 2168 1624 2202 per
1648 2160 1818 2201 pulmones
1842 2158 2006 2198 sanguinis
2041 2155 2211 2189 transitum
2239 2179 2250 2196 ‚
2296 2163 2405 2189 tamen

452 2213 624 2260 quomodo
647 2223 702 2255 per
726 2218 868 2245 ureteres
889 2209 1017 2251 regredi
1040 2220 1080 2242 ex
1103 2205 1204 2240 vesica
1229 2207 1269 2242 ad
1294 2219 1343 2242 re-
1568 2204 1640 2235 cito
1663 2203 1815 2237 occidat.
1842 2202 1931 2233 XIX..
1956 2203 2007 2244 38.
2070 2234 2073 2237 ¹

496 2269 552 2292 nes
575 2257 667 2291 urina
691 2253 807 2297 possit.
833 2251 920 2285 Ibid.
1391 2244 1619 2279 Reverhorstii
1643 2245 1922 2281 hallucinationes
1944 2268 1952 2276 .
1988 2244 2158 2276 XXXVII.
2195 2247 2244 2277 16.
2274 2245 2305 2277 &
2340 2243 2405 2287 seq.

320 2308 455 2343 Renum
476 2303 674 2336 vitiatorum
698 2298 834 2331 unicum
857 2294 981 2336 signum
1007 2304 1242 2336 nonnunquam
1275 2296 1337 2328 ob·
1478 2298 1529 2330 25·
1555 2292 1586 2321 &
1610 2289 1671 2328 seq.

408 2350 596 2383 servatum,
620 2339 812 2376 acerbiffimi
836 2338 964 2372 dolores
988 2340 1022 2372 in
1045 2337 1231 2372 scrobiculo
1264 2350 1338 2372 cor-
1389 2332 1592 2369 Reuffierus.
1616 2330 1726 2366 Christ
1762 2331 1873 2365 Gottl.
1898 2343 1936 2364 ex
1959 2329 2041 2363 Caes.
2065 2328 2169 2363 Acad.
2196 2329 2243 2362 N.
2268 2331 2310 2364 C.
2335 2330 2408 2364 lau-

404 2392 477 2428 dis·
501 2388 613 2423 XLII.
643 2396 692 2428 13.
720 2392 769 2425 14.
1478 2375 1590 2409 datus.
1613 2376 1722 2410 XLII.
1746 2379 1798 2418 46.
1826 2374 1997 2408 XLVIII.
2021 2383 2074 2415 42.

451 2433 504 2470 vel
528 2434 563 2465 in
585 2427 776 2473 gravissimis
799 2426 893 2459 vitiis
916 2433 982 2459 non
1008 2424 1102 2459 semel
1126 2422 1233 2457 abfuit
1256 2424 1340 2459 lum·
1391 2417 1659 2453 Rheumatismus
1682 2431 1760 2453 num
1785 2419 1824 2452 ab
1854 2416 2044 2451 Arthritide
2074 2414 2229 2457 distingui
2261 2418 2402 2458 coeperit

496 2477 615 2510 borum
638 2472 755 2508 dolor.
781 2468 870 2503 Ibid.
895 2479 925 2511 5.
950 2472 982 2502 &
1005 2469 1091 2512 seqq.
1121 2478 1170 2510 13.
1207 2468 1239 2500 &
1272 2469 1336 2513 seq.
1477 2463 1563 2497 circa
1586 2462 1728 2497 medium
1752 2463 1924 2505 superioris
1948 2459 2079 2493 saeculi.
2105 2460 2216 2492 LVII.
2245 2464 2295 2493 16,

494 2523 526 2553 δι
551 2529 604 2552 20.
1603 2507 1696 2540 illius
1720 2517 1799 2540 rarae
1824 2507 1896 2538 sunt
1918 2503 2173 2538 Observationes
2205 2513 2280 2538 cum
2312 2502 2406 2537 disse-2

452 2563 598 2601 cellulae,
617 2557 709 2601 quasi
733 2556 827 2592 urina
852 2557 977 2600 plenae,
1006 2566 1073 2599 quo
1105 2553 1167 2588 sint
1200 2554 1338 2590 referen-
1650 2551 1758 2583 &ione
1781 2547 1984 2591 conjun&ae.
2011 2546 2094 2580 Ibid.

498 2606 568 2642 dae.
595 2602 780 2634 XXXVIII.
808 2613 860 2645 39.
887 2603 918 2633 δε
942 2598 1028 2641 seqq.
1606 2593 1672 2628 Sub
1693 2593 1835 2636 ejusdem
1861 2593 1943 2625 lawa
1968 2599 2124 2633 quantum
2149 2589 2404 2625 maliinterdum

537 2662 555 2684 a
576 2646 695 2690 quibus
716 2653 810 2678 antea
835 2645 896 2678 sint
919 2642 1115 2675 observatae.
1143 2642 1227 2677 Ibid.
1251 2654 1303 2686 41.
1649 2638 1768 2671 lateat.
1794 2636 1877 2670 Ibid.
1906 2646 1959 2667 20.
1977 2642 2034 2667 21.

542 2700 655 2727 earum
678 2698 830 2723 examen.
857 2685 1021 2730 Ibid.*4o.
1045 2687 1076 2719 &
1101 2685 1164 2728 seq.
1390 2679 1657 2724 Rliododaphnes
1680 2691 1839 2714 venenum
1855 2705 1862 2713 .
1888 2677 2133 2710 Vid.Venena.

537 2744 620 2780 quot
645 2732 749 2767 modis
772 2730 833 2767 ess'e
855 2729 970 2774 poffint
992 2729 1086 2764 causa
1109 2729 1235 2764 ascitis.
1250 2731 1335 2765 Ibid.
1392 2724 1621 2802 RiCerXzVuIS⁵
1644 2725 1768 2767 Georg·
1792 2722 1945 2759 Frfdffl‘iffi
1991 2722 2138 2755 laudatus
2162 2745 2170 2753 -
2216 2722 2323 2755 LXV·
2367 2734 2400 2764 9-

614 2788 640 2810 1.
1597 2771 1623 2802 I.
1652 2779 1681 2801 2.
2336 2768 2340 2772 ⁴

451 2791 623 2860 citati-{ciis-
642 2819 789 2862 quaedarn
814 2816 897 2852 unde
921 2817 1003 2852 fint.
1029 2817 1115 2851 Ibid.
1138 2827 1191 2855 42·
1391 2810 1541 2850 Ridenx,
1567 2813 1615 2845 N.
1650 2823 1689 2846 ex
1725 2811 1768 2845 R.
1803 2812 1852 2847 Sc.
1883 2809 1986 2844 Ac-ad.
2019 2806 2181 2849 Monspel.
2218 2807 2369 2843 laudatus
2388 2834 2398 2843 .

324 2873 457 2906 Renum
481 2876 602 2902 vermes
616 2888 626 2896 .
647 2864 780 2897 Horum
801 2862 1080 2899 Observationes,
1102 2863 1134 2895 δέ
1156 2861 1195 2895 de
1217 2860 1268 2896 his
1290 2861 1339 2895 in·
1480 2856 1643 2891 XLVIII.
1671 2865 1721 2899 13.
1935 2893 1937 2896 .

410 2912 556 2949 dicium.
583 2909 656 2943 XL.
680 2911 711 2941 6.
735 2909 768 2940 δε
791 2904 879 2949 seqq.
1390 2897 1557 2942 Rigorum
1581 2900 1787 2943 quorundam
1811 2894 2076 2941 permistorum,
2098 2905 2181 2936 quos
2212 2896 2300 2929 calor
2335 2904 2402 2928 non

449 2954 582 2991 Calculi
604 2951 773 2995 quomodo
794 2948 923 2983 facilius
945 2951 981 2983 in
1004 2946 1125 2989 obefis,
1160 2950 1192 2982 &
1223 2947 1337 2983 heluo·
1477 2942 1692 2985 sequebatur,
1717 2945 1917 2977 curationes.
1941 2939 2061 2973 XLIX·
2087 2948 2139 2978 29·

500 2998 595 3033 nibus
625 2997 821 3044 gignantur.
846 2993 932 3027 Ibid.
956 3003 986 3035 5.
1389 2985 1561 3020 Riualdius
1584 3013 1593 3025 ,
1630 2986 1794 3024 Senensis,
1819 2983 1970 3018 Medicus
1992 2982 2072 3016 olim
2096 2983 2265 3023 Venetus,
2288 2980 2398 3016 lauda-

542 3036 946 3124 quffiriiofilgomijntaegtdssssc
958 3035 1338 3122 ncugffenssmnulabrffiflil?
1388 3032 1841 3108 Riolatgis'liIIIirIclinaztiones.
1867 3072 1931 3103 111.
1959 3081 2009 3103 22.
2036 3069 2133 3099 VIII.
2162 3077 2212 3111 13,
2241 3070 2399 3113 XXI-3¹·

587 3125 706 3161 Lvn.
733 3133 781 3156 12.
1478 3118 1597 3151 xxiv,
1622 3128 1671 3161 23.
1700 3116 1837 3147 xxvn.
1865 3126 1918 3158 34.
1942 3115 2012 3147 XL.
2039 3112 2399 3155 25.XL11.32.XLV.

540 3183 620 3206 num
644 3169 707 3204 sint
731 3167 856 3211 semper
883 3175 938 3202 aut
961 3166 1067 3202 crocei
1084 3189 1095 3206 ,
1130 3173 1187 3199 aut
1219 3165 1337 3200 ruben·
1478 3171 1529 3204 24.
1558 3163 1596 3194 L.
1621 3163 1673 3194 28.

589 3224 660 3248 tes.
685 3212 756 3246 XL.
784 3213 834 3244 16.
1297 3236 1303 3238 ,
1519 3204 1728 3239 diffimulatio
1759 3202 1907 3246 quaedam
1933 3223 1944 3240 ‚
1981 3210 2036 3235 aut
2065 3198 2193 3232 oblivio
2218 3222 2227 3230 .
2261 3200 2400 3232 XXVII.

545 3258 662 3293 coralii
685 3254 794 3289 forma
825 3253 992 3291 observati
1013 3277 1026 3295 ,
1070 3254 1103 3287 δε
1147 3252 1301 3295 explicati
1325 3277 1334 3286 .
1566 3258 1620 3291 32.
2169 3284 2178 3289 =

591 3301 705 3335 LVII.
734 3309 784 3334 ω.
1519 3292 1555 3325 in
1578 3293 1620 3325 iis
1642 3302 1713 3334 quae
1734 3290 1773 3324 de
1795 3288 1943 3333 prolapsu
1967 3288 2060 3321 lienis
2072 3284 2219 3327 scripsit,
2241 3287 2403 3330 exceptio.

547 3347 582 3380 in
605 3344 737 3379 canibus
759 3342 902 3385 reperti.
927 3340 1038 3375 XLII.
1070 3351 1118 3384 17.
1570 3346 1625 3369 nes
1646 3333 1815 3377 quaedam.
1841 3334 1985 3364 XXXIX.
2007 3342 2060 3374 44.

546 3396 672 3433 quanto
684 3386 754 3429 plus
767 3385 931 3429 gravidis,
955 3387 986 3417 ὃ(
1000 3382 1168 3427 quomodo
1181 3392 1320 3418 noceant
1335 3407 1343 3415 ,
1395 3376 1493 3412 Risus
1515 3377 1656 3412 sardonii
1681 3388 1721 3412 ex
1743 3375 1997 3419 diaphragmatis
2020 3372 2152 3408 vulnere
2173 3381 2272 3414 quam
2306 3381 2401 3408 vetu-

591 3431 664 3466 XL.
690 3439 741 3471 17.
1482 3421 1528 3455 sta
1550 3422 1750 3455 observatio.
1776 3421 1871 3453 LIII.
1896 3423 1926 3452 6.

545 3477 585 3512 de
606 3483 720 3509 eorum
746 3472 917 3506 remediis,
942 3470 1028 3505 Ibid.
1055 3473 1102 3504 16,
1393 3464 1566 3505 Ritterus,
1590 3466 1768 3502 Albertus,
1794 3475 1833 3497 ex
1856 3463 1939 3497 Caes.
1963 3460 2126 3496 Academ.
2146 3457 2195 3492 N.
2220 3461 2261 3493 C.
2286 3458 2398 3493 lauda-

331 3521 555 3557 Renumyuter
580 3516 836 3556 exulcerationi,
861 3519 892 3550 &
915 3515 1046 3550 calculis
1068 3514 1107 3547 sit
1143 3515 1245 3557 magis
1278 3513 1339 3547 ob·
1478 3516 1549 3542 tus.
1574 3508 1680 3540 XXII.
1705 3516 1737 3550 7.

420 3565 556 3597 noxius.
580 3563 650 3596 XL.
679 3571 729 3605 13.
1394 3550 1552 3585 Riverius
1575 3563 1652 3585 num
1676 3553 1709 3584 in
1735 3550 1842 3594 pleura
1864 3557 2017 3591 corrupta
2040 3545 2193 3580 credenda
2220 3546 2398 3585 erraverit,

462 3602 665 3648 superficiem
688 3606 723 3638 in
747 3602 869 3638 adultis
893 3600 998 3636 adhuc
1024 3600 1169 3636 lobosam
1194 3602 1255 3644 qui
1291 3601 1341 3635 vi-
1480 3597 1511 3628 &
1542 3594 1708 3638 quomodo
1742 3604 1846 3630 errare
1880 3592 2026 3637 potuerit
2053 3613 2062 3624 .
2098 3593 2164 3622 XX
2201 3593 2252 3634 56.
2288 3601 2339 3632 59.
2365 3591 2398 3623 &

507 3649 633 3684 derint.
658 3647 746 3683 Ibid.
772 3656 821 3689 19.
846 3648 878 3680 &
903 3646 993 3689 seqq.
1479 3638 1566 3683 seqq.

2221 3675 2352 3712 Roedc·
