2458 4058
317 136 415 189 xvi
851 129 890 178 P
962 127 1155 187 R'AE
1224 128 1268 178 F
1336 126 1389 176 ,Α
1450 120 1503 174 T
1574 121 1597 172 1
1660 124 1727 176 O.

256 219 455 279 repsisse,
482 229 697 275 perquam
723 214 934 260 credibile
968 213 1028 256 est
1052 217 1065 266 )
1101 212 1284 267 benigne
1307 207 1558 259 excusetur,
1591 219 1664 263 per
1697 205 1864 250 Indices
1899 205 2006 263 ipsos
2029 204 2304 259 admonitus,

258 293 314 320 ne
341 276 449 333 quid
478 285 722 332 repeterem
750 303 763 325 ,
804 271 937 315 facile
968 269 1208 319 cavebam,
1237 270 1280 310 <Sc
1311 263 1510 308 absoluto
1539 263 1708 318 Opere,
1737 276 1790 304 ne
1831 259 2143 305 molestissimus
2184 275 2309 303 acce-

257 335 381 377 deret
411 330 537 373 labor
553 329 645 372 illos
677 326 964 378 conficiendi,
993 326 1148 369 eadem
1178 335 1310 377 opera
1340 319 1615 377 prospeelum
1639 318 1809 370 fuerat,
1839 317 2054 374 fimulque
2077 329 2127 360 ut
2140 317 2310 372 siquan-

258 390 318 431 do
350 386 464 430 forte
493 385 582 429 alia
612 397 873 441 quacunque
916 381 1059 424 forma
1088 379 1350 429 recudatur,
1381 390 1435 418 ne
1465 373 1645 418 fallaces
1663 374 1829 416 Indices
1859 374 2075 426 evadant,
2105 373 2311 415 sedidem

256 443 451 496 semper,
484 452 529 485 ut
570 455 627 484 ex
655 439 792 482 altera
823 451 1022 481 mearum
1055 433 1343 490 Epistolarum
1377 430 1738 474 Anatomicarum
1777 430 1970 473 editione
2007 439 2217 486 apparet,
2254 427 2336 477 si-ffl

257 498 470 555 gnificare
511 506 693 553 pergant
718 528 726 535 .
768 497 915 536 Unum
946 492 1005 535 est
1034 489 1363 534 incommodum
1376 486 1495 543 quod
1526 485 1645 541 poffit
1669 485 1891 538 accidere,
1923 487 2086 529 &mihi
2115 496 2315 529 nonnun.

260 569 395 612 quam
427 554 616 604 accidit,
648 564 773 607 aequo
803 549 942 604 major
958 547 1182 603 prolixitas
1207 542 1520 587 nonnullorum
1552 539 1865 592 articulorum.
1902 542 2020 584 Cum
2054 543 2173 584 enim
2202 540 2316 595 alia,

261 617 304 657 &
337 625 439 653 mox
477 609 565 652 alia
597 607 756 649 addere
793 606 852 647 ibi
893 604 1078 654 vellem,
1108 615 1187 643 nec
1220 600 1378 642 seriem
1413 596 1602 653 amplius
1649 597 1908 653 perturbare
1948 611 2237 640 numerorum
2263 596 2318 639 li-

262 677 411 719 ceret,
439 666 549 708 mihi
593 673 745 705 autem
775 675 832 704 ex
861 674 976 719 quo,
1008 656 1282 702 Adversariis
1315 656 1347 695 1.
1376 652 1531 705 editis,
1561 653 1664 694 hinc
1693 662 1973 709 perpetuam,
2014 655 2319 713 optimamque

262 724 492 773 Malorum
526 716 910 767 consuetudinem,
943 715 1043 757 inde
1072 727 1179 756 vero
1207 710 1523 760 animadverti,
1552 718 1770 766 quantum
1800 711 1843 751 &
1869 706 2134 760 lectoribus,
2166 713 2209 753 &
2238 723 2320 752 au-

267 778 463 822 &toribus
477 776 640 832 pariter
670 772 837 816 officiat
866 785 892 813 a
921 770 1020 823 filo,
1050 771 1093 811 δε
1123 769 1167 809 vi
1198 767 1437 823 scriptionis
1467 778 1544 821 per
1573 763 1789 817 subjectas
1804 776 1928 807 notas
1958 767 2164 808 avocatio
2175 779 2316 816 32mos

252 838 381 877 *nunc
411 829 730 889 propemodum
759 827 1003 870 communis
1033 825 1134 867 satis
1164 822 1334 879 placere
1365 834 1451 864 non
1480 820 1672 876 potuerit
1696 836 1711 871 ,-
1749 820 1887 862 malui
1942 819 2129 875 legentes
2171 820 2324 877 aliquo

263 899 583 944 nonnunquam
627 882 954 940 prolixitudinis
989 881 1122 925 taedio
1143 878 1345 931 afficere,
1375 890 1510 934 quam
1541 875 1694 932 saepius
1722 889 1748 919 a
1777 875 1967 923 lectione
1992 890 2204 921 avocare.
2237 878 2323 920 Ut-

264 956 439 999 cunque
480 942 524 985 id
557 940 616 984 est
654 942 666 991 (
712 952 856 996 neque
885 938 1002 981 enim
1032 950 1134 979 eum
1164 949 1335 978 morem
1362 931 1536 990 prorsus
1571 932 1800 984 improbo,
1831 935 1874 976 &
1903 946 2061 987 magno
2097 934 2326 990 Scriptori-

260 1002 343 1044 bus
381 998 616 1042 commodo
645 995 759 1049 esse,
789 995 956 1047 fateor,
984 991 1198 1049 expertis,
1229 1001 1277 1033 ut
1305 1003 1386 1044 ego
1404 1018 1417 1041 ,
1447 987 1555 1032 ficut
1583 986 1690 1032 alias
1723 991 1736 1040 (
1765 1005 1787 1031 r
1816 993 1828 1043 )
1860 1002 1965 1031 cum
1996 988 2137 1032 Plinio
2179 989 2325 1032 mino-

263 1070 311 1100 re
341 1055 463 1107 dixi,
494 1067 626 1110 quam
658 1047 885 1111 laboriofidm
915 1050 964 1093 fit
994 1063 1101 1092 nova
1131 1045 1249 1089 velut
1281 1043 1451 1088 membra
1477 1042 1632 1101 per-adh
1660 1047 1811 1099 corpori
1840 1045 2011 1087 intexere
2039 1074 2056 1097 ,
2092 1062 2156 1088 mec
2198 1059 2328 1087 tamen

265 1113 398 1168 priora
432 1117 587 1154 turbare
620 1112 631 1161 )
663 1109 706 1150 in
740 1107 1081 1150 Observationes
1112 1113 1233 1146 certe
1261 1102 1536 1144 cadere‘non
1570 1100 1728 1156 potest,
1759 1111 1813 1144 ut
1852 1113 1957 1143 cum
2003 1099 2135 1145 semel
2174 1100 2325 1145 omnia

262 1180 364 1224 quae
394 1168 439 1210 in
475 1180 615 1221 aegro,
645 1167 688 1208 &
723 1164 940 1207 cadavere
974 1160 1243 1218 deprehensa
1271 1158 1470 1209 fuerant,
1501 1155 1737 1209 diligenter
1767 1155 2066 1213 posuerimuS,
2092 1157 2179 1201 alia
2206 1158 2326 1199 acci-

264 1226 371 1267 dant
413 1236 513 1279 quae
542 1223 601 1264 ita
630 1219 779 1263 multis
809 1219 954 1263 verbis
982 1216 1062 1259 smt
1099 1214 1371 1270 adjicienda.
1407 1213 1475 1255 Ad
1506 1212 1843 1255 Observationes
1873 1222 2023 1255 autem
2052 1212 2325 1256 solummodo

264 1277 463 1336 spe&ant
491 1278 582 1321 duo
631 1274 694 1316 illi
727 1276 923 1327 IndiceS,
952 1284 1029 1318 aut
1062 1272 1119 1315 ad
1148 1286 1251 1315 eum
1282 1270 1358 1327 qui
1399 1267 1545 1311 difius
1577 1267 1637 1310 est
1681 1268 1883 1325 modum¹
1906 1268 2167 1312 conficiendi
2193 1298 2207 1320 ,
2246 1277 2328 1311 aut

265 1337 323 1380 ad
353 1332 607 1384 meliorem,
637 1345 773 1388 quem
803 1332 902 1373 'Viri
946 1328 1188 1374 Dostiffimi
1230 1323 1718 1378 indicaverintsQod
1759 1324 1868 1381 ipsos
1908 1333 1956 1367 ut
2000 1324 2142 1368 velint
2184 1324 2332 1367 facere

265 1405 347 1448 pro
376 1391 479 1434 boni
507 1388 672 1447 publici
701 1388 869 1440 studio,
900 1389 1034 1430 etiam
1062 1393 1192 1440 atque
1222 1385 1355 1426 etiam
1386 1393 1517 1434 rogo,
1552 1392 1635 1422 nec
1659 1381 1806 1423 minus
1840 1381 2160 1437 propemodum
2189 1394 2326 1433 rogo,

268 1459 319 1491 ut
348 1446 490 1502 siquid
518 1445 632 1489 forte
669 1446 815 1487 minus
853 1442 1191 1499 improbandum
1223 1441 1267 1481 in
1298 1440 1364 1481 his
1393 1436 1543 1489 libris,
1573 1439 1616 1480 &
1647 1436 1692 1478 in
1720 1437 1804 1479 hoc
1834 1449 1934 1478 meo
1948 1436 2071 1480 senili
2101 1436 2332 1493 exemplo,
2358 1467 2363 1470 <

269 1517 352 1564 pro
381 1504 459 1546 sua
492 1501 814 1553 Humanitate,
842 1499 952 1552 effe,
984 1498 1218 1549 censeant,
1248 1495 1293 1538 id
1324 1493 1524 1551 propria,
1557 1505 1656 1548 quae
1692 1493 1890 1536 maxima
1931 1492 1989 1535 est
2012 1521 2028 1546 ,
2067 1494 2334 1537 austeritate

271 1559 559 1610 confirmare,
589 1556 736 1616 sicque
764 1556 804 1600 ei
845 1555 1014 1611 pondus
1044 1553 1204 1598 addere
1234 1566 1290 1595 ne
1318 1557 1578 1606 graventur.
1613 1550 1748 1591 Sermo
1778 1549 1896 1593 enim
1910 1564 1933 1601 ·,
1973 1560 2023 1591 ut
2063 1550 2126 1593 ait
2164 1548 2334 1605 Euripi-

272 1616 348 1661 des
379 1617 391 1666 (
411 1613 445 1674 J
471 1618 512 1667 ),
542 1610 592 1655 ab
621 1610 880 1657 incelebribuse
900 1608 1122 1673 prcffefz‘us,
1155 1613 1215 1653 <9⁴
1241 1623 1266 1651 a
1294 1602 1505 1650 celebribus
1534 1605 1664 1657 idern,
1692 1619 1763 1650 non
1794 1607 1894 1649 idern
1923 1602 2070 1648 valet.

383 1726 455 1771 Ex
484 1725 725 1780 Gymnafio
753 1723 969 1769 Patavino
998 1723 1075 1770 111.
1105 1719 1207 1767 Kal.
1239 1717 1478 1777 Septembr.
1507 1718 1563 1762 A.
1595 1728 1673 1762 οπο
1689 1727 1799 1763 loce
1815 1732 1882 1764 Lx.

356 1929 371 1968 ί
391 1942 406 1963 r
426 1930 441 1969 )
462 1930 582 1965 Praefat.
604 1931 642 1964 ad
662 1925 757 1971 Epist.
779 1929 878 1964 An'at.
899 1939 931 1963 n.
953 1930 982 1963 8,
1064 1927 1079 1966 (
1093 1928 1120 1970 s
1134 1929 1149 1967 )
1167 1927 1201 1961 in
1224 1925 1374 1961 Hecuba.

2065 3659 2310 3708 INDEX
