2498 4075
281 223 449 294 Epist.
486 225 648 278 Anat.
687 221 903 277 Medica
936 220 1103 276 XLV.
1142 219 1257 273 Art.
1293 232 1367 283 24.
1400 231 1477 280 25.
1511 217 1591 271 26:
1624 217 1679 271 &
1711 230 1789 280 27·

60 306 192 341 deerant
234 319 335 352 prope
367 308 402 342 id
443 306 609 340 orificium
653 303 823 345 hydatides
848 328 855 336 .
989 305 1057 337 Te-

62 353 158 385 stium
191 359 322 396 uterque
368 352 407 385 ab
450 349 578 383 inclusis
622 347 747 381 cellulis
791 346 938 381 tumebat
961 358 973 385 3
1006 346 1056 379 sed

61 394 141 427 alter
164 396 286 437 magis,
308 397 363 438 qui
397 403 513 436 praeter
537 402 682 433 magnam
707 413 716 428 ‚
751 392 889 424 minores
923 401 1056 432 quoque

60 439 168 479 plures
191 437 305 473 habuit
336 438 465 472 cellulas
485 459 498 476 ,
534 446 642 474 orn-nes
677 437 743 468 sero
766 435 892 476 plenas,
914 445 974 466 una
999 444 1057 465 ex-

60 489 155 522 cepta
178 483 213 519 in
236 494 300 525 qua
325 493 381 524 pus
406 482 514 514 album
535 476 622 511 fuit.
647 477 684 511 In
720 479 822 510 altero
854 477 946 510 simul
981 487 1055 509 cum

59 524 183 557 cellulis
206 546 216 563 ,
252 528 283 557 δε
307 521 447 559 vesiculis
470 523 574 555 serum
597 522 838 555 continentibus
859 542 873 560 ,
905 520 981 553 alias
1007 522 1056 552 vi-

59 566 165 600 dimus
188 568 316 602 cellulas
348 569 435 600 intus
461 566 671 607 nigricantes.
699 567 737 598 In
761 563 927 605 utriusque
949 572 1055 596 autem

62 609 230 652 superficie
267 611 376 645 oscula
400 609 749 648 animadvertamus,
772 618 866 640 tenue
889 605 1057 647 specillum

59 654 267 688 admittentia
291 668 302 687 .·
341 655 499 696 praecipue
533 663 609 685 vero
633 653 666 684 in
691 651 880 685 membranis
904 661 958 689 per
980 660 1059 691 quas

60 707 135 730 cum
159 698 308 731 Testibus
331 696 437 732 Tubae
462 695 657 733 ne&untur;
681 694 758 728 Alas
777 693 1059 734 Vespertilionum

62 742 232 775 vocitant3
267 742 400 783 plexus,
428 738 605 781 nervosque
640 739 798 781 eleganter
828 736 1060 770 discurrentes.

62 784 132 819 Qui
154 793 228 817 curn
260 785 299 817 ex
331 782 530 817 craffioribus
563 781 658 817 essent
691 793 773 824 quos
805 788 896 813 antea
929 781 1060 824 conspe-

60 826 176 860 xissem
203 839 213 866 ;
249 826 359 861 videsis
386 851 395 867 ,
428 827 559 868 inquam
584 847 594 863 ,
625 823 679 858 hic
698 824 810 866 plexus
834 850 844 864 ‚
878 826 908 856 &
933 822 967 856 hi
990 834 1061 857 ner-

61 870 97 902 ’νί
131 870 203 904 sunt
225 882 305 913 quos
328 872 361 903 in
386 869 585 902 Adversariis
607 871 660 909 (y
686 871 696 907 )
719 866 861 901 indicavi
885 890 898 907 ,
931 869 961 900 δι
984 868 1060 901 alias

61 911 161 947 fusius
185 924 233 947 me
258 913 493 956 descripturum
518 911 649 956 promisi
675 925 685 944 .-
719 911 805 953 quod
840 922 914 944 cum
946 911 1060 944 Santo-

60 957 152 1003 rinus
188 957 252 999 ipse
287 957 393 999 postea
417 961 427 996 (
451 960 508 999 ζ)
541 953 619 990 fecit
642 979 651 995 ,
692 954 750 987 nisi
797 954 952 989 memoria
975 974 986 992 ‚
1023 963 1060 989 ut

61 1001 119 1039 rit,
143 999 304 1034 excidisset
329 1012 415 1034 meus
440 1001 494 1034 ille
525 997 794 1033 Adversariorum
828 998 918 1031 locus
940 1019 952 1037 ,
987 1009 1059 1032 eum

64 1043 196 1084 plexum
221 1055 285 1077 non
309 1043 477 1086 scripsisset
500 1043 551 1077 vel
574 1054 631 1076 non
658 1041 752 1084 plane
786 1042 941 1085 cognitum
966 1066 977 1083 ‚
1008 1041 1060 1075 vel

65 1095 102 1118 ne
123 1085 255 1120 antehac
278 1088 401 1130 quidem
432 1086 627 1129 observatum
650 1110 658 1120 .

106 1139 156 1172 24.
181 1130 272 1163 Nolo
296 1131 335 1164 ad
358 1130 487 1172 longam
510 1129 678 1163 historiam
700 1129 812 1171 longas
833 1139 963 1172 quoque
992 1128 1063 1164 Ad-

63 1175 248 1206 notationes
270 1184 433 1208 attexere.
458 1174 538 1207 Satis
570 1171 607 1205 sit
631 1184 727 1214 pauca
751 1196 762 1211 ‚
800 1184 898 1215 eaque
922 1172 1062 1207 summa-

62 1216 123 1249 tim
147 1216 317 1259 adjicere-.
350 1216 449 1255 Quod
475 1218 575 1260 igitur
606 1217 644 1250 ad
666 1217 803 1250 sternum
827 1218 942 1250 attinet
974 1226 1063 1251 certo

61 1258 137 1293 loco
160 1260 338 1294 extrorsum
362 1261 547 1302 prominens
563 1284 572 1299 ‚
595 1259 759 1303 costasque
783 1259 844 1294 suis
867 1271 941 1295 cum
963 1262 1063 1294 carti-

59 1301 248 1344 laginibus,
269 1316 331 1347 qua
358 1301 468 1337 crassas
490 1303 683 1337 sustinebant
715 1314 891 1342 mammas,
915 1304 1064 1338 crassam-

61 1357 126 1388 que
149 1349 376 1390 pinguedinem
401 1368 410 1384 ‚
444 1348 594 1389 utrinque
620 1346 698 1381 adeo
728 1347 903 1380 introrsum
939 1345 1065 1390 depres-

62 1391 108 1422 ias
132 1404 140 1427 ;
175 1401 261 1424 extat
286 1391 420 1425 Riolani
444 1391 497 1434 (a
519 1394 533 1430 )
556 1391 667 1424 locus:
691 1394 726 1423 In
749 1389 933 1424 mulieribus
966 1402 1065 1424 mam-

62 1432 155 1475 mofis
176 1437 218 1468 Θ*
239 1433 333 1477 obesis
356 1459 365 1475 ,
405 1434 544 1468 detraci‘a
566 1434 644 1467 mole
666 1444 870 1467 mammarum
887 1459 896 1474 ,
919 1437 1064 1468 ster-num

64 1478 275 1511 acuminatum
298 1477 498 1520 deprehendi,
519 1478 561 1510 &⁴
592 1476 706 1510 'Pectus
734 1476 911 1519 angustum,
932 1478 1011 1519 quod
1033 1478 1066 1510 in

62 1517 129 1551 illis
152 1521 245 1563 causa.
257 1519 329 1564 fuit
350 1522 492 1563 dyspnoeae
517 1533 527 1551 :
558 1519 644 1558 zstam
670 1520 837 1562 angustiam
870 1522 1066 1554 excitaverat

57 1563 178 1603 pondus
201 1574 407 1598 mammarum
433 1589 440 1597 .
472 1563 547 1596 Hoc
571 1563 721 1596 ultimum
746 1562 826 1595 mihi
850 1564 986 1597 dubium
998 1563 1062 1596 est.

63 1605 137 1651 Nisi
161 1610 247 1640 enim
272 1608 420 1640 mulieres
434 1609 606 1639 maximam
622 1607 775 1648 temporis
799 1617 920 1648 partem
944 1607 1064 1649 supinae

60 1660 185 1690 jaceant
210 1675 222 1691 ‚
252 1650 339 1693 quod
364 1648 465 1684 obesis
489 1652 520 1682 &
545 1649 728 1683 mammofis
751 1660 815 1682 non
840 1651 884 1684 ita
918 1662 1066 1683 comnio-

61 1694 140 1726 dum
165 1692 231 1734 est;
253 1703 463 1726 mammarum
490 1693 612 1734 pondus
636 1693 734 1726 costas
757 1694 864 1735 potius
887 1693 1066 1727 extrorsum

59 1736 167 1769 trahet
191 1761 200 1776 ,
233 1748 330 1778 quam
364 1736 540 1771 introrsum
574 1746 684 1778 urgeat
709 1761 716 1767 .
752 1736 853 1774 Quod
886 1748 943 1770 nec
967 1737 1067 1779 rigidi

60 1778 266 1823 adstrietique
290 1780 430 1815 thoracis
456 1778 526 1813 usui
562 1779 653 1821 poffis
687 1780 869 1821 imputare;
892 1782 949 1823 qui
980 1781 1067 1814 enim

60 1822 158 1857 costis
182 1834 317 1862 noceat;
343 1824 492 1857 mammis
515 1834 578 1856 non
604 1828 741 1857 noceat?
765 1824 975 1866 Quapropter
999 1835 1068 1856 ma-

60 1866 121 1899 lim
146 1867 296 1900 vitiosam
321 1867 410 1900 istam
435 1866 621 1900 strunuram
646 1880 662 1900 a
685 1867 870 1908 primordiis
903 1877 1065 1909 repetere:

59 1921 131 1953 quae
154 1912 310 1951 quoniam
325 1912 357 1942 in
372 1910 634 1953 praepinguibus‚
660 1910 903 1952 mammosisque
922 1921 987 1943 non
1011 1911 1069 1944 nisi

7 1962 10 1965 ·
59 1964 117 1996 per
149 1952 365 1988 diffeffionem
397 1961 561 1996 apparet·,
597 1953 721 1987 idcirco
752 1957 785 1987 in
816 1952 866 1986 his
889 1979 898 1994 ,
931 1966 988 1987 ceu
1022 1965 1070 1987 res

59 1997 263 2039 inexpectata
288 2019 298 2035 ‚
335 1997 606 2030 Anatomicorum
629 1997 759 2036 oculos,
785 1997 973 2040 animosque
997 1996 1068 2030 lon-

60 2050 100 2082 ge
126 2042 227 2083 magis
250 2041 394 2084 percellit
416 2063 429 2079 ,
460 2051 559 2082 quam
581 2042 615 2074 in
641 2042 818 2075 macilentis
839 2063 852 2079 ,
882 2041 915 2072 in
950 2042 1067 2083 quibus

61 2084 85 2117 ii
110 2082 177 2126 est,
201 2085 250 2118 vel
277 2094 351 2117 ante
375 2083 551 2116 sectionem
582 2085 679 2118 obvia
713 2085 756 2118 est
782 2108 789 2115 .
824 2084 949 2117 Verum
985 2086 1068 2117 unde

61 2127 145 2160 unde
170 2127 230 2167 sit,
253 2139 317 2161 non
342 2127 384 2160 est
407 2126 544 2160 dubium
566 2150 578 2167 ,
610 2130 689 2169 quin
724 2128 915 2169 pulmonum
947 2139 1067 2170 partem

63 2171 280 2209 coar&ando‚
305 2180 400 2204 tanto
425 2170 531 2204 minus
568 2182 622 2211 per
652 2171 710 2204 hos
744 2169 871 2203 facilem
905 2170 1068 2211 sanguinis

62 2215 335 2255 circulationem,
368 2212 612 2255 expeditamque
644 2214 890 2256 respirationem
923 2214 1035 2246 efficiat
1059 2239 1068 2254 ,

64 2259 122 2291 ubi
147 2258 320 2300 praesertim
345 2269 362 2290 a
385 2256 592 2289 convulsione
610 2283 618 2296 ‚
641 2266 696 2291 aut
729 2257 856 2290 aliunde
887 2259 976 2290 causa
1011 2256 1071 2290 ali-

62 2313 128 2344 qua
154 2301 213 2334 alia
239 2300 365 2334 accedat
389 2310 460 2342 quae
486 2309 656 2341 utram-que
687 2298 786 2334 faciat
818 2299 1035 2333 difficiliorem
1059 2325 1069 2333 .

60 2347 261 2387 Quanquam
287 2354 394 2378 autem
422 2342 605 2384 perdifficile
628 2345 670 2378 est
698 2346 731 2376 in
764 2344 1005 2386 praepinguibus
1030 2344 1071 2376 il-

58 2388 217 2423 liusmodi
241 2391 272 2421 ἃ
296 2388 479 2421 mammosis
503 2385 647 2420 foeminis
671 2410 680 2424 ‚
713 2387 770 2420 nisi
805 2386 889 2419 forte
922 2387 958 2420 ad
993 2385 1071 2420 ster.

53 2441 132 2465 num
152 2454 161 2469 ‚
185 2436 215 2466 &
239 2432 276 2465 ad
302 2440 515 2464 mammarum
539 2430 638 2464 latera
655 2430 775 2471 digitos
802 2429 936 2464 validius
961 2432 1070 2473 appri-

53 2476 196 2515 mendo,
219 2476 254 2508 id
281 2476 401 2507 vitium
423 2472 617 2514 cognoscere
642 2484 653 2511 3
688 2482 793 2507 tamen
818 2473 839 2506 si
866 2473 935 2506 illas
960 2475 1066 2507 multo

53 2519 221 2552 difficilior
254 2530 352 2561 quarn
385 2526 514 2551 caeteras
547 2517 815 2558 ejusdemmodi,
850 2516 1020 2559 respiratio
1054 2539 1065 2555 ‚

54 2563 145 2596 nulla
170 2573 342 2606 apparente
365 2560 455 2594 causa
473 2582 482 2596 ‚
507 2562 590 2594 male
613 2560 728 2594 habeat
753 2574 762 2598 3
796 2571 873 2594 num
910 2559 996 2593 forte
1030 2561 1066 2595 id

56 2607 224 2640 structurae
248 2606 367 2640 vitium
390 2606 424 2637 in
458 2602 550 2637 causa
584 2604 623 2637 sit
648 2628 657 2642 ,
693 2604 809 2638 licebit
851 2615 891 2637 ex
924 2603 1030 2638 nostra
1051 2628 1065 2644 ,

57 2654 89 2683 &
113 2651 248 2683 Riolani
272 2647 571 2683 Observationibus
594 2647 766 2690 suspicari.
790 2647 866 2680 Huc
890 2645 985 2680 facile
1009 2648 1065 2681 ad-

61 2695 135 2727 dere
159 2694 338 2736 exemplum
370 2700 483 2733 pote5‚
506 2704 521 2724 e
543 2692 751 2725 Commercio
774 2692 952 2724 Litterario
976 2694 986 2729 (
1011 2690 1029 2724 b
1052 2695 1065 2730 )

62 2738 206 2779 petitum
231 2760 243 2777 ,
275 2736 393 2769 nobilis
415 2733 563 2768 -foeminae
586 2735 739 2768 asthmate
761 2734 977 2772 conflifiatae,
1010 2746 1067 2767 cu-

64 2781 114 2824 jus
137 2780 300 2813 asthmatis
323 2780 424 2812 causis
456 2780 574 2811 merito
606 2779 762 2813 accenseri
795 2778 917 2811 videbis
950 2778 1067 2811 malam

64 2825 206 2867 pe&0ris
228 2821 519 2857 conformationem
544 2833 556 2861 ‚¹
582 2821 696 2864 fim'stri
725 2822 811 2854 enim
835 2821 945 2854 lateris
967 2821 1071 2861 coflae,

58 2868 206 2912 figmatis
230 2867 342 2906 instar,
364 2865 447 2898 ituro
469 2874 606 2898 curvatae
631 2888 641 2903 ‚
673 2864 816 2898 thoracis
839 2875 969 2898 caveam
1006 2866 1068 2896 mi-

47 2924 137 2951 ,rum
170 2913 205 2943 in
231 2909 363 2942 modurn
393 2909 557 2951 angustam
593 2907 752 2942 faciebant
776 2930 785 2945 ‚
820 2910 850 2941 &
884 2918 940 2940 cor
964 2932 974 2947 ,
1009 2907 1066 2940 bo-

64 2957 146 2989 vino
169 2955 266 2996 longe
290 2952 392 2993 majus
415 2974 424 2990 ‚
455 2953 488 2984 in
521 2952 690 2986 dexterum
714 2952 797 2984 latus
820 2950 1065 2993 deprimebant.

63 3001 154 3033 Cum
188 3007 294 3032 autern
329 2994 414 3036 obesa
446 2995 489 3028 θ
526 2994 721 3038 pinguiffima
768 2993 841 3027 esset
886 3006 919 3027 ea
954 2993 1066 3027 foemi-

64 3054 106 3076 na
129 3053 142 3081 ;
173 3042 240 3075 veri
263 3039 463 3073 fimillimum
485 3041 552 3079 est,
578 3040 695 3072 vitium
719 3037 801 3072 illud
825 3037 983 3072 costarum
1006 3038 1064 3072 sub

66 3087 171 3121 multa
193 3082 388 3127 pinguedine
411 3082 589 3115 delituisse.

110 3139 163 3172 25.
187 3130 238 3162 De
263 3124 353 3160 sensu
387 3134 492 3158 autem
525 3125 583 3157 illo
613 3124 701 3168 quasi
734 3123 976 3159 concidentium
1010 3136 1067 3159 co-

62 3174 183 3208 starum
207 3196 217 3211 ,
249 3170 287 3203 ad
318 3180 396 3211 quas
428 3168 608 3201 relevandas
654 3168 846 3202 mulierculae
881 3169 947 3201 suas
987 3168 1064 3210 saepe

65 3216 252 3252 acccersunt
280 3213 424 3245 Medicas
447 3212 480 3244 in
505 3211 694 3253 quibusdam
733 3211 908 3255 praesertim
932 3212 1064 3245 Civita-

61 3263 170 3298 cibus,
198 3267 234 3292 ut
257 3257 291 3289 in
315 3267 383 3289 mea
408 3255 570 3297 quondam
602 3256 712 3289 vidisse
737 3256 889 3293 memini,
915 3255 1064 3296 equidem

59 3304 154 3347 *quod
177 3312 237 3346 pro
260 3310 349 3334 certo
371 3298 477 3332 dicam
500 3321 512 3338 ‚
544 3310 606 3332 non
630 3299 732 3332 habeo
757 3325 764 3330 .
798 3299 856 3332 Sed
880 3307 985 3331 tamen
1011 3299 1060 3331 su-

61 3349 170 3391 ·spicor
195 3368 203 3383 ‚
235 3342 393 3377 confundi
425 3353 499 3374 cum
523 3353 559 3375 co
584 3342 669 3375 sensu
693 3342 873 3379 molestias,
898 3341 1060 3384 noxasque

61 3394 186 3434 aliquas
208 3400 248 3421 ex
271 3388 311 3419 iis
333 3398 409 3429 quas
434 3386 521 3418 intro
546 3396 674 3427 vergens
706 3385 873 3428 xiphoides
904 3386 1061 3425 cartilago

64 3436 178 3473 afferre
209 3431 289 3464 solet
316 3442 323 3462 .·
358 3428 476 3471 quibus
506 3430 544 3461 de
575 3431 667 3462 noxis
699 3430 769 3471 post
810 3427 1058 3463 Codronchium

154 3473 317 3518 Morgagni
327 3474 361 3506 de
372 3472 439 3506 sed.
450 3471 492 3504 Θ
501 3470 587 3513 Caus.
599 3472 699 3505 Morb.
713 3473 812 3506 Tom.
823 3473 838 3504 I
843 3473 869 3505 Ι.

1933 232 2029 278 209

1108 305 1119 340 (
1143 299 1214 342 c),
1238 301 1269 331 δι
1294 299 1471 342 Septaliurn
1494 302 1507 337 (
1527 299 1548 331 d
1570 301 1581 335 )
1605 297 1710 330 videre
1744 304 1836 337 potes
1867 297 2008 336 quaew'n
2050 295 2108 327 Se:

1108 343 1314 387 pulchretum
1354 343 1451 377 relata
1486 341 1546 375 fint
1579 351 1617 373 ex
1650 337 1942 373 Diemerbroeckio
1984 341 2070 378 (e)
2094 360 2105 376 ‚

1108 399 1147 421 ex
1170 385 1327 420 Barbetto
1349 385 1458 428 (f),
1479 388 1510 418 δε
1535 384 1660 416 Boneto
1684 382 1752 425 ipso
1777 386 1786 421 (
1807 393 1829 424 g
1851 385 1861 420 )
1888 390 2107 430 :nquanquam

1109 433 1141 463 &
1163 429 1320 464 costarum
1343 429 1541 472 quarundam
1565 426 1740 460 notharum
1770 427 1974 466 cartilagines
2007 425 2109 456 inter-

1108 474 1186 507 dum
1209 472 1347 514 deprimi
1370 495 1382 512 ‚
1413 483 1468 506 nec
1502 472 1583 505 levia
1614 469 1723 503 afferre
1757 467 1843 511 posse
1866 467 2075 500 incommoda
2099 486 2111 503 ‚

1107 529 1179 560 quae
1201 525 1308 551 tamen
1331 528 1437 549 earum
1470 516 1504 547 in
1537 514 1702 557 pristinam
1737 513 1839 546 sedem
1870 511 2074 544 restitutione
2097 531 2112 548 ‚

1108 560 1294 594 muliercula
1317 559 1350 593 id
1374 557 1561 601 praestante‚
1593 557 1756 591 continuo>
1785 555 1909 589 sublata
1944 555 2005 588 sint
2030 562 2112 600 ,lex

1110 604 1315 646 Sepulchreto
1337 604 1449 636 eodem
1472 604 1487 641 (
1507 602 1527 635 h
1550 605 1563 641 )
1588 601 1663 635 scies
1687 624 1696 632 .
1732 599 1791 632 Sed
1815 610 1893 632 num
1916 609 1960 631 eae
1983 596 2113 631 cartila-

1111 649 1199 689 gines
1222 648 1258 680 ad
1284 647 1366 689 ipsas
1389 646 1467 678 duas
1490 652 1642 678 extremas
1678 643 1801 681 costas,
1825 650 1879 675 aut
1904 641 1941 674 ad
1965 640 2114 674 ultimam

1112 691 1329 728 attinuerint‚
1355 701 1410 723 nec
1434 689 1542 731 potius
1575 688 1612 721 ad
1636 697 1744 719 earum
1768 686 1907 728 aliquam
1932 695 2002 724 quae
2021 681 2113 723 supra

1112 734 1190 769 duas
1212 744 1367 767 extremas
1390 733 1536 775 proxime
1561 731 1654 769 sunt,
1678 728 1864 762 infimarum
1889 727 2018 772 illarum
2043 736 2114 757 car-

1102 778 1287 821 ,tilaginum
1321 787 1396 811 nota
1421 776 1560 808 brevitas
1583 773 1663 807 facit
1688 796 1697 813 ‚
1730 781 1766 805 ut
1797 771 1943 807 dubitem
1960 792 1969 808 ,
1994 768 2117 816 multo-3

1111 832 1197 865 que.
1217 822 1319 864 magis
1342 846 1350 861 ‚
1387 831 1460 853 cum
1503 816 1679 860 inferiorem
1715 826 1824 849 earum
1861 814 1933 855 lego
1962 811 2117 854 superiora

1113 864 1298 910 incubuiffe.
1322 867 1487 898 Caeterum
1511 863 1544 894 in
1569 859 1735 903 propofita
1759 870 1775 891 a
1798 869 1847 904 me
1872 856 2009 889 foemina
2046 854 2117 886 sen-

1111 909 1161 943 sus
1193 908 1231 943 de
1264 921 1330 952 quo
1353 908 1516 952 loquimur
1540 926 1550 943 ,
1582 905 1619 940 ad
1651 904 1791 946 aliquam
1816 901 2030 949 ejusgeneris
2064 907 2117 930 at-

1110 954 1245 986 tinuerit
1277 952 1403 986 causam
1428 979 1437 993 ‚
1470 962 1508 985 an
1553 949 1591 984 ad
1622 947 1716 982 aliani
1751 956 1848 990 quam
1883 944 1946 993 tibi
1980 953 2013 992 in
2045 952 2117 975 mu-

1111 997 1189 1031 liere
1212 997 1273 1030 alia
1296 996 1427 1039 exposui
1451 998 1465 1035 (
1486 994 1532 1036 i)
1557 1016 1566 1030 ‚
1598 993 1724 1036 praestat
1745 992 1780 1024 in
1815 986 1922 1023 medio
1954 986 2118 1029 relinque-

1110 1052 1144 1074 re
1165 1063 1178 1080 ‚
1211 1051 1310 1082 quam
1345 1040 1399 1073 hic
1421 1036 1635 1073 inconsultius
1667 1035 1853 1069 decernere.

1156 1085 1207 1117 26.
1230 1083 1332 1121 Quod
1356 1094 1434 1116 vero
1457 1082 1495 1115 ad
1518 1090 1663 1115 carneam
1686 1078 1793 1113 cordis
1827 1076 2037 1112 substantiam
2070 1080 2119 1124 alf-

1113 1128 1199 1162 tinet
1233 1128 1477 1169 degenerantem
1509 1127 1542 1158 in
1574 1122 1757 1157 tendineam
1779 1143 1789 1160 ‚
1827 1121 1902 1155 inde
1934 1119 2015 1155 illud
2051 1128 2120 1166 pry-

1114 1181 1203 1205 mum
1226 1170 1421 1204 intellexeris
1444 1190 1454 1206 ,
1487 1178 1552 1201 non
1575 1176 1693 1200 temere
1714 1178 1731 1199 a
1756 1177 1807 1198 me
1830 1165 1907 1198 alibi
1928 1167 1942 1203 (
1964 1162 2016 1204 lg)
2042 1158 2121 1194 suis-

1114 1215 1146 1249 se
1168 1214 1307 1257 pofitum
1331 1235 1341 1251 ‚
1372 1213 1406 1247 id
1429 1212 1518 1254 posse
1541 1210 1609 1244 fieri
1633 1232 1644 1248 ‚
1676 1220 1750 1243 cum
1774 1208 1926 1241 videlicet
1958 1208 1991 1239 in
2016 1217 2053 1238 eo
2076 1202 2122 1253 es-

1116 1258 1200 1299 sem,
1226 1268 1262 1292 ut
1286 1268 1349 1300 qua
1373 1258 1500 1290 ratione
1532 1254 1696 1288 interdurn
1719 1252 1758 1285 fit
1791 1252 1847 1285 illa
1880 1250 2052 1284 substantia
2083 1257 2118 1296 in

1116 1301 1231 1335 osseam
1265 1310 1387 1335 mutata
1413 1326 1424 1342 ,
1459 1298 1654 1341 explicarem
1678 1322 1686 1329 .
1732 1297 1844 1329 Tanto
1877 1303 1986 1341 autern
2020 1301 2122 1332 magis

1115 1345 1295 1379 decrescere
1328 1346 1410 1378 vires
1433 1343 1558 1383 cordis,
1582 1350 1704 1385 quanto
1728 1339 1833 1382 plures
1856 1349 1924 1380 ejus
1957 1345 2062 1381 partes
2085 1345 2125 1368 ex

1117 1391 1238 1423 carneis
1261 1387 1420 1422 tendineae
1444 1387 1523 1419 fiant
1549 1408 1558 1425 ‚
1590 1384 1734 1428 proclive
1759 1382 1800 1416 est
1825 1383 1875 1415 vel
1898 1393 1936 1414 ex
1967 1382 2008 1414 iis
2031 1379 2126 1413 colli-

1119 1444 1219 1475 gere,
1240 1443 1312 1474 quae
1335 1432 1451 1465 eodem
1473 1430 1548 1463 loco
1571 1431 1585 1467 (
1607 1427 1653 1470 l)
1676 1427 1791 1473 scripta
1828 1425 1899 1458 sunt
1913 1449 1928 1474 ,Ι
1946 1426 2047 1474 IJorro
2070 1423 2127 1455 de-

1119 1484 1285 1510 creverant
1308 1475 1342 1507 in
1366 1487 1403 1508 eo
1425 1473 1608 1508 ventriculo
1628 1472 1681 1505 cui
1706 1469 1880 1511 majoribus
1898 1468 2021 1501 Viribus
2045 1476 2129 1515 opus

1118 1521 1183 1557 est,
1207 1519 1364 1552 nimirum
1388 1516 1513 1550 sinistro
1534 1538 1543 1553 ,
1576 1516 1634 1557 qui
1668 1523 1819 1556 praeterea
1845 1537 1854 1553 ‚
1889 1520 1925 1545 ut
1959 1518 2130 1553 protomus

1116 1574 1246 1606 quoque
1271 1561 1401 1603 Magnae
1425 1559 1550 1594 arteriae
1573 1557 1695 1591 caudex
1719 1582 1727 1596 ‚
1760 1556 1880 1588 vitium
1913 1555 2049 1588 alterum
2071 1551 2128 1585 ha·-

1119 1607 1215 1641 bebat
1240 1627 1250 1643 ,
1285 1604 1489 1638 dilatationis
1512 1626 1521 1636 .
1554 1601 1628 1634 Nec
1664 1601 1779 1632 mulier
1815 1609 1921 1632 tamen
1955 1597 1995 1630 de
2030 1594 2128 1628 vehe-

1121 1650 1223 1684 menti
1255 1648 1362 1682 cordis
1394 1647 1578 1690 pulsatione
1610 1643 1783 1685 conquesta
1818 1640 1956 1678 fuerat;
1991 1649 2130 1682 namque

1121 1696 1156 1727 in
1180 1693 1269 1725 vitiis
1291 1689 1548 1734 aneurysmaticis
1562 1688 1753 1721 Albertinus
1774 1690 1788 1727 (
1812 1697 1843 1719 m
1868 1688 2034 1734 [quoque
2057 1682 2131 1725 pul-

1119 1737 1274 1771 sationem
1297 1742 1354 1768 aut
1369 1734 1442 1776 sane
1465 1733 1642 1771 modicam,
1664 1738 1722 1763 aut
1744 1730 1830 1772 longe
1853 1738 2003 1762 mmorem
2039 1738 2131 1760 com-

1119 1782 1204 1823 perit
1229 1804 1238 1820 ‚
1270 1778 1323 1812 ubi
1341 1776 1513 1820 substantia
1545 1775 1646 1808 cordis
1668 1786 1686 1808 a
1719 1772 1781 1815 basi
1813 1771 1899 1805 ultra
1930 1771 2129 1805 medietatem

1120 1824 1216 1866 ipfius
1238 1820 1426 1861 confistentia
1441 1844 1454 1860 ‚
1479 1822 1522 1854 (θ’
1546 1817 1644 1851 colore
1668 1816 1750 1859 quasi
1786 1816 1929 1849 tendinea
1943 1841 1953 1857 ‚
1979 1823 2034 1848 aur
2050 1812 2130 1862 flac-

1121 1867 1191 1900 cida
1212 1866 1309 1900 nimis
1332 1862 1497 1905 evaserat,
1519 1872 1637 1903 nempe
1660 1861 1766 1894 cordis
1800 1858 1918 1891 robore
1954 1858 1993 1891 ab
2017 1857 2131 1892 utrali-

1124 1910 1180 1943 bet
1214 1907 1447 1944 constitutione
1479 1906 1655 1940 debilitato
1678 1929 1687 1938 .
1719 1904 1845 1936 Verum
1879 1901 1948 1935 haec
1981 1903 2060 1948 viti-a
2094 1912 2132 1933 o-

1124 1954 1211 1987 mnia
1235 1977 1248 1993 ,
1280 1954 1310 1984 &
1337 1952 1397 1985 alia
1433 1961 1505 1993 quae
1527 1951 1563 1983 in
1589 1949 1711 1991 Magna
1749 1946 1863 1980 arteria
1898 1945 2075 1991 descripsi,
2099 1947 2132 1977 δε

1122 1996 1211 2040 quasi
1236 1995 1385 2029 tendinea
1410 1994 1524 2027 multis
1546 1993 1627 2026 locis
1650 1990 1734 2025 faeta
1767 1990 1957 2032 pulmonum
1987 1986 2132 2022 substan-

1123 2043 1170 2075 tia
1195 2065 1205 2081 ,
1240 2038 1479 2080 eorundemque
1504 2062 1515 2078 ,
1551 2038 1582 2069 δι
1605 2036 1711 2069 cordis
1735 2045 1790 2077 per
1820 2032 1982 2068 costarum
2005 2031 2134 2075 depres-

1121 2085 1243 2117 sionem
1267 2083 1467 2121 coarctatio,
1492 2080 1586 2120 haec,
1608 2081 1741 2121 inquam
1766 2077 1911 2110 universa
1934 2099 1944 2115 ‚
1980 2076 2131 2119 praeclare

1123 2127 1214 2160 vides
1235 2150 1248 2167 ,
1280 2135 1317 2160 ut
1341 2125 1504 2159 exitialem
1529 2123 1634 2158 facere
1658 2122 1823 2165 potuerint
1847 2132 1921 2154 cum
1945 2120 2132 2162 respiratio-

1122 2172 1196 2208 nis,
1222 2180 1293 2203 tum
1317 2170 1561 2203 circumitionis
1575 2166 1738 2209 sanguinis
1760 2166 2048 2206 interceptionem,
2073 2164 2130 2198 ubi

1125 2213 1224 2247 solito
1247 2213 1426 2246 violentior
1440 2222 1638 2249 nervorum,
1663 2208 1776 2243 iisdem
1791 2207 2128 2243 Partibusinservien·

1124 2259 1208 2291 tium
1223 2282 1232 2297 ,
1255 2254 1425 2290 convulsio
1449 2254 1576 2289 accessit
1590 2278 1597 2286 .

1172 2312 1223 2344 27.
1248 2301 1343 2333 Hanc
1366 2324 1376 2340 ‚
1408 2307 1445 2332 ut
1468 2299 1607 2332 leviores
1630 2297 1706 2332 alias
1729 2296 1847 2339 quibus
1879 2296 2022 2330 obnoxia
2059 2309 2134 2332 mu·

1124 2344 1186 2377 Jier
1208 2342 1313 2376 fuerat
1339 2368 1350 2384 ,
1384 2343 1424 2375 ab
1446 2352 1541 2376 utero
1560 2364 1569 2381 ,
1601 2345 1632 2375 &
1657 2340 1790 2374 testibus
1811 2341 1972 2382 originem
1997 2340 2133 2375 habuis-

1125 2387 1156 2421 se
1181 2412 1190 2427 ‚
1223 2398 1256 2420 ea
1290 2398 1361 2429 quae
1396 2386 1430 2418 in
1465 2386 1524 2419 illo
1546 2408 1558 2426 ,
1592 2387 1623 2417 &
1647 2383 1696 2418 his
1721 2393 1834 2427 praeter
1867 2394 2014 2418 naturam
2047 2397 2128 2423 con-

1124 2432 1287 2473 speximus
1310 2452 1320 2467 ,
1353 2433 1383 2463 &
1406 2430 1568 2472 incipiens.
1588 2429 1680 2462 illinc
1702 2426 1790 2470 quasi
1824 2428 2019 2461 ascendentis
2043 2430 2128 2463 uteri

1123 2474 1225 2508 sensus
1250 2495 1259 2510 ‚
1291 2473 1443 2506 videntur
1466 2471 1668 2515 significare.
1691 2472 1782 2505 Nam
1804 2470 1860 2505 etsi
1896 2481 2023 2505 uterum
2046 2484 2060 2513 ,·
2092 2473 2127 2507 id

1118 2517 1209 2559 quod
1232 2516 1302 2550 fieri
1337 2528 1401 2549 non
1427 2515 1528 2558 potest
1553 2530 1563 2553 3
1596 2526 1614 2548 e
1636 2516 1688 2548 sua
1712 2514 1782 2548 sede
1816 2514 1939 2550 sursum
1976 2516 2127 2559 progres-

1118 2560 1188 2594 sum
1213 2572 1278 2593 non
1302 2558 1497 2593 offendimus
1520 2571 1533 2600 ,·
1564 2559 1716 2592 intestina
1753 2567 1862 2592 tamen
1886 2571 1958 2602 quae
1993 2562 2126 2594 mentiri

1118 2605 1152 2638 id
1176 2603 1318 2646 possent,
1344 2614 1409 2636 non
1433 2603 1530 2636 modo
1555 2601 1692 2636 flatibus
1715 2602 1848 2636 distenta
1873 2603 2011 2637 vidimus
2032 2625 2042 2642 ,
2074 2603 2126 2638 sed

1118 2660 1136 2682 a
1160 2648 1319 2680 consuetis
1342 2646 1454 2680 {itibus
1476 2648 1575 2680 etiam
1596 2646 1721 2680 dimota
1746 2672 1754 2680 .
1787 2645 1840 2679 Ad
1863 2657 1935 2688 qnae
1958 2649 2130 2682 convulsio

1120 2703 1174 2735 per
1198 2702 1312 2724 nervos
1335 2689 1429 2724 facile
1452 2700 1624 2733 prorepere
1647 2690 1856 2723 consueverat
1879 2701 1952 2723 cum
1973 2692 2012 2723 iis
2036 2703 2128 2725 com-

1120 2736 1320 2767 municantes
1344 2735 1402 2776 qui
1425 2735 1538 2774 tubis,
1561 2737 1591 2767 &
1614 2733 1746 2766 testibus
1758 2732 1986 2767 subservientes
2009 2735 2042 2766 in
2055 2736 2131 2769 Alis

1123 2777 1402 2819 Vespertilionum
1436 2776 1597 2810 crasliores
1632 2788 1648 2809 a
1683 2776 1776 2809 nobis
1810 2776 1972 2818 conspecti
2006 2776 2077 2810 sunt
2107 2801 2123 2818 ,

1121 2822 1245 2863 quippe
1270 2820 1384 2862 saepius
1407 2830 1483 2854 orto
1505 2819 1880 2853 atestibusirritamento
1904 2822 2030 2853 vexati.
2055 2822 2123 2856 Hic

1123 2863 1252 2897 fortasse
1275 2865 1382 2897 dicesz
1409 2873 1439 2896 at
1464 2863 1543 2905 saepe
1567 2864 1600 2895 in
1626 2863 1715 2901 aliis,
1740 2864 1845 2900 uteri,
1868 2865 1899 2895 δέ
1924 2863 2052 2897 testium
2064 2877 2127 2899 no-

1116 2918 1167 2940 xae
1191 2909 1404 2940 inveniuntur
1429 2908 1534 2939 multo
1569 2905 1704 2948 majores
1725 2929 1734 2945 ‚
1770 2917 1841 2949 quae
1875 2916 1981 2939 tamen
2015 2908 2123 2942 istius.

1118 2951 1207 2984 modi
1231 2951 1382 2993 gravibus
1408 2949 1632 2984 affeffionibus
1655 2961 1720 2983 non
1747 2949 1872 2983 fuerant
1905 2948 2123 2986 conflic'batae.

1120 2994 1231 3028 Vero.
1257 2994 1314 3027 Sed
1339 3004 1402 3027 non
1424 2993 1576 3026 omnibus
1599 3004 1687 3035 aeque
1698 2995 1779 3026 acris
1793 2996 1925 3027 materia
1949 2994 2028 3029 inest
2049 3008 2121 3039 quae

1119 3038 1252 3078 irritet,
1277 3048 1377 3079 neque
1388 3037 1541 3070 omnibus
1555 3048 1644 3078 aeque
1669 3038 1757 3070 nervi
1781 3036 1818 3070 ad
1842 3038 2046 3072 irritamenta
2070 3040 2121 3074 su..

1121 3080 1282 3123 scipienda
1307 3082 1423 3121 proni,
1446 3090 1480 3113 ut
1504 3078 1648 3113 foeminae
1671 3079 1769 3116 huic,
1794 3092 1809 3113 a
1833 3081 1896 3114 levi
1928 3093 2122 3126 quacunque

1118 3126 1248 3157 timoris
1270 3123 1360 3157 causa
1386 3124 1555 3158 trementi,
1580 3134 1681 3165 neque
1704 3124 1833 3158 demum
1867 3126 2017 3158 omnibus
2038 3149 2048 3164 ,
2082 3137 2121 3162 ut

1117 3167 1195 3201 huic
1209 3191 1219 3206 ,
1244 3181 1275 3200 ea
1289 3167 1447 3201 viscerum
1461 3168 1697 3208 praecipuorum
1712 3168 1792 3201 vitia
1805 3191 1815 3206 ,
1841 3177 1900 3207 ut,
1916 3166 1936 3199 fi
1950 3167 2119 3204 vehemen-

1114 3212 1182 3244 tior
1204 3219 1314 3253 urgeat
1326 3210 1513 3248 convulfio,
1538 3209 1673 3243 resistere
1686 3222 1750 3243 non
1764 3210 1897 3251 possint.
1923 3211 2001 3252 Qo
2015 3215 2117 3253 magis

1114 3254 1178 3287 illis
1201 3254 1366 3297 liyste‘ricis
1380 3278 1389 3293 ‚
1410 3254 1513 3299 iisque
1533 3252 1827 3295 hypochondriacis
1847 3254 2027 3288 timendum
2054 3250 2118 3296 est,

1112 3298 1230 3338 quibus
1244 3307 1297 3330 aut
1309 3297 1483 3331 humorum
1493 3321 1504 3336 ,
1517 3307 1572 3332 auc
1582 3300 1817 3339 praecipuorum
1830 3296 1986 3331 viscerum
2010 3298 2117 3335 labem

1114 3340 1206 3374 simul
1229 3340 1286 3373 esse
1310 3342 1511 3383 graviorem,
1535 3350 1587 3374 aut
1614 3339 1767 3379 sciamus,
1792 3349 1846 3374 aut
1868 3341 1985 3374 merito
2020 3343 2117 3386 suspi.

1113 3386 1179 3418 cari
1203 3383 1369 3426 possimus.
1395 3384 1495 3426 Quod
1517 3395 1589 3419 cum
1600 3382 1682 3416 haud
1696 3382 1768 3416 satis
1779 3384 1978 3417 attenderent
1992 3387 2118 3422 Medici

1111 3427 1244 3472 quidam
1265 3450 1279 3468 ,
1314 3430 1460 3470 alioquin
1490 3439 1558 3461 non
1582 3427 1706 3459 indoc'ii
1733 3437 1746 3464 ;
1774 3426 1933 3471 Juvenem
1979 3432 2114 3465 memini
2163 3441 2165 3444 ’

1669 3470 1708 3503 D·
1723 3468 1746 3504 d
1962 3470 2073 3515 hypo-

179 3701 187 3729 )
204 3700 227 3723 1.
245 3706 270 3722 n-
291 3705 327 3726 ¹4.
344 3696 368 3720 in
384 3695 444 3720 fine.
507 3697 552 3724 (z
567 3695 581 3723 )
597 3694 655 3720 Obs.
673 3697 744 3720 Anat.
763 3703 782 3719 c.
804 3703 835 3720 ιι.

175 3735 186 3757 )
201 3732 237 3753 De
256 3727 365 3756 Prolapsu
382 3729 497 3751 Muci-on.
514 3727 619 3753 Cartilae

173 3760 187 3788 )
204 3758 267 3784 lbid.
287 3760 303 3783 l.
322 3765 342 3788 3.
360 3760 381 3782 S.
398 3766 422 3786 7.
440 3758 465 3781 in
483 3757 612 3818 segur-'ag
622 3757 680 3814 (1)ξῖ
700 3765 735 3786 ¹9·
798 3756 807 3786 (

854 3695 876 3726 §-
894 3703 930 3723 17.

116 3701 163 3730 (1

121 3730 169 3819 {sk
822 3763 841 3787 g
857 3761 867 3783 >
883 3756 907 3780 in
925 3756 975 3780 eod.
992 3755 1073 3780 sthoi.

182 3790 198 3819 -)
214 3789 289 3819 Epist.
307 3796 344 3819 ²7.
364 3795 389 3813 n.
409 3793 445 3822 ¹7·

993 3699 1003 3720 ‹
1019 3704 1034 3719 a
1048 3695 1064 3724 )
1077 3691 1215 3720 Εῆἷὴείτίἀ.
1231 3696 1348 3720 Anatom.
1364 3694 1382 3718 l.
1400 3697 1423 3718 6.
1439 3700 1460 3719 e.
1478 3702 1517 3723 14.

693 3729 706 3757 (
720 3727 735 3750 d
749 3729 761 3755 -)
778 3727 813 3750 De
827 3726 923 3750 Morbis
937 3733 966 3749 ex
984 3728 1101 3750 Muci-on.
1114 3727 1234 3755 Cartilag.

1581 3693 1619 3724 (b
1634 3694 1643 3724 3
1661 3696 1691 3728 A..
1711 3702 1779 3724 ¹733.
1797 3695 1878 3720 nebi,
1897 3702 1933 3724 37.
1949 3703 1973 3719 n.
1990 3703 2013 3720 z.

1295 3727 1303 3754 (
1322 3734 1334 3749 e
1354 3727 1359 3749 'f
1377 3725 1498 3754 Sepulchr.
1516 3725 1535 3749 l.
1553 3732 1574 3748 2.
1593 3726 1616 3749 S,
1638 3733 1656 3749 1.
1672 3733 1698 3750 in
1715 3726 1829 3750 Additum
1856 3725 1916 3749 Obs-
1935 3733 1972 3751 ιι.

1135 3755 1142 3785 (
1161 3757 1175 3779 h
1195 3759 1202 3785 J
1216 3756 1232 3780 l.
1244 3764 1267 3780 ει,
1285 3757 1308 3780 S.
1327 3763 1347 3780 1.
1365 3754 1390 3779 in
1406 3756 1487 3783 schol.
1502 3755 1532 3782 ad
1547 3754 1608 3782 ΟΜ.
1626 3758 1677 3781 116.
1740 3757 1750 3786 s
1764 3757 1775 3781 ι’
1789 3756 1804 3785 )
1818 3756 1890 3786 Epist.
1907 3759 1945 3783 26.
1961 3763 1986 3782 n.
2002 3763 2039 3786 ²5³

729 3789 744 3818 ζ
758 3795 782 3812 m
798 3787 812 3818 )
829 3789 864 3812 De
881 3788 975 3812 Bonon.
992 3788 1031 3812 Sc.
1048 3786 1107 3814 Inst.
1123 3786 1149 3812 in
1164 3787 1253 3817 opusc.
1269 3789 1343 3813 Tom.
1362 3792 1382 3812 ι.
