2498 4075
408 165 512 220 <285

397 258 426 289 ς.
447 244 632 291 JUVENI
658 255 814 278 annorum
826 245 955 278 circiter
967 245 1085 286 viginti
1100 246 1200 280 trium
1212 246 1278 279 duo
1288 246 1360 279 vul-

354 302 428 325 nera
452 289 554 324 caeslm
580 287 800 330 infliguntur,
823 287 1016 323 alterumvin
1041 287 1260 331 sinistra-parte
1270 289 1371 322 fron--

354 338 398 368 tis
414 333 571 373 ,alterum
594 328 684 373 quasi
706 343 722 366 e
744 329 868 368 directo
890 332 924 365 in
947 331 1086 373 occipite
1100 355 1107 363 .
1121 333 1230 366 Inanis
1251 332 1293 368 est
1316 330 1354 366 ad

355 379 518 411 vomitum
543 375 709 409 irritatio.
734 374 879 407 Moritur
911 374 997 408 circa
1033 373 1121 408 diem
1164 375 1353 420 vigesimum

354 421 526 463 quinstum
540 439 548 448 ·
672 417 837 451 CAPUT
860 414 1012 455 secando,
1038 417 1123 451 nihil
1144 419 1233 454 intus
1252 441 1264 458 ,
1298 431 1355 452 ex..

355 474 445 497 trave
468 469 628 504 repertum
652 459 695 496 est
720 459 877 495 adnotatu
900 460 1035 503 dignum
1082 460 1145 497 uod
1168 462 1205 496 ad
1239 464 1353 497 vulnus

353 506 509 548 occipitis
553 504 722 536 attineret.
747 501 879 536 Vulnus
924 513 1030 539 autem
1081 507 1180 539 tontis
1211 507 1352 549 primum

350 550 490 583 exterius
535 547 654 580 saniem
698 549 784 580 circa
814 545 843 578 se
866 547 950 581 inter
973 557 1103 586 cutem,
1128 552 1160 582 δι
1205 552 1351 583 cranium

335 591 515 630 rnssaendst,
538 601 610 633 quae
631 590 680 623 ibi
704 590 941 633 perierat-nium,
962 593 993 624 &
1016 593 1099 626 cutis
1131 591 1234 633 ipsiuss
1269 594 1354 626 inte-

350 637 471 670 riorem
494 632 609 669 faciem
631 633 775 676 herpetis
798 631 894 667 instar
918 634 1081 669 exedentis
1103 634 1240 669 eroserat
1261 659 1273 676 ,
1317 639 1349 669 &

351 681 571 716 anteriorem,
594 676 790 718 eandemque
814 676 1007 718 superiorem
1032 678 1167 713 musculi
1201 679 1350 721 Tempo-

351 723 427 758 ralis
452 732 573 765 partem
598 719 749 753 nonnihil
774 721 987 761 separaverat.
1014 724 1106 756 Intus
1129 733 1227 761 vero,
1249 734 1349 763 quan-

351 778 447 809 quam
471 777 507 799 os
532 764 652 799 frontis
676 762 780 796 nihilo
806 766 907 805 inagis
929 775 1027 805 quam
1051 765 1223 806 occipitis‚
1249 765 1349 798 laesio-

352 821 424 844 nem
446 807 648 843 ostenderat}
672 816 779 839 tamen
803 807 888 840 inter
910 807 992 842 illud
1015 820 1051 843 os
1074 831 1085 848 ‚
1129 811 1162 841 δε
1205 808 1351 843 Craffam

352 854 537 894 meningem
560 851 662 883 sanies
685 859 750 882 erat
774 849 813 882 ad
856 850 1024 885 drachmas
1045 851 1144 888 duas,
1166 862 1238 893 quae
1281 863 1349 885 eam

352 896 535 937 meningen]
558 894 717 927 eroserat.
744 892 834 929 Quin
859 895 959 927 etiam
984 907 1000 928 a
1023 894 1144 929 dextris
1169 895 1226 929 sub
1247 897 1350 930 cranii

351 939 512 981 superiore
536 946 627 980 parte
650 938 684 968 in
709 935 856 970 vasorum
889 937 1144 979 {anguiferorum
1190 940 1349 981 meningis

350 982 491 1025 ejusdem
515 981 697 1015 interstitiis
721 981 853 1028 materia
876 981 1007 1015 inventa
1030 982 1074 1016 est
1098 981 1194 1015 saniei
1216 983 1349 1019 simili53

350 1027 401 1060 sed
425 1024 708 1060 densior-Caetera
731 1032 815 1057 intra
837 1026 985 1060 cranium
1008 1025 1179 1060 secundum
1204 1035 1350 1059 naturam

349 1072 378 1106 se
391 1070 555 1105 habebant
567 1092 575 1102 .

394 1117 426 1146 6.
453 1112 604 1146 SENEX
629 1122 728 1145 annos
751 1120 843 1145 natus
866 1111 905 1146 ad
950 1112 1112 1155 sexaginta
1137 1138 1148 1152 ‚
1192 1111 1350 1155 epilepfiae

350 1157 442 1191 valde
465 1157 646 1195 obnoxius,
671 1155 749 1188 dum
771 1166 805 1188 ea
826 1164 995 1199 correptus
1018 1158 1051 1189 in
1074 1166 1191 1190 terram
1226 1156 1314 1190 cadit
1339 1180 1348 1195 ‚

348 1198 443 1235 fimul
467 1200 610 1234 thoracis
636 1197 793 1232 sinistram
819 1208 966 1242 partem,
991 1199 1089 1245 simul
1106 1199 1221 1240 capitis
1265 1198 1350 1233 idem

347 1245 433 1280 latus
459 1247 552 1286 supra
577 1242 808 1284 Temporalem
834 1243 1014 1276 musculum
1037 1243 1193 1275 ostendit.
1219 1241 1350 1276 Thora—

343 1291 391 1324 cis
416 1300 451 1320 ea
474 1298 546 1329 pars
570 1287 710 1319 multum
735 1285 845 1319 dolet:
870 1284 1011 1319 difficilis
1034 1285 1079 1319 est
1103 1287 1295 1332 respiratio,
1317 1289 1349 1319 δέ

343 1332 509 1378 principio
536 1330 661 1371 sanguis
683 1327 837 1361 vomendi
861 1338 980 1362 conatu
1005 1341 1057 1371 per
1079 1340 1115 1362 os
1126 1330 1349 1371 ejicitur.Ca-

343 1385 403 1419 put
426 1373 589 1408 imbecille
611 1370 673 1411 est,
696 1372 868 1408 obtusum,
893 1383 1014 1413 grave5
1037 1382 1071 1406 ut
1104 1375 1318 1415 interrogatus
1339 1398 1349 1413 ,

342 1423 400 1453 vix
423 1417 630 1460 respondeat·
767 1415 973 1449 MORTUI
1020 1417 1172 1450 Thorace
1205 1426 1314 1458 aperto
1337 1439 1346 1454 ,

345 1462 467 1498 sinistra
489 1472 583 1493 cavea
607 1459 702 1498 sana3
726 1460 760 1492 in
783 1459 912 1492 dextera
937 1469 1043 1493 autem
1069 1459 1171 1493 serum
1184 1459 1222 1493 ad
1233 1461 1348 1494 libram

342 1507 474 1541 circiter
498 1504 681 1541 invenitur,
707 1505 738 1535 &
762 1502 874 1545 pulmo
899 1501 1042 1544 superius
1066 1502 1102 1536 ad
1128 1503 1270 1543 pleuram
1294 1505 1347 1537 ad-

343 1550 465 1587 haerens
480 1574 489 1588 ‚
512 1545 688 1588 totusque,
711 1557 747 1579 ut
771 1547 805 1578 in
829 1546 1095 1588 peripneumonia
1119 1546 1220 1586 solet,
1254 1546 1348 1581 indu-

342 1604 451 1628 ratus.
476 1590 596 1625 Cordis
622 1588 797 1623 ventriculi
821 1591 1044 1623 concretiones
1067 1589 1239 1632 polyposas
1271 1601 1350 1623 con-

342 1639 515 1675 tinebant,
538 1639 565 1667 &
591 1634 703 1666 dexter
726 1632 858 1673 quidem
883 1632 1056 1674 majorem.
1187 1635 1226 1667 In
1248 1634 1350 1676 Capi-

341 1691 375 1715 te
399 1679 520 1714 sinister
544 1676 704 1711 musculus
726 1676 934 1717 Temporalis
957 1676 1110 1710 contusus
1122 1677 1348 1719 aliquantum:

341 1725 450 1759 cranio
475 1730 581 1756 autem
606 1718 748 1755 recluso,
772 1720 857 1751 inter
881 1718 1041 1753 sinistrum
1074 1731 1110 1752 os
1147 1723 1313 1753 Petreium
1337 1745 1349 1761 ‚

340 1771 373 1803 &
398 1769 525 1801 Duram
560 1765 744 1804 meningem
767 1765 912 1795 concreti
938 1761 1101 1804 sanguinis
1125 1765 1235 1804 portio
1260 1764 1346 1796 inve-

340 1813 459 1850 nitur,
484 1809 567 1843 arRe
592 1809 671 1840 adeo
694 1805 795 1839 eidem
820 1807 964 1848 meningi
990 1805 1173 1842 adhaerens,
1199 1816 1235 1840 ut
1280 1816 1344 1839 non

340 1855 397 1889 nisi
424 1849 454 1886 vi
482 1851 618 1896 separari
641 1847 756 1891 poffit.
779 1851 944 1882 Caeterum
971 1849 1029 1882 Pia
1054 1848 1091 1882 ad
1115 1850 1264 1883 vasorum
1299 1849 1345 1883 la-

343 1907 410 1932 tera
430 1895 634 1940 gelatinosam
659 1894 718 1926 seri
742 1893 1008 1933 concretionein‚·
1032 1893 1204 1926 ventriculi
1229 1893 1346 1935 paulu-

340 1944 408 1976 lum
433 1942 529 1974 serofi
555 1939 702 1973 humoris
725 1935 955 1971 ostenderunt:
987 1936 1150 1979 reliquum
1182 1937 1347 1971 cerebrum

340 1986 450 2020 sarium
474 1983 538 2018 fuit
552 2006 560 2016 .
793 2005 795 2007 ·

382 2040 414 2072 7.
441 2029 530 2060 VIR
580 2026 767 2068 uadraginta
793 2035 892 2057 annos
917 2033 1011 2058 natus
1034 2033 1072 2057 ex
1095 2023 1161 2057 alto
1193 2023 1308 2057 cadens
1328 2047 1341 2063 ‚

339 2073 472 2110 oculum
498 2037 658 2104 sinislrum
679 2068 875 2102 contundit:
899 2069 983 2101 cutis
1010 2076 1120 2101 autem
1155 2066 1245 2108 supra
1288 2067 1341 2101 su-

363 2118 511 2151 erciliurn
537 2114 576 2147 ab
599 2122 694 2147 acuto
718 2111 824 2145 forsan
858 2111 961 2152 lapide
985 2111 1341 2152 laceratur.Pi·incipio

339 2131 429 2199 {ebro
452 2161 648 2198 corripitur.-
672 2167 743 2199 quae
768 2153 919 2188 nonnihil
974 2155 1061 2188 ostea
1094 2152 1217 2187 remissa
1261 2154 1305 2187 est
1332 2178 1339 2185 .

341 2209 388 2241 At
412 2205 497 2237 circa
519 2201 746 2235 duodecimum
771 2199 878 2237 diem,
903 2208 945 2239 po
995 2198 1164 2231 admissum
1202 2208 1344 2232 errorem

340 2251 373 2283 in
397 2248 504 2281 exacta
530 2243 657 2277 vivendi
683 2254 818 2279 norma,
841 2239 1064 2274 vehementior
1098 2239 1196 2274 febris
1240 2241 1349 2283 super-

340 2294 452 2328 venit:
477 2292 527 2324 cui
552 2290 634 2320 cirta
657 2286 819 2320 decim-um
844 2294 996 2327 quartum
1020 2282 1188 2318 convulsio
1223 2285 1348 2319 accedit

341 2336 443 2372 novius
468 2331 596 2367 finistrae
620 2332 713 2364 raciei
739 2331 837 2371 partis
861 2340 936 2361 cum
960 2328 1045 2361 saevo
1078 2329 1111 2360 in
1144 2327 1215 2370 ipso
1259 2327 1349 2361 oculi

341 2381 444 2415 bulbo
487 2378 616 2411 doure.
644 2375 736 2406 Mors
760 2373 888 2406 tandem
912 2373 994 2405 circa
1029 2370 1217 2412 vigesimum
1243 2371 1349 2404 secuta

343 2427 403 2459 cst.
536 2418 714 2451 CAPITE
739 2416 950 2458 perlustrato,
972 2414 1140 2455 conspecu
1165 2414 1230 2447 haec
1256 2414 1348 2448 sunt.

343 2470 504 2502 Laceratae
530 2462 623 2504 supra
648 2460 852 2502 supercilium
876 2460 943 2492 cuti
968 2460 994 2492 is
1017 2458 1143 2491 suberat
1167 2468 1281 2491 nervus
1292 2458 1350 2499 qui

345 2524 382 2546 ex
405 2510 514 2544 orbita
540 2516 728 2547 erumpens,
753 2501 874 2536 sursum
900 2513 955 2543 per
978 2501 1120 2534 frontem
1146 2500 1348 2537 reflec'titur,

344 2565 380 2591 ut
410 2564 460 2586 int
484 2549 657 2588 contusus,
680 2553 733 2580 aut
759 2546 820 2578 alia
845 2547 966 2579 ratione
991 2544 1085 2577 facile
1109 2543 1250 2577 violatus
1273 2554 1351 2577 con-

344 2597 522 2635 vulsionem
547 2594 630 2626 ciere
654 2590 816 2633 potuerit.
839 2589 938 2622 Oculi
962 2597 1068 2621 autern
1091 2587 1207 2620 bulbus
1231 2589 1349 2620 extima

344 2651 434 2687 parre
458 2636 658 2681 putrescens,
681 2635 782 2667 levem
807 2631 984 2665 erosionem
1009 2630 1158 2664 attulerat
1182 2629 1236 2663 offi
1259 2630 1348 2672 quod

344 2686 458 2721 orbitae
476 2706 485 2720 ‚
507 2685 535 2714 δι
560 2679 692 2712 cerebro
714 2674 936 2718 interjicitur,
961 2673 1002 2707 fic
1025 2683 1130 2707 tamen
1148 2698 1156 2712 ‚
1177 2682 1214 2706 ut
1238 2671 1300 2706 hoc
1311 2685 1350 2706 eo

345 2738 477 2774 qu1=z<m
503 2724 576 2757 loco
602 2722 710 2755 sanum
733 2718 806 2753 esset
822 2745 829 2752 .
856 2718 944 2752 Nam
970 2716 1129 2751 sinistram
1155 2715 1261 2750 versus
1291 2728 1348 2749 oc-

344 2775 455 2814 cipitis
480 2777 602 2811 partem
627 2764 753 2798 modica
776 2762 899 2796 cerebri
924 2763 1036 2804 portio
1066 2772 1083 2793 a
1106 2761 1219 2794 nativo
1261 2760 1351 2794 colo-

346 2828 379 2852 re
402 2815 437 2848 ad
464 2809 648 2847 subfultum
673 2806 843 2850 vergebat.
868 2807 959 2839 Dura
995 2814 1099 2838 autem
1148 2804 1277 2836 meninx
1320 2804 1351 2835 ei

346 2860 491 2904 portioni
521 2852 728 2897 respondens,
764 2851 904 2885 exterius
948 2847 1032 2881 sanie
1077 2846 1224 2880 madebat
1271 2847 1352 2879 levi-

349 2913 399 2937 ter
424 2926 431 2933 .

391 2947 418 2978 8.
445 2944 644 2985 Qanquam
666 2940 699 2972 in
725 2950 797 2972 caiu
821 2937 860 2971 ab
883 2937 949 2969 alto
973 2943 1091 2978 praeter
1112 2945 1182 2967 earn
1203 2944 1273 2975 quae
1289 2943 1354 2981 ma-

349 2988 464 3025 nist-Dm
488 2982 621 3018 contusa
646 2983 710 3020 est,
735 2991 856 3023 partem
881 2991 945 3014 non
971 2990 1043 3011 raro
1069 2979 1211 3017 accidit,
1234 2975 1355 3026 utalia

349 3044 475 3078 quoqu,
507 3031 613 3061 minus
635 3028 796 3059 evimnter
819 3023 1061 3061 contundatur,
1095 3033 1198 3062 eoque
1245 3030 1351 3053 minus

350 3076 533 3111 mirandum
557 3070 622 3111 cst,
646 3073 713 3101 imo
736 3068 799 3101 olle
823 3067 938 3101 fronzis
951 3066 1064 3104 alliso,
1089 3075 1231 3112 noxam,
1252 3065 1282 3095 δι’
1306 3060 1352 3095 sa-

348 3126 435 3156 niem
459 3118 544 3149 i'irus
566 3114 604 3147 ad
628 3114 760 3151 occiput
786 3122 924 3151 repertas
955 3109 1037 3148 effe;
1060 3118 1167 3142 tamen
1190 3117 1223 3139 m
1252 3105 1362 3154 JPVQ:

350 3177 389 3199 ne
411 3171 540 3204 quoque
564 3160 577 3197 (
599 3156 611 3190 l
631 3160 645 3197 )
670 3168 684 3189 a
711 3154 848 3187 sinistris
874 3154 1062 3199 vulnerato,
1083 3163 1158 3185 curn
1183 3150 1280 3183 saniei
1313 3149 1353 3181 si-

352 3208 438 3242 milis
463 3203 594 3237 materis
621 3213 636 3233 a
658 3200 780 3232 dextris
804 3208 933 3230 inventa
957 3197 1016 3234 sit,
1039 3198 1068 3228 &
1094 3196 1127 3228 in
1151 3195 1229 3227 Sene
1250 3195 1264 3232 (
1285 3202 1316 3225 m
1338 3193 1352 3229 )

352 3262 416 3286 non
441 3261 474 3281 ea
499 3256 570 3287 pars
594 3243 735 3277 thoracis
758 3252 830 3282 quae
854 3241 954 3275 'numo
976 3238 1098 3272 afflicta
1132 3237 1237 3272 fuerat
1257 3257 1266 3273 ‚
1302 3232 1352 3268 sed

352 3294 498 3335 opposita
525 3298 686 3320 iniustum
710 3286 832 3317 vitium.
849 3282 1043 3320 ostenderit3
1061 3281 1202 3329 *inferius
1226 3281 1291 3328 (n.)
1313 3276 1351 3312 de

353 3337 404 3371 his
426 3332 547 3374 al-quid
572 3332 780 3372 adjiciemus.
807 3339 839 3360 ur
865 3328 902 3360 de
925 3326 1189 3360 convulsionibus
1212 3332 1330 3366 pariter
1347 3347 1356 3362 ,

353 3391 440 3414 nervi
466 3379 605 3410 laelines
628 3384 684 3416 qui
709 3371 766 3405 sub
791 3371 961 3413 supercilio
1003 3368 1185 3413 reflefiirur
1206 3392 1217 3407 ,
1249 3364 1358 3399 conse-

353 3433 449 3466 quent
471 3433 477 3452 κ
494 3431 544 3452 us.
573 3417 641 3449 Nes„
666 3427 769 3449 tamen
794 3417 820 3446 ei
846 3426 944 3448 nervo
967 3414 1157 3448 dumtaxat,
1183 3410 1235 3443 sed
1259 3410 1290 3442 &
1312 3407 1360 3441 sa-

353 3469 415 3499 niei
441 3476 502 3507 qua
530 3464 657 3493 meninx
681 3457 821 3491 ctaffior
860 3457 1016 3495 indebat,
1041 3458 1070 3487 δι
1102 3454 1326 3489 convulsiones
1352 3476 1362 3491 ‚

357 3513 389 3543 &
415 3515 555 3542 mortem
578 3503 674 3546 hujus
699 3502 772 3536 Viri
797 3502 991 3536 tribuimus.-
1016 3508 1050 3532 ut
1075 3500 1164 3533 Senis
1188 3495 1362 3532 morbum,

641 164 798 217 Liber
814 164 907 217 IV.
926 161 1010 216 De
1035 158 1238 218 Morbis
1256 163 1578 233 Chirurgicis
1595 203 1610 225 ,
1646 163 1700 216 ἃ
1732 163 2129 219 Universalibus

1409 247 1439 279 δι
1461 244 1630 277 interitum
1654 244 1772 283 partim
1796 244 2084 288 peripneumonia
2103 244 2269 288 'pulmonis
2290 247 2405 280 consti-

1409 288 1534 324 tutioni
1550 308 1559 321 ‚
1576 289 1698 328 partim
1722 285 1867 330 sanguini
1885 290 1974 322 inter
1992 288 2098 322 cranii
2122 289 2221 322 basim
2243 312 2253 327 ‚
2297 291 2406 324 illam-

1410 342 1473 374 que
1496 330 1679 373 meningen]
1702 333 1854 365 concreto
1866 348 1886 370 ,-
1903 331 1940 365 ad
1961 330 2158 374 eandemque
2191 343 2269 367 now
2300 336 2406 367 minus

1407 373 1604 410 adhaerenti,
1626 384 1724 416 quam
1748 374 1782 406 in
1804 376 1876 407 viro
1900 374 2103 412 adhaerebat‚
2127 377 2183 419 qui
2207 388 2246 409 ex
2270 377 2339 410 casu
2365 377 2405 411 ab

1405 419 1472 451 alto
1495 418 1579 450 intra
1603 417 1813 458 quatriduum
1836 416 2025 453 interfefftus
2049 420 2287 460 proponiturin
2298 421 2405 453 Com-

1406 461 1571 494 mentariis
1598 461 1846 502 Petropolitanae
1870 462 1990 504 Imper.
2016 462 2181 495 Scientiar.
2221 463 2404 497 Academiae

1403 505 1417 543 ζ
1439 516 1456 539 o
1474 504 1510 546 ).
1534 505 1700 537 Caeterum
1723 515 1795 547 quae
1817 505 1902 538 intra
1926 507 2071 538 cranmm
2092 516 2185 539 noxae
2201 529 2211 545 ,
2234 506 2303 549 ipso
2325 507 2404 541 illa:-

1404 547 1437 580 fo
1452 574 1460 587 ‚
1485 548 1517 580 in
1542 546 1593 580 his
1616 547 1720 580 tribus
1743 545 2038 581 Observationibus
2061 547 2261 591 deprehensae
2294 548 2366 583 sunt
2390 573 2401 589 ,

1403 590 1442 625 ad
1464 590 1598 624 eundern
1622 591 1755 624 modurn
1798 591 1954 633 explicari
2000 590 2085 632 posse
2105 614 2118 632 ,
2161 592 2343 634 intelligis,
2366 594 2405 630 ad

1402 644 1499 676 quem
1521 633 1592 669 duaa
1615 642 1694 677 quas
1717 643 1790 666 anre
1813 633 1896 675 ipsas
1925 634 2042 677 legisti
2067 656 2078 673 ,
2120 636 2286 678 explicatae
2330 636 2404 670 sunt

1399 681 1452 719 (p
1475 680 1510 716 ).
1538 678 1653 720 Neque
1676 677 1769 710 aliter
1792 677 2004 718 explanandas
2035 679 2180 720 quinque
2225 678 2366 712 censebis
2389 702 2402 720 ,

1426 731 1478 754 uas
1502 722 1661 754 continuo
1685 719 1874 762 subjiciam,
1895 722 2007 755 cranio
2030 721 2161 765 quidem
2185 725 2321 758 exterius
2347 723 2403 757 lae-

1400 733 1457 802 sb,
1480 763 1529 797 sed
1550 766 1637 797 intus
1656 765 1798 797 omnino
1821 765 1949 806 integro
1966 788 1973 795 .

1442 818 1474 847 9.
1497 808 1645 841 SENEX
1669 818 1826 842 annorum
1850 809 1979 841 circiter
2002 807 2205 850 septuaginta
2227 818 2266 842 ex
2289 809 2356 843 alto
2367 811 2401 844 in

1401 859 1521 883 terram
1544 851 1679 887 cadens,
1703 850 1908 891 posteriorem
1930 851 2092 886 dexteram
2106 851 2263 894 sincipitis
2277 863 2401 895 partem

1402 893 1525 928 allidit.
1549 896 1579 927 A
1602 893 1673 927 casu
1698 892 1921 935 femistupidus
1944 893 2047 937 jacet:
2071 898 2103 928 δι
2126 896 2275 938 quamvis
2300 897 2400 938 paulo

1401 937 1471 979 post
1494 937 1616 980 stupore
1639 935 1798 976 discusso,
1821 937 1883 971 suis
1905 937 1935 971 se
1960 938 2091 979 pedibus
2114 939 2148 971 in
2162 938 2401 975 Nosocomium

1400 979 1569 1018 conferat,
1591 991 1686 1023 negat
1709 990 1839 1021 tamen,
1862 982 1890 1014 se
1912 980 2090 1023 quidquam
2113 980 2152 1014 de
2173 982 2245 1015 casu
2287 983 2366 1017 scire
2388 1008 2399 1023 ‚

1402 1023 1541 1058 ullamve
1563 1023 1630 1067 ejus
1653 1024 1698 1057 rei
1722 1025 1909 1057 memoriam
1934 1024 2069 1057 habere.
2093 1024 2194 1059 Nulla
2207 1025 2320 1060 vulnus
2336 1029 2402 1069 pri-

1403 1069 1464 1101 mis
1486 1067 1598 1102 diebus
1619 1067 1837 1110 symptomata
1860 1068 2101 1100 comitabantur
2115 1092 2123 1101 .
2253 1070 2309 1103 Sed
2344 1072 2401 1106 vix

1404 1110 1543 1153 septimo
1563 1111 1615 1145 die
1638 1110 1810 1153 superato,
1833 1122 2003 1154 gangraena
2026 1111 2140 1145 vulnus
2182 1114 2362 1154 corripitur
2386 1128 2394 1146 z

1402 1163 1578 1197 gangraenae
1602 1164 1708 1188 autern
1732 1153 1829 1189 febris
1851 1154 2062 1197 adjungitur.
2086 1155 2309 1188 Attamenilla
2322 1168 2401 1199 pau-

1400 1209 1514 1231 corum
1537 1198 1662 1231 dierum
1688 1197 1791 1239 spatio
1814 1197 1960 1239 sublata,
1984 1197 2050 1231 haec
2074 1208 2204 1240 quoque
2235 1199 2365 1234 tollitur
2391 1226 2399 1234 .

1404 1240 1473 1274 Post
1496 1241 1562 1275 haec
1587 1252 1670 1283 aeger
1694 1242 1731 1274 de
1755 1251 1908 1284 gravante
1933 1242 2108 1284 posteriora
2141 1242 2256 1284 capitis
2289 1244 2400 1278 dolore

1400 1284 1571 1326 queritur,
1596 1296 1652 1318 nec
1676 1294 1784 1318 tamen
1809 1284 2074 1319 veheinenti.At
2095 1284 2180 1317 circa
2203 1284 2290 1318 diem
2313 1286 2402 1321 deci-

1400 1337 1489 1362 mum
1505 1328 1683 1371 ‘septimum
1707 1328 1817 1363 triduo
1839 1328 1992 1371 quasdam
2016 1340 2070 1370 per
2115 1336 2202 1361 artus
2247 1327 2403 1365 tensiones

1400 1369 1518 1405 sentit.
1543 1374 1641 1405 Circa
1665 1371 1854 1414 vigesimum
1879 1382 1987 1405 autern
2012 1371 2102 1406 febre
2125 1373 2303 1414 corripitur
2324 1385 2401 1409 cum

1398 1416 1528 1455 rigore,
1551 1416 1582 1448 ἃ
1605 1417 1753 1449 vomitu.
1779 1415 1864 1458 Quae
1888 1415 1950 1449 sine
1975 1417 2104 1449 vomitu
2128 1414 2276 1457 deinceps
2301 1418 2402 1452 modo

1400 1458 1471 1497 bis,
1494 1458 1593 1493 modo
1616 1469 1665 1492 ter
1687 1460 1835 1501 quotidie
1856 1468 2017 1493 revertens
2032 1485 2041 1499 ,
2085 1458 2240 1492 omnibus
2288 1460 2401 1497 sensim

1400 1500 1626 1535 deficientibus
1649 1503 1854 1539 actionibus,
1879 1513 2000 1543 aegrum
2024 1499 2167 1536 confecit
2192 1504 2276 1535 circa
2301 1507 2400 1547 trige-

1398 1544 1512 1580 fimum
1535 1546 1640 1579 diem.
1773 1545 2028 1580 SINCIPITIS
2052 1558 2086 1579 os
2109 1544 2275 1579 dexterum
2301 1559 2402 1591 prope

1400 1589 1610 1631 Sagittalem‚
1633 1591 1663 1622 δι
1691 1588 1922 1623 Lambdoidem
1947 1588 2109 1626 suturam,
2136 1590 2330 1624 exteriorem
2354 1593 2402 1626 la-

1402 1634 1522 1667 minam
1547 1634 1781 1667 comminutam
1805 1631 1967 1671 habebat;
1990 1633 2077 1666 intus
2110 1643 2187 1665 vero
2211 1635 2402 1668 eratornni-

1401 1686 1444 1708 no
1467 1677 1648 1718 integrum.
1673 1679 1758 1709 Inter
1781 1685 1952 1718 utramque
1977 1677 2158 1717 meningein
2173 1696 2182 1713 ‚
2204 1678 2234 1709 &
2257 1677 2291 1709 in
2315 1689 2402 1712 cere-

1399 1718 1449 1751 bri
1475 1721 1662 1753 ventriculis
1685 1719 1787 1752 serum
1810 1721 1936 1755 inerat3
1960 1728 1997 1751 ut
2020 1717 2203 1752 universum
2215 1721 2326 1753 uncias
2337 1720 2403 1755 fer-

1399 1773 1449 1795 me
1471 1772 1611 1804 quatuor
1633 1773 1758 1804 aequare
1780 1760 1882 1804 posset
1899 1786 1906 1793 .
1932 1761 2109 1795 Cerebrum
2134 1763 2231 1795 molle
2255 1773 2343 1803 erat,
2367 1767 2401 1798 δε

1398 1804 1596 1840 flaccidum:
1621 1808 1651 1840 &
1674 1805 1793 1839 laxiori
1817 1804 1922 1847 spatio
1947 1806 2034 1838 intra
2058 1806 2204 1839 cranium
2234 1805 2401 1843 claudeba-

1396 1857 1472 1884 tur.
1689 1877 1695 1881 .
2289 1882 2291 1885 .

1448 1903 1495 1928 ιο,
1523 1894 1677 1935 Qatuor
1698 1892 1733 1926 in
1756 1891 1842 1926 hunc
1865 1903 1985 1934 aegrum
2010 1894 2182 1927 convenire
2209 1892 2412 1929 videbantur..

1399 1948 1509 1970 eorum
1533 1948 1603 1979 quae
1626 1947 1700 1970 cum
1723 1935 1818 1976 sunt,
1842 1944 1956 1978 magna
2002 1937 2122 1970 cerebri
2166 1936 2253 1971 credi
2286 1939 2404 1981 ‘potest

1398 1978 1491 2015 fuisse
1514 1979 1692 2014 coricuffio:
1716 1978 1806 2013 casus
1829 1980 1869 2013 ab
1893 1979 1959 2013 alto
1974 2003 1987 2020 ,
2011 1981 2121 2021 stupor
2152 1981 2258 2014 casum
2277 1984 2403 2015 rconti--

1399 2034 1466 2063 nuo
1489 2022 1618 2065 sequeris
1639 2033 1715 2056 cuin
1738 2022 1834 2065 ipfius
1859 2024 1947 2056 casus
1970 2024 2162 2063 oblivione,
2184 2035 2249 2058 non
2281 2023 2402 2067 perfra-

1393 2067 1483 2100 &um
1505 2067 1670 2105 cranium,
1696 2069 1727 2099 ὅ(
1751 2066 1853 2108 majus
1876 2069 1959 2099 inter
1983 2066 2071 2106 hoc,
2092 2068 2323 2110 cerebrumque
2347 2071 2403 2101 in—

1393 2110 1583 2144 tervallum.
1717 2109 1902 2142 Ludovicus
1919 2111 2060 2143 Duretus
2082 2109 2126 2151 (q)
2153 2110 2296 2144 adillum
2316 2113 2402 2145 Coa-

1393 2165 1503 2188 carum
1527 2154 1660 2187 locum:
1682 2151 1808 2201 Qibus
1831 2151 2001 2196 concussum
2024 2153 2062 2192 est
2084 2152 2258 2193 cerebrum,
2283 2153 2401 2188 doluit-

1397 2208 1454 2239 que
1472 2196 1636 2240 percuffis,
1657 2204 1714 2230 aut
1737 2194 1829 2237 lapsis
1841 2207 1853 2233 ς
1876 2197 2117 2238 continuojoce
2139 2198 2226 2238 capti
2258 2208 2317 2231 non
2348 2198 2401 2231 isi.

1398 2241 1490 2279 dent,
1516 2250 1569 2274 nec
1592 2240 1725 2273 audiunt
1739 2261 1750 2277 ‚
1774 2249 1810 2271 ac
1824 2236 1897 2280 fere
1920 2238 2098 2276 moriuntur
2112 2261 2122 2275 ‚
2145 2238 2221 2273 satis
2242 2240 2365 2275 indicat
2388 2265 2403 2282 ,

1398 2294 1523 2327 quanto
1546 2284 1761 2326 opportunius
1783 2280 1977 2317 concussioni
2000 2281 2039 2315 fit
2062 2282 2228 2317 cerebrum
2243 2307 2253 2323 ,
2273 2284 2300 2326 fi
2316 2284 2404 2327 forte

1395 2327 1530 2370 priscam
1553 2326 1693 2369 amiserit
1715 2323 1887 2358 ubertatem
1910 2335 1974 2367 quie
1995 2332 2096 2358 totam
2120 2326 2291 2361 calvariam
2315 2338 2406 2360 occu-

1398 2372 1515 2413 pabat.
1542 2371 1635 2403 Hanc
1661 2378 1767 2402 autem
1792 2368 1974 2401 ubertatem
2006 2368 2198 2411 Falloppiusv
2235 2374 2249 2410 (
2273 2372 2323 2413 r)
2368 2381 2405 2405 ut

1402 2425 1468 2448 non
1492 2414 1577 2447 secus
1601 2424 1635 2446 ac
1662 2412 1818 2445 Fernelius
1864 2411 1946 2454 (s)
1991 2413 2023 2444 in
2048 2412 2262 2454 pleniluniis,
2286 2415 2404 2457 quando

1403 2456 1475 2490 luna
1497 2457 1579 2490 lucet
1603 2465 1668 2489 tota
1692 2455 1800 2494 noete,
1824 2454 2034 2497 agnoscebat,
2059 2456 2099 2488 sic
2123 2458 2242 2497 quando
2275 2468 2331 2489 non
2365 2457 2404 2496 eft

1399 2499 1631 2542 plenilunium.
1656 2497 1825 2531 calvariam
1840 2507 1907 2530 ‘non
1926 2497 2051 2540 prorsus
2072 2499 2186 2540 repleri
2219 2511 2237 2532 a
2261 2499 2402 2540 cerebro,

1397 2543 1451 2585 fid
1474 2541 1567 2585 adesse
1582 2541 1725 2584 spatium
1747 2540 1895 2582 aliquod,
1919 2541 1960 2573 (ἐν
1983 2539 2057 2581 vasa
2074 2563 2087 2580 ,
2109 2552 2172 2583 quae
2218 2542 2367 2583 colligant
2390 2545 2401 2581 ‚⁷

1402 2583 1456 2629 effe
1479 2583 1711 2628 aliquantulum
1756 2583 1895 2621 disiraffa
1921 2609 1931 2622 ‚
1977 2583 2155 2617 affirmabat
2188 2582 2243 2627 effe
2287 2584 2405 2627 vercffi.

1401 2639 1486 2662 mum
1501 2653 1510 2668 ‚
1532 2628 1628 2670 idque
1653 2626 1682 2660 se
1704 2627 1736 2660 in
1759 2624 1983 2669 dz'ffeffionibus
2008 2625 2338 2670 observaviffe.Qod
2365 2641 2403 2662 au

1402 2672 1456 2705 alii
1482 2670 1585 2714 postea
1608 2670 1820 2707 Anatomici‚
1847 2679 1911 2701 non
1935 2670 2041 2702 verbis
2064 2680 2212 2710 tantum,
2242 2681 2275 2703 ut
2293 2673 2404 2705 Picco-

1405 2714 1591 2751 lhominus,
1615 2725 1631 2746 a
1655 2724 1704 2747 me
1728 2713 1792 2745 tibi
1817 2713 1892 2745 alias
1915 2716 1926 2752 (
1952 2713 2024 2754 c),
2049 2724 2123 2746 cum
2148 2715 2181 2745 in
2205 2712 2291 2747 hunc
2324 2727 2403 2748 eun-

1401 2759 1473 2792 dem
1496 2756 1675 2792 incidissem
1700 2755 1900 2792 sermonem,
1923 2757 2130 2794 nominatus;
2156 2756 2207 2789 scd
2245 2760 2405 2791 accuratis

1402 2801 1682 2836 observationibus
1705 2800 1954 2839 confirmarint,
1978 2811 2043 2832 non
2068 2801 2202 2833 memini
2225 2814 2235 2837 ·‚
2280 2801 2405 2835 tametsi

1404 2859 1438 2880 ea
1462 2845 1671 2880 confirmatio
1698 2842 1788 2876 valde
1812 2852 1983 2884 congruere
2008 2854 2083 2876 cum
2129 2838 2281 2877 sententia
2330 2847 2404 2879 illo.

1405 2901 1475 2924 rum
1502 2887 1653 2935 potuisset
1676 2887 1733 2930 qui
1757 2897 1818 2927 pro
1843 2887 1940 2918 variis
1976 2887 2059 2919 lunae
2091 2886 2238 2929 phafibus
2283 2890 2407 2922 variam

1407 2933 1595 2967 morborum
1620 2932 1708 2967 vim,
1733 2930 1848 2970 capitis
1873 2927 2073 2970 praesertim,
2098 2932 2284 2974 variumque
2297 2943 2335 2964 ex
2347 2930 2407 2965 hu-

1407 2978 1455 3020 jus
1480 2975 1667 3009 vulneribus
1691 2973 1869 3016 periculum
1894 2970 1951 3005 esse
1967 2989 1980 3011 φ
2001 2984 2064 3006 non
2090 2973 2299 3008 dubitabant.
2334 2976 2406 3008 Me-

1403 3021 1487 3055 mini
1511 3028 1636 3054 tamen,
1662 3028 1734 3050 cum
1761 3015 1843 3057 apud
1867 3015 2021 3057 quosdam
2039 3041 2047 3055 ,
2071 3019 2307 3051 &nominatim
2322 3017 2405 3058 apud

1403 3065 1559 3108 Ioannem
1583 3062 1810 3096 Salzmannum
1837 3063 1846 3098 (
1871 3068 1891 3090 u
1913 3061 1926 3096 )
1958 3061 1990 3092 iii
2016 3058 2206 3102 quibusdam
2252 3060 2408 3103 subJeCsis

1399 3103 1487 3141 =inter
1512 3107 1687 3139 anteriores
1710 3103 1830 3137 cerebri
1855 3101 1947 3134 lobos
1965 3129 1974 3142 ,
1999 3103 2182 3137 &cranium
2205 3104 2408 3143 interstitium

1405 3152 1442 3184 ad
1463 3148 1589 3192 pollicis
1612 3146 1774 3189 crassitiem
1798 3144 1941 3179 excedens
1963 3150 1977 3186 (
2000 3157 2037 3179 an
2061 3147 2203 3180 accedens
2225 3150 2238 3186 )
2273 3147 2409 3189 quando-

1405 3204 1461 3237 que
1483 3191 1637 3234 conspici,
1660 3188 1787 3232 legisse3
1811 3197 1881 3220 tum
1907 3189 1988 3223 mihi
2011 3200 2139 3232 quoque
2163 3202 2227 3223 non
2251 3202 2339 3231 aeque
2354 3190 2412 3223 sal-

1406 3247 1472 3270 tem
1496 3237 1529 3268 in
1553 3235 1703 3268 omnibus
1726 3232 1882 3274 repletum
1907 3232 2037 3266 cerebro
2069 3234 2212 3267 cranium
2256 3233 2314 3267 esse
2361 3235 2409 3266 vi-

1408 3281 1498 3317 sum,
1525 3288 1559 3310 ut
1584 3279 1617 3309 in
1643 3276 1845 3312 Adversariis
1868 3278 1881 3314 (
1903 3286 1925 3309 x
1949 3279 1961 3315 )
1997 3275 2139 3310 indicavi
2165 3289 2173 3310 .·
2220 3288 2408 3320 quanquam

1408 3325 1544 3357 varietas
1567 3321 1631 3354 haec
1657 3331 1695 3353 an
1720 3319 1815 3352 variis
1847 3318 1942 3359 lunae*
1976 3319 2122 3361 phasibus
2166 3320 2372 3362 responderet
2395 3340 2405 3356 ‚

1410 3378 1511 3408 neque
1535 3365 1582 3397 illi
1609 3362 1721 3404 ajunt,
1747 3373 1849 3404 neque
1874 3373 1957 3404 ego,
1981 3373 2015 3395 ut
2042 3374 2151 3397 verum
2185 3362 2284 3397 fatear
2307 3386 2315 3400 ,
2350 3373 2409 3395 uri-

1410 3421 1506 3451 quam
1531 3409 1673 3441 attendi.
1701 3405 1778 3438 Non
1803 3417 1851 3438 me
1875 3405 2006 3447 quidem
2029 3405 2138 3449 fugit,
2163 3417 2197 3440 ut
2221 3408 2301 3440 olim
2323 3403 2408 3437 Glis-

1413 3452 1521 3486 soniiis
1544 3455 1558 3490 (
1573 3461 1598 3493 y
1621 3455 1631 3489 )
1658 3448 1802 3490 scripsit,
1828 3449 1860 3481 in
1883 3449 1969 3481 vivis
1990 3448 2178 3483 animalibus
2200 3450 2254 3494 effe
2288 3456 2410 3482 tantum

1410 3495 1575 3538 potentia,
1601 3503 1658 3527 non
1682 3492 1753 3526 actu
1776 3494 1860 3526 inter
1884 3493 2002 3525 ventris
2026 3492 2147 3527 viscera
2170 3500 2322 3528 cavitates
2337 3513 2347 3528 ‚
2363 3492 2410 3538 ¹&

2096 3553 2099 3555 >
2333 3543 2367 3565 νι

361 3630 2390 3658 .--..---—--———-—-—-—————————-———----·

849 3708 1152 3740 (nln.4i.&n.i6.

557 3733 564 3741 '
627 3715 787 3743 ‹m)n.⁶.
906 3739 1223 3769 (s)i⁷.-ihoi⁷1.7.c.3

418 3715 429 3771 ἑ
445 3718 460 3771 ιν
474 3725 580 3775 ’Ἰξῇιξξὶ
605 3746 632 3769 de
651 3745 749 3769 Vulntr.
766 3751 788 3768 e.
807 3749 844 3767 ιι.

421 3779 431 3801 (
448 3785 462 3801 ie
479 3778 493 3808 3
509 3779 554 3802 Vl.
569 3776 686 3802 Animad.
704 3779 743 3804 8⁴.

1216 3707 1230 3735 (
1244 3714 1257 3729 o
1273 3706 1287 3734 )
1302 3706 1375 3729 Tom.
1392 3713 1414 3733 7.

1298 3736 1305 3765 (
1324 3743 1334 3760 r
1357 3739 1363 3765 )
1380 3735 1450 3764 Epist.
1468 3744 1491 3764 4.
1507 3743 1531 3760 n.
1548 3741 1584 3765 3²·

806 3772 814 3804 (
828 3780 845 3804 y
864 3771 971 3801 >Tufi-
987 3771 1016 3795 de
1032 3768 1123 3794 Partib.
1138 3767 1280 3793 Continent.
1297 3773 1319 3792 e.
1335 3769 1374 3792 16.
1391 3772 1416 3791 n.
1431 3772 1469 3791 ai.

1695 3703 1703 3730 s
1723 3712 1737 3734 q
1757 3705 1764 3733 )
1783 3707 1910 3734 interpret.
1929 3707 1944 3729 l.
1965 3712 1985 3734 3.
2002 3710 2031 3729 tr.
2048 3713 2069 3729 2.
2086 3713 2106 3729 c.
2123 3713 2145 3729 ².

1479 3705 1493 3734 (
1505 3711 1522 3734 Ρ
1542 3708 1555 3731 ³
1571 3711 1594 3730 n·
1610 3711 1633 3733 4.
1647 3735 1660 3763 (
1679 3742 1694 3757 u
1708 3734 1722 3764 )
1737 3736 1832 3760 niffen.
1850 3737 1878 3760 de
1894 3735 1955 3759 mira
1970 3735 2044 3760 cranii
2063 3735 2140 3760 Frafi.
2157 3736 2180 3765 β.
2202 3742 2233 3762 ¹7·
