2498 4075
393 215 563 286 Epist.
598 213 770 272 Anat·
800 212 1020 270 Medica
1040 211 1174 269 ‘LI-I·
1192 264 1193 267 ,
1212 210 1330 266 Art.
1359 225 1552 277 ι4.-ις.
1581 209 1638 264 δι
1669 211 1747 265 16:

1951 225 2038 271 301

59 305 346 334 commemoratam
371 319 383 337 ,
404 299 499 333 aliam
521 308 560 332 ex
583 296 738 330 Haenelio
760 294 944 331 addidimus
965 318 976 330 .
1010 296 1050 329 In
1102 292 1157 328 hic
1180 290 1338 326 scribatur
1365 310 1375 326 ,
1403 287 1492 331 quod
1514 287 1550 320 in
1571 295 1608 320 ea
1629 284 1827 319 terebratum
1861 283 2010 317 cranium
2031 284 2075 317 est
2097 289 2110 318 ἒ

58 344 185 378 nemine
208 343 342 377 illorum·
362 343 464 377 trium
490 339 619 382 sanguis
639 350 708 374 erat
731 339 851 374 effusus
869 350 883 379 ,·
913 338 978 373 duo
1001 348 1054 372 ta-

58 398 131 420 men
157 386 253 429 primi
276 387 386 426 illico,
409 386 527 419 tertius
549 385 636 416 intra
658 383 830 418 duodecim
852 382 947 417 horas
957 381 996 416 ab
1019 393 1056 417 ea
1106 387 1206 422 caput
1241 376 1383 412 alliserat
1408 400 1418 410 .

1152 344 1202 379 15.
1222 332 1430 378 JUVENIS
1454 329 1585 373 agrestis
1620 327 1769 363 robustus
1805 335 1846 359 ex
1869 325 1939 359 alto
1962 325 2074 359 cadens
2099 347 2111 363 ,

1453 373 1597 409 Nullum
1641 371 1778 405 omnino
1811 367 2023 403 consecutum
2057 377 2112 402 aut

59 429 206 463 allisione
227 431 396 464 interierat
410 452 418 459 .
444 430 528 467 Fac,
550 437 589 460 ex
611 426 676 460 illis
699 427 839 469 aliquem
862 425 1021 460 dieculam
1043 448 1054 464 ,
1106 433 1185 457 tunc
1207 444 1221 463 ‚
1252 428 1310 456 aut
1330 418 1489 462 proximis
1510 415 1624 451 diebus
1656 414 1846 464 symptoma
1880 410 1927 447 est
1949 435 1957 444 .
1996 413 2113 454 Itaque

24 496 25 499 η
60 480 98 506 ut
122 471 144 505 fi
169 474 267 514 paulo
290 475 398 506 minor
421 469 529 505 suisset
553 470 716 504 concuffio
731 496 740 511 ,
765 471 874 503 vivere
895 467 1055 512 potuisse·‚

59 517 208 550 cranium
232 524 339 550 autem
362 515 506 549 attonito
538 513 627 556 quasi
660 524 701 547 ex
730 515 859 547 interna
896 512 1059 554 sanguinis

60 558 242 600 effufione,
266 558 325 593 esse
349 557 552 601 perforatum
573 580 582 588 .
613 555 709 590 Num
739 558 827 591 exire
850 555 977 597 sanguis
1000 567 1060 597 po-

60 602 194 640 tuisset,
213 603 275 645 ·qui
290 601 405 637 effusus
428 611 494 635 non
516 598 611 635 erat?
631 599 784 642 speetant
807 599 870 634 huc
893 600 993 633 etiam
1006 599 1062 632 illa

61 645 209 680 Ballonii
233 649 246 687 <
269 655 284 679 e
300 646 341 689 ):
366 644 531 687 aliquando
552 642 645 686 illaeso
667 641 792 683 cranio,
814 641 929 678 leviter
950 649 1062 676 contu-

57 687 96 732 sa
119 698 210 721 carne
222 709 234 727 ,
255 687 413 723 cerebrum
435 688 522 731 intus
545 685 584 726 est
606 685 779 730 concussum
803 698 814 717 .·
836 688 867 718 δε
891 685 988 728 paulo
1011 686 1063 717 in-

65 731 189 771 serius,
212 732 403 773 experientia
426 729 623 773 observatum
645 727 684 768 esi
706 750 716 766 ,
741 731 919 763 innumeros
941 739 959 761 a
980 737 1064 761 mor-

62 773 115 808 bis
137 773 254 808 cerebri
272 772 338 816 post
359 772 571 814 convulfiones
594 772 636 805 ὅ*
659 771 859 814 concuffiones
881 768 1029 814 interiiffe
1052 794 1063 810 ,

64 826 195 860 quorum
227 817 260 850 in
291 814 415 851 cerebro
444 824 502 857 per
534 822 697 849 anatomen
720 815 766 848 nil
796 815 902 849 videre
933 814 1067 856 contigit

64 860 147 903 quod
169 856 304 902 terrifici
319 859 545 903 symptomatis
567 856 659 900 causa
682 856 858 902 extitiffet.
881 859 925 892 Et
946 857 979 891 id
997 857 1067 899 ple-

64 902 172 945 rosque
187 900 313 946 fefellit
334 910 420 936 ratos
434 900 471 944 se
493 901 614 944 aliquid
647 900 793 940 ἀξιόλογον
825 901 957 942 reperire
985 896 1068 942 posse

65 946 101 980 in
123 945 245 979 cerebro
266 945 475 979 laborantium
497 944 705 979 extinb't'orum
726 965 735 974 .
759 943 852 978 Adeo
873 942 995 977 occulta
1009 944 1070 987 sae-

61 999 104 1031 pe
125 988 215 1030 causa
236 987 442 1032 convulfionis
467 987 474 1021 !
497 988 553 1022 Est
575 995 688 1021 contra
709 997 785 1022 cum
809 988 843 1019 in
866 986 1001 1021 cerebro
1022 987 1069 1022 est

66 1041 185 1073 magna
204 1033 236 1065 δι
257 1032 428 1076 conspicua
462 1030 572 1071 laesio,
595 1040 650 1064 aut
673 1032 758 1064 intra
778 1031 950 1065 calvariam
984 1032 1070 1065 mul-

68 1083 143 1108 tum
167 1070 330 1117 sanguinis
353 1074 441 1109 effufi
464 1088 472 1106 =
497 1084 555 1109 nec
578 1082 706 1113 tamen,
731 1085 767 1108 ea
789 1074 953 1117 perforata
973 1073 1072 1117 quid-

68 1129 168 1161 quam
192 1129 231 1152 ex
253 1119 386 1153 cerebro
408 1117 504 1152 educi
529 1116 655 1161 potest,
679 1126 735 1151 aut
747 1117 873 1160 sanguis
896 1128 934 1151 ex
955 1128 989 1151 ea
1001 1118 1071 1152 inu.

68 1162 175 1195 tiliter
197 1161 372 1197 educitur.
397 1162 486 1196 Vide
510 1162 606 1205 primi
628 1160 716 1196 casus
737 1161 919 1204 exemplum
941 1162 976 1195 in
998 1162 1074 1195 Ob-

75 1204 260 1239 servatione
284 1206 368 1240 Eliae
390 1205 571 1239 Camerarii
595 1202 656 1248 (f)
673 1227 686 1245 ‚
707 1205 765 1248 qui
790 1203 906 1239 frustra
929 1205 1073 1239 terebra-

69 1257 144 1282 tum
167 1250 314 1283 cranium
338 1258 448 1283 narrat
471 1257 640 1292 propterea
662 1250 739 1290 quia
750 1247 854 1282 ifitum
874 1249 989 1292 capitis
1002 1248 1074 1291 sup-

71 1293 201 1335 puratio
222 1291 391 1327 consecuta
416 1293 502 1326 intra
539 1291 705 1325 cerebrum
740 1291 862 1326 latebat
886 1313 899 1332 ,
931 1294 1074 1326 exterius

71 1335 217 1379 undique
241 1337 427 1378 integrum.
450 1336 599 1369 Alterius
621 1343 727 1369 autem
749 1333 837 1369 casus
859 1335 1004 1378 exempla
1016 1336 1074 1370 eli-

72 1390 142 1413 cere
165 1391 206 1413 ex
227 1378 524 1413 Observationibus
546 1389 658 1412 eorum
682 1387 775 1420 potes
797 1379 856 1421 qui
889 1376 1074 1421 {anguifera

72 1421 171 1462 vasa,
195 1422 392 1466 arteriasque
414 1424 448 1456 in
473 1423 610 1465 primis,
631 1420 777 1465 disrupta
800 1422 886 1455 intra
899 1422 1078 1464 percussam

74 1467 254 1500 calvariam
277 1465 561 1509 deprehenderunt
585 1489 594 1497 .
627 1467 712 1499 Satis
735 1465 777 1499 est
799 1464 967 1500 Bohnium
989 1471 1043 1510 (g
1064 1470 1079 1506 )

73 1509 247 1553 inspicias,
271 1512 328 1553 qui
352 1518 401 1544 ter
424 1509 533 1543 vidit.
557 1510 618 1542 Fac
643 1531 652 1547 ,
692 1509 826 1542 arterias
849 1517 904 1542 aut
928 1519 995 1543 non
1020 1508 1079 1544 esse

74 1565 115 1587 ex
136 1554 381 1596 grandioribus,
406 1562 460 1588 aut
484 1562 549 1586 non
572 1550 700 1595 prorsus
723 1561 855 1595 ruptas,
878 1555 1081 1595 nequeenim

73 1599 231 1640 temporis
254 1598 327 1631 satis
350 1597 425 1631 esset
440 1620 449 1635 ,
472 1605 509 1630 ut
531 1595 570 1629 de
594 1597 719 1630 terebra
742 1596 964 1638 cogitaretur.
989 1596 1082 1633 Quid

73 1651 187 1675 tamen
211 1638 369 1684 prodesset
403 1641 550 1674 cranium
583 1637 751 1682 perforare
785 1639 823 1671 ad
855 1637 989 1673 effusum
1012 1640 1083 1674 san-

74 1687 206 1731 guinem
229 1684 456 1724 educendum,
475 1682 505 1716 [ι’
521 1691 625 1715 novus
647 1682 747 1726 usque
770 1679 911 1724 &usque
932 1694 971 1716 ex
980 1694 1085 1726 quan-

74 1731 199 1766 tumvis
222 1727 431 1768 minoribus,
454 1737 510 1759 nec
533 1726 626 1759 omni
649 1736 688 1759 ex
713 1734 802 1768 parte
825 1727 934 1768 ruptis
955 1728 1082 1761 arteriis

75 1772 191 1810 eodem
214 1769 460 1806 effunderetur?
477 1769 590 1804 Mitto
611 1767 720 1803 causas
743 1768 821 1802 alias
842 1792 852 1808 ,
887 1770 986 1803 etiam
1007 1782 1081 1813 quae

75 1828 151 1853 non
169 1819 237 1849 ta'm
255 1813 526 1856 ‘Chirurgorutm
551 1823 651 1854 quarn
673 1813 929 1855 aegrotantium,
953 1822 1008 1847 aut
1032 1813 1080 1847 asa

76 1861 253 1896 fidentium
275 1858 430 1895 incuriae,
453 1856 609 1891 erratisve
635 1881 646 1898 ,
667 1866 732 1889 non
757 1854 882 1898 semper
906 1857 940 1890 in
964 1856 1081 1899 vulgus

77 1906 189 1942 notis,
210 1901 340 1936 fuissent
362 1900 582 1944 imputandae,
606 1901 636 1933 δι
661 1898 781 1933 adeam
806 1900 913 1938 venio,
923 1899 968 1933 ob
980 1911 1080 1943 quam

75 1948 211 1990 iaepius,
234 1956 334 1989 quam
356 1944 400 1979 ob
423 1952 572 1981 caeteras,
597 1941 746 1977 accidisse
769 1951 852 1986 puto
873 1963 885 1982 ,
917 1951 952 1978 ut
974 1944 1080 1978 calva-

77 1989 337 2031 riae'stere'bratio
358 1988 487 2022 inutilis
511 1986 635 2030 populo
659 1986 847 2021 videretur.

125 2033 291 2078 1424‘Nam
312 2041 350 2066 ut
374 2031 464 2075 signa
487 2029 555 2064 fint³
573 2040 612 2063 ex
634 2029 752 2072 quibus
778 2030 875 2065 liceat
897 2030 1081 2073 suspicari,

79 2076 274 2121 sanguinem?
291 2076 378 2109 intra
401 2075 574 2110 calvariam
598 2072 658 2107 esse
690 2071 826 2108 effusum
849 2079 861 2113 ς’
893 2076 968 2118 quis
1000 2075 1081 2109 scire

78 2133 139 2166 pro
161 2128 252 2156 certo
276 2119 370 2162 poffit
384 2141 394 2157 ‚
419 2129 457 2151 an
480 2129 612 2157 revera,
633 2118 681 2154 ὅτ,
709 2115 732 2150 fi
754 2116 819 2152 hoc
842 2117 941 2152 etiam
965 2117 1083 2158 sciret,

78 2177 179 2209 quam
202 2165 237 2198 in
260 2170 385 2207 partem
408 2160 525 2196 effusus
547 2158 587 2194 fit
611 2181 621 2198 s
652 2162 685 2194 δε
715 2160 807 2203 quod
837 2161 1049 2204 consequitur
1071 2185 1084 2203 ‚

79 2210 139 2244 ubi
159 2208 201 2243 sit
213 2218 250 2241 os
259 2204 566 2250 perterebrandum?
591 2204 706 2237 Nemo
728 2205 807 2246 saepe
831 2204 915 2239 adest
936 2216 1012 2240 cum
1024 2206 1085 2239 ho-

80 2264 138 2288 mo
160 2251 248 2287 cadit
272 2261 313 2284 ex
336 2249 403 2283 alto
426 2269 436 2286 ,
469 2255 522 2282 aut
546 2258 621 2281 cnm
644 2246 684 2280 ab
708 2247 847 2281 inimico
868 2251 1050 2291 percutitur
1072 2261 1085 2288 ς

79 2297 148 2340 ipse
171 2304 278 2330 autem
301 2293 394 2336 loqui
419 2293 500 2334 saepe
523 2301 588 2324 non
611 2289 737 2334 potest:
759 2293 790 2323 &
813 2292 877 2325 ι’ἃε
889 2292 960 2325 loca
983 2292 1083 2327 modo

80 2342 178 2384 plura
202 2346 377 2382 apparent,
403 2336 502 2382 modo
527 2335 625 2380 etiam
649 2333 735 2367 nulla
756 2356 769 2373 ,
805 2335 838 2367 in
860 2336 979 2377 quibus
1001 2348 1081 2370 ocu·

82 2385 192 2419 lorum
206 2397 218 2421 ς
242 2390 437 2415 manuumve
457 2376 583 2420 Judicio
605 2378 704 2411 etiam
729 2377 798 2419 post
820 2377 967 2420 imposita
981 2379 1086 2413 emol-

83 2428 198 2462 lientia
221 2422 414 2467 emplastra,
437 2424 469 2456 δε
492 2421 686 2455 resolventes
710 2419 852 2455 sacculos
866 2445 879 2462 ‚
903 2422 1003 2466 rubor
1026 2424 1085 2456 ali-

82 2472 157 2515 quis
180 2493 194 2511 ,
224 2478 337 2503 tumor
359 2488 371 2505 ,
404 2473 459 2499 aut
483 2464 639 2498 mollities
663 2465 883 2507 percipiatur.
908 2465 999 2501 Quin
1024 2467 1084 2500 ali-

82 2514 217 2558 quando
238 2513 273 2545 in
296 2522 332 2544 ea
353 2510 469 2552 capitis
499 2507 568 2542 sede
590 2518 662 2550 quae
685 2507 824 2550 percussa
855 2519 920 2541 non
945 2507 1049 2543 fuerat
1074 2533 1084 2548 ‚

82 2559 174 2592 ultro
196 2565 344 2599 apparere
368 2562 531 2587 tumorem
546 2577 555 2590 ,
579 2549 802 2586 Rouhaultius
823 2549 890 2594 (h)
912 2551 998 2587 vidit
1020 2575 1030 2592 ‚
1055 2557 1086 2587 δι

85 2613 151 2646 qua
172 2599 207 2635 id
230 2598 359 2632 ratione
382 2595 454 2630 fieri
485 2594 582 2637 possit
606 2618 616 2635 ,
649 2593 812 2629 indicavit
835 2619 843 2627 .
879 2596 997 2639 Neque
1021 2597 1084 2629 alia

84 2656 162 2688 quae
183 2642 265 2678 Anti
291 2641 326 2675 ui
349 2665 360 2682 ‚
392 2647 448 2673 aut
472 2639 637 2672 Recentes
658 2638 897 2681 proposuerunt
919 2663 929 2679 ,
961 2639 1083 2674 indicia

85 2690 162 2724 satis
206 2697 266 2730 pro
282 2693 341 2720 unt
376 2705 386 2722 ,
433 2690 469 2716 ut
502 2681 537 2716 =fi
581 2680 633 2715 vel
676 2681 732 2715 ille
776 2682 834 2725 qui
879 2682 971 2725 loqui
1015 2694 1081 2717 non

85 2729 192 2775 potest
211 2752 225 2771 ,
267 2738 326 2762 nec
369 2725 553 2768 intelligere
574 2749 586 2766 ,
631 2735 762 2759 manum
795 2724 928 2759 subinde
950 2726 990 2761 ad
1012 2737 1083 2760 cer-

86 2785 158 2809 tam
179 2772 297 2815 capitis
319 2768 425 2804 {edem
445 2770 617 2802 admoveat
637 2790 647 2806 ,
690 2770 741 2804 vel
779 2768 903 2803 Medici
944 2769 1082 2804 alterum

87 2819 173 2853 forte
218 2813 365 2856 corporis
409 2813 492 2846 latus
534 2810 712 2846 resolutum
758 2813 1049 2847 animadvertentes
1069 2836 1083 2854 ‚

86 2865 123 2897 in
145 2857 297 2904 oppofito
320 2857 439 2899 capitis
462 2856 558 2889 latere
591 2865 712 2889 noxam
743 2854 801 2889 esse
824 2877 834 2893 ‚
866 2855 1049 2899 conjiciant
1072 2878 1082 2889 .

86 2906 179 2942 Nam
202 2909 320 2946 praeter
343 2911 444 2935 unum
468 2899 527 2942 qui
552 2897 709 2941 majorem
731 2897 863 2934 fortasse
878 2899 1085 2934 exteriusdo-

87 2951 193 2985 lorem
218 2952 370 2982 moveat,
393 2945 455 2977 alia
478 2942 536 2975 effe
562 2940 691 2985 possunt
714 2943 785 2976 loca
807 2942 865 2976 sub
887 2944 1005 2984 quibus
1018 2954 1086 2977 ma-

89 2993 140 3038 jus
163 2999 272 3025 revera
295 2987 391 3020 lateat
415 2987 580 3020 internum
605 2986 727 3019 vitium
749 2996 758 3019 τ
789 2996 894 3029 neque
916 2986 979 3021 hoc
1002 2986 1089 3021 reso·-

88 3037 175 3072 lutio
198 3034 306 3074 aliqua
332 3030 454 3073 semper
476 3028 714 3072 consequatur,
737 3029 856 3063 necesse
877 3029 920 3064 est
939 3042 953 3071 ;
987 3039 1042 3064 aut
1065 3029 1088 3063 fi

44 3107 46 3110 .
88 3077 321 3120 consequitur,
344 3084 409 3107 non
432 3081 600 3116 propterea
622 3082 730 3106 tamen
754 3081 791 3106 ut
813 3069 962 3107 affeetum
973 3074 1090 3117 capitis

89 3126 196 3159 latus,
222 3119 263 3153 sie
288 3118 397 3151 lateris
420 3118 543 3160 partem
566 3116 728 3150 noscimus
752 3117 786 3149 in
809 3127 873 3158 qua
889 3117 1086 3159 potiti-imum

56 3168 59 3172 '
90 3169 214 3203 vitium
235 3162 295 3196 fit.
318 3161 414 3194 Hanc
437 3168 544 3193 autem
567 3158 669 3202 ipsam
693 3159 884 3202 cognoscere
908 3160 1025 3195 necesse
1038 3159 1087 3194 es-

89 3212 137 3246 set
160 3234 171 3250 ,
201 3215 239 3242 ut
274 3203 480 3248 aperiendum
502 3203 647 3237 foramen
670 3202 728 3245 ipfi
761 3202 965 3245 responderet
988 3228 999 3245 ,
1029 3215 1088 3238 nec

90 3253 208 3290 frustra
233 3257 385 3292 apertum
407 3246 486 3284 esse,
513 3257 623 3280 omnes
647 3246 894 3290 intelligerent.
918 3249 1088 3282 Verumin

90 3291 312 3340 cognoscenda
333 3301 430 3333 quam
453 3288 579 3324 fallaces
602 3289 680 3333 saepe
704 3288 767 3324 fint
789 3289 980 3332 conjeRurae
1004 3313 1016 3331 ,
1040 3292 1090 3325 vel

91 3341 169 3377 hinc
192 3343 324 3380 apparet
340 3359 350 3375 ,
372 3332 461 3376 quod
485 3334 541 3366 etsi
565 3344 637 3375 pars
659 3332 727 3377 ipsa
749 3333 814 3367 ista
836 3335 876 3367 ab
898 3345 984 3377 aegro
1006 3335 1093 3368 indi-

92 3385 207 3420 cetur,
229 3382 300 3413 imo
322 3375 503 3420 ecchymofi
517 3401 526 3417 ,
549 3379 582 3410 &
606 3385 735 3411 tumore
759 3377 788 3411 se
812 3377 914 3420 ipsam
937 3379 1088 3420 praeclare

90 3426 239 3463 indicet3
262 3432 327 3456 non
350 3431 422 3454 raro
444 3429 553 3455 tamen
574 3418 662 3454 casus
684 3421 835 3455 incidunt
857 3422 890 3454 in
914 3421 1033 3464 quibus
1056 3433 1091 3455 a-

93 3473 142 3506 lia'
162 3468 201 3502 fit
225 3476 296 3510 pars
318 3463 452 3499 contusa
476 3485 487 3502 ,
511 3464 573 3498 alia
595 3464 630 3497 in
651 3475 749 3506 quam
773 3463 887 3498 effusio
909 3464 992 3499 fasta
1015 3464 1054 3499 fit
1078 3490 1089 3499 .

92 3511 195 3553 Quod
217 3521 293 3544 cum
316 3519 356 3542 ex
377 3506 570 3551 quibusdam
592 3506 752 3549 superiore
763 3507 909 3551 Epistola
921 3508 1090 3551 descriptis

94 3552 389 3592 Observationibus
413 3573 424 3590 ‚
457 3551 594 3594 aliisque
617 3550 831 3589 intellexeris;
854 3560 925 3585 tum
958 3553 1091 3595 praeser-

90 3603 157 3636 tim
200 3610 238 3633 ex
281 3595 340 3630 hac
385 3593 559 3638 cognosces
588 3619 598 3634 ,
640 3604 740 3636 quam
782 3595 942 3629 continuo
989 3595 1090 3637 subji-

91 3647 177 3680 ciam
199 3668 212 3685 ‚
243 3639 417 3674 Mediaviae
439 3639 540 3674 nostri
563 3636 699 3673 historia
720 3659 731 3677 ,
763 3649 803 3673 eo
835 3638 986 3681 digniore
1017 3650 1090 3682 quae

1109 465 1255 500 triduum
1279 463 1445 506 perrexit,
1470 459 1551 495 ficut
1573 468 1668 497 ante,
1693 468 1798 491 v1vere
1822 480 1831 495 ‚
1853 457 1885 491 δι
1909 466 1981 490 rure
2003 454 2115 489 eadem

1112 508 1216 544 facere
1238 519 1311 550 quae
1335 505 1459 539 solebat
1483 531 1491 539 .
1532 502 1641 536 Postea
1665 503 1699 534 in
1723 513 1761 537 eo
1783 499 1841 542 qui
1865 498 2017 535 contusus
2042 496 2117 533 fue-

1111 563 1182 590 rat,
1205 551 1305 590 loc03
1328 551 1354 583 is
1365 558 1433 584 erat
1457 546 1498 582 ad
1522 546 1656 581 alterius
1666 543 1738 580 offis
1759 542 1918 584 sincipitis
1940 542 2029 577 illam
2040 551 2120 585 par-

1112 605 1178 630 tem
1201 605 1273 637 quae
1296 591 1493 628 Lambdoidi
1517 589 1633 625 suturae
1657 588 1792 630 propior
1814 586 1856 619 est
1879 595 1891 635 5
1913 594 2027 621 tumor
2048 594 2119 619 ma-

1113 638 1265 678 nifestus,
1287 638 1319 670 &
1341 635 1449 670 addita
1472 633 1572 669 febris
1596 641 1633 666 ut
1655 633 1688 665 in
1705 630 1947 664 Nosocomium
1971 628 2121 665 veniret,

1113 681 1335 725 impulerunt.
1362 680 1412 712 Ex
1423 686 1492 712 arte
1515 675 1698 713 aMedico,
1722 672 1954 714 Chirurgoque
1976 679 2121 721 curatus,

1118 722 1269 769 jam'esse
1300 723 1472 757 videbatur
1505 718 1743 764 propemodum
1781 714 1873 751 sanus
1896 736 1906 752 ,
1941 715 2121 755 praesertim

1116 780 1189 805 cum
1210 777 1285 801 toto
1308 779 1347 800 eo
1369 775 1516 806 tempore
1540 761 1703 806 peculiare
1717 760 1847 794 latentis
1872 758 2122 794 maliindiciutn

1117 813 1145 848 fe
1169 808 1351 845 ostendisset
1375 808 1501 842 nullum
1525 830 1533 838 .
1567 805 1665 839 Circa
1688 803 1775 840 diem
1801 813 1817 838 a
1839 800 1929 843 lapsu
1952 800 2123 837 decimum

1119 857 1294 899 septimum
1317 877 1327 894 ‚
1359 863 1434 886 cum
1459 850 1577 887 samem
1611 847 1738 882 diutius
1769 844 1851 880 ferre
1887 855 1954 880 non
1986 842 2086 886 posset
2112 863 2125 881 ,

1120 899 1299 944 plurimum
1321 894 1487 932 comedere
1512 891 1604 928 ausus
1627 891 1691 925 est.
1716 890 1801 924 Mox
1824 885 1922 923 febris
1944 886 2043 925 rediit
2068 895 2126 923 ur-

1120 945 1250 986 gentior
1274 963 1284 980 ,
1306 952 1381 974 cum
1404 937 1518 972 dolore
1538 944 1636 978 caput
1661 931 1846 968 universum
1870 940 2025 973 gravante
2047 952 2060 974 2
2092 930 2127 963 δε

1121 988 1252 1021 vomitu
1272 1008 1283 1017 .
1311 983 1366 1017 Ne
1390 991 1461 1018 tum
1483 979 1617 1025 quidem
1639 978 1674 1011 in
1697 988 1765 1020 quo
1787 976 1870 1009 clam
1893 974 2045 1008 omnibus
2067 972 2130 1008 de-1

1121 1029 1286 1072 liquisset,
1309 1029 1354 1062 est
1377 1024 1473 1060 fassus
1496 1047 1505 1056 .
1529 1024 1617 1057 Cum
1643 1019 1784 1055 remedia
1806 1026 1920 1057 caetera
1941 1017 2057 1052 frustra
2080 1013 2130 1052 εΗ

1123 1074 1219 1113 sent;
1248 1071 1372 1107 mentio
1397 1068 1518 1110 injeeca
1542 1065 1584 1100 est
1609 1064 1722 1101 auxilii
1748 1062 1836 1105 quod
1859 1072 1974 1095 omnes
1996 1059 2052 1094 hic
2074 1064 2132 1096 re<

1123 1125 1249 1153 nnunt,
1271 1112 1338 1157 ipse
1362 1121 1468 1147 autem
1493 1109 1627 1144 minime
1638 1106 1829 1144 formidavit
1847 1131 1855 1138 .
1880 1106 1987 1147 Igitur
1997 1115 2061 1146 qua
2074 1107 2130 1137 ca·-¹

1123 1169 1183 1205 put
1206 1157 1371 1192 constabat
1395 1151 1488 1189 fuisse
1511 1151 1658 1188 allisum,
1680 1151 1728 1183 ibi
1753 1150 1792 1183 ab
1816 1148 1943 1184 strenuo
1967 1146 2132 1193 spetfftato-

1123 1214 1187 1246 que
1211 1201 1382 1242 Chirurgo
1403 1209 1440 1234 os
1464 1221 1474 1237 ‚
1497 1195 1581 1233 nihil
1605 1193 1732 1237 prorsus
1756 1191 1833 1227 vitii
1856 1189 2026 1224 ostendens
2048 1210 2059 1226 ‚
2093 1199 2133 1222 ea.

1124 1246 1295 1289 diligentia
1318 1253 1415 1286 atque
1438 1250 1506 1278 arte
1527 1234 1730 1285 perforatum
1745 1234 1787 1268 est
1799 1257 1812 1279 ,
1833 1243 1870 1268 ut
1881 1244 1995 1270 nocere
2018 1230 2052 1267 id
2064 1241 2135 1282 nort

1125 1290 1250 1333 posset,
1271 1287 1294 1321 fi
1318 1297 1383 1322 non
1406 1285 1533 1328 juvaret
1548 1307 1556 1316 .
1582 1280 1681 1314 Nihil
1708 1289 1787 1312 tunc
1811 1301 1821 1317 ,
1853 1286 1909 1311 aut
1933 1276 2041 1319 postea
2063 1280 2137 1311 eiu-¹,

1150 1334 1157 1340 '
1199 1358 1208 1368 .
1233 1334 1323 1368 Dura
1348 1330 1478 1364 meninx
1501 1324 1656 1363 saniffima
1679 1326 1708 1357 &
1733 1320 1903 1363 conspecta
1918 1346 1928 1361 ‚
1952 1322 1983 1356 &
2008 1317 2136 1353 servata.

1128 1375 1172 1412 est
1196 1399 1206 1409 .
1231 1377 1422 1417 Intereaque
1447 1381 1532 1413 aeger
1555 1368 1725 1410 aliquanto
1750 1366 1864 1402 melius
1888 1363 1918 1398 se
1942 1362 2058 1397 habere
2082 1363 2138 1395 via

1128 1420 1289 1455 debatur:
1313 1428 1370 1452 nec
1393 1427 1457 1459 qua
1480 1417 1513 1448 in
1536 1424 1570 1449 re
1593 1420 1685 1447 antea
1708 1407 1863 1452 peccasset
1878 1433 1889 1448 ‚
1912 1406 2055 1450 amplius
2076 1413 2139 1440 ocd

1130 1464 1260 1498 culebat
1282 1475 1291 1499 3
1329 1471 1404 1496 cum
1427 1465 1557 1500 repente
1581 1453 1755 1498 pleuritide
1778 1452 1816 1487 ad
1839 1453 1939 1486 imam
1972 1447 2137 1484 finistram

1133 1506 1279 1540 thoracis
1301 1506 1433 1549 partem'
1449 1499 1630 1544 gravissima
1653 1500 1833 1540 correptus’
1857 1494 1901 1528 est
1926 1519 1937 1534 ‚
1974 1490 2140 1543 nullisque

1134 1549 1382 1594 proficientibus
1394 1545 1543 1582 auxiliis,
1568 1543 1656 1576 intra
1671 1551 1790 1583 paucos
1813 1537 1881 1573 dies
1891 1538 2038 1573 interiit,
2060 1545 2140 1569 cum

1134 1596 1302 1628 materiam
1325 1591 1478 1634 sanguine
1502 1588 1601 1622 etiam
1624 1580 1774 1617 nonnihil
1799 1581 1936 1615 tintfftam
1958 1600 1968 1616 ‚
1995 1578 2046 1612 sed
2072 1588 2143 1628 pon

1135 1638 1294 1676 multam.
1316 1632 1494 1678 rejecisset,
1519 1639 1624 1674 neque
1646 1627 1750 1676 ullum
1765 1635 1890 1676 ‘pr-aeter
1905 1634 1946 1674 ⁴ea
1957 1633 2029 1665 quae
2051 1620 2142 1667 diffisa

1136 1680 1211 1715 sunt
1234 1706 1244 1721 ,
1277 1677 1443 1715 accessisset
1469 1673 1647 1711 laborantis
1670 1678 1789 1713 capitis
1811 1666 1971 1718 indicium
1997 1688 2022 1715 .·
2091 1708 2100 1715 .

1133 1724 1393 1762 CADAVER,
1414 1719 1507 1763 cujus
1528 1731 1567 1754 ex
1589 1729 1645 1752 ore
1669 1713 1757 1751 foeda
1782 1719 1886 1749 ex¹v¹t
1909 1718 2043 1759 materia
2057 1729 2068 1747 ‚
2089 1717 2143 1743 m-

1133 1767 1182 1803 fra
1204 1768 1355 1812 jugulum
1375 1765 1541 1800 'sinistrum
1564 1762 1734 1796 dumtaxat
1758 1782 1770 1800 ,
1802 1755 1843 1792 ad
1876 1752 2045 1797 mediocre:
2071 1750 2143 1802 spa-

1132 1813 1239 1849 tium,
1264 1811 1410 1847 livebat,
1435 1818 1533 1850 grave
1556 1815 1665 1841 autem
1689 1803 1768 1837 adeo
1789 1801 1923 1840 olebat,
1949 1794 2059 1846 tlt-vel
2082 1793 2144 1829 fri·

1132 1855 1293 1898 gidiffima
1318 1854 1372 1888 illa
1385 1852 1598 1894 tempestate3
1620 1851 1736 1883 inierat
1760 1845 2142 1895 enimJanuarlussmen-

1132 1898 1170 1932 fis
1193 1900 1236 1932 A.
1262 1895 1545 1941 1742.;ferrinon
1567 1892 1689 1938 posset.
1713 1893 1830 1933 Itaque
1853 1888 1959 1928 nihil,
1984 1887 2042 1920 nisi
2066 1889 2142 1920 crae*

1131 1945 1248 1982 nium,
1271 1943 1360 1984 quod
1384 1949 1452 1974 erat
1474 1937 1712 1973 craffiffimum,
1734 1943 1880 1976 apertum
1903 1930 2139 1982 est·.·Nullu·m

1133 1985 1269 2029 prorsus·
1285 1986 1319 2018 in
1331 1997 1392 2024 eo,
1415 1984 1518 2017 autin
1540 1983 1582 2015 iis
1592 1991 1664 2024 quae
1686 1977 1902 2016 continebat,
1926 1984 2048 2009 vitium
2059 1972 2139 2013 fuit,

1132 2028 1156 2063 fi
1181 2039 1375 2073 perpaucam
1400 2027 1518 2061 flavam
1550 2023 1638 2068 quasi
1659 2021 1833 2065 gelatinam
1856 2020 1999 2061 excipias
2021 2040 2033 2057 ,
2064 2029 2140 2061 quae

1132 2072 1192 2108 sub
1215 2074 1305 2107 Dura
1331 2072 1479 2114 meninge
1502 2068 1541 2103 ad
1564 2067 1704 2110 spatium
1727 2066 1827 2098 trium
1849 2072 2030 2105 quatuorve
2052 2062 2143 2105 digi-

1135 2127 1246 2151 torum
1269 2114 1515 2159 quoquoversus
1539 2109 1663 2146 extensa
1675 2117 1800 2150 reperta
1812 2107 1853 2142 est
1866 2129 1877 2147 ,
1901 2117 1965 2156 non
1988 2104 2047 2139 sub
2059 2114 2143 2140 con.-·

1136 2158 1209 2193 tuso
1233 2159 1290 2193 ubi
1314 2159 1496 2192 terebratio
1518 2155 1667 2191 instituta
1691 2151 1817 2193 fuerat,
1838 2149 2066 2194 capitisloco,·
2088 2149 2142 2195 sed

1138 2203 1242 2245 magis
1265 2202 1304 2236 ad
1327 2203 1509 2236 anteriora.

1185 2249 1237 2279 16.
1262 2247 1295 2279 Si
1318 2245 1487 2282 historiam
1510 2243 1592 2280 hanc
1613 2255 1688 2280 cum
1709 2243 1749 2278 iis
1772 2252 1852 2287 quas
1885 2239 2032 2285 superius
2056 2240 2073 2283 (
2092 2237 2142 2282 i>

1138 2289 1323 2333 scripsimus
1347 2313 1357 2330 ‚
1380 2288 1712 2323 animadversionibus
1736 2286 1881 2321 conferas
1904 2309 1917 2327 ,
1940 2284 2043 2319 facile
2065 2295 2147 2319 cau-

1135 2334 1202 2368 sam
1226 2334 1310 2368 unde
1332 2333 1410 2368 huic
1430 2334 1548 2380 Juveni
1571 2332 1721 2376 pleuritis
1742 2331 1781 2364 fit
1803 2338 1898 2366 orta,
1922 2328 2147 2371 suspicaberis,-

1136 2388 1329 2421 perpaucam
1354 2386 1464 2412 autern
1485 2387 1558 2420 quae
1581 2375 1640 2409 sub
1652 2376 1742 2409 Dura
1767 2373 2058 2415 meningeinventa
2070 2371 2113 2405 est
2130 2394 2144 2410 ‚

1135 2423 1304 2455 materiam
1326 2444 1339 2462 ,
1374 2421 1526 2464 reliquias
1550 2416 1644 2453 fuisse
1665 2419 1754 2452 illius
1786 2428 1858 2460 quae
1889 2416 1937 2449 ibi
1972 2416 2141 2459 aliquanto

1137 2466 1256 2507 majori
1279 2465 1372 2507 copia
1396 2466 1482 2507 prius
1493 2461 1668 2500 extitisset,
1689 2460 1817 2502 reliqua
1840 2461 1874 2492 in
1897 2459 2064 2493 thoracem
2079 2471 2145 2500 po-

1136 2508 1315 2544 tissimum,
1340 2506 1393 2542 sed
1416 2510 1448 2541 &
1471 2507 1504 2541 in
1516 2517 1633 2548 corpus
1647 2503 1852 2543 universum,
1873 2511 1910 2536 ut
1922 2500 2023 2536 foetor
2033 2502 2144 2537 osten-

1135 2552 1255 2591 debat,
1279 2551 1432 2585 translata
1456 2575 1465 2584 .
1499 2548 1602 2590 Qod
1624 2547 1648 2582 si
1680 2558 1730 2582 res
1771 2546 1809 2580 ad
1842 2546 1929 2580 hunc
1952 2544 2085 2580 modum
2109 2544 2144 2580 se

1136 2594 1251 2629 habuit
1266 2605 1280 2634 3
1301 2597 1480 2638 optandum
1504 2601 1572 2628 erat
1595 2613 1606 2631 ,
1629 2600 1667 2625 ut
1690 2590 1880 2635 priusquam
1905 2589 1979 2624 inde
2005 2591 2141 2623 materia

1135 2639 1332 2673 dilaberetur
1346 2663 1355 2678 ,
1376 2638 1541 2671 terebrato
1562 2636 1675 2670 cranio
1699 2633 1804 2668 fuisset
1829 2634 1938 2667 educta
1952 2657 1961 2668 .
1986 2633 2044 2667 Sed
2068 2634 2142 2676 quis

1133 2682 1214 2717 scire
1236 2691 1388 2726 poterat,
1411 2682 1556 2715 cranium
1580 2690 1645 2713 non
1669 2678 1726 2712 sub
1748 2676 1885 2711 contuso
1909 2678 2005 2714 loco,
2019 2676 2069 2710 sed
2084 2687 2142 2709 an-

1134 2727 1234 2761 terius
1259 2726 1316 2760 ubi
1339 2725 1466 2759 nullum
1491 2734 1557 2758 erat
1581 2721 1745 2767 peculiare
1768 2719 1910 2754 colleetae
1936 2720 2077 2753 materiae
2100 2718 2143 2752 si-

1135 2781 1257 2813 gnum,
1280 2769 1436 2803 terebrari
1459 2769 1633 2810 oportere?
1657 2765 1783 2798 Verum
1795 2762 1845 2797 fac
1870 2763 1902 2796 id
1926 2763 2068 2796 divinari
2080 2774 2142 2806 po-

1130 2812 1252 2848 iuiffe:
1274 2823 1387 2855 quaero
1411 2823 1451 2845 ex
1473 2820 1527 2850 te,
1549 2820 1616 2852 quo
1632 2817 1779 2849 tempore
1803 2807 1950 2840 cranium
1972 2804 2080 2840 fuisset
2092 2816 2141 2839 te-

1135 2853 1356 2891 rebrandum?
1378 2854 1470 2888 Num
1496 2861 1568 2886 aute
1591 2851 1677 2885 diem
1700 2850 1862 2884 decimum
1874 2849 2067 2891 septimum:
2091 2850 2143 2882 At

1138 2899 1264 2934 nullum
1289 2908 1354 2932 erat
1378 2897 1504 2940 fignum
1528 2894 1617 2930 effusi
1643 2893 1790 2928 humoris
1813 2918 1822 2926 .
1855 2892 1946 2927 Num
1969 2893 2140 2935 postquam

1140 2944 1227 2986 signa
1252 2942 1358 2985 aliqua
1384 2939 1413 2973 se
1436 2940 1612 2973 obtulere?
1635 2938 1706 2971 Etsi
1718 2935 1901 2979 Chirurgus
1921 2935 2143 2970 exercitatiffi-
2187 2959 2190 2966 s

1140 2999 1210 3021 mus
1233 2987 1399 3021 Carcanus
1424 2982 1490 3023 (k)
1511 2982 1628 3016 diserte
1651 2980 1885 3018 inculcaverit,
1905 2980 2020 3022 pravis
2041 2988 2142 3021 appa-

1139 3028 1281 3066 rentibus
1297 3025 1566 3071 symptomatibus
1579 3048 1591 3065 ,
1613 3035 1678 3058 non
1702 3024 1816 3068 primis
1838 3023 1974 3063 diebus,
1995 3022 2047 3057 sed
2058 3030 2142 3055 tem-

1138 3074 1228 3117 poris
1243 3069 1381 3114 successu
1403 3093 1416 3110 ,
1448 3080 1522 3104 cum
1547 3077 1625 3102 tunc
1649 3080 1683 3102 ea
1707 3077 1746 3101 ex
1766 3067 1833 3108 jam
1848 3061 1941 3107 fasta
1966 3089 1978 3107 ,
1999 3064 2052 3100 vel
2073 3074 2140 3107 quae

1136 3116 1210 3160 fieri
1232 3115 1346 3157 incipit
1368 3136 1380 3153 ,
1413 3112 1607 3154 corruptione
1627 3110 1791 3154 provenire
1807 3109 1930 3153 soleant
1952 3129 1963 3145 ‚
1985 3109 2020 3142 de
2034 3107 2141 3150 salute

1138 3158 1257 3202 infirmi
1277 3156 1424 3200 rariffirne
1447 3154 1501 3199 effi’
1518 3153 1725 3198 sperandum,
1743 3154 1806 3187 imo
1827 3153 1862 3186 de
1884 3162 1918 3186 eo
1929 3149 2002 3194 fere
2017 3152 2142 3193 semper

1139 3203 1243 3238 atium
1266 3199 1339 3245 effe3
1366 3209 1472 3233 tamen
1495 3198 1672 3240 aegrotanti
1694 3219 1704 3236 ,
1730 3206 1803 3230 raro
1825 3194 1880 3229 hic
1904 3195 2058 3237 exemplo
2081 3204 2140 3227 an-

1141 3257 1216 3288 ceps
1239 3243 1302 3278 hoc
1326 3243 1505 3278 remedium
1527 3241 1660 3275 malenti
1683 3264 1695 3281 ,
1727 3249 1824 3283 quam
1847 3238 1972 3272 nullum
1995 3260 2008 3277 ,
2039 3235 2141 3270 deesse

1141 3289 1338 3327 noluerunt,·
1359 3285 1491 3329 quando
1513 3285 1576 3328 ipse
1587 3286 1751 3318 Cat-canus
1774 3283 1914 3325 aliquem
1938 3280 2054 3315 servari
2067 3279 2143 3323 pos-

1143 3333 1193 3371 se,
1217 3341 1281 3365 non
1306 3331 1459 3373 negavit,
1483 3330 1553 3362 imo
1575 3338 1631 3361 nec
1654 3325 1819 3369 Falloppii
1843 3323 2066 3358 testimonium
2092 3334 2140 3358 re-

1143 3376 1267 3414 ticuit,
1290 3384 1390 3408 unum
1415 3373 1455 3407 ab
1480 3373 1510 3406 se
1532 3371 1618 3412 circa
1642 3367 1864 3412 trigesimum,
1885 3367 1936 3401 vel
1959 3366 2139 3410 quadrage-

1142 3419 1257 3454 simum
1279 3416 1367 3451 diem
1390 3414 1559 3460 perforato
1580 3414 1715 3462 cganio,
1738 3414 1769 3445 &
1796 3411 1879 3444 sanie
1901 3410 2013 3445 edufflt
2027 3434 2039 3450 ‚
2062 3421 2142 3444 con·

1142 3463 1300 3498 servatum
1326 3459 1387 3495 esse
1409 3483 1419 3500 ‚
1453 3458 1642 3493 affirmantis
1663 3478 1673 3495 ,
1707 3465 1775 3489 non
1799 3453 1926 3488 facilem
1956 3452 1988 3487 se
2010 3453 2048 3488 ad
2070 3464 2141 3487 cre-

1141 3505 1279 3540 dendum
1303 3504 1466 3547 praebente
1488 3503 1638 3536 Carcano
1659 3522 1672 3540 ,
1703 3498 1755 3533 sed
1787 3498 1892 3532 multo
1923 3496 2141 3531 difficiliorem

1141 3551 1342 3591 praebituro,
1367 3547 1390 3581 si
1415 3556 1495 3580 rarae
1518 3546 1611 3586 aliae,
1637 3542 1689 3578 sed
1712 3552 1776 3577 non
1801 3542 1907 3575 minus
1928 3549 2022 3574 certae
2045 3563 2058 3580 ,
2080 3538 2144 3574 hu·

1138 3593 1188 3637 jus
1211 3592 1335 3635 generis
1357 3589 1609 3624 Observationes
1632 3599 1692 3631 pro
1720 3586 1845 3624 ''ssent‚
1868 3584 2004 3617 sculteti
2026 3585 2060 3617 in
2075 3585 2141 3626 pri-

1140 3639 1203 3671 mis
1236 3636 1255 3678 (
1268 3634 1316 3676 l)
1346 3634 1405 3678 qui
1434 3632 1499 3676 posi
1530 3630 1675 3675 vigesima
1739 3629 1881 3663 onavam
1909 3638 1928 3660 a
1959 3625 2073 3676 laefiqne
2087 3624 2139 3668 ft·-

1978 3677 2099 3712 prima-

1184 3710 1204 3727 r

203 3802 220 3864 ἔ
233 3804 252 3829 ι,
268 3804 298 3829 de
313 3797 475 3829 convulsione
486 3815 495 3823 .
513 3786 516 3788 v
555 3799 571 3830 <
580 3798 600 3831 f
610 3801 624 3831 )
639 3801 692 3826 Ast.
710 3800 744 3826 N.
761 3800 792 3825 c.
809 3799 889 3824 Tam.
905 3804 929 3824 a.
945 3795 1008 3822 obs.
1023 3802 1078 3828 ¹⁴⁹·

149 3802 162 3865 ἕ
176 3810 191 3858 ἶ
235 3834 320 3862 Traite
334 3831 375 3857 des
390 3832 474 3861 Playes
488 3833 518 3859 de
539 3829 592 3860 tete
607 3831 646 3859 eh.
660 3840 699 3858 ιο.
761 3831 778 3861 (
792 3830 803 3855 ι’
817 3830 832 3858 )
848 3837 875 3857 n.
892 3837 917 3860 9.
934 3828 959 3854 k
974 3834 1014 3856 ιο.

1070 3826 1089 3858 (
1103 3825 1123 3853 k
1137 3828 1148 3858 J
1163 3828 1199 3852 De
1216 3826 1292 3853 vuln.
1306 3826 1369 3856 cap.
1389 3825 1467 3852 serm.
1484 3833 1507 3857 3·
1522 3822 1591 3850 Less.
1603 3830 1628 3853 5-

1139 3797 1184 3827 (ε
1198 3795 1213 3825 )
1228 3797 1265 3820 ne
1281 3797 1390 3819 uenune.
1409 3795 1486 3820 vuln-
1502 3794 1526 3818 ⁵·
1544 3800 1567 3817 ²·
1584 3799 1610 3817 ⁰⁸
1626 3798 1650 3819 ¹⁸
1689 3822 1701 3849 ς
1715 3821 1726 3848 ι
1740 3820 1756 3850 )
1771 3817 1831 3846 obs.
1850 3825 1889 3850 ιε.
