2498 4075
615 196 771 265 Epist.
803 199 966 253 Anat.
1002 195 1223 252 Medica
1256 193 1397 250 LIX.
1432 196 1552 252 Art.
1591 208 1632 256 ς.

103 276 153 310 bis
174 276 359 310 vomentem
379 274 539 310 continuo
572 273 674 309 secuit
695 299 705 316 ,
735 279 768 310 &
790 284 899 310 tamen
933 274 1104 310 vehemen-

99 330 166 353 tem
191 321 308 362 reperit
330 319 504 353 ventriculi
525 317 845 354 inflammationem.
868 318 977 358 Qam
1000 321 1035 354 in
1059 320 1104 353 al-

99 364 199 397 terius
222 374 352 406 quoque
364 363 450 396 canis
470 365 485 401 (
507 372 522 396 e
546 366 556 402 >
579 362 782 403 ventriculo,
805 362 979 406 praesertim
1003 363 1098 406 pylo-

98 417 173 441 rum
206 407 330 447 versus,
354 405 658 440 vehementiffimam
683 414 790 440 autem
815 407 848 439 in
870 407 1026 448 proximis
1047 409 1098 439 in-

98 448 226 483 testinis
259 450 488 493 deprehendit,
513 448 565 484 sed
590 461 628 483 eo
673 449 852 488 leviorem,
876 461 943 492 quo
966 451 1098 492 propius

99 493 272 527 accedebat
306 493 345 527 ad
377 491 488 527 Craffa
510 514 520 524 -
553 493 652 526 Hunc
683 504 759 526 vero
791 503 903 526 canem
935 495 1099 527 viventem

98 537 233 579 quidem
253 562 264 579 ,
294 536 345 571 sed
367 547 432 570 non
455 537 518 570 nisi
542 536 712 579 postquam
734 538 845 570 novies
875 546 1062 570 evomuerat
1088 560 1098 575 ‚

97 581 216 614 incidit
239 604 249 620 ‚
280 591 355 614 cum
377 588 492 623 praeter
515 578 694 622 arsenicum
728 580 813 614 nihil
846 578 978 614 dedisset
1011 579 1098 623 quod

98 632 295 658 venenatum
317 622 393 658 esset
419 646 427 655 .
451 623 531 660 Quo
551 623 590 656 de
614 634 737 657 veneno
762 624 918 666 quoniam
941 624 994 658 hic
1016 647 1028 664 ,
1062 633 1098 656 ut

97 668 270 710 proposita
293 679 310 700 a
332 667 427 700 nobis
449 667 588 709 requirit
611 665 744 700 historia
769 664 875 709 (f),
898 667 1098 710 potissimum

100 711 278 752 quaerimus
302 722 313 749 3
348 711 566 753 experimenta
589 719 644 743 aut
667 721 723 753 per
745 710 850 753 ipsum
875 734 884 750 ,
909 721 963 745 aut
986 720 1043 754 per
1066 723 1100 744 e-

96 753 221 797 jusdem
254 756 379 797 generis
414 752 476 786 alia
508 765 525 786 a
548 754 735 803 Sproegelio
768 753 880 787 habita
910 757 1000 796 (g)
1033 765 1098 787 non

96 798 308 832 omittemus.
333 797 420 834 Feli,
443 799 475 829 &
497 807 569 830 cani
582 795 757 830 arsenicum
781 796 886 830 album
908 798 1037 832 crudum
1048 799 1099 830 in-
1125 832 1126 835 Ἴ

96 839 208 883 geffit.
233 840 402 876 Vomendi
420 861 431 878 ,
465 849 520 873 aut
544 839 777 874 vomituriendi
800 841 971 875 conatibus
994 863 1005 880 ,
1042 851 1098 874 an-

95 886 226 917 xietatis
249 883 369 928 signis,
392 886 424 917 δε
445 883 709 917 convulsionibus
733 904 743 920 ,
765 893 820 916 aut
842 885 1098 919 concussionibus

101 927 329 962 animadversis
344 950 355 966 ,
379 936 555 969 utrumque
581 927 698 961 animal
723 926 910 969 priusquam
933 929 1096 967 interiret,

98 969 266 1004 diffitemur
289 971 353 1010 est3
374 969 580 1014 ostenditque
602 972 637 1004 in
670 971 854 1004 ventriculo
877 993 890 1010 ‚
922 981 977 1006 aut
1009 973 1096 1006 circa

97 1015 253 1056 pylorum
272 1037 285 1054 ‚
316 1024 370 1049 aut
394 1015 516 1057 ubique
542 1014 632 1048 valde
655 1012 865 1048 inflammato
884 1037 895 1052 ,
931 1015 1095 1058 sanguinis

96 1068 229 1099 grumos
253 1058 340 1092 inter
365 1068 479 1100 rugas,
503 1067 557 1092 aut
582 1059 666 1092 inter
688 1059 784 1092 villos
807 1057 899 1092 effusi
924 1083 934 1099 ‚
964 1061 996 1092 δε
1019 1071 1094 1092 coa-

96 1103 227 1143 gulati,
250 1104 307 1143 qui
330 1103 363 1134 in
387 1112 465 1135 cane
488 1102 667 1135 arsenicum
690 1101 913 1136 circumdabat
937 1126 945 1134 .
968 1103 1095 1137 Cobal-

99 1152 194 1182 tum,
216 1146 305 1188 quod
329 1145 461 1179 arsenici
485 1146 602 1178 minera
626 1145 692 1186 est,
717 1157 792 1180 curn
815 1156 896 1178 unus
919 1167 929 1183 ,
960 1148 991 1178 &
1014 1147 1095 1179 alter

96 1190 187 1221 canis
209 1189 342 1231 impune
365 1187 599 1227 evomuissent3
624 1189 716 1223 alteri
740 1187 825 1229 (h),
850 1200 889 1222 ne
911 1199 1094 1228 evomeret,

95 1232 247 1273 obligato
269 1243 345 1273 ore,
369 1232 636 1266 vehementiffimi
661 1233 812 1266 vomendi
834 1242 972 1266 conatus
994 1258 1004 1273 ,
1039 1243 1096 1266 an-

95 1278 221 1316 xietas,
238 1274 484 1315 'convulfiones,
509 1276 660 1310 debilitas
670 1276 825 1311 obvenere
837 1299 850 1316 ,
871 1278 903 1309 δέ
919 1277 1004 1309 intra
1027 1287 1099 1319 per-

93 1329 213 1361 paucas
245 1319 341 1353 horas
365 1330 450 1353 mors
466 1345 473 1352 .
498 1320 588 1353 Huic
612 1320 809 1354 ventriculus
832 1319 996 1353 nonnullis
1019 1320 1099 1354 locis

96 1362 277 1397 sublividus
291 1386 301 1401 ,
327 1362 447 1405 ubique
462 1365 602 1397 multum
625 1363 848 1398 inflammatus
858 1362 922 1396 fuit
935 1387 944 1403 ‚
965 1361 1098 1396 inflam-

97 1416 184 1440 mata
207 1417 337 1449 quoque
357 1406 651 1446 intestinaomnia,
676 1407 727 1442 secl
738 1416 831 1440 tanto
856 1408 1099 1449 minus,quan-

96 1460 135 1485 to
159 1462 177 1483 a
200 1451 382 1483 ventriculo
406 1453 508 1493 magis
539 1450 697 1485 distabant
716 1475 725 1483 .
751 1450 823 1484 Nec
844 1449 957 1484 desunt
980 1451 1014 1483 in
1039 1452 1100 1484 hu-

97 1495 201 1527 manis
220 1495 411 1536 corporibus
424 1493 621 1528 funestorum
644 1493 763 1536 sumpti
786 1493 906 1528 cobalti
930 1492 1102 1528 effefiuum

98 1537 386 1577 Observationes‚·
430 1547 465 1570 ut
500 1549 562 1571 una
593 1538 647 1571 Cl.
681 1538 895 1572 Kundmanni
919 1537 976 1580 (i)
999 1539 1100 1572 trium

98 1581 214 1615 saltem
242 1591 380 1614 mortem
399 1603 409 1619 ‚
437 1580 511 1614 inde
534 1580 676 1616 secutam
698 1582 785 1614 intra
809 1581 903 1615 horas
926 1592 992 1614 non
1017 1582 1100 1615 rnul-

94 1634 169 1666 tas,
191 1626 447 1667 complectatur,
470 1636 545 1657 cum
567 1635 678 1658 omnes
696 1624 866 1658 confestim
890 1624 1102 1658 vehementis-

97 1670 176 1701 sima
199 1670 341 1702 tormina
364 1666 617 1709 corripuissent,
640 1678 784 1701 enormes
807 1669 972 1705 vomitus,
996 1667 1100 1701 &fri-

94 1711 167 1754 gidi
191 1712 340 1749 sudores,
364 1710 460 1744 dorso
482 1709 671 1745 cadaverum
694 1711 822 1753 livido,
848 1712 941 1746 valde
966 1712 1100 1746 inflam-

93 1764 187 1789 mato
212 1755 394 1788 ventriculo
404 1777 427 1800 3
460 1756 493 1787 &
526 1766 564 1789 ex
587 1754 682 1797 hujus
704 1754 800 1788 erofis
823 1755 902 1789 vasis
924 1755 1099 1797 sanguino-

93 1800 184 1833 lento
208 1798 344 1832 humore
368 1798 522 1832 effluente
545 1822 553 1829 .
588 1798 711 1832 Eadem
734 1798 934 1844 Qbservatio
966 1800 1097 1833 obitum

93 1853 226 1885 quoque
249 1844 406 1884 proponit
429 1841 575 1875 mulieris
596 1865 609 1882 ‚
643 1841 714 1883 post
737 1841 900 1883 ejusmodi
923 1844 956 1875 &
978 1845 1098 1877 tormi-

94 1897 157 1925 na,
179 1889 210 1918 &
234 1888 378 1918 vomitus
392 1910 402 1926 ,
424 1887 510 1918 intra
533 1895 648 1927 paucas
672 1884 769 1919 horas
799 1883 1019 1919 succedentem
1042 1885 1099 1921 de-

94 1929 219 1971 glutito
244 1928 388 1962 arsenico
410 1928 532 1963 rubro.
557 1927 753 1962 Arsenicum
777 1939 884 1963 autem
907 1930 1063 1964 citrinum
1087 1943 1096 1967 3

95 1974 380 2017 auripigmentum
403 1981 523 2006 vocant
547 1984 557 2008 3
602 1983 699 2015 quem
723 1971 847 2006 ardoris
862 1997 871 2012 ,
894 1975 925 2006 &
947 1973 1100 2007 erofionis

95 2017 245 2055 sensum,
269 2020 392 2058 &quot
406 2016 623 2053 vomitiones,
647 2014 924 2059 dejetstionesque,
946 2018 978 2049 δέ
999 2028 1102 2060 quan-

95 2069 144 2094 tas
166 2061 365 2104 permoverit
388 2080 398 2097 ,
421 2059 602 2093 Gerbezius
624 2061 638 2097 (
659 2058 678 2098 l<
701 2062 711 2097 )
735 2059 869 2093 docebit
891 2083 901 2099 ‚
927 2068 1026 2102 utque
1048 2070 1103 2095 to-

93 2112 163 2139 tam
186 2102 346 2138 familiam
369 2124 379 2140 ‚
403 2114 442 2136 ex
465 2114 529 2145 qua
551 2102 654 2144 aliqui
681 2101 870 2144 sanguinem
894 2114 934 2136 ex
955 2113 1012 2137 ore
1037 2128 1047 2144 ,
1068 2107 1101 2138 &

92 2146 254 2182 intestinis
276 2147 394 2188 ejecere
416 2169 429 2186 ,
464 2156 543 2189 pene
568 2144 765 2179 interfecerit
786 2170 796 2186 ,
831 2146 970 2189 puellam
993 2157 1101 2182 autem

118 2193 190 2226 lane
211 2191 390 2227 occider-iu
415 2198 451 2223 ut
475 2190 581 2224 minus
606 2190 727 2222 mirum
740 2188 779 2223 fit
801 2189 891 2232 quod
912 2190 996 2232 leges
1018 2190 1103 2233 apud

93 2204 266 2277 Eleydium
289 2234 304 2276 (
325 2233 336 2267 l
360 2238 370 2272 )
394 2256 403 2271 ,
429 2233 554 2266 elicitas
576 2243 615 2266 ex
638 2233 879 2276 auripigmento
902 2233 1069 2276 crystallos
1093 2258 1104 2275 ,

91 2279 221 2324 gallinae
257 2278 409 2322 praebitas
430 2298 443 2315 ,
476 2276 560 2310 hanc
591 2276 657 2310 alvi
690 2275 787 2311 fluxu
820 2275 991 2312 confecisse
1014 2302 1021 2309 .
1056 2278 1101 2312 Et

94 2321 245 2366 quamvis
268 2331 335 2354 non
361 2321 398 2354 ad
422 2318 601 2354 arsenicum
618 2344 627 2359 ‚
650 2318 703 2353 sed
727 2320 765 2354 ad
787 2320 957 2362 plumbum
981 2320 1102 2363 spectet

93 2367 330 2407 iithargyrium
352 2375 364 2405 ;
394 2363 494 2406 digna
519 2373 627 2397 tamen
653 2364 724 2397 sunt
748 2375 820 2407 quae
845 2376 860 2397 a
886 2372 918 2397 te
950 2364 1102 2408 legantur

90 2419 165 2444 tum
189 2409 257 2451 ejus
280 2434 289 2449 ‚
324 2416 419 2442 aceto
445 2406 545 2440 soluti
570 2429 582 2447 ‚
613 2409 644 2440 &
666 2407 753 2440 costi
779 2405 902 2441 fabium
925 2408 959 2441 in
983 2420 1060 2442 cane
1085 2421 1102 2443 a

86 2455 256 2488 Brunnero
282 2452 488 2495 periculum,
512 2448 664 2492 canisque
695 2448 845 2485 diss'edffio
868 2474 877 2490 ‚
914 2461 987 2487 tum
1021 2452 1105 2494 ejus-

88 2500 184 2535 dem,
207 2507 282 2530 curn
306 2496 384 2528 bolo
408 2494 512 2534 coffi,
539 2496 570 2527 δι
592 2493 677 2527 acidi
722 2494 791 2527 vini
827 2494 926 2529 doliis
959 2496 1069 2539 injeffi
1095 2522 1106 2538 ,

86 2544 143 2589 Jo.
162 2541 232 2585 Jac.
256 2541 368 2573 Franc.
392 2539 521 2573 Vicarii
548 2542 557 2577 (
580 2548 613 2571 m
635 2541 646 2576 )
670 2537 791 2571 habitae
816 2539 851 2571 in
870 2540 910 2572 iis
931 2541 990 2583 qui
1014 2540 1106 2573 bibe-

92 2595 192 2625 rant,
214 2582 472 2617 Observationes
494 2607 504 2615 .
539 2581 614 2615 Nec
639 2582 744 2614 minus
779 2581 863 2615 leditu
885 2582 992 2626 dignae
1031 2583 1104 2617 sunt

92 2632 166 2665 aliae
180 2652 189 2668 ,
211 2636 247 2661 ut
270 2627 326 2662 Cl.
346 2626 402 2670 Jo.
428 2626 512 2659 Mat.
526 2624 661 2659 Mulleri
682 2627 696 2663 (
717 2635 737 2657 n
759 2628 773 2664 )
797 2635 880 2666 una,
902 2629 935 2660 δε
954 2626 1103 2671 c1.Just.

98 2671 222 2709 David.
245 2669 419 2705 Hammeri
440 2671 455 2708 (
477 2680 495 2702 o
515 2672 528 2708 >
551 2668 646 2702 altera
660 2691 668 2699 .
694 2669 745 2701 Ex
770 2670 967 2704 torminibus
995 2673 1082 2704 enim
1096 2695 1107 2712 ,

95 2715 299 2752 vomitibus,
319 2712 576 2756 dejectionibus,
602 2711 816 2746 anxietatibus
833 2734 843 2749 ‚
865 2713 1016 2756 deliquiis
1030 2740 1039 2755 ‚
1065 2713 1105 2747 fi-

96 2762 149 2798 ti,
173 2769 246 2801 quae
267 2758 302 2790 in
325 2759 452 2799 prima,
476 2759 506 2789 δι
529 2767 570 2788 ex
593 2754 669 2795 siti,
692 2753 769 2790 aestu
785 2780 795 2796 ,
819 2755 1000 2799 sanguineis
1021 2756 1103 2799 deje.

97 2802 285 2838 &ionibun
307 2811 378 2842 quae
390 2798 571 2833 infecunda
583 2799 754 2841 leguntur,
776 2807 849 2834 tum
871 2812 911 2833 ex
934 2802 1001 2834 cita
1017 2812 1106 2834 rnor-

97 2858 133 2881 τε
154 2856 227 2889 quae
250 2845 285 2878 in
309 2851 473 2885 utraque;
494 2844 638 2885 itemque
662 2853 700 2875 ex
721 2843 806 2877 cutis
829 2845 982 2878 universae
996 2855 1105 2880 macu-

96 2892 160 2930 lis,
184 2888 287 2921 totius
310 2887 540 2932 alimentorum
562 2885 681 2919 canalis
717 2886 907 2921 rubentibus
942 2889 1105 2930 stigmati-

97 2936 160 2969 bus
186 2957 196 2974 ,
227 2931 440 2973 omniumque
473 2940 541 2971 ejus
573 2929 757 2963 tunicarum
791 2930 902 2964 subtili
939 2931 992 2965 hic
1036 2931 1106 2966 illic

98 2976 321 3023 perforatione
343 2997 355 3013 ,
387 2985 459 3017 quae
491 2976 525 3006 in
560 2973 687 3022 prima,
712 2975 744 3005 &
768 2985 807 3006 ex
838 2975 1002 3008 cadaveris
1036 2984 1107 3009 atro

98 3021 258 3066 posterius
281 3016 413 3057 colore,
434 3016 627 3053 ventriculi,
648 3018 681 3048 &
713 3016 938 3051 intestinorum
960 3020 1109 3053 omniurn

99 3076 216 3107 magna
228 3063 367 3096 exterius
389 3058 670 3097 inflammatione,
694 3060 830 3094 interius
854 3061 1014 3103 erofione,
1035 3074 1108 3105 quae

95 3112 134 3144 «in
159 3105 292 3142 secunda
316 3114 561 3148 proponuntur,
584 3103 810 3141 satisconstat,
834 3116 991 3140 venenum
1015 3115 1107 3140 utro-

101 3155 200 3196 bique
223 3148 423 3184 corrofivum
447 3147 563 3181 cuneta
594 3144 752 3186 effecisse,
777 3149 903 3182 tametsi
936 3148 1103 3191 quodnam

100 3198 136 3230 id
159 3194 277 3233 fuerit,
302 3203 361 3235 pro
383 3200 473 3225 certo
485 3202 549 3223 non
573 3191 711 3232 liqueat.
736 3192 833 3224 Certe
856 3200 963 3225 autem
987 3193 1102 3227 asum.

101 3250 161 3283 pto
184 3237 324 3273 arsenico
357 3232 443 3268 suere
478 3236 507 3266 δι
540 3233 781 3276 symptomata,
805 3237 836 3267 &
868 3234 1023 3270 viscerum
1054 3238 1102 3270 la-

102 3285 157 3317 bes
179 3284 213 3315 in
238 3278 384 3315 historiis
406 3288 484 3319 quas
507 3277 635 3318 preffius
666 3277 841 3311 indicabo.
866 3279 1101 3322 Preuffius(p)

100 3326 248 3360 faucium
273 3346 281 3361 ,
316 3325 348 3355 &
379 3322 515 3364 pectoris
557 3321 819 3355 constriffionem
842 3347 851 3363 ‚
884 3322 970 3355 sitim
992 3346 1005 3364 ‚
1049 3336 1100 3358 ar-

99 3370 194 3404 dores
218 3393 228 3408 ‚
261 3366 425 3402 rosiones,
457 3365 599 3398 tormina
622 3389 632 3404 ‚
664 3365 822 3399 immanes
855 3367 1000 3400 vomitus
1023 3390 1033 3406 ‚
1067 3370 1100 3401 δε

100 3412 293 3456 dejectiones
325 3417 482 3443 memorat
497 3431 506 3439 .
540 3408 700 3443 Laudatus
725 3408 883 3444 Mulierus
907 3412 921 3449 <
943 3420 961 3453 q
983 3414 994 3449 )
1018 3422 1099 3454 prae.

1139 1493 1243 1530 -ribus
1273 1492 1362 1536 quod
1385 1502 1510 1526 veneno
1542 1492 1707 1533 imputare
1744 1485 1845 1529 posses
1869 1499 1880 1520 .-

1991 208 2086 262 373

1152 283 1203 307 ter
1225 273 1312 311 haec,
1348 274 1381 306 δε
1411 271 1539 306 dolores
1571 268 1722 309 ventri53
1757 266 1855 310 hujus
1884 276 2015 311 quoque
2046 270 2155 306 statim

1151 316 1431 352 intumescentiam
1454 339 1467 356 ,
1500 318 1530 348 &
1555 313 1748 347 anxietates.
1772 312 1955 346 Mauricius
1978 312 2158 350 Hoffmam.

1151 372 1210 395 nus
1253 363 1340 400 (r)
1383 360 1519 394 celerem
1551 358 1670 399 pariter
1694 376 1704 393 ‚
1737 354 1788 389 sed
1831 356 1937 389 multo
1977 358 2156 393 maximam

1151 405 1274 439 ventris
1307 402 1617 441 intumescentiam‚
1651 399 1748 433 faciei
1780 399 1939 437 livorem,
1961 399 2156 438 oculorum,

1150 451 1182 481 &
1204 447 1338 482 cervicis
1361 446 1599 481 contorsiones.
1622 443 1679 477 Cl.
1702 442 1947 477 Heimreichius
1971 441 2054 484 (s)
2075 453 2158 475 con-

1149 493 1257 525 tinuos
1290 503 1343 533 per
1378 491 1471 524 horas
1496 500 1548 531 24.
1584 487 1730 521 vomitus
1761 497 1837 520 cum
1880 484 2051 519 horrendis
2090 484 2159 519 cla-

1150 535 1295 568 moribus
1320 556 1329 572 ,
1365 543 1496 568 artuum
1539 540 1716 565 tremorem
1740 555 1751 571 ,
1785 530 1903 572 pedum
1949 525 2123 571 paralysim
2146 551 2158 561 .

1149 578 1204 611 Cl.
1225 578 1282 621 J0.
1310 577 1397 612 Phil.
1421 575 1571 611 Wolffius
1593 578 1607 614 (
1631 582 1646 608 t
1668 577 1679 613 )
1703 572 1916 607 atrocissimos
1945 571 2121 606 ventriculi
2144 594 2161 614 ‚

1148 625 1181 655 δι
1214 622 1335 655 ventris
1366 621 1484 663 reliqui
1529 618 1659 652 dolores
1680 639 1690 656 ,
1725 628 1802 650 cum
1847 615 1992 650 Cholera
2039 614 2159 649 morbo

1147 664 1338 706 conjunfios
1361 688 1370 696 .
1405 665 1515 700 Quem
1536 661 1629 703 supra
1652 660 1804 700 laudavi,
1827 661 2023 693 Hammerus
2043 662 2059 699 (
2080 669 2100 692 u
2123 661 2161 699 ),

1147 712 1180 743 δι
1203 706 1405 742 Praestantiffi
1430 706 1656 748 Qelmalzius
1679 708 1690 743 ί
1714 714 1736 738 x
1761 707 1775 744 )
1799 703 1857 737 ille
1869 701 2075 737 vehementes
2098 712 2163 738 voq
2201 729 2203 731 .

1147 753 1303 786 mitiones
1326 775 1339 792 ‚
1374 752 1495 784 virium
1530 747 1761 782 infirmitatem
1783 769 1795 787 ,
1828 749 1860 779 &
1904 754 2034 780 artuum
2077 755 2161 779 con-

1148 796 1304 830 transturas
1325 817 1336 834 ,
1369 793 1424 829 hic
1457 801 1566 827 autem
1597 790 1727 833 insuper
1772 791 1982 838 anxietates,
2018 788 2160 838 cardial-

1150 842 1237 883 gias,
1259 838 1540 872 intumescentiam
1572 835 1743 869 oculorum
1767 855 1778 872 ,
1814 836 1846 868 &
1877 841 1983 866 totius
2005 839 2124 874 capitis
2149 855 2163 872 ,

1149 884 1324 919 ventriculi
1346 905 1359 923 ‚
1390 878 1678 914 &intestinorum
1712 878 1910 912 lancinantes
1933 897 1943 914 ,
1978 873 2163 913 erodentes.

1147 938 1212 970 que
1241 927 1429 966 cruciatus,
1452 923 1579 957 ardores
1600 945 1611 962 ‚
1646 923 1773 963 aliaque
1799 919 2022 954 adnotarunt.
2132 962 2141 970 ι

1145 972 1206 1005 Sed
1228 971 1387 1012 quoniam
1420 967 1598 1002 arsenicum
1630 966 1664 999 in
1694 965 1746 1000 his
1787 973 1917 997 tantum
1950 973 2018 996 non
2049 968 2163 1009 omni-i

1145 1015 1204 1048 bus
1233 1012 1357 1047 casibus
1392 1012 1589 1046 vomitiones
1620 1009 1697 1050 ipsae
1720 1018 1836 1050 magna
1858 1019 1898 1040 ex
1933 1015 2024 1049 parte
2057 1016 2162 1048 ejece-2

1145 1070 1179 1091 re
1200 1080 1209 1095 ,
1247 1057 1334 1091 illius
1367 1067 1447 1090 vero
1481 1053 1642 1097 quidquid
1675 1062 1743 1086 erat
1776 1050 1916 1092 reliqui,
1951 1050 1992 1083 ab
2022 1046 2162 1094 ipsoque

1143 1101 1314 1135 inchoatas
1338 1111 1438 1133 noxas
1470 1098 1590 1132 blanda
1623 1095 1732 1131 oleosa
1755 1119 1766 1135 ,
1799 1095 1848 1128 lac
1880 1102 1991 1143 autem
2023 1093 2163 1144 praescr-1

1143 1146 1206 1179 tim
1229 1167 1242 1184 ,
1271 1143 1478 1180 cohibuere;
1513 1140 1771 1176 Observationes
1807 1138 1884 1171 alias
1907 1148 1924 1175 ‚'
1950 1147 1987 1170 in
2021 1147 2064 1171 ns
2099 1136 2164 1179 qui

1145 1188 1268 1223 servari
1300 1198 1366 1220 non
1401 1194 1581 1228 potuerunt
1604 1207 1614 1223 ,
1657 1183 1737 1218 dum
1783 1182 1928 1215 viverent
1954 1202 1964 1217 ,
2012 1181 2045 1213 &
2089 1178 2164 1229 post

1144 1241 1285 1266 mortem
1318 1229 1446 1264 habitas
1467 1252 1478 1268 ‚
1515 1228 1768 1263 indicabimus:
1814 1223 2032 1258 Ettm'ullerus
2073 1222 2164 1258 filius

1148 1277 1237 1318 (y)
1267 1274 1306 1308 de
1351 1273 1457 1317 puella
1497 1271 1596 1306 refert
1618 1295 1630 1312 ‚
1663 1283 1737 1314 quae
1782 1280 1800 1303 a
1839 1266 1972 1310 sumpto
2013 1264 2163 1316 arsenico

1148 1330 1223 1352 cum
1258 1318 1362 1352 multa
1394 1315 1515 1351 viscida
1550 1316 1731 1359 liquamina
1764 1313 1870 1357 prima
1904 1311 2000 1345 nocte
2032 1308 2164 1351 rejecis-

1149 1363 1196 1396 set
1219 1381 1234 1405 ‚-
1264 1373 1358 1395 mane
1389 1362 1523 1394 inventa
1556 1368 1687 1393 mortua
1721 1357 1764 1392 est
1787 1371 1796 1389 ι
1831 1367 1889 1391 nec
1926 1363 2035 1388 tamen
2069 1353 2164 1387 cada-

1148 1416 1205 1441 ver
1230 1430 1241 1447 ‚
1274 1414 1391 1448 praeter
1424 1413 1595 1438 externum
1629 1401 1789 1446 quendam
1813 1399 1954 1434 lividum
1979 1420 2001 1448 ‚-
2026 1399 2058 1431 &
2088 1409 2163 1449 coe-

1151 1450 1278 1484 ruleum
1300 1449 1444 1482 tractum
1467 1472 1478 1486 ,
1510 1446 1690 1491 quidquam
1716 1456 1796 1478 mox
1825 1443 1967 1478 ostendit
1990 1451 2026 1475 in
2063 1441 2168 1475 visce-

1913 1485 1999 1521 nihil
2022 1482 2163 1527 usquam

1152 1536 1276 1580 putridi
1299 1559 1312 1577 ,
1345 1535 1430 1569 nihil
1462 1534 1574 1568 foetidi
1607 1535 1643 1567 in
1665 1531 1827 1566 intestinis
1851 1554 1861 1570 ‚
1891 1531 1995 1566 nullas
2017 1529 2052 1562 in
2076 1527 2129 1564 his
2151 1549 2165 1566 2

1152 1590 1209 1614 aut
1233 1581 1267 1613 in
1292 1579 1477 1613 ventriculo
1494 1575 1738 1614 inflammatio,
1762 1585 1817 1608 aut
1829 1574 1952 1614 erofio,
1974 1580 2166 1617 quanquam

1150 1624 1205 1659 hic
1229 1625 1313 1658 inter
1347 1632 1461 1657 caetera
1484 1644 1496 1662 ,
1530 1620 1640 1655 album
1663 1620 1830 1662 pulverem
1847 1619 2054 1667 'continebat
2067 1641 2079 1658 ‚
2101 1615 2166 1659 qui

1151 1669 1264 1710 prunis
1294 1666 1433 1709 inje6tus
1462 1664 1591 1699 furnum
1623 1662 1714 1699 dedit
1750 1661 1924 1703 arsenzanm
1950 1661 2125 1704 spirantem
2146 1668 2168 1700 ‚'

1150 1710 1319 1752 eidemque
1352 1710 1466 1743 similis
1496 1708 1602 1751 pulvis
1626 1733 1636 1749 ‚
1667 1708 1703 1740 in
1733 1704 1856 1739 aedibus
1886 1706 2038 1738 inventus
2063 1727 2080 1746 2
2107 1714 2166 1739 ca-

1149 1754 1229 1788 tello
1251 1777 1261 1793 ,
1294 1757 1324 1787 &
1355 1751 1413 1787 feli
1444 1750 1588 1795 ingestus
1612 1773 1623 1791 ‚
1656 1751 1738 1785 hanc
1774 1748 1846 1791 post
1870 1747 2100 1791 sequihoram,
2123 1748 2169 1783 iia

1149 1800 1219 1832 lum
1263 1797 1415 1839 plurimis
1447 1796 1600 1830 excitatis
1645 1792 1885 1828 vomitionibus
1908 1814 1923 1832 ‚
1958 1792 2056 1825 tertia
2089 1791 2167 1833 poll}

1148 1841 1230 1875 hora
1262 1840 1434 1874 interemit
1457 1863 1467 1880 ,
1499 1838 1681 1873 ventriculo
1726 1835 1799 1869 felis
1831 1846 1928 1878 parva
1962 1846 2001 1869 ex
2035 1843 2126 1877 parte
2148 1857 2165 1874 w

1151 1885 1260 1919 catelli
1296 1893 1405 1918 autem
1438 1894 1477 1917 ex
1509 1892 1627 1924 magna
1673 1880 1881 1915 inflammato
1902 1903 1913 1919 ,
1948 1887 1985 1913 ut
2018 1880 2049 1912 δι
2082 1889 2161 1921 pro-

1151 1930 1244 1962 ximo
1266 1927 1438 1962 Duodeno
1469 1927 1626 1960 intestino
1648 1948 1658 1963 ‚
1694 1935 1794 1969 prope
1815 1921 1906 1966 quod
1933 1922 2077 1957 enormis
2098 1920 2168 1956 fuic

1152 1970 1257 2007 erolio
1280 1995 1287 2003 .
1324 1970 1384 2004 Sed
1416 1969 1458 2003 ab
1491 1971 1541 2004 his
1573 1970 1687 2013 puellae
1720 1967 1942 2001 ventriculum
1986 1968 2018 2000 &
2063 1965 2169 2000 multat

1152 2014 1275 2050 viscida
1318 2014 1454 2047 materia
1480 2037 1489 2052 ‚
1521 2015 1551 2046 &
1584 2013 1675 2047 cibus
1707 2022 1803 2055 quem
1849 2018 1923 2044 ante
1960 2007 2131 2053 sumpserat
2154 2033 2172 2050 Ω,

1154 2058 1305 2093 videntur
1337 2054 1509 2092 defendisse
1531 2079 1543 2096 ‚
1575 2067 1641 2090 non
1674 2056 1755 2089 item
1778 2054 1819 2088 ab
1840 2054 2023 2088 irritatione
2047 2055 2167 2089 tunicae

1153 2103 1243 2136 illius
1273 2103 1402 2135 intimae
1425 2122 1436 2139 ,
1486 2111 1727 2143 nervorumque
1773 2097 1833 2140 ipsi
1887 2097 2167 2142 inservientiumJ

1154 2144 1384 2180 Producuntur
1418 2152 1528 2178 autem
1570 2144 1716 2186 exempla
1761 2141 1898 2190 arsenici
1942 2142 1991 2178 vel
2025 2145 2170 2181 exterius

1154 2188 1319 2229 admoti,
1349 2189 1416 2222 vim
1451 2186 1538 2223 suam
1572 2186 1730 2222 exerentis
1775 2186 1839 2222 five
1882 2187 1940 2222 ubi
1974 2190 2059 2225 cutis
2090 2190 2167 2225 sunu

1153 2233 1260 2268 ulcera
1282 2255 1295 2272 ,
1328 2243 1392 2275 qua
1421 2230 1461 2265 de
1483 2243 1515 2265 re
1539 2252 1549 2270 ‚
1583 2232 1707 2275 quippe
1732 2232 1839 2267 minus
1870 2231 1934 2268 huc
1967 2236 2129 2269 attinente
2151 2256 2168 2275 9

1152 2276 1317 2319 rejicimus
1341 2287 1373 2309 te
1407 2274 1447 2309 ad
1482 2287 1517 2312 ea
1551 2285 1623 2319 quae
1656 2275 1733 2311 alias
1756 2280 1768 2317 (
1791 2277 1850 2321 z)
1877 2277 2079 2319 scripsimus,
2103 2277 2169 2312 sive

1152 2321 1211 2354 ubi
1244 2320 1301 2353 illa
1333 2319 1378 2354 est
1409 2320 1539 2363 integra
1562 2343 1576 2360 ‚
1605 2319 1787 2364 cujusmodi
1811 2321 1965 2364 exemplis
1987 2320 2062 2356 addi
2084 2321 2169 2356 illud

1153 2365 1189 2398 in
1213 2363 1325 2408 primis
1357 2364 1463 2407 potest
1485 2364 1524 2399 de
1546 2375 1614 2406 quo
1643 2365 1688 2400 est
1711 2364 1931 2399 Heimreichii
1965 2366 2165 2400 Observatio

1155 2407 1254 2452 paulo
1286 2417 1360 2442 ante
1392 2410 1493 2443 citata
1515 2430 1528 2448 ‚
1559 2406 1613 2443 feu
1635 2409 1834 2443 celeritatem
1867 2407 1985 2451 spectes
2015 2420 2079 2452 qua
2102 2420 2165 2442 no-

1156 2453 1226 2487 cuit
1248 2474 1258 2490 ,
1297 2452 1350 2486 seu
1373 2454 1565 2495 gravitatem
1587 2474 1597 2491 ,
1630 2456 1661 2487 ὃ(
1694 2452 1905 2496 pertinaciam
1938 2453 2128 2488 nocumenti
2150 2477 2163 2494 „

1157 2507 1233 2531 cum
1266 2496 1444 2530 arsenicum
1476 2506 1538 2538 pro
1560 2499 1680 2539 cyprio
1702 2519 1715 2536 ,
1746 2506 1844 2538 quern
1867 2505 1986 2530 vocant
2009 2519 2018 2536 .
2052 2496 2165 2539 pulve-

1158 2551 1191 2573 re
1224 2539 1350 2581 capillis
1385 2539 1563 2583 inspersum
1596 2539 1639 2574 est
1663 2562 1673 2577 ,
1708 2550 1746 2572 ue
1769 2539 1874 2574 dicam
1905 2550 1980 2574 cum
2010 2540 2167 2574 olfacien-

1154 2582 1198 2617 do
1242 2582 1419 2618 internosci
1465 2583 1602 2618 voluit.
1636 2584 1762 2617 Verum
1797 2584 1874 2627 quia
1916 2583 1951 2616 in
1993 2582 2166 2627 propositae

1156 2626 1268 2670 puellae
1299 2626 1482 2661 ventriculo
1514 2638 1615 2670 neque
1658 2627 1791 2669 pustulae
1816 2649 1826 2665 ‚
1872 2637 1974 2669 neque
2019 2636 2131 2662 tumor:
2150 2649 2166 2667 μ

1156 2681 1260 2712 neque
1305 2671 1406 2704 rubor
1454 2669 1642 2713 conspeeius
1687 2671 1763 2710 est,·
1804 2671 1929 2704 idcirco
1959 2692 1975 2710 ,
2012 2672 2131 2713 opinor
2153 2694 2167 2711 „

1157 2713 1304 2756 exempla
1337 2725 1404 2748 non
1435 2715 1639 2748 omittuntur
1671 2724 1829 2747 noxarum
1853 2715 1983 2750 alterius
2014 2715 2167 2758 generis,

1158 2757 1274 2791 summi
1306 2768 1414 2792 autern
1453 2757 1625 2800 periculi,
1657 2767 1730 2798 quae
1761 2767 1835 2791 cum
1869 2768 1886 2790 a
1919 2756 2050 2798 sumpto
2080 2758 2164 2792 arse-

1156 2802 1233 2835 nico
1267 2802 1348 2834 oriri
1379 2801 1500 2835 soleant
1523 2824 1533 2841 ‚
1566 2800 1640 2834 sunt
1672 2800 1773 2833 etiam
1802 2799 1843 2833 ab
1874 2798 1945 2841 ejus
1969 2799 2166 2842 vaporibus„

1154 2856 1212 2879 nec
1237 2856 1313 2878 raro
1336 2867 1346 2883 ‚
1382 2845 1486 2878 allatae
1510 2867 1518 2875 .
1553 2844 1718 2876 Caeterum
1741 2852 1778 2876 ut
1807 2852 1843 2876 ut
1869 2854 1917 2876 res
1939 2843 1973 2876 in
1995 2843 2099 2886 puella
2132 2843 2166 2878 se

1154 2887 1330 2928 habuerit;
1351 2885 1521 2929 quomodo
1542 2895 1628 2926 tres,
1652 2895 1706 2919 aut
1729 2894 1869 2928 quatuor
1892 2886 1993 2926 alios,
2017 2897 2162 2930 quorum

1155 2932 1210 2967 hic
1235 2933 1391 2972 attingam
1424 2930 1571 2965 historias
1593 2952 1603 2968 ‚
1639 2930 1808 2964 nonnullas
1831 2929 1916 2963 infra
1947 2929 2000 2973 (a
2023 2934 2037 2969 )
2069 2930 2163 2966 addi-

1158 2985 1250 3010 turus
1270 2998 1283 3015 ,
1314 2974 1492 3008 arsenicum
1516 2975 1716 3008 interemerit
1739 2995 1748 3010 ‚
1786 2971 1966 3015 disquirere
1997 2985 2061 3008 non
2098 2975 2162 3010 erit·

1158 3031 1255 3063 opus.
1280 3018 1371 3052 Nam
1396 3030 1413 3051 a
1436 3015 1572 3061 Tysone
1593 3019 1606 3056 (
1628 3015 1647 3049 b
1672 3020 1683 3055 )
1707 3014 1856 3051 diffeestus
1889 3015 2034 3051 foramen
2057 3028 2094 3052 ne
2121 3030 2161 3052 ue

1158 3066 1338 3106 exiguum,
1362 3072 1465 3104 neque
1488 3060 1632 3101 regulare
1655 3059 1772 3095 habuit
1791 3061 1825 3093 in
1850 3061 2057 3096 ventriculo.
2083 3030 2161 3096 [ἓω-

1155 3106 1205 3149 jus
1232 3115 1345 3150 aautem
1390 3105 1517 3139 visceris
1549 3100 1666 3137 fundus
1697 3105 1731 3137 in
1763 3103 1871 3137 vetula
1899 3129 1909 3144 ,
1944 3116 1961 3138 a
1993 3104 2160 3141 Mauricio

1155 3150 1359 3183 Hostmanno
1382 3152 1393 3188 (
1416 3160 1431 3181 c
1452 3151 1466 3188 )
1487 3146 1628 3190 inspecta
1651 3172 1661 3188 ,
1695 3145 1784 3190 quasi
1817 3147 2038 3185 exulceratus,
2064 3147 2159 3191 spha-

1150 3192 1273 3228 celosus
1295 3217 1305 3232 ‚
1338 3195 1368 3226 &
1401 3192 1564 3234 nigricans
1586 3189 1654 3224 fuit
1678 3214 1686 3223 .
1722 3192 1774 3224 Sic
1798 3191 1895 3223 etiam
1918 3191 1951 3222 in
1976 3190 2073 3225 altera
2095 3189 2160 3225 foe-

1151 3239 1240 3271 mina
1266 3262 1275 3275 ‚
1309 3236 1351 3270 ab
1381 3235 1512 3269 laudato
1546 3233 1681 3267 Wolffio
1714 3233 1806 3274 (d)
1837 3233 2020 3276 descripta,
2042 3234 2159 3268 inven-

1150 3291 1201 3314 tus
1236 3279 1280 3314 est
1312 3278 1406 3321 plane
1427 3277 1533 3320 erpsus
1556 3301 1566 3316 ,
1599 3288 1655 3311 nec
1679 3277 1744 3311 fine
1779 3276 1957 3319 graviffima
1993 3276 2157 3320 sphacelo.

1151 3323 1182 3357 sa
1207 3323 1244 3357 ad
1279 3322 1433 3366 pylorum
1465 3321 1728 3355 inflammatione
1751 3345 1759 3356 .
1792 3320 1838 3354 Et
1869 3321 1904 3353 in
1939 3319 2027 3354 Viro
2059 3331 2157 3364 quem

1151 3367 1204 3401 el.
1243 3365 1443 3399 Henckelius
1466 3365 1518 3405 (e
1540 3368 1550 3403 )
1574 3363 1690 3398 incidit
1713 3386 1726 3403 ,
1758 3362 1891 3397 maculae
1924 3362 2077 3401 suerunt,
2099 3375 2158 3399 nec

1148 3421 1276 3455 parvae‚
1301 3418 1356 3444 aut
1378 3419 1418 3441 ex
1454 3407 1539 3442 flavo
1561 3406 1681 3447 fuscae,
1704 3415 1760 3441 aut
1792 3405 1980 3442 rubicundae
2004 3406 2158 3450 pylorum

2044 3460 2117 3485 ver-

113 3537 2146 3570 wem-*m

297 3616 302 3623 .
321 3604 344 3627 9.
405 3596 471 3629 (f)
486 3604 512 3621 n·
530 3605 553 3627 3.

304 3647 311 3654 .
327 3631 363 3653 N.
379 3630 411 3653 C·
430 3632 486 3653 Dec.
503 3637 526 3659 3.
543 3630 574 3652 A.
592 3634 614 3656 ς.
631 3631 653 3652 ὃς
668 3633 691 3653 6.
709 3629 768 3653 Obs.
786 3636 842 3659 137.

217 3633 233 3690 3
248 3638 311 3689 Egla.
327 3662 360 3684 N.
377 3661 408 3684 C.
424 3662 494 3687 cent.
510 3668 533 3689 ς.
550 3658 610 3683 Obs.
629 3666 665 3689 5¹·
683 3659 708 3683 in
724 3660 803 3684 Schol.

220 3694 233 3721 )
249 3691 308 3719 Eph.
324 3692 359 3714 N.
375 3691 405 3714 C.
420 3692 494 3714 Cent.
510 3698 533 3719 3.
550 3689 608 3713 Obs.
626 3697 663 3720 ις.
674 3719 680 3723 ¹

209 3723 223 3751 )
240 3721 294 3745 Αξὶ.
311 3723 347 3744 N.
364 3721 392 3744 C.
408 3721 483 3744 Tom.
500 3728 522 3744 2.
539 3719 593 3744 Obs
607 3727 643 3745 ιο.
659 3727 720 3744 circa
737 3720 861 3746 medium.

195 3761 210 3776 a·
252 3754 390 3776 commerc.
406 3751 482 3779 ejusd.
499 3752 529 3774 Α.
547 3758 613 3779 ¹737·
629 3750 706 3774 Hebd.
722 3752 760 3773 28.
779 3758 803 3774 n.
820 3758 843 3775 2.

192 3791 208 3807 a
222 3752 237 3813 3
251 3790 266 3805 n
293 3789 315 3813 9.
332 3782 354 3805 δε
370 3788 406 3806 21.
469 3783 483 3811 (
499 3781 513 3804 b
531 3782 540 3809 J
555 3780 610 3805 Ast.
629 3780 695 3810 Lips.
717 3782 839 3809 supplem.
855 3784 932 3806 Tom.
952 3789 972 3810 3.
990 3783 1013 3806 S.
1029 3789 1055 3812 4.

188 3813 206 3839 d
221 3816 230 3844 i
480 3812 491 3843 ί
506 3820 519 3837 e
533 3812 544 3843 ὶ
557 3812 611 3839 Ast.
630 3813 663 3837 N·
682 3813 711 3837 C.
728 3812 805 3838 Tom-
823 3820 848 3840 a.
865 3812 928 3842 ΟΜ,
945 3818 1000 3843 155·

613 3598 627 3627 (
639 3605 658 3629 g
674 3598 689 3626 )
704 3600 793 3627 Exper.
809 3598 852 3623 cit.
868 3599 930 3627 Exp.
947 3604 985 3628 30.
1002 3598 1024 3622 δι
1041 3607 1079 3629 31.

1141 3600 1149 3630 (
1169 3600 1184 3623 h
1200 3600 1209 3631 )
1225 3601 1287 3628 Exp.
1305 3605 1344 3630 352

904 3629 943 3658 (l
960 3630 973 3658 )
990 3630 1052 3654 obs.
1070 3631 1141 3655 Med.
1155 3639 1199 3660 49.

870 3660 907 3689 (ο
924 3659 936 3688 )
953 3661 1091 3685 Commerc.
1109 3661 1198 3685 Litter.
1216 3662 1245 3685 A.
1264 3663 1334 3690 1738.
1352 3661 1429 3684 Heba.
1448 3668 1486 3685 10.
1503 3669 1529 3685 n.
1547 3668 1568 3689 3.

725 3690 740 3719 (
755 3698 769 3719 q
785 3690 798 3718 J
815 3688 874 3714 Obs.
891 3689 964 3719 paulo
979 3696 1034 3714 ante
1050 3690 1090 3715 cit.
1107 3693 1130 3716 sc
1147 3691 1228 3716 Scuol.

921 3721 935 3749 (
952 3727 963 3743 t
978 3721 991 3749 )
1008 3720 1116 3745 Eorund.
1133 3723 1208 3746 Tom.

903 3752 917 3781 (
930 3759 949 3785 y
966 3753 977 3780 )
993 3752 1052 3780 Eph.
1069 3754 1103 3777 N.
1119 3754 1148 3777 C.
1166 3753 1239 3777 Cent.
1253 3760 1276 3780 3.
1294 3752 1317 3774 ἃ
1330 3759 1354 3780 4.
1371 3751 1430 3775 obs.
1449 3754 1504 3777 1²6:
1517 3759 1574 3776 cum
1591 3750 1669 3778 schol.

1406 3599 1419 3629 (
1435 3600 1446 3623 ἰ
1465 3599 1474 3629 )
1491 3600 1543 3625 Aet.
1560 3600 1596 3623 N.
1613 3600 1644 3623 C.
1662 3599 1740 3622 Torn-
1757 3605 1780 3627 ς.
1796 3595 1857 3622 obs.
1876 3603 1927 3623 10².

1260 3631 1274 3659 ζ
1290 3638 1313 3653 m
1330 3631 1343 3658 )
1360 3631 1418 3654 Dee.
1435 3631 1510 3655 modo
1526 3631 1568 3655 cit.
1586 3631 1615 3653 A.
1632 3637 1657 3659 4.
1673 3628 1734 3654 Obs.
1753 3635 1807 3653 ιοο.

1291 3694 1303 3716 c
1317 3700 1329 3715 r
1344 3690 1357 3718 )
1374 3692 1435 3719 Eph.
1453 3693 1486 3716 N.
1502 3693 1530 3716 C.
1547 3692 1620 3715 Cent-
1638 3697 1664 3718 9.
1681 3692 1703 3715 δε
1719 3696 1755 3714 te.
1773 3687 1883 3723 Appenni.
1900 3695 1928 3722 n..
1942 3686 1966 3712 1.
1980 3687 2040 3713 ΟΜ.
2057 3688 2094 3718 38.

1226 3729 1249 3752 5.
1266 3721 1325 3745 Obs.
1341 3727 1379 3749 ²9·
1397 3721 1422 3744 in
1440 3721 1482 3746 fin.
1545 3723 1558 3750 (
1574 3729 1590 3744 u
1606 3721 1620 3748 Ἰ
1637 3722 1775 3746 Commerc.
1794 3720 1897 3752 Iam-‚A-
1908 3722 1951 3743 cit.
1963 3718 2086 3748 Hebd.27.
2099 3720 2158 3746 ndi

1203 3782 1208 3786 ,
1258 3782 1262 3785 ,
1733 3751 1748 3780 ί
1762 3757 1781 3780 z
1795 3750 1809 3782 2
1825 3748 1900 3779 Epist.
1919 3757 1958 3780 55.
1974 3756 2000 3778 n.
2019 3755 2057 3775 ιι.

1142 3790 1153 3808 e
1167 3783 1184 3815 )
1202 3790 1228 3810 in
1241 3788 1286 3810 ert.
1303 3781 1418 3813 Append.
1433 3783 1494 3808 ΟΜ.
1509 3790 1549 3814 35.
