<?xml version="1.0" encoding="UTF-8"?>
<!DOCTYPE html PUBLIC "-//W3C//DTD XHTML 1.0 Transitional//EN"
    "http://www.w3.org/TR/xhtml1/DTD/xhtml1-transitional.dtd">
<html xmlns="http://www.w3.org/1999/xhtml" xml:lang="en" lang="en">
 <head>
  <title>
</title>
<meta http-equiv="Content-Type" content="text/html;charset=utf-8" />
  <meta name='ocr-system' content='tesseract 3.04.00' />
  <meta name='ocr-capabilities' content='ocr_page ocr_carea ocr_par ocr_line ocrx_word'/>
</head>
<body>
  <div class='ocr_page' id='page_1' title='image "./desedibusetcausi00morg_0834.png"; bbox 0 0 2498 4075; ppageno 0'>
   <div class='ocr_carea' id='block_1_1' title="bbox 312 238 1380 3434">
    <p class='ocr_par' dir='ltr' id='par_1_1' title="bbox 312 238 1374 2649">
     <span class='ocr_line' id='line_1_1' title="bbox 367 238 1364 292; baseline -0.015 -9"><span class='ocrx_word' id='word_1_1' title='bbox 367 249 528 292; x_wconf 78' lang='lat' dir='ltr'>quoniam</span> <span class='ocrx_word' id='word_1_2' title='bbox 549 251 616 278; x_wconf 79' lang='lat' dir='ltr'>oon</span> <span class='ocrx_word' id='word_1_3' title='bbox 636 240 684 274; x_wconf 87' lang='lat' dir='ltr'>est</span> <span class='ocrx_word' id='word_1_4' title='bbox 709 240 762 277; x_wconf 79' lang='lat' dir='ltr'>hic</span> <span class='ocrx_word' id='word_1_5' title='bbox 785 241 889 277; x_wconf 81' lang='lat' dir='ltr'>multa</span> <span class='ocrx_word' id='word_1_6' title='bbox 911 238 1039 277; x_wconf 75' lang='lat' dir='ltr'>dicendi</span> <span class='ocrx_word' id='word_1_7' title='bbox 1070 238 1185 281; x_wconf 64' lang='lat' dir='ltr'>ioeus5</span> <span class='ocrx_word' id='word_1_8' title='bbox 1207 238 1244 272; x_wconf 80' lang='lat' dir='ltr'>ad</span> <span class='ocrx_word' id='word_1_9' title='bbox 1277 248 1364 273; x_wconf 60' lang='lat' dir='ltr'>rivu-</span> 
     </span>
     <span class='ocr_line' id='line_1_2' title="bbox 366 281 1363 331; baseline -0.02 -1"><span class='ocrx_word' id='word_1_10' title='bbox 366 293 433 330; x_wconf 61' lang='lat' dir='ltr'>lssm</span> <span class='ocrx_word' id='word_1_11' title='bbox 453 291 493 328; x_wconf 64' lang='lat' dir='ltr'>dc</span> <span class='ocrx_word' id='word_1_12' title='bbox 513 298 578 331; x_wconf 75' lang='lat' dir='ltr'>qua</span> <span class='ocrx_word' id='word_1_13' title='bbox 600 282 718 323; x_wconf 65' lang='lat' dir='ltr'>Decesse</span> <span class='ocrx_word' id='word_1_14' title='bbox 741 283 839 321; x_wconf 77' lang='lat' dir='ltr'>habui</span> <span class='ocrx_word' id='word_1_15' title='bbox 873 282 926 322; x_wconf 82' lang='lat' dir='ltr'>hic</span> <span class='ocrx_word' id='word_1_16' title='bbox 959 282 1050 325; x_wconf 81' lang='lat' dir='ltr'>loqui</span> <span class='ocrx_word' id='word_1_17' title='bbox 1072 305 1084 322; x_wconf 92' lang='lat'>,</span> <span class='ocrx_word' id='word_1_18' title='bbox 1112 281 1281 319; x_wconf 70' lang='lat' dir='ltr'>,confestim</span> <span class='ocrx_word' id='word_1_19' title='bbox 1316 293 1363 318; x_wconf 68' lang='lat' dir='ltr'>re.</span> 
     </span>
     <span class='ocr_line' id='line_1_3' title="bbox 364 325 1364 373; baseline -0.016 -2"><span class='ocrx_word' id='word_1_20' title='bbox 364 337 498 373; x_wconf 66' lang='lat' dir='ltr'>⁴deatiius</span> <span class='ocrx_word' id='word_1_21' title='bbox 517 354 527 366; x_wconf 15' lang='grc' dir='ltr'>Α.</span> <span class='ocrx_word' id='word_1_22' title='bbox 565 329 627 367; x_wconf 67' lang='lat' dir='ltr'>fro</span> <span class='ocrx_word' id='word_1_23' title='bbox 659 326 810 366; x_wconf 75' lang='lat' dir='ltr'>morbosa</span> <span class='ocrx_word' id='word_1_24' title='bbox 839 328 932 363; x_wconf 80' lang='lat' dir='ltr'>enim</span> <span class='ocrx_word' id='word_1_25' title='bbox 968 325 1119 364; x_wconf 70' lang='lat' dir='ltr'>Prostatae</span> <span class='ocrx_word' id='word_1_26' title='bbox 1149 325 1364 363; x_wconf 70' lang='lat' dir='ltr'>excrescentia</span> 
     </span>
     <span class='ocr_line' id='line_1_4' title="bbox 365 367 1366 416; baseline -0.007 -7"><span class='ocrx_word' id='word_1_27' title='bbox 365 390 432 416; x_wconf 74' lang='lat' dir='ltr'>non</span> <span class='ocrx_word' id='word_1_28' title='bbox 455 373 623 412; x_wconf 85' lang='lat' dir='ltr'>immerito</span> <span class='ocrx_word' id='word_1_29' title='bbox 652 383 671 410; x_wconf 75' lang='lat' dir='ltr'>a</span> <span class='ocrx_word' id='word_1_30' title='bbox 695 381 744 404; x_wconf 87' lang='lat' dir='ltr'>me</span> <span class='ocrx_word' id='word_1_31' title='bbox 766 369 824 404; x_wconf 80' lang='lat' dir='ltr'>esse</span> <span class='ocrx_word' id='word_1_32' title='bbox 848 378 1032 411; x_wconf 80' lang='lat' dir='ltr'>acceptam,</span> <span class='ocrx_word' id='word_1_33' title='bbox 1053 379 1092 404; x_wconf 64' lang='lat' dir='ltr'>⁴ex</span> <span class='ocrx_word' id='word_1_34' title='bbox 1115 369 1154 401; x_wconf 86' lang='lat' dir='ltr'>iis</span> <span class='ocrx_word' id='word_1_35' title='bbox 1165 380 1237 411; x_wconf 85' lang='lat' dir='ltr'>quae</span> <span class='ocrx_word' id='word_1_36' title='bbox 1260 370 1293 402; x_wconf 88' lang='lat' dir='ltr'>in</span> <span class='ocrx_word' id='word_1_37' title='bbox 1305 367 1366 403; x_wconf 87' lang='lat' dir='ltr'>ho-</span> 
     </span>
     <span class='ocr_line' id='line_1_5' title="bbox 367 414 1366 461; baseline -0.007 -9"><span class='ocrx_word' id='word_1_38' title='bbox 367 422 510 460; x_wconf 68' lang='lat' dir='ltr'>minibus</span> <span class='ocrx_word' id='word_1_39' title='bbox 541 414 622 453; x_wconf 78' lang='lat' dir='ltr'>milii</span> <span class='ocrx_word' id='word_1_40' title='bbox 653 423 707 452; x_wconf 79' lang='lat' dir='ltr'>aut</span> <span class='ocrx_word' id='word_1_41' title='bbox 739 415 925 456; x_wconf 82' lang='lat' dir='ltr'>plerumque</span> <span class='ocrx_word' id='word_1_42' title='bbox 958 423 1022 445; x_wconf 91' lang='lat' dir='ltr'>non</span> <span class='ocrx_word' id='word_1_43' title='bbox 1054 422 1286 461; x_wconf 73' lang='lat' dir='ltr'>occurrerunt,</span> <span class='ocrx_word' id='word_1_44' title='bbox 1311 421 1366 446; x_wconf 85' lang='lat' dir='ltr'>aut</span> 
     </span>
     <span class='ocr_line' id='line_1_6' title="bbox 364 453 1367 506; baseline -0.016 -6"><span class='ocrx_word' id='word_1_45' title='bbox 364 459 602 506; x_wconf 73' lang='lat' dir='ltr'>nonnunquam</span> <span class='ocrx_word' id='word_1_46' title='bbox 623 466 836 496; x_wconf 78' lang='lat' dir='ltr'>occurrerunt</span> <span class='ocrx_word' id='word_1_47' title='bbox 851 480 861 497; x_wconf 93' lang='lat'>‚</span> <span class='ocrx_word' id='word_1_48' title='bbox 885 465 916 489; x_wconf 92' lang='lat' dir='ltr'>te</span> <span class='ocrx_word' id='word_1_49' title='bbox 938 453 1152 495; x_wconf 75' lang='lat' dir='ltr'>intellexisse,</span> <span class='ocrx_word' id='word_1_50' title='bbox 1173 466 1239 491; x_wconf 85' lang='lat' dir='ltr'>non</span> <span class='ocrx_word' id='word_1_51' title='bbox 1270 456 1367 492; x_wconf 66' lang='lat' dir='ltr'>dubi,</span> 
     </span>
     <span class='ocr_line' id='line_1_7' title="bbox 365 519 1363 591; baseline -0.011 -6"><span class='ocrx_word' id='word_1_52' title='bbox 365 519 462 584; x_wconf 80' lang='lat' dir='ltr'>to11.</span> <span class='ocrx_word' id='word_1_53' title='bbox 487 547 604 591; x_wconf 85' lang='lat' dir='ltr'>Neque</span> <span class='ocrx_word' id='word_1_54' title='bbox 628 545 720 582; x_wconf 82' lang='lat' dir='ltr'>aliter</span> <span class='ocrx_word' id='word_1_55' title='bbox 742 543 782 577; x_wconf 86' lang='lat' dir='ltr'>ab</span> <span class='ocrx_word' id='word_1_56' title='bbox 805 543 899 584; x_wconf 78' lang='lat' dir='ltr'>aliis,</span> <span class='ocrx_word' id='word_1_57' title='bbox 921 544 952 576; x_wconf 88' lang='lat'><strong>&amp;</strong></span> <span class='ocrx_word' id='word_1_58' title='bbox 974 542 1171 578; x_wconf 85' lang='lat' dir='ltr'>nominatim</span> <span class='ocrx_word' id='word_1_59' title='bbox 1195 553 1212 575; x_wconf 85' lang='lat' dir='ltr'>a</span> <span class='ocrx_word' id='word_1_60' title='bbox 1235 541 1363 575; x_wconf 84' lang='lat' dir='ltr'>Valsal·</span> 
     </span>
     <span class='ocr_line' id='line_1_8' title="bbox 364 585 1364 635; baseline -0.01 -7"><span class='ocrx_word' id='word_1_61' title='bbox 364 606 430 635; x_wconf 79' lang='lat' dir='ltr'>va,</span> <span class='ocrx_word' id='word_1_62' title='bbox 464 595 497 630; x_wconf 64' lang='grc' dir='ltr'>δι</span> <span class='ocrx_word' id='word_1_63' title='bbox 537 589 658 629; x_wconf 82' lang='lat' dir='ltr'>Pohlio</span> <span class='ocrx_word' id='word_1_64' title='bbox 686 596 850 632; x_wconf 79' lang='lat' dir='ltr'>acceptam</span> <span class='ocrx_word' id='word_1_65' title='bbox 884 585 976 620; x_wconf 82' lang='lat' dir='ltr'>fuisse</span> <span class='ocrx_word' id='word_1_66' title='bbox 1006 597 1047 619; x_wconf 86' lang='lat' dir='ltr'>ex</span> <span class='ocrx_word' id='word_1_67' title='bbox 1076 587 1116 619; x_wconf 87' lang='lat' dir='ltr'>iis</span> <span class='ocrx_word' id='word_1_68' title='bbox 1146 585 1364 625; x_wconf 72' lang='lat' dir='ltr'><strong>intellexeris,</strong></span> 
     </span>
     <span class='ocr_line' id='line_1_9' title="bbox 363 629 1363 683; baseline -0.013 -12"><span class='ocrx_word' id='word_1_69' title='bbox 363 637 525 683; x_wconf 64' lang='lat' dir='ltr'>quiealias</span> <span class='ocrx_word' id='word_1_70' title='bbox 549 635 587 667; x_wconf 89' lang='lat' dir='ltr'>ad</span> <span class='ocrx_word' id='word_1_71' title='bbox 612 643 643 666; x_wconf 92' lang='lat' dir='ltr'>te</span> <span class='ocrx_word' id='word_1_72' title='bbox 667 631 764 666; x_wconf 83' lang='lat' dir='ltr'>miffis</span> <span class='ocrx_word' id='word_1_73' title='bbox 788 629 941 673; x_wconf 82' lang='lat' dir='ltr'>Epistolis</span> <span class='ocrx_word' id='word_1_74' title='bbox 964 630 1053 664; x_wconf 87' lang='lat' dir='ltr'><strong>XLI.</strong></span> <span class='ocrx_word' id='word_1_75' title='bbox 1080 633 1090 669; x_wconf 95' lang='lat'>(</span> <span class='ocrx_word' id='word_1_76' title='bbox 1114 636 1128 662; x_wconf 88' lang='lat' dir='ltr'>t</span> <span class='ocrx_word' id='word_1_77' title='bbox 1149 632 1190 669; x_wconf 92' lang='lat'>)‚</span> <span class='ocrx_word' id='word_1_78' title='bbox 1212 630 1363 662; x_wconf 83' lang='lat' dir='ltr'>&amp;XLIL</span> 
     </span>
     <span class='ocr_line' id='line_1_10' title="bbox 361 672 1367 723; baseline -0.013 -7"><span class='ocrx_word' id='word_1_79' title='bbox 361 687 378 723; x_wconf 83' lang='grc'>(</span> <span class='ocrx_word' id='word_1_80' title='bbox 401 693 421 715; x_wconf 87' lang='lat' dir='ltr'>u</span> <span class='ocrx_word' id='word_1_81' title='bbox 442 684 456 721; x_wconf 95' lang='lat'>)</span> <span class='ocrx_word' id='word_1_82' title='bbox 480 677 679 722; x_wconf 83' lang='lat' dir='ltr'>significavi.</span> <span class='ocrx_word' id='word_1_83' title='bbox 701 676 788 712; x_wconf 85' lang='lat' dir='ltr'>Cum</span> <span class='ocrx_word' id='word_1_84' title='bbox 819 675 907 707; x_wconf 85' lang='lat' dir='ltr'>enim</span> <span class='ocrx_word' id='word_1_85' title='bbox 939 673 1008 706; x_wconf 86' lang='lat' dir='ltr'>visa</span> <span class='ocrx_word' id='word_1_86' title='bbox 1042 673 1082 706; x_wconf 89' lang='lat' dir='ltr'>ab</span> <span class='ocrx_word' id='word_1_87' title='bbox 1105 682 1247 713; x_wconf 89' lang='lat' dir='ltr'>utroque</span> <span class='ocrx_word' id='word_1_88' title='bbox 1280 672 1367 706; x_wconf 88' lang='lat' dir='ltr'>indi-</span> 
     </span>
     <span class='ocr_line' id='line_1_11' title="bbox 362 714 1366 762; baseline -0.013 -1"><span class='ocrx_word' id='word_1_89' title='bbox 362 716 444 762; x_wconf 81' lang='lat' dir='ltr'>dem</span> <span class='ocrx_word' id='word_1_90' title='bbox 459 733 532 757; x_wconf 89' lang='lat' dir='ltr'>orta</span> <span class='ocrx_word' id='word_1_91' title='bbox 563 732 605 755; x_wconf 86' lang='lat' dir='ltr'>ex</span> <span class='ocrx_word' id='word_1_92' title='bbox 637 719 728 753; x_wconf 86' lang='lat' dir='ltr'>senili</span> <span class='ocrx_word' id='word_1_93' title='bbox 755 718 894 752; x_wconf 81' lang='lat' dir='ltr'>Prostata</span> <span class='ocrx_word' id='word_1_94' title='bbox 918 715 1013 754; x_wconf 73' lang='lat' dir='ltr'>esset,</span> <span class='ocrx_word' id='word_1_95' title='bbox 1040 714 1235 757; x_wconf 81' lang='lat' dir='ltr'>referretque</span> <span class='ocrx_word' id='word_1_96' title='bbox 1268 716 1366 748; x_wconf 85' lang='lat' dir='ltr'>altera</span> 
     </span>
     <span class='ocr_line' id='line_1_12' title="bbox 312 756 1366 814; baseline -0.01 -12"><span class='ocrx_word' id='word_1_97' title='bbox 312 776 317 781; x_wconf 65' lang='grc'><strong><em>“</em></strong></span> <span class='ocrx_word' id='word_1_98' title='bbox 362 763 506 814; x_wconf 73' lang='lat' dir='ltr'>pyrum,</span> <span class='ocrx_word' id='word_1_99' title='bbox 529 765 627 799; x_wconf 88' lang='lat' dir='ltr'>altera</span> <span class='ocrx_word' id='word_1_100' title='bbox 657 761 819 802; x_wconf 80' lang='lat' dir='ltr'>cerasum,</span> <span class='ocrx_word' id='word_1_101' title='bbox 844 761 995 803; x_wconf 84' lang='lat' dir='ltr'>qualibus</span> <span class='ocrx_word' id='word_1_102' title='bbox 1027 760 1177 793; x_wconf 82' lang='lat' dir='ltr'>videlicet</span> <span class='ocrx_word' id='word_1_103' title='bbox 1211 756 1325 792; x_wconf 84' lang='lat' dir='ltr'>formis</span> <span class='ocrx_word' id='word_1_104' title='bbox 1350 771 1366 792; x_wconf 90' lang='lat' dir='ltr'>a</span> 
     </span>
     <span class='ocr_line' id='line_1_13' title="bbox 363 801 1362 855; baseline -0.015 -8"><span class='ocrx_word' id='word_1_105' title='bbox 363 826 414 849; x_wconf 84' lang='lat' dir='ltr'>me</span> <span class='ocrx_word' id='word_1_106' title='bbox 437 820 566 855; x_wconf 88' lang='lat' dir='ltr'>quoque</span> <span class='ocrx_word' id='word_1_107' title='bbox 601 806 667 844; x_wconf 76' lang='lat' dir='ltr'>fuit</span> <span class='ocrx_word' id='word_1_108' title='bbox 701 807 735 838; x_wconf 88' lang='lat' dir='ltr'>in</span> <span class='ocrx_word' id='word_1_109' title='bbox 759 806 873 841; x_wconf 86' lang='lat' dir='ltr'>Sutore</span> <span class='ocrx_word' id='word_1_110' title='bbox 907 804 965 840; x_wconf 88' lang='lat' dir='ltr'>illo</span> <span class='ocrx_word' id='word_1_111' title='bbox 986 803 1028 836; x_wconf 33' lang='lat' dir='ltr'>»de</span> <span class='ocrx_word' id='word_1_112' title='bbox 1050 814 1117 845; x_wconf 90' lang='lat' dir='ltr'>quo</span> <span class='ocrx_word' id='word_1_113' title='bbox 1149 801 1228 835; x_wconf 86' lang='lat' dir='ltr'>alibi</span> <span class='ocrx_word' id='word_1_114' title='bbox 1251 805 1266 841; x_wconf 89' lang='lat'><strong>(</strong></span> <span class='ocrx_word' id='word_1_115' title='bbox 1289 812 1310 835; x_wconf 86' lang='lat' dir='ltr'><em>x</em></span> <span class='ocrx_word' id='word_1_116' title='bbox 1333 805 1362 840; x_wconf 88' lang='lat'>)‚</span> 
     </span>
     <span class='ocr_line' id='line_1_14' title="bbox 361 845 1369 892; baseline -0.01 -3"><span class='ocrx_word' id='word_1_117' title='bbox 361 862 395 892; x_wconf 74' lang='grc' dir='ltr'>,δι</span> <span class='ocrx_word' id='word_1_118' title='bbox 418 858 451 889; x_wconf 91' lang='lat' dir='ltr'>in</span> <span class='ocrx_word' id='word_1_119' title='bbox 474 855 563 887; x_wconf 90' lang='lat' dir='ltr'>Viro</span> <span class='ocrx_word' id='word_1_120' title='bbox 587 851 625 887; x_wconf 86' lang='lat' dir='ltr'>de</span> <span class='ocrx_word' id='word_1_121' title='bbox 647 860 715 891; x_wconf 90' lang='lat' dir='ltr'>quo</span> <span class='ocrx_word' id='word_1_122' title='bbox 737 849 827 891; x_wconf 89' lang='lat' dir='ltr'>supra</span> <span class='ocrx_word' id='word_1_123' title='bbox 850 852 860 886; x_wconf 91' lang='lat'><strong>(</strong></span> <span class='ocrx_word' id='word_1_124' title='bbox 879 847 941 890; x_wconf 86' lang='lat' dir='ltr'>y)</span> <span class='ocrx_word' id='word_1_125' title='bbox 971 847 1096 879; x_wconf 70' lang='lat' dir='ltr'>dierum</span> <span class='ocrx_word' id='word_1_126' title='bbox 1119 846 1184 883; x_wconf 88' lang='lat' dir='ltr'>est,</span> <span class='ocrx_word' id='word_1_127' title='bbox 1205 845 1285 878; x_wconf 86' lang='lat' dir='ltr'>olim</span> <span class='ocrx_word' id='word_1_128' title='bbox 1298 846 1369 879; x_wconf 89' lang='lat' dir='ltr'>ani-</span> 
     </span>
     <span class='ocr_line' id='line_1_15' title="bbox 363 890 1369 937; baseline -0.021 -1"><span class='ocrx_word' id='word_1_129' title='bbox 363 896 551 937; x_wconf 72' lang='lat' dir='ltr'>madversa3</span> <span class='ocrx_word' id='word_1_130' title='bbox 576 905 633 932; x_wconf 88' lang='lat' dir='ltr'>nec</span> <span class='ocrx_word' id='word_1_131' title='bbox 657 891 828 933; x_wconf 80' lang='lat' dir='ltr'>Valsalva,</span> <span class='ocrx_word' id='word_1_132' title='bbox 851 901 907 924; x_wconf 86' lang='lat' dir='ltr'>nec</span> <span class='ocrx_word' id='word_1_133' title='bbox 932 890 1066 925; x_wconf 87' lang='lat' dir='ltr'>Pohlius</span> <span class='ocrx_word' id='word_1_134' title='bbox 1100 900 1158 931; x_wconf 86' lang='lat' dir='ltr'>pro</span> <span class='ocrx_word' id='word_1_135' title='bbox 1179 898 1265 921; x_wconf 87' lang='lat' dir='ltr'>certa</span> <span class='ocrx_word' id='word_1_136' title='bbox 1289 900 1369 931; x_wconf 64' lang='lat' dir='ltr'>qua-</span> 
     </span>
     <span class='ocr_line' id='line_1_16' title="bbox 361 932 1366 981; baseline -0.011 -4"><span class='ocrx_word' id='word_1_137' title='bbox 361 944 439 981; x_wconf 82' lang='lat' dir='ltr'>dam</span> <span class='ocrx_word' id='word_1_138' title='bbox 475 938 617 974; x_wconf 85' lang='lat' dir='ltr'>naturali</span> <span class='ocrx_word' id='word_1_139' title='bbox 638 935 787 971; x_wconf 79' lang='lat' dir='ltr'>Prostatae</span> <span class='ocrx_word' id='word_1_140' title='bbox 813 933 991 977; x_wconf 86' lang='lat' dir='ltr'>particula,</span> <span class='ocrx_word' id='word_1_141' title='bbox 1012 944 1085 975; x_wconf 69' lang='lat' dir='ltr'>,quae</span> <span class='ocrx_word' id='word_1_142' title='bbox 1103 932 1189 966; x_wconf 88' lang='lat' dir='ltr'>forte</span> <span class='ocrx_word' id='word_1_143' title='bbox 1213 933 1366 975; x_wconf 83' lang='lat' dir='ltr'>grandior</span> 
     </span>
     <span class='ocr_line' id='line_1_17' title="bbox 364 977 1366 1024; baseline -0.011 -3"><span class='ocrx_word' id='word_1_144' title='bbox 364 987 447 1024; x_wconf 58' lang='lat' dir='ltr'>fasta</span> <span class='ocrx_word' id='word_1_145' title='bbox 468 984 567 1023; x_wconf 76' lang='lat' dir='ltr'>esset,</span> <span class='ocrx_word' id='word_1_146' title='bbox 589 981 792 1018; x_wconf 87' lang='lat' dir='ltr'>habuerunt,</span> <span class='ocrx_word' id='word_1_147' title='bbox 816 978 866 1012; x_wconf 90' lang='lat' dir='ltr'>sed</span> <span class='ocrx_word' id='word_1_148' title='bbox 890 979 1028 1010; x_wconf 88' lang='lat' dir='ltr'>omnino</span> <span class='ocrx_word' id='word_1_149' title='bbox 1051 987 1110 1018; x_wconf 90' lang='lat' dir='ltr'>pro</span> <span class='ocrx_word' id='word_1_150' title='bbox 1134 977 1366 1014; x_wconf 79' lang='lat' dir='ltr'>excrescentia,</span> 
     </span>
     <span class='ocr_line' id='line_1_18' title="bbox 360 1020 1366 1070; baseline -0.014 -5"><span class='ocrx_word' id='word_1_151' title='bbox 360 1041 400 1070; x_wconf 79' lang='lat' dir='ltr'>¹ut</span> <span class='ocrx_word' id='word_1_152' title='bbox 434 1036 526 1070; x_wconf 86' lang='lat' dir='ltr'>erat,</span> <span class='ocrx_word' id='word_1_153' title='bbox 549 1027 612 1060; x_wconf 76' lang='lat' dir='ltr'>live</span> <span class='ocrx_word' id='word_1_154' title='bbox 644 1035 702 1066; x_wconf 91' lang='lat' dir='ltr'>pro</span> <span class='ocrx_word' id='word_1_155' title='bbox 736 1032 867 1055; x_wconf 90' lang='lat' dir='ltr'>tumore</span> <span class='ocrx_word' id='word_1_156' title='bbox 891 1031 1006 1063; x_wconf 85' lang='lat' dir='ltr'>praeter</span> <span class='ocrx_word' id='word_1_157' title='bbox 1030 1029 1199 1053; x_wconf 89' lang='lat' dir='ltr'>naturam.</span> <span class='ocrx_word' id='word_1_158' title='bbox 1224 1021 1269 1052; x_wconf 88' lang='lat' dir='ltr'>Et</span> <span class='ocrx_word' id='word_1_159' title='bbox 1294 1020 1366 1053; x_wconf 84' lang='lat' dir='ltr'>sane</span> 
     </span>
     <span class='ocr_line' id='line_1_19' title="bbox 363 1063 1366 1119; baseline -0.013 -10"><span class='ocrx_word' id='word_1_160' title='bbox 363 1082 525 1119; x_wconf 83' lang='lat' dir='ltr'>quantum</span> <span class='ocrx_word' id='word_1_161' title='bbox 551 1068 691 1103; x_wconf 80' lang='lat' dir='ltr'>Prostata</span> <span class='ocrx_word' id='word_1_162' title='bbox 725 1066 876 1109; x_wconf 79' lang='lat' dir='ltr'>glandula</span> <span class='ocrx_word' id='word_1_163' title='bbox 898 1065 1042 1099; x_wconf 83' lang='lat' dir='ltr'>obnoxia</span> <span class='ocrx_word' id='word_1_164' title='bbox 1073 1064 1111 1097; x_wconf 86' lang='lat' dir='ltr'>fit</span> <span class='ocrx_word' id='word_1_165' title='bbox 1143 1063 1366 1097; x_wconf 84' lang='lat' dir='ltr'>excrescentiis</span> 
     </span>
     <span class='ocr_line' id='line_1_20' title="bbox 359 1107 1367 1163; baseline -0.012 -11"><span class='ocrx_word' id='word_1_166' title='bbox 359 1130 434 1163; x_wconf 73' lang='lat' dir='ltr'>,quae</span> <span class='ocrx_word' id='word_1_167' title='bbox 466 1127 506 1150; x_wconf 86' lang='lat' dir='ltr'>ex</span> <span class='ocrx_word' id='word_1_168' title='bbox 541 1113 704 1156; x_wconf 80' lang='lat' dir='ltr'>superiore</span> <span class='ocrx_word' id='word_1_169' title='bbox 737 1108 805 1150; x_wconf 83' lang='lat' dir='ltr'>ejus</span> <span class='ocrx_word' id='word_1_170' title='bbox 837 1109 989 1145; x_wconf 85' lang='lat' dir='ltr'>ambitu,</span> <span class='ocrx_word' id='word_1_171' title='bbox 1019 1117 1073 1141; x_wconf 91' lang='lat' dir='ltr'>aut</span> <span class='ocrx_word' id='word_1_172' title='bbox 1110 1107 1279 1150; x_wconf 87' lang='lat' dir='ltr'>undique,</span> <span class='ocrx_word' id='word_1_173' title='bbox 1312 1117 1367 1140; x_wconf 89' lang='lat' dir='ltr'>aut</span> 
     </span>
     <span class='ocr_line' id='line_1_21' title="bbox 360 1148 1368 1202; baseline -0.017 -3"><span class='ocrx_word' id='word_1_174' title='bbox 360 1172 475 1200; x_wconf 81' lang='lat' dir='ltr'>certae</span> <span class='ocrx_word' id='word_1_175' title='bbox 497 1167 588 1202; x_wconf 78' lang='lat' dir='ltr'>parte</span> <span class='ocrx_word' id='word_1_176' title='bbox 601 1159 686 1189; x_wconf 86' lang='lat' dir='ltr'>intra</span> <span class='ocrx_word' id='word_1_177' title='bbox 699 1155 834 1188; x_wconf 89' lang='lat' dir='ltr'>vesicam</span> <span class='ocrx_word' id='word_1_178' title='bbox 849 1153 878 1187; x_wconf 84' lang='lat' dir='ltr'>se</span> <span class='ocrx_word' id='word_1_179' title='bbox 892 1152 1044 1185; x_wconf 79' lang='lat' dir='ltr'>attollant</span> <span class='ocrx_word' id='word_1_180' title='bbox 1058 1173 1068 1188; x_wconf 92' lang='lat'><em>‚</em></span> <span class='ocrx_word' id='word_1_181' title='bbox 1090 1148 1284 1184; x_wconf 73' lang='lat' dir='ltr'>facillimum</span> <span class='ocrx_word' id='word_1_182' title='bbox 1307 1152 1368 1183; x_wconf 85' lang='lat' dir='ltr'>mi-</span> 
     </span>
     <span class='ocr_line' id='line_1_22' title="bbox 361 1190 1367 1246; baseline -0.019 -6"><span class='ocrx_word' id='word_1_183' title='bbox 361 1205 399 1246; x_wconf 75' lang='lat' dir='ltr'>hi</span> <span class='ocrx_word' id='word_1_184' title='bbox 432 1203 509 1241; x_wconf 87' lang='lat' dir='ltr'>esset</span> <span class='ocrx_word' id='word_1_185' title='bbox 542 1200 704 1238; x_wconf 84' lang='lat' dir='ltr'>ostendere</span> <span class='ocrx_word' id='word_1_186' title='bbox 728 1219 738 1236; x_wconf 88' lang='lat'>‚</span> <span class='ocrx_word' id='word_1_187' title='bbox 772 1196 794 1233; x_wconf 84' lang='lat' dir='ltr'><strong>fi</strong></span> <span class='ocrx_word' id='word_1_188' title='bbox 823 1197 962 1240; x_wconf 76' lang='lat' dir='ltr'>placeret</span> <span class='ocrx_word' id='word_1_189' title='bbox 984 1205 1055 1237; x_wconf 81' lang='lat' dir='ltr'>quae</span> <span class='ocrx_word' id='word_1_190' title='bbox 1079 1194 1156 1227; x_wconf 86' lang='lat' dir='ltr'>alias</span> <span class='ocrx_word' id='word_1_191' title='bbox 1177 1197 1192 1233; x_wconf 87' lang='lat'>&lt;</span> <span class='ocrx_word' id='word_1_192' title='bbox 1213 1196 1229 1213; x_wconf 52' lang='grc' dir='ltr'><strong><em>ἐ</em></strong></span> <span class='ocrx_word' id='word_1_193' title='bbox 1251 1197 1265 1234; x_wconf 93' lang='grc'>)</span> <span class='ocrx_word' id='word_1_194' title='bbox 1289 1190 1367 1227; x_wconf 78' lang='lat' dir='ltr'>scri-</span> 
     </span>
     <span class='ocr_line' id='line_1_23' title="bbox 363 1236 1364 1293; baseline -0.014 -9"><span class='ocrx_word' id='word_1_195' title='bbox 363 1239 440 1293; x_wconf 54' lang='lat' dir='ltr'>pfij</span> <span class='ocrx_word' id='word_1_196' title='bbox 455 1247 509 1282; x_wconf 88' lang='lat' dir='ltr'>hic</span> <span class='ocrx_word' id='word_1_197' title='bbox 540 1246 676 1278; x_wconf 88' lang='lat' dir='ltr'>iterare.</span> <span class='ocrx_word' id='word_1_198' title='bbox 701 1241 805 1275; x_wconf 87' lang='lat' dir='ltr'>Satius</span> <span class='ocrx_word' id='word_1_199' title='bbox 835 1241 918 1277; x_wconf 89' lang='lat' dir='ltr'>erit,</span> <span class='ocrx_word' id='word_1_200' title='bbox 938 1238 960 1272; x_wconf 85' lang='lat' dir='ltr'>si</span> <span class='ocrx_word' id='word_1_201' title='bbox 984 1249 1022 1276; x_wconf 37' lang='lat' dir='ltr'>ea.</span> <span class='ocrx_word' id='word_1_202' title='bbox 1054 1238 1200 1280; x_wconf 84' lang='lat' dir='ltr'>relegas:</span> <span class='ocrx_word' id='word_1_203' title='bbox 1226 1248 1295 1280; x_wconf 82' lang='lat' dir='ltr'>quae</span> <span class='ocrx_word' id='word_1_204' title='bbox 1310 1236 1364 1271; x_wconf 82' lang='lat' dir='ltr'>etsi</span> 
     </span>
     <span class='ocr_line' id='line_1_24' title="bbox 358 1280 1365 1328; baseline -0.014 -1"><span class='ocrx_word' id='word_1_205' title='bbox 358 1292 470 1328; x_wconf 73' lang='lat' dir='ltr'>‘multa</span> <span class='ocrx_word' id='word_1_206' title='bbox 503 1289 576 1324; x_wconf 87' lang='lat' dir='ltr'>sunt</span> <span class='ocrx_word' id='word_1_207' title='bbox 602 1299 614 1326; x_wconf 78' lang='lat'>5</span> <span class='ocrx_word' id='word_1_208' title='bbox 648 1296 714 1322; x_wconf 87' lang='lat' dir='ltr'>non</span> <span class='ocrx_word' id='word_1_209' title='bbox 750 1283 812 1317; x_wconf 81' lang='lat' dir='ltr'>alia</span> <span class='ocrx_word' id='word_1_210' title='bbox 845 1293 956 1316; x_wconf 88' lang='lat' dir='ltr'>tamen</span> <span class='ocrx_word' id='word_1_211' title='bbox 986 1280 1098 1314; x_wconf 83' lang='lat' dir='ltr'>desunt</span> <span class='ocrx_word' id='word_1_212' title='bbox 1130 1291 1203 1323; x_wconf 83' lang='lat' dir='ltr'>quae</span> <span class='ocrx_word' id='word_1_213' title='bbox 1237 1280 1330 1314; x_wconf 82' lang='lat' dir='ltr'>addas</span> <span class='ocrx_word' id='word_1_214' title='bbox 1352 1303 1365 1321; x_wconf 92' lang='lat'>,</span> 
     </span>
     <span class='ocr_line' id='line_1_25' title="bbox 364 1324 1365 1373; baseline -0.015 -2"><span class='ocrx_word' id='word_1_215' title='bbox 364 1329 455 1373; x_wconf 80' lang='lat' dir='ltr'>velut</span> <span class='ocrx_word' id='word_1_216' title='bbox 476 1333 534 1370; x_wconf 71' lang='grc' dir='ltr'>ΕΙ.</span> <span class='ocrx_word' id='word_1_217' title='bbox 559 1328 699 1366; x_wconf 81' lang='lat' dir='ltr'>Fantoni</span> <span class='ocrx_word' id='word_1_218' title='bbox 723 1329 736 1366; x_wconf 91' lang='lat'>(</span> <span class='ocrx_word' id='word_1_219' title='bbox 759 1338 784 1369; x_wconf 65' lang='grc' dir='ltr'>’ζ</span> <span class='ocrx_word' id='word_1_220' title='bbox 807 1330 817 1366; x_wconf 96' lang='grc'>)</span> <span class='ocrx_word' id='word_1_221' title='bbox 841 1326 1024 1368; x_wconf 83' lang='lat' dir='ltr'>exemplum</span> <span class='ocrx_word' id='word_1_222' title='bbox 1047 1324 1128 1358; x_wconf 82' lang='lat' dir='ltr'>illud</span> <span class='ocrx_word' id='word_1_223' title='bbox 1152 1346 1161 1362; x_wconf 94' lang='lat'>,</span> <span class='ocrx_word' id='word_1_224' title='bbox 1195 1325 1230 1357; x_wconf 88' lang='lat' dir='ltr'>in</span> <span class='ocrx_word' id='word_1_225' title='bbox 1253 1325 1365 1366; x_wconf 86' lang='lat' dir='ltr'>Sepul-</span> 
     </span>
     <span class='ocr_line' id='line_1_26' title="bbox 360 1366 1365 1416; baseline -0.018 0"><span class='ocrx_word' id='word_1_226' title='bbox 360 1381 510 1416; x_wconf 83' lang='lat' dir='ltr'>chretum</span> <span class='ocrx_word' id='word_1_227' title='bbox 542 1373 744 1410; x_wconf 83' lang='lat' dir='ltr'>referendum</span> <span class='ocrx_word' id='word_1_228' title='bbox 765 1392 775 1408; x_wconf 90' lang='lat'>,</span> <span class='ocrx_word' id='word_1_229' title='bbox 808 1369 1004 1413; x_wconf 83' lang='lat' dir='ltr'>sexagenarii</span> <span class='ocrx_word' id='word_1_230' title='bbox 1037 1368 1190 1402; x_wconf 88' lang='lat' dir='ltr'>videlicet</span> <span class='ocrx_word' id='word_1_231' title='bbox 1222 1366 1365 1400; x_wconf 89' lang='lat' dir='ltr'>hominis</span> 
     </span>
     <span class='ocr_line' id='line_1_27' title="bbox 359 1409 1365 1469; baseline -0.016 -11"><span class='ocrx_word' id='word_1_232' title='bbox 359 1414 424 1469; x_wconf 64' lang='lat' dir='ltr'>‚qui</span> <span class='ocrx_word' id='word_1_233' title='bbox 443 1420 516 1466; x_wconf 85' lang='lat' dir='ltr'>post</span> <span class='ocrx_word' id='word_1_234' title='bbox 550 1418 743 1455; x_wconf 84' lang='lat' dir='ltr'>diutinum,</span> <span class='ocrx_word' id='word_1_235' title='bbox 766 1426 801 1448; x_wconf 90' lang='lat' dir='ltr'>ac</span> <span class='ocrx_word' id='word_1_236' title='bbox 833 1411 1062 1456; x_wconf 84' lang='lat' dir='ltr'>permolestum</span> <span class='ocrx_word' id='word_1_237' title='bbox 1099 1412 1197 1445; x_wconf 88' lang='lat' dir='ltr'>urinae</span> <span class='ocrx_word' id='word_1_238' title='bbox 1232 1409 1365 1444; x_wconf 86' lang='lat' dir='ltr'>stillici-</span> 
     </span>
     <span class='ocr_line' id='line_1_28' title="bbox 361 1453 1363 1504; baseline -0.015 -4"><span class='ocrx_word' id='word_1_239' title='bbox 361 1471 454 1504; x_wconf 85' lang='lat' dir='ltr'>dium</span> <span class='ocrx_word' id='word_1_240' title='bbox 479 1472 650 1503; x_wconf 87' lang='lat' dir='ltr'>mortuus,</span> <span class='ocrx_word' id='word_1_241' title='bbox 674 1458 850 1494; x_wconf 85' lang='lat' dir='ltr'>Prostatam</span> <span class='ocrx_word' id='word_1_242' title='bbox 883 1456 1000 1495; x_wconf 81' lang='lat' dir='ltr'>habuit</span> <span class='ocrx_word' id='word_1_243' title='bbox 1035 1466 1101 1489; x_wconf 89' lang='lat' dir='ltr'>non</span> <span class='ocrx_word' id='word_1_244' title='bbox 1133 1453 1232 1488; x_wconf 88' lang='lat' dir='ltr'>modo</span> <span class='ocrx_word' id='word_1_245' title='bbox 1264 1465 1363 1497; x_wconf 84' lang='lat' dir='ltr'>puru-</span> 
     </span>
     <span class='ocr_line' id='line_1_29' title="bbox 359 1497 1364 1550; baseline -0.018 -2"><span class='ocrx_word' id='word_1_246' title='bbox 359 1502 505 1550; x_wconf 78' lang='lat' dir='ltr'>lentam,</span> <span class='ocrx_word' id='word_1_247' title='bbox 526 1508 640 1543; x_wconf 84' lang='lat' dir='ltr'>duram</span> <span class='ocrx_word' id='word_1_248' title='bbox 663 1528 673 1543; x_wconf 89' lang='lat'>,</span> <span class='ocrx_word' id='word_1_249' title='bbox 708 1513 743 1539; x_wconf 86' lang='lat' dir='ltr'>ac</span> <span class='ocrx_word' id='word_1_250' title='bbox 777 1510 894 1545; x_wconf 72' lang='lat' dir='ltr'>praeter</span> <span class='ocrx_word' id='word_1_251' title='bbox 929 1499 1062 1535; x_wconf 84' lang='lat' dir='ltr'>modum</span> <span class='ocrx_word' id='word_1_252' title='bbox 1084 1498 1245 1533; x_wconf 85' lang='lat' dir='ltr'>tumidam</span> <span class='ocrx_word' id='word_1_253' title='bbox 1267 1520 1280 1537; x_wconf 91' lang='lat'>,</span> <span class='ocrx_word' id='word_1_254' title='bbox 1312 1497 1364 1531; x_wconf 85' lang='lat' dir='ltr'>sed</span> 
     </span>
     <span class='ocr_line' id='line_1_30' title="bbox 360 1541 1365 1598; baseline -0.018 -7"><span class='ocrx_word' id='word_1_255' title='bbox 360 1560 392 1591; x_wconf 64' lang='grc' dir='ltr'>ὅ(</span> <span class='ocrx_word' id='word_1_256' title='bbox 416 1547 566 1598; x_wconf 64' lang='lat' dir='ltr'>&gt;infimam</span> <span class='ocrx_word' id='word_1_257' title='bbox 589 1547 697 1591; x_wconf 72' lang='lat' dir='ltr'>‘versus</span> <span class='ocrx_word' id='word_1_258' title='bbox 716 1553 842 1588; x_wconf 82' lang='lat' dir='ltr'>partem</span> <span class='ocrx_word' id='word_1_259' title='bbox 862 1543 965 1587; x_wconf 71' lang='lat' dir='ltr'>veficae</span> <span class='ocrx_word' id='word_1_260' title='bbox 985 1542 1073 1586; x_wconf 78' lang='lat' dir='ltr'>longe</span> <span class='ocrx_word' id='word_1_261' title='bbox 1096 1541 1218 1585; x_wconf 83' lang='lat' dir='ltr'>lateque</span> <span class='ocrx_word' id='word_1_262' title='bbox 1250 1542 1365 1582; x_wconf 80' lang='lat' dir='ltr'>produ-</span> 
     </span>
     <span class='ocr_line' id='line_1_31' title="bbox 362 1584 1366 1637; baseline -0.018 -1"><span class='ocrx_word' id='word_1_263' title='bbox 362 1600 476 1637; x_wconf 66' lang='lat' dir='ltr'>t‘iam‘:</span> <span class='ocrx_word' id='word_1_264' title='bbox 512 1603 583 1632; x_wconf 85' lang='lat' dir='ltr'>erat</span> <span class='ocrx_word' id='word_1_265' title='bbox 618 1592 749 1626; x_wconf 86' lang='lat' dir='ltr'>autem,</span> <span class='ocrx_word' id='word_1_266' title='bbox 772 1587 861 1631; x_wconf 88' lang='lat' dir='ltr'>quod</span> <span class='ocrx_word' id='word_1_267' title='bbox 895 1588 971 1621; x_wconf 86' lang='lat' dir='ltr'>alias</span> <span class='ocrx_word' id='word_1_268' title='bbox 994 1590 1005 1625; x_wconf 92' lang='lat'>(</span> <span class='ocrx_word' id='word_1_269' title='bbox 1030 1597 1049 1618; x_wconf 85' lang='lat' dir='ltr'>a</span> <span class='ocrx_word' id='word_1_270' title='bbox 1070 1590 1085 1627; x_wconf 91' lang='lat'>)</span> <span class='ocrx_word' id='word_1_271' title='bbox 1108 1587 1145 1619; x_wconf 87' lang='lat' dir='ltr'>ad</span> <span class='ocrx_word' id='word_1_272' title='bbox 1180 1594 1213 1618; x_wconf 89' lang='lat' dir='ltr'>te</span> <span class='ocrx_word' id='word_1_273' title='bbox 1239 1584 1366 1626; x_wconf 84' lang='lat' dir='ltr'>seriptis</span> 
     </span>
     <span class='ocr_line' id='line_1_32' title="bbox 362 1627 1367 1689; baseline -0.015 -13"><span class='ocrx_word' id='word_1_274' title='bbox 362 1633 541 1689; x_wconf 70' lang='lat' dir='ltr'>adjunges,</span> <span class='ocrx_word' id='word_1_275' title='bbox 559 1635 726 1679; x_wconf 83' lang='lat' dir='ltr'>perexigua</span> <span class='ocrx_word' id='word_1_276' title='bbox 750 1632 912 1673; x_wconf 81' lang='lat' dir='ltr'>capacitas</span> <span class='ocrx_word' id='word_1_277' title='bbox 935 1629 1056 1673; x_wconf 69' lang='lat' dir='ltr'>veficae:</span> <span class='ocrx_word' id='word_1_278' title='bbox 1080 1627 1232 1675; x_wconf 83' lang='lat' dir='ltr'>craffiores</span> <span class='ocrx_word' id='word_1_279' title='bbox 1262 1637 1367 1661; x_wconf 82' lang='lat' dir='ltr'>autem</span> 
     </span>
     <span class='ocr_line' id='line_1_33' title="bbox 360 1671 1369 1724; baseline -0.018 -3"><span class='ocrx_word' id='word_1_280' title='bbox 360 1680 561 1724; x_wconf 59' lang='lat' dir='ltr'>membranaess</span> <span class='ocrx_word' id='word_1_281' title='bbox 583 1678 671 1712; x_wconf 81' lang='lat' dir='ltr'>Noli</span> <span class='ocrx_word' id='word_1_282' title='bbox 704 1676 843 1715; x_wconf 82' lang='lat' dir='ltr'>mirari,</span> <span class='ocrx_word' id='word_1_283' title='bbox 866 1673 954 1716; x_wconf 80' lang='lat' dir='ltr'>quod</span> <span class='ocrx_word' id='word_1_284' title='bbox 977 1674 1051 1709; x_wconf 85' lang='lat' dir='ltr'>lotii</span> <span class='ocrx_word' id='word_1_285' title='bbox 1078 1683 1142 1706; x_wconf 91' lang='lat' dir='ltr'>non</span> <span class='ocrx_word' id='word_1_286' title='bbox 1162 1671 1369 1720; x_wconf 56' lang='lat' dir='ltr'>suppressio,</span> 
     </span>
     <span class='ocr_line' id='line_1_34' title="bbox 362 1714 1368 1770; baseline -0.018 -9"><span class='ocrx_word' id='word_1_287' title='bbox 362 1730 415 1767; x_wconf 75' lang='lat' dir='ltr'>sed</span> <span class='ocrx_word' id='word_1_288' title='bbox 444 1721 676 1770; x_wconf 43' lang='lat' dir='ltr'>‘permolestum</span> <span class='ocrx_word' id='word_1_289' title='bbox 704 1720 877 1754; x_wconf 86' lang='lat' dir='ltr'>dumtaxat</span> <span class='ocrx_word' id='word_1_290' title='bbox 910 1716 985 1753; x_wconf 83' lang='lat' dir='ltr'>esset</span> <span class='ocrx_word' id='word_1_291' title='bbox 1023 1714 1226 1751; x_wconf 87' lang='lat' dir='ltr'>stillicidium</span> <span class='ocrx_word' id='word_1_292' title='bbox 1250 1728 1260 1752; x_wconf 80' lang='lat'><em>3</em></span> <span class='ocrx_word' id='word_1_293' title='bbox 1295 1725 1368 1747; x_wconf 82' lang='lat' dir='ltr'>nam</span> 
     </span>
     <span class='ocr_line' id='line_1_35' title="bbox 361 1758 1369 1810; baseline -0.019 -2"><span class='ocrx_word' id='word_1_294' title='bbox 361 1777 397 1810; x_wconf 82' lang='lat' dir='ltr'>in</span> <span class='ocrx_word' id='word_1_295' title='bbox 432 1769 543 1806; x_wconf 85' lang='lat' dir='ltr'>Poblii</span> <span class='ocrx_word' id='word_1_296' title='bbox 577 1768 675 1802; x_wconf 86' lang='lat' dir='ltr'>etiam</span> <span class='ocrx_word' id='word_1_297' title='bbox 708 1761 781 1799; x_wconf 86' lang='lat' dir='ltr'>casu</span> <span class='ocrx_word' id='word_1_298' title='bbox 818 1760 1055 1805; x_wconf 81' lang='lat' dir='ltr'>frequentiores</span> <span class='ocrx_word' id='word_1_299' title='bbox 1088 1759 1195 1792; x_wconf 88' lang='lat' dir='ltr'>solum</span> <span class='ocrx_word' id='word_1_300' title='bbox 1228 1758 1268 1791; x_wconf 87' lang='lat' dir='ltr'>ad</span> <span class='ocrx_word' id='word_1_301' title='bbox 1301 1769 1369 1791; x_wconf 88' lang='lat' dir='ltr'>me-</span> 
     </span>
     <span class='ocr_line' id='line_1_36' title="bbox 361 1801 1370 1863; baseline -0.022 -9"><span class='ocrx_word' id='word_1_302' title='bbox 361 1807 498 1863; x_wconf 68' lang='lat' dir='ltr'>{endum</span> <span class='ocrx_word' id='word_1_303' title='bbox 521 1808 663 1848; x_wconf 76' lang='lat' dir='ltr'>stimuli,</span> <span class='ocrx_word' id='word_1_304' title='bbox 687 1807 804 1850; x_wconf 90' lang='lat' dir='ltr'>quibus</span> <span class='ocrx_word' id='word_1_305' title='bbox 838 1804 867 1842; x_wconf 87' lang='lat' dir='ltr'>se</span> <span class='ocrx_word' id='word_1_306' title='bbox 899 1804 1059 1839; x_wconf 85' lang='lat' dir='ltr'>addebant</span> <span class='ocrx_word' id='word_1_307' title='bbox 1092 1802 1180 1836; x_wconf 86' lang='lat' dir='ltr'>statis</span> <span class='ocrx_word' id='word_1_308' title='bbox 1210 1801 1370 1844; x_wconf 87' lang='lat' dir='ltr'>tempori-</span> 
     </span>
     <span class='ocr_line' id='line_1_37' title="bbox 358 1845 1369 1902; baseline -0.023 -4"><span class='ocrx_word' id='word_1_309' title='bbox 358 1853 420 1898; x_wconf 83' lang='lat' dir='ltr'>bus</span> <span class='ocrx_word' id='word_1_310' title='bbox 452 1850 607 1902; x_wconf 73' lang='lat' dir='ltr'>dysuria,</span> <span class='ocrx_word' id='word_1_311' title='bbox 633 1856 664 1888; x_wconf 78' lang='grc' dir='ltr'>δι</span> <span class='ocrx_word' id='word_1_312' title='bbox 689 1850 867 1892; x_wconf 86' lang='lat' dir='ltr'>stranguria</span> <span class='ocrx_word' id='word_1_313' title='bbox 884 1872 894 1888; x_wconf 91' lang='lat'>‚</span> <span class='ocrx_word' id='word_1_314' title='bbox 919 1855 1157 1887; x_wconf 78' lang='lat' dir='ltr'>memorantur,</span> <span class='ocrx_word' id='word_1_315' title='bbox 1183 1847 1212 1878; x_wconf 79' lang='grc' dir='ltr'>δι</span> <span class='ocrx_word' id='word_1_316' title='bbox 1235 1847 1268 1880; x_wconf 84' lang='lat' dir='ltr'>in</span> <span class='ocrx_word' id='word_1_317' title='bbox 1294 1845 1369 1878; x_wconf 88' lang='lat' dir='ltr'>Me-</span> 
     </span>
     <span class='ocr_line' id='line_1_38' title="bbox 360 1888 1368 1943; baseline -0.022 0"><span class='ocrx_word' id='word_1_318' title='bbox 360 1909 436 1943; x_wconf 92' lang='lat' dir='ltr'>dico</span> <span class='ocrx_word' id='word_1_319' title='bbox 465 1902 526 1936; x_wconf 89' lang='lat' dir='ltr'>illo</span> <span class='ocrx_word' id='word_1_320' title='bbox 558 1896 642 1941; x_wconf 89' lang='lat' dir='ltr'>apud</span> <span class='ocrx_word' id='word_1_321' title='bbox 665 1892 926 1930; x_wconf 89' lang='lat' dir='ltr'>Vallisnerium,</span> <span class='ocrx_word' id='word_1_322' title='bbox 961 1904 977 1925; x_wconf 87' lang='lat' dir='ltr'>a</span> <span class='ocrx_word' id='word_1_323' title='bbox 1012 1902 1063 1924; x_wconf 92' lang='lat' dir='ltr'>me</span> <span class='ocrx_word' id='word_1_324' title='bbox 1096 1889 1244 1932; x_wconf 87' lang='lat' dir='ltr'>Epistola</span> <span class='ocrx_word' id='word_1_325' title='bbox 1277 1888 1368 1922; x_wconf 88' lang='lat' dir='ltr'><strong>XLI.</strong></span> 
     </span>
     <span class='ocr_line' id='line_1_39' title="bbox 359 1930 1367 1992; baseline -0.017 -11"><span class='ocrx_word' id='word_1_326' title='bbox 359 1956 370 1992; x_wconf 65' lang='grc' dir='ltr'>ζ</span> <span class='ocrx_word' id='word_1_327' title='bbox 392 1950 412 1985; x_wconf 84' lang='lat' dir='ltr'>b</span> <span class='ocrx_word' id='word_1_328' title='bbox 436 1937 643 1989; x_wconf 51' lang='lat' dir='ltr'>&gt;indicum</span> <span class='ocrx_word' id='word_1_329' title='bbox 665 1938 814 1982; x_wconf 85' lang='lat' dir='ltr'>quamvis</span> <span class='ocrx_word' id='word_1_330' title='bbox 848 1936 1062 1972; x_wconf 74' lang='lat' dir='ltr'>excrescentia</span> <span class='ocrx_word' id='word_1_331' title='bbox 1097 1945 1169 1976; x_wconf 88' lang='lat' dir='ltr'>quae</span> <span class='ocrx_word' id='word_1_332' title='bbox 1202 1945 1218 1966; x_wconf 91' lang='lat' dir='ltr'>e</span> <span class='ocrx_word' id='word_1_333' title='bbox 1241 1930 1367 1982; x_wconf 52' lang='lat' dir='ltr'>lffrosta-</span> 
     </span>
     <span class='ocr_line' id='line_1_40' title="bbox 355 1977 1366 2035; baseline -0.021 -8"><span class='ocrx_word' id='word_1_334' title='bbox 355 2006 400 2035; x_wconf 56' lang='grc' dir='ltr'>με</span> <span class='ocrx_word' id='word_1_335' title='bbox 432 1987 608 2026; x_wconf 80' lang='lat' dir='ltr'>substantia</span> <span class='ocrx_word' id='word_1_336' title='bbox 641 1985 727 2018; x_wconf 89' lang='lat' dir='ltr'>intra</span> <span class='ocrx_word' id='word_1_337' title='bbox 761 1978 897 2015; x_wconf 87' lang='lat' dir='ltr'>vesicam</span> <span class='ocrx_word' id='word_1_338' title='bbox 934 1977 1122 2013; x_wconf 87' lang='lat' dir='ltr'>ascendebat</span> <span class='ocrx_word' id='word_1_339' title='bbox 1147 1998 1158 2016; x_wconf 88' lang='lat'>‚</span> <span class='ocrx_word' id='word_1_340' title='bbox 1190 1986 1281 2011; x_wconf 87' lang='lat' dir='ltr'>nucis</span> <span class='ocrx_word' id='word_1_341' title='bbox 1315 1986 1366 2024; x_wconf 56' lang='grc' dir='ltr'>ματ</span> 
     </span>
     <span class='ocr_line' id='line_1_41' title="bbox 358 2018 1366 2083; baseline -0.022 -9"><span class='ocrx_word' id='word_1_342' title='bbox 358 2026 485 2083; x_wconf 72' lang='lat' dir='ltr'>glandis</span> <span class='ocrx_word' id='word_1_343' title='bbox 517 2028 777 2073; x_wconf 79' lang='lat' dir='ltr'>magnitudinem</span> <span class='ocrx_word' id='word_1_344' title='bbox 815 2033 981 2066; x_wconf 79' lang='lat' dir='ltr'>aequaret3</span> <span class='ocrx_word' id='word_1_345' title='bbox 1016 2032 1124 2056; x_wconf 88' lang='lat' dir='ltr'>tamen</span> <span class='ocrx_word' id='word_1_346' title='bbox 1162 2018 1366 2063; x_wconf 84' lang='lat' dir='ltr'>suppreffioni</span> 
     </span>
     <span class='ocr_line' id='line_1_42' title="bbox 358 2064 1367 2123; baseline -0.017 -11"><span class='ocrx_word' id='word_1_347' title='bbox 358 2080 461 2123; x_wconf 62' lang='lat' dir='ltr'>juinae</span> <span class='ocrx_word' id='word_1_348' title='bbox 496 2076 594 2122; x_wconf 78' lang='lat' dir='ltr'>hujus</span> <span class='ocrx_word' id='word_1_349' title='bbox 616 2068 846 2108; x_wconf 86' lang='lat' dir='ltr'>tantummodo</span> <span class='ocrx_word' id='word_1_350' title='bbox 870 2066 1084 2111; x_wconf 67' lang='lat' dir='ltr'>stillicidium⁴</span> <span class='ocrx_word' id='word_1_351' title='bbox 1107 2064 1266 2112; x_wconf 78' lang='lat' dir='ltr'>succeffit,</span> <span class='ocrx_word' id='word_1_352' title='bbox 1291 2073 1367 2096; x_wconf 88' lang='lat' dir='ltr'>cum</span> 
     </span>
     <span class='ocr_line' id='line_1_43' title="bbox 357 2110 1368 2165; baseline -0.019 -7"><span class='ocrx_word' id='word_1_353' title='bbox 357 2116 497 2165; x_wconf 65' lang='lat' dir='ltr'>u&#39;retiirae</span> <span class='ocrx_word' id='word_1_354' title='bbox 523 2117 722 2154; x_wconf 85' lang='lat' dir='ltr'>cruciatibus</span> <span class='ocrx_word' id='word_1_355' title='bbox 734 2136 747 2154; x_wconf 89' lang='lat'>,</span> <span class='ocrx_word' id='word_1_356' title='bbox 771 2115 801 2148; x_wconf 85' lang='lat'>&amp;</span> <span class='ocrx_word' id='word_1_357' title='bbox 832 2110 976 2148; x_wconf 84' lang='lat' dir='ltr'>tenesmo</span> <span class='ocrx_word' id='word_1_358' title='bbox 1008 2110 1242 2156; x_wconf 60' lang='lat' dir='ltr'>coniunctum:</span> <span class='ocrx_word' id='word_1_359' title='bbox 1265 2117 1368 2149; x_wconf 87' lang='lat' dir='ltr'>neque</span> 
     </span>
     <span class='ocr_line' id='line_1_44' title="bbox 359 2150 1366 2216; baseline -0.02 -15"><span class='ocrx_word' id='word_1_360' title='bbox 359 2171 428 2216; x_wconf 75' lang='lat' dir='ltr'>ipse</span> <span class='ocrx_word' id='word_1_361' title='bbox 461 2167 499 2201; x_wconf 90' lang='lat' dir='ltr'>de</span> <span class='ocrx_word' id='word_1_362' title='bbox 524 2163 664 2198; x_wconf 84' lang='lat' dir='ltr'>Muliere</span> <span class='ocrx_word' id='word_1_363' title='bbox 685 2182 695 2197; x_wconf 88' lang='lat'>‚</span> <span class='ocrx_word' id='word_1_364' title='bbox 730 2160 763 2191; x_wconf 90' lang='lat'>&amp;</span> <span class='ocrx_word' id='word_1_365' title='bbox 796 2155 907 2197; x_wconf 88' lang='lat' dir='ltr'>Viro,</span> <span class='ocrx_word' id='word_1_366' title='bbox 931 2164 1074 2200; x_wconf 86' lang='lat' dir='ltr'>quorum</span> <span class='ocrx_word' id='word_1_367' title='bbox 1108 2150 1248 2202; x_wconf 73' lang='lat' dir='ltr'>ejusdem</span> <span class='ocrx_word' id='word_1_368' title='bbox 1271 2161 1366 2201; x_wconf 78' lang='lat' dir='ltr'>gene-</span> 
     </span>
     <span class='ocr_line' id='line_1_45' title="bbox 362 2193 1369 2255; baseline -0.023 -7"><span class='ocrx_word' id='word_1_369' title='bbox 362 2219 408 2255; x_wconf 62' lang='lat' dir='ltr'>sis</span> <span class='ocrx_word' id='word_1_370' title='bbox 433 2206 662 2247; x_wconf 68' lang='lat' dir='ltr'>excrescendas</span> <span class='ocrx_word' id='word_1_371' title='bbox 682 2200 825 2245; x_wconf 85' lang='lat' dir='ltr'>superius</span> <span class='ocrx_word' id='word_1_372' title='bbox 848 2200 865 2242; x_wconf 85' lang='lat'><em>(</em></span> <span class='ocrx_word' id='word_1_373' title='bbox 883 2211 899 2232; x_wconf 91' lang='lat' dir='ltr'>c</span> <span class='ocrx_word' id='word_1_374' title='bbox 920 2203 933 2240; x_wconf 89' lang='lat'><strong>&gt;</strong></span> <span class='ocrx_word' id='word_1_375' title='bbox 954 2206 1234 2235; x_wconf 86' lang='lat' dir='ltr'>commemoravi,</span> <span class='ocrx_word' id='word_1_376' title='bbox 1257 2193 1369 2234; x_wconf 88' lang='lat' dir='ltr'>aliud,</span> 
     </span>
     <span class='ocr_line' id='line_1_46' title="bbox 363 2236 1370 2303; baseline -0.02 -13"><span class='ocrx_word' id='word_1_377' title='bbox 363 2257 453 2303; x_wconf 68' lang='lat' dir='ltr'>quod</span> <span class='ocrx_word' id='word_1_378' title='bbox 478 2254 516 2289; x_wconf 89' lang='lat' dir='ltr'>ad</span> <span class='ocrx_word' id='word_1_379' title='bbox 557 2252 612 2285; x_wconf 85' lang='lat' dir='ltr'>has</span> <span class='ocrx_word' id='word_1_380' title='bbox 644 2246 795 2291; x_wconf 62' lang='lat' dir='ltr'>speetaret</span> <span class='ocrx_word' id='word_1_381' title='bbox 821 2265 832 2282; x_wconf 94' lang='lat'>,</span> <span class='ocrx_word' id='word_1_382' title='bbox 865 2245 993 2286; x_wconf 87' lang='lat' dir='ltr'>accepi,</span> <span class='ocrx_word' id='word_1_383' title='bbox 1029 2241 1091 2275; x_wconf 84' lang='lat' dir='ltr'>nisi</span> <span class='ocrx_word' id='word_1_384' title='bbox 1124 2240 1215 2290; x_wconf 75' lang='lat' dir='ltr'>illam</span> <span class='ocrx_word' id='word_1_385' title='bbox 1251 2236 1370 2287; x_wconf 81' lang='lat' dir='ltr'>assiduo</span> 
     </span>
     <span class='ocr_line' id='line_1_47' title="bbox 361 2280 1369 2338; baseline -0.025 0"><span class='ocrx_word' id='word_1_386' title='bbox 361 2305 464 2338; x_wconf 74' lang='lat' dir='ltr'>urinae</span> <span class='ocrx_word' id='word_1_387' title='bbox 488 2292 657 2333; x_wconf 85' lang='lat' dir='ltr'>stillicidio</span> <span class='ocrx_word' id='word_1_388' title='bbox 692 2288 839 2324; x_wconf 70' lang='lat' dir='ltr'>affestam</span> <span class='ocrx_word' id='word_1_389' title='bbox 854 2312 864 2329; x_wconf 95' lang='lat'>,</span> <span class='ocrx_word' id='word_1_390' title='bbox 887 2287 974 2322; x_wconf 91' lang='lat' dir='ltr'>hunc</span> <span class='ocrx_word' id='word_1_391' title='bbox 1008 2295 1085 2318; x_wconf 87' lang='lat' dir='ltr'>vero</span> <span class='ocrx_word' id='word_1_392' title='bbox 1108 2284 1255 2317; x_wconf 85' lang='lat' dir='ltr'>auditum</span> <span class='ocrx_word' id='word_1_393' title='bbox 1290 2280 1369 2314; x_wconf 88' lang='lat' dir='ltr'>fuis-</span> 
     </span>
     <span class='ocr_line' id='line_1_48' title="bbox 360 2323 1369 2387; baseline -0.021 -10"><span class='ocrx_word' id='word_1_394' title='bbox 360 2348 391 2386; x_wconf 77' lang='lat' dir='ltr'>se</span> <span class='ocrx_word' id='word_1_395' title='bbox 417 2340 592 2387; x_wconf 69' lang='lat' dir='ltr'>aliquando</span> <span class='ocrx_word' id='word_1_396' title='bbox 626 2333 782 2377; x_wconf 82' lang='lat' dir='ltr'>conqueri</span> <span class='ocrx_word' id='word_1_397' title='bbox 806 2331 844 2365; x_wconf 91' lang='lat' dir='ltr'>de</span> <span class='ocrx_word' id='word_1_398' title='bbox 868 2332 970 2366; x_wconf 82' lang='lat' dir='ltr'>urinae</span> <span class='ocrx_word' id='word_1_399' title='bbox 1005 2328 1202 2363; x_wconf 86' lang='lat' dir='ltr'>acrimonia,</span> <span class='ocrx_word' id='word_1_400' title='bbox 1226 2328 1257 2359; x_wconf 84' lang='lat'>&amp;</span> <span class='ocrx_word' id='word_1_401' title='bbox 1290 2323 1369 2374; x_wconf 80' lang='lat' dir='ltr'>vefi-</span> 
     </span>
     <span class='ocr_line' id='line_1_49' title="bbox 363 2368 1370 2426; baseline -0.022 -2"><span class='ocrx_word' id='word_1_402' title='bbox 363 2403 435 2426; x_wconf 85' lang='lat' dir='ltr'>eam</span> <span class='ocrx_word' id='word_1_403' title='bbox 468 2388 536 2420; x_wconf 88' lang='lat' dir='ltr'>vidi</span> <span class='ocrx_word' id='word_1_404' title='bbox 571 2377 763 2420; x_wconf 82' lang='lat' dir='ltr'>utriusque,</span> <span class='ocrx_word' id='word_1_405' title='bbox 795 2374 875 2409; x_wconf 86' lang='lat' dir='ltr'>ficut</span> <span class='ocrx_word' id='word_1_406' title='bbox 908 2376 943 2408; x_wconf 87' lang='lat' dir='ltr'>in</span> <span class='ocrx_word' id='word_1_407' title='bbox 974 2372 1111 2408; x_wconf 87' lang='lat' dir='ltr'>Medico</span> <span class='ocrx_word' id='word_1_408' title='bbox 1146 2381 1276 2414; x_wconf 92' lang='lat' dir='ltr'>quoque</span> <span class='ocrx_word' id='word_1_409' title='bbox 1310 2368 1370 2418; x_wconf 72' lang='lat' dir='ltr'>islo</span> 
     </span>
     <span class='ocr_line' id='line_1_50' title="bbox 363 2421 1370 2473; baseline -0.023 -7"><span class='ocrx_word' id='word_1_410' title='bbox 363 2425 496 2473; x_wconf 75' lang='lat' dir='ltr'>fuerat,</span> <span class='ocrx_word' id='word_1_411' title='bbox 520 2428 612 2463; x_wconf 88' lang='lat' dir='ltr'>urina</span> <span class='ocrx_word' id='word_1_412' title='bbox 643 2422 814 2459; x_wconf 83' lang='lat' dir='ltr'>distentam</span> <span class='ocrx_word' id='word_1_413' title='bbox 829 2443 836 2450; x_wconf 91' lang='lat'>.</span> <span class='ocrx_word' id='word_1_414' title='bbox 864 2421 979 2461; x_wconf 88' lang='lat' dir='ltr'>Itaque</span> <span class='ocrx_word' id='word_1_415' title='bbox 1013 2422 1168 2459; x_wconf 86' lang='lat' dir='ltr'>apparet,</span> <span class='ocrx_word' id='word_1_416' title='bbox 1192 2425 1250 2456; x_wconf 89' lang='lat' dir='ltr'>pro</span> <span class='ocrx_word' id='word_1_417' title='bbox 1283 2422 1370 2446; x_wconf 81' lang='lat' dir='ltr'>varia</span> 
     </span>
     <span class='ocr_line' id='line_1_51' title="bbox 366 2458 1372 2515; baseline -0.026 -1"><span class='ocrx_word' id='word_1_418' title='bbox 366 2489 477 2515; x_wconf 86' lang='lat' dir='ltr'>rerum</span> <span class='ocrx_word' id='word_1_419' title='bbox 500 2467 798 2509; x_wconf 86' lang='lat' dir='ltr'>circumstantium,</span> <span class='ocrx_word' id='word_1_420' title='bbox 822 2474 963 2505; x_wconf 89' lang='lat' dir='ltr'>quarum</span> <span class='ocrx_word' id='word_1_421' title='bbox 974 2461 1088 2503; x_wconf 83' lang='lat' dir='ltr'>aliquae</span> <span class='ocrx_word' id='word_1_422' title='bbox 1112 2458 1183 2492; x_wconf 90' lang='lat' dir='ltr'>sunt</span> <span class='ocrx_word' id='word_1_423' title='bbox 1207 2465 1292 2490; x_wconf 90' lang='lat' dir='ltr'>certe</span> <span class='ocrx_word' id='word_1_424' title='bbox 1317 2466 1372 2488; x_wconf 88' lang='lat' dir='ltr'>va-</span> 
     </span>
     <span class='ocr_line' id='line_1_52' title="bbox 366 2499 1373 2557; baseline -0.026 -1"><span class='ocrx_word' id='word_1_425' title='bbox 366 2521 497 2557; x_wconf 82' lang='lat' dir='ltr'>riabiles</span> <span class='ocrx_word' id='word_1_426' title='bbox 543 2511 754 2555; x_wconf 79' lang='lat' dir='ltr'>dispositione</span> <span class='ocrx_word' id='word_1_427' title='bbox 778 2507 865 2543; x_wconf 87' lang='lat' dir='ltr'>aliud</span> <span class='ocrx_word' id='word_1_428' title='bbox 890 2507 960 2540; x_wconf 89' lang='lat' dir='ltr'>aliis</span> <span class='ocrx_word' id='word_1_429' title='bbox 982 2503 1082 2538; x_wconf 88' lang='lat' dir='ltr'>creari</span> <span class='ocrx_word' id='word_1_430' title='bbox 1105 2499 1373 2552; x_wconf 73' lang='lat' dir='ltr'>incommodum,</span> 
     </span>
     <span class='ocr_line' id='line_1_53' title="bbox 369 2542 1374 2607; baseline -0.018 -15"><span class='ocrx_word' id='word_1_431' title='bbox 369 2569 401 2600; x_wconf 64' lang='lat' dir='ltr'>gg</span> <span class='ocrx_word' id='word_1_432' title='bbox 436 2542 563 2607; x_wconf 56' lang='lat' dir='ltr'>majfis,</span> <span class='ocrx_word' id='word_1_433' title='bbox 587 2553 729 2591; x_wconf 76' lang='lat' dir='ltr'>minusve</span> <span class='ocrx_word' id='word_1_434' title='bbox 766 2553 868 2585; x_wconf 85' lang='lat' dir='ltr'>urinae</span> <span class='ocrx_word' id='word_1_435' title='bbox 892 2546 1028 2593; x_wconf 83' lang='lat' dir='ltr'>egressui</span> <span class='ocrx_word' id='word_1_436' title='bbox 1060 2547 1162 2591; x_wconf 68' lang='lat' dir='ltr'>objici</span> <span class='ocrx_word' id='word_1_437' title='bbox 1193 2544 1233 2579; x_wconf 85' lang='lat' dir='ltr'>ab</span> <span class='ocrx_word' id='word_1_438' title='bbox 1264 2553 1374 2577; x_wconf 85' lang='lat' dir='ltr'>excre-</span> 
     </span>
     <span class='ocr_line' id='line_1_54' title="bbox 370 2594 1227 2649; baseline -0.027 -7"><span class='ocrx_word' id='word_1_439' title='bbox 370 2608 500 2649; x_wconf 70' lang='lat' dir='ltr'>scentiis</span> <span class='ocrx_word' id='word_1_440' title='bbox 526 2600 676 2641; x_wconf 82' lang='lat' dir='ltr'>Prostatae</span> <span class='ocrx_word' id='word_1_441' title='bbox 698 2594 970 2637; x_wconf 85' lang='lat' dir='ltr'>impedimentum</span> <span class='ocrx_word' id='word_1_442' title='bbox 986 2615 993 2624; x_wconf 90' lang='lat'><em>.</em></span> <span class='ocrx_word' id='word_1_443' title='bbox 1220 2632 1227 2638; x_wconf 45' lang='grc'><em>·</em></span> 
     </span>
    </p>

    <p class='ocr_par' dir='ltr' id='par_1_2' title="bbox 368 2630 1380 3434">
     <span class='ocr_line' id='line_1_55' title="bbox 417 2630 1373 2686; baseline -0.024 -1"><span class='ocrx_word' id='word_1_444' title='bbox 417 2662 466 2686; x_wconf 84' lang='lat'>12.</span> <span class='ocrx_word' id='word_1_445' title='bbox 503 2647 587 2681; x_wconf 89' lang='lat' dir='ltr'>Satis</span> <span class='ocrx_word' id='word_1_446' title='bbox 619 2651 727 2675; x_wconf 82' lang='lat' dir='ltr'>autem</span> <span class='ocrx_word' id='word_1_447' title='bbox 765 2648 839 2672; x_wconf 83' lang='lat' dir='ltr'>cum</span> <span class='ocrx_word' id='word_1_448' title='bbox 873 2637 921 2669; x_wconf 86' lang='lat' dir='ltr'>liis</span> <span class='ocrx_word' id='word_1_449' title='bbox 977 2645 1024 2668; x_wconf 86' lang='lat' dir='ltr'>uae</span> <span class='ocrx_word' id='word_1_450' title='bbox 1056 2631 1156 2667; x_wconf 86' lang='lat' dir='ltr'>modo</span> <span class='ocrx_word' id='word_1_451' title='bbox 1195 2630 1341 2681; x_wconf 81' lang='lat' dir='ltr'>dicebam</span> <span class='ocrx_word' id='word_1_452' title='bbox 1363 2650 1373 2666; x_wconf 83' lang='lat'>,</span> 
     </span>
     <span class='ocr_line' id='line_1_56' title="bbox 368 2674 1377 2734; baseline -0.026 -3"><span class='ocrx_word' id='word_1_453' title='bbox 368 2695 543 2734; x_wconf 79' lang='lat' dir='ltr'>convenire</span> <span class='ocrx_word' id='word_1_454' title='bbox 563 2713 575 2732; x_wconf 88' lang='lat'>‚</span> <span class='ocrx_word' id='word_1_455' title='bbox 607 2683 732 2729; x_wconf 81' lang='lat' dir='ltr'>gaudeo</span> <span class='ocrx_word' id='word_1_456' title='bbox 765 2680 959 2715; x_wconf 83' lang='lat' dir='ltr'>Observatio</span> <span class='ocrx_word' id='word_1_457' title='bbox 986 2689 1016 2712; x_wconf 91' lang='lat' dir='ltr'>es</span> <span class='ocrx_word' id='word_1_458' title='bbox 1048 2686 1111 2711; x_wconf 87' lang='lat' dir='ltr'>tres</span> <span class='ocrx_word' id='word_1_459' title='bbox 1144 2687 1224 2719; x_wconf 87' lang='lat' dir='ltr'>quas</span> <span class='ocrx_word' id='word_1_460' title='bbox 1254 2674 1377 2708; x_wconf 78' lang='lat' dir='ltr'>ibidem</span> 
     </span>
     <span class='ocr_line' id='line_1_57' title="bbox 371 2715 1377 2784; baseline -0.023 -12"><span class='ocrx_word' id='word_1_461' title='bbox 371 2744 471 2784; x_wconf 70' lang='lat' dir='ltr'>lego,</span> <span class='ocrx_word' id='word_1_462' title='bbox 495 2736 551 2770; x_wconf 91' lang='lat' dir='ltr'>ubi</span> <span class='ocrx_word' id='word_1_463' title='bbox 586 2742 655 2766; x_wconf 89' lang='lat' dir='ltr'>earn</span> <span class='ocrx_word' id='word_1_464' title='bbox 685 2725 819 2762; x_wconf 89' lang='lat' dir='ltr'>uvulam</span> <span class='ocrx_word' id='word_1_465' title='bbox 852 2723 996 2772; x_wconf 75' lang='lat' dir='ltr'>proponi¹</span> <span class='ocrx_word' id='word_1_466' title='bbox 1023 2720 1118 2771; x_wconf 81' lang='lat' dir='ltr'>video</span> <span class='ocrx_word' id='word_1_467' title='bbox 1150 2731 1211 2770; x_wconf 83' lang='lat' dir='ltr'>qua</span> <span class='ocrx_word' id='word_1_468' title='bbox 1244 2718 1282 2769; x_wconf 80' lang='lat' dir='ltr'>de</span> <span class='ocrx_word' id='word_1_469' title='bbox 1315 2715 1377 2749; x_wconf 90' lang='lat' dir='ltr'>ser-</span> 
     </span>
     <span class='ocr_line' id='line_1_58' title="bbox 370 2765 1377 2822; baseline -0.021 -10"><span class='ocrx_word' id='word_1_470' title='bbox 370 2797 427 2822; x_wconf 76' lang='lat' dir='ltr'>mo</span> <span class='ocrx_word' id='word_1_471' title='bbox 449 2783 502 2821; x_wconf 74' lang='lat' dir='ltr'>hic</span> <span class='ocrx_word' id='word_1_472' title='bbox 534 2777 576 2814; x_wconf 80' lang='lat' dir='ltr'>est</span> <span class='ocrx_word' id='word_1_473' title='bbox 598 2773 768 2808; x_wconf 78' lang='lat' dir='ltr'>institutus</span> <span class='ocrx_word' id='word_1_474' title='bbox 790 2793 800 2802; x_wconf 84' lang='lat'><em>.</em></span> <span class='ocrx_word' id='word_1_475' title='bbox 834 2768 922 2803; x_wconf 86' lang='lat' dir='ltr'>Cum</span> <span class='ocrx_word' id='word_1_476' title='bbox 946 2776 1033 2801; x_wconf 75' lang='lat' dir='ltr'>enim</span> <span class='ocrx_word' id='word_1_477' title='bbox 1056 2775 1090 2797; x_wconf 89' lang='lat' dir='ltr'>in</span> <span class='ocrx_word' id='word_1_478' title='bbox 1123 2765 1227 2798; x_wconf 86' lang='lat' dir='ltr'>tribus</span> <span class='ocrx_word' id='word_1_479' title='bbox 1247 2768 1377 2796; x_wconf 85' lang='lat' dir='ltr'>inventa</span> 
     </span>
     <span class='ocr_line' id='line_1_59' title="bbox 373 2804 1377 2863; baseline -0.02 -8"><span class='ocrx_word' id='word_1_480' title='bbox 373 2828 448 2863; x_wconf 55' lang='lat' dir='ltr'>effe(</span> <span class='ocrx_word' id='word_1_481' title='bbox 468 2823 565 2861; x_wconf 69' lang='lat' dir='ltr'>uvula</span> <span class='ocrx_word' id='word_1_482' title='bbox 590 2818 648 2856; x_wconf 83' lang='lat' dir='ltr'>ista</span> <span class='ocrx_word' id='word_1_483' title='bbox 671 2824 776 2858; x_wconf 81' lang='lat' dir='ltr'>parvae</span> <span class='ocrx_word' id='word_1_484' title='bbox 801 2812 925 2846; x_wconf 81' lang='lat' dir='ltr'>nuculae</span> <span class='ocrx_word' id='word_1_485' title='bbox 951 2813 961 2849; x_wconf 97' lang='lat'>(</span> <span class='ocrx_word' id='word_1_486' title='bbox 987 2820 1027 2843; x_wconf 92' lang='lat' dir='ltr'>an</span> <span class='ocrx_word' id='word_1_487' title='bbox 1052 2807 1237 2856; x_wconf 50' lang='lat' dir='ltr'>avellanae?</span> <span class='ocrx_word' id='word_1_488' title='bbox 1261 2809 1272 2844; x_wconf 91' lang='lat'><em>)</em></span> <span class='ocrx_word' id='word_1_489' title='bbox 1296 2804 1377 2837; x_wconf 88' lang='lat' dir='ltr'>cras-</span> 
     </span>
     <span class='ocr_line' id='line_1_60' title="bbox 372 2847 1377 2908; baseline -0.027 -1"><span class='ocrx_word' id='word_1_490' title='bbox 372 2870 540 2908; x_wconf 76' lang='lat' dir='ltr'>fitudine3</span> <span class='ocrx_word' id='word_1_491' title='bbox 573 2864 696 2908; x_wconf 80' lang='lat' dir='ltr'>primus</span> <span class='ocrx_word' id='word_1_492' title='bbox 731 2868 804 2891; x_wconf 91' lang='lat' dir='ltr'>cum</span> <span class='ocrx_word' id='word_1_493' title='bbox 837 2853 1062 2897; x_wconf 60' lang='lat' dir='ltr'>frequentibus</span> <span class='ocrx_word' id='word_1_494' title='bbox 1095 2851 1133 2885; x_wconf 90' lang='lat' dir='ltr'>ad</span> <span class='ocrx_word' id='word_1_495' title='bbox 1167 2847 1377 2894; x_wconf 81' lang='lat' dir='ltr'>mingendum</span> 
     </span>
     <span class='ocr_line' id='line_1_61' title="bbox 373 2894 1377 2952; baseline -0.03 0"><span class='ocrx_word' id='word_1_496' title='bbox 373 2913 509 2951; x_wconf 82' lang='lat' dir='ltr'>stimulis</span> <span class='ocrx_word' id='word_1_497' title='bbox 532 2902 720 2952; x_wconf 87' lang='lat' dir='ltr'>permolesta</span> <span class='ocrx_word' id='word_1_498' title='bbox 744 2903 845 2935; x_wconf 82' lang='lat' dir='ltr'>urinae</span> <span class='ocrx_word' id='word_1_499' title='bbox 866 2896 1081 2938; x_wconf 70' lang='lat' dir='ltr'>difficultate,</span> <span class='ocrx_word' id='word_1_500' title='bbox 1103 2894 1182 2928; x_wconf 86' lang='lat' dir='ltr'>alter</span> <span class='ocrx_word' id='word_1_501' title='bbox 1205 2894 1280 2927; x_wconf 74' lang='grc' dir='ltr'>οᾶο</span> <span class='ocrx_word' id='word_1_502' title='bbox 1314 2901 1377 2934; x_wconf 83' lang='lat' dir='ltr'>Jarn</span> 
     </span>
     <span class='ocr_line' id='line_1_62' title="bbox 373 2938 1375 2994; baseline -0.027 0"><span class='ocrx_word' id='word_1_503' title='bbox 373 2960 443 2994; x_wconf 83' lang='lat' dir='ltr'>dies</span> <span class='ocrx_word' id='word_1_504' title='bbox 474 2952 640 2989; x_wconf 83' lang='lat' dir='ltr'>ischuria,</span> <span class='ocrx_word' id='word_1_505' title='bbox 676 2946 730 2979; x_wconf 87' lang='lat' dir='ltr'>cui</span> <span class='ocrx_word' id='word_1_506' title='bbox 754 2956 807 2989; x_wconf 87' lang='lat' dir='ltr'>per</span> <span class='ocrx_word' id='word_1_507' title='bbox 830 2942 1028 2977; x_wconf 86' lang='lat' dir='ltr'>catheterern</span> <span class='ocrx_word' id='word_1_508' title='bbox 1052 2938 1260 2987; x_wconf 74' lang='lat' dir='ltr'>metiebantur</span> <span class='ocrx_word' id='word_1_509' title='bbox 1275 2959 1284 2975; x_wconf 87' lang='lat'>‚</span> <span class='ocrx_word' id='word_1_510' title='bbox 1308 2944 1375 2968; x_wconf 91' lang='lat' dir='ltr'>ter-</span> 
     </span>
     <span class='ocr_line' id='line_1_63' title="bbox 375 2978 1376 3036; baseline -0.027 0"><span class='ocrx_word' id='word_1_511' title='bbox 375 3004 442 3036; x_wconf 85' lang='lat' dir='ltr'>tius</span> <span class='ocrx_word' id='word_1_512' title='bbox 477 2999 652 3032; x_wconf 86' lang='lat' dir='ltr'>alterutra;</span> <span class='ocrx_word' id='word_1_513' title='bbox 675 2999 748 3024; x_wconf 86' lang='lat' dir='ltr'>nam</span> <span class='ocrx_word' id='word_1_514' title='bbox 772 2997 845 3022; x_wconf 91' lang='lat' dir='ltr'>utra</span> <span class='ocrx_word' id='word_1_515' title='bbox 876 2984 1109 3027; x_wconf 76' lang='lat' dir='ltr'>ignorabatur-5</span> <span class='ocrx_word' id='word_1_516' title='bbox 1134 2981 1299 3014; x_wconf 52' lang='lat' dir='ltr'>affectione</span> <span class='ocrx_word' id='word_1_517' title='bbox 1330 2978 1376 3010; x_wconf 89' lang='lat' dir='ltr'>la-</span> 
     </span>
     <span class='ocr_line' id='line_1_64' title="bbox 376 3020 1378 3083; baseline -0.026 -3"><span class='ocrx_word' id='word_1_518' title='bbox 376 3047 585 3083; x_wconf 86' lang='lat' dir='ltr'>boraverat‚·</span> <span class='ocrx_word' id='word_1_519' title='bbox 618 3035 767 3069; x_wconf 87' lang='lat' dir='ltr'>omnium</span> <span class='ocrx_word' id='word_1_520' title='bbox 800 3039 904 3066; x_wconf 88' lang='lat' dir='ltr'>autem</span> <span class='ocrx_word' id='word_1_521' title='bbox 936 3027 1036 3061; x_wconf 89' lang='lat' dir='ltr'>vesica</span> <span class='ocrx_word' id='word_1_522' title='bbox 1070 3026 1156 3059; x_wconf 89' lang='lat' dir='ltr'>lotio</span> <span class='ocrx_word' id='word_1_523' title='bbox 1178 3026 1311 3074; x_wconf 85' lang='lat' dir='ltr'>inventa</span> <span class='ocrx_word' id='word_1_524' title='bbox 1334 3020 1378 3054; x_wconf 85' lang='lat' dir='ltr'>est</span> 
     </span>
     <span class='ocr_line' id='line_1_65' title="bbox 378 3065 1378 3128; baseline -0.026 -5"><span class='ocrx_word' id='word_1_525' title='bbox 378 3087 472 3123; x_wconf 87' lang='lat' dir='ltr'>valde</span> <span class='ocrx_word' id='word_1_526' title='bbox 507 3083 619 3128; x_wconf 86' lang='lat' dir='ltr'>plena.</span> <span class='ocrx_word' id='word_1_527' title='bbox 644 3075 703 3111; x_wconf 86' lang='lat' dir='ltr'>Sed</span> <span class='ocrx_word' id='word_1_528' title='bbox 740 3075 802 3109; x_wconf 73' lang='lat' dir='ltr'>hcc</span> <span class='ocrx_word' id='word_1_529' title='bbox 825 3073 1040 3113; x_wconf 79' lang='lat' dir='ltr'>discrepamus</span> <span class='ocrx_word' id='word_1_530' title='bbox 1055 3094 1063 3109; x_wconf 95' lang='lat'><strong>‚</strong></span> <span class='ocrx_word' id='word_1_531' title='bbox 1086 3067 1175 3114; x_wconf 85' lang='lat' dir='ltr'>quod</span> <span class='ocrx_word' id='word_1_532' title='bbox 1199 3067 1266 3100; x_wconf 88' lang='lat' dir='ltr'>illis</span> <span class='ocrx_word' id='word_1_533' title='bbox 1288 3065 1378 3116; x_wconf 68' lang='lat' dir='ltr'>aufia</span> 
     </span>
     <span class='ocr_line' id='line_1_66' title="bbox 379 3110 1380 3168; baseline -0.027 0"><span class='ocrx_word' id='word_1_534' title='bbox 379 3131 523 3168; x_wconf 83' lang='lat' dir='ltr'>creditur</span> <span class='ocrx_word' id='word_1_535' title='bbox 545 3122 640 3160; x_wconf 81' lang='lat' dir='ltr'>fuisse</span> <span class='ocrx_word' id='word_1_536' title='bbox 661 3119 778 3158; x_wconf 86' lang='lat' dir='ltr'>uvula;</span> <span class='ocrx_word' id='word_1_537' title='bbox 800 3128 876 3151; x_wconf 83' lang='lat' dir='ltr'>curn</span> <span class='ocrx_word' id='word_1_538' title='bbox 899 3127 976 3150; x_wconf 84' lang='lat' dir='ltr'>meae</span> <span class='ocrx_word' id='word_1_539' title='bbox 1012 3112 1094 3148; x_wconf 85' lang='lat' dir='ltr'>mihi</span> <span class='ocrx_word' id='word_1_540' title='bbox 1130 3110 1380 3145; x_wconf 84' lang='lat' dir='ltr'>Observationes</span> 
     </span>
     <span class='ocr_line' id='line_1_67' title="bbox 379 3155 1379 3222; baseline -0.027 -11"><span class='ocrx_word' id='word_1_541' title='bbox 379 3171 613 3222; x_wconf 83' lang='lat' dir='ltr'>persuadeant,</span> <span class='ocrx_word' id='word_1_542' title='bbox 637 3164 712 3200; x_wconf 90' lang='lat' dir='ltr'>inde</span> <span class='ocrx_word' id='word_1_543' title='bbox 744 3162 803 3198; x_wconf 83' lang='lat' dir='ltr'>ubi</span> <span class='ocrx_word' id='word_1_544' title='bbox 836 3159 923 3194; x_wconf 89' lang='lat' dir='ltr'>nulla</span> <span class='ocrx_word' id='word_1_545' title='bbox 956 3157 1030 3193; x_wconf 87' lang='lat' dir='ltr'>esset</span> <span class='ocrx_word' id='word_1_546' title='bbox 1063 3155 1179 3193; x_wconf 72' lang='lat' dir='ltr'>uvida,</span> <span class='ocrx_word' id='word_1_547' title='bbox 1203 3162 1379 3203; x_wconf 76' lang='lat' dir='ltr'>praeterna-</span> 
     </span>
     <span class='ocr_line' id='line_1_68' title="bbox 379 3193 1378 3253; baseline -0.027 1"><span class='ocrx_word' id='word_1_548' title='bbox 379 3218 517 3253; x_wconf 84' lang='lat' dir='ltr'>turalem</span> <span class='ocrx_word' id='word_1_549' title='bbox 553 3211 690 3246; x_wconf 86' lang='lat' dir='ltr'>omnino</span> <span class='ocrx_word' id='word_1_550' title='bbox 722 3204 968 3239; x_wconf 80' lang='lat' dir='ltr'>excrescentiarn</span> <span class='ocrx_word' id='word_1_551' title='bbox 991 3212 1008 3234; x_wconf 93' lang='lat' dir='ltr'>e</span> <span class='ocrx_word' id='word_1_552' title='bbox 1046 3198 1188 3232; x_wconf 83' lang='lat' dir='ltr'>Prostata</span> <span class='ocrx_word' id='word_1_553' title='bbox 1210 3193 1346 3245; x_wconf 80' lang='lat' dir='ltr'>extitisse</span> <span class='ocrx_word' id='word_1_554' title='bbox 1368 3218 1378 3245; x_wconf 90' lang='lat'>.·</span> 
     </span>
     <span class='ocr_line' id='line_1_69' title="bbox 383 3239 1378 3302; baseline -0.026 -5"><span class='ocrx_word' id='word_1_555' title='bbox 383 3260 540 3302; x_wconf 84' lang='lat' dir='ltr'>Measque</span> <span class='ocrx_word' id='word_1_556' title='bbox 572 3253 652 3289; x_wconf 86' lang='lat' dir='ltr'>illud</span> <span class='ocrx_word' id='word_1_557' title='bbox 678 3248 810 3292; x_wconf 81' lang='lat' dir='ltr'>adjuvat</span> <span class='ocrx_word' id='word_1_558' title='bbox 835 3246 1111 3293; x_wconf 70' lang='lat' dir='ltr'>Observationes,</span> <span class='ocrx_word' id='word_1_559' title='bbox 1133 3240 1220 3286; x_wconf 90' lang='lat' dir='ltr'>quod</span> <span class='ocrx_word' id='word_1_560' title='bbox 1245 3242 1275 3273; x_wconf 64' lang='grc' dir='ltr'>ὃ(</span> <span class='ocrx_word' id='word_1_561' title='bbox 1300 3239 1378 3273; x_wconf 83' lang='lat' dir='ltr'>alibi</span> 
     </span>
     <span class='ocr_line' id='line_1_70' title="bbox 385 3283 1376 3346; baseline -0.021 -11"><span class='ocrx_word' id='word_1_562' title='bbox 385 3311 400 3346; x_wconf 91' lang='lat'><strong>(</strong></span> <span class='ocrx_word' id='word_1_563' title='bbox 421 3305 441 3338; x_wconf 82' lang='lat' dir='ltr'><em>d</em></span> <span class='ocrx_word' id='word_1_564' title='bbox 465 3308 474 3342; x_wconf 94' lang='lat'><em>)</em></span> <span class='ocrx_word' id='word_1_565' title='bbox 500 3296 735 3335; x_wconf 81' lang='lat' dir='ltr'>animadverti,</span> <span class='ocrx_word' id='word_1_566' title='bbox 760 3294 789 3327; x_wconf 77' lang='grc' dir='ltr'>δι</span> <span class='ocrx_word' id='word_1_567' title='bbox 813 3290 871 3326; x_wconf 90' lang='lat' dir='ltr'>hac</span> <span class='ocrx_word' id='word_1_568' title='bbox 896 3300 1025 3332; x_wconf 87' lang='lat' dir='ltr'>quoque</span> <span class='ocrx_word' id='word_1_569' title='bbox 1037 3286 1181 3328; x_wconf 85' lang='lat' dir='ltr'>Epistola</span> <span class='ocrx_word' id='word_1_570' title='bbox 1204 3283 1376 3333; x_wconf 71' lang='lat' dir='ltr'>confirma-</span> 
     </span>
     <span class='ocr_line' id='line_1_71' title="bbox 382 3326 1374 3385; baseline -0.023 -3"><span class='ocrx_word' id='word_1_571' title='bbox 382 3351 419 3385; x_wconf 81' lang='lat' dir='ltr'>vi</span> <span class='ocrx_word' id='word_1_572' title='bbox 467 3345 554 3381; x_wconf 77' lang='lat' dir='ltr'>nulla</span> <span class='ocrx_word' id='word_1_573' title='bbox 577 3344 611 3377; x_wconf 89' lang='lat' dir='ltr'>in</span> <span class='ocrx_word' id='word_1_574' title='bbox 638 3336 838 3383; x_wconf 83' lang='lat' dir='ltr'>junioribus,</span> <span class='ocrx_word' id='word_1_575' title='bbox 859 3334 969 3367; x_wconf 88' lang='lat' dir='ltr'>omnia</span> <span class='ocrx_word' id='word_1_576' title='bbox 1002 3339 1109 3380; x_wconf 82' lang='lat' dir='ltr'>autem</span> <span class='ocrx_word' id='word_1_577' title='bbox 1125 3340 1210 3379; x_wconf 30' lang='grc' dir='ltr'>’ψει</span> <span class='ocrx_word' id='word_1_578' title='bbox 1242 3326 1374 3362; x_wconf 84' lang='lat' dir='ltr'>vidisle‚</span> 
     </span>
     <span class='ocr_line' id='line_1_72' title="bbox 380 3370 1376 3434; baseline -0.026 -4"><span class='ocrx_word' id='word_1_579' title='bbox 380 3374 443 3430; x_wconf 68' lang='lat' dir='ltr'>¹aus</span> <span class='ocrx_word' id='word_1_580' title='bbox 473 3386 581 3434; x_wconf 84' lang='lat' dir='ltr'>legisse</span> <span class='ocrx_word' id='word_1_581' title='bbox 604 3393 697 3420; x_wconf 82' lang='lat' dir='ltr'>antea</span> <span class='ocrx_word' id='word_1_582' title='bbox 720 3379 854 3417; x_wconf 88' lang='lat' dir='ltr'>memini</span> <span class='ocrx_word' id='word_1_583' title='bbox 875 3373 1098 3412; x_wconf 81' lang='lat' dir='ltr'>excrescentiae</span> <span class='ocrx_word' id='word_1_584' title='bbox 1122 3372 1209 3408; x_wconf 79' lang='lat' dir='ltr'>istius</span> <span class='ocrx_word' id='word_1_585' title='bbox 1232 3370 1376 3413; x_wconf 84' lang='lat' dir='ltr'>exempla</span> 
     </span>
    </p>
   </div>
   <div class='ocr_carea' id='block_1_2' title="bbox 766 161 2063 232">
    <p class='ocr_par' dir='ltr' id='par_1_3' title="bbox 766 161 2063 232">
     <span class='ocr_line' id='line_1_73' title="bbox 766 161 2063 232; baseline 0.002 -17"><span class='ocrx_word' id='word_1_586' title='bbox 766 163 923 220; x_wconf 64' lang='lat' dir='ltr'>liber</span> <span class='ocrx_word' id='word_1_587' title='bbox 955 163 1022 219; x_wconf 92' lang='lat' dir='ltr'>V.</span> <span class='ocrx_word' id='word_1_588' title='bbox 1056 162 1141 214; x_wconf 90' lang='lat' dir='ltr'>De</span> <span class='ocrx_word' id='word_1_589' title='bbox 1172 162 1427 219; x_wconf 82' lang='lat' dir='ltr'>addendis</span> <span class='ocrx_word' id='word_1_590' title='bbox 1459 161 1526 215; x_wconf 88' lang='lat' dir='ltr'>ad</span> <span class='ocrx_word' id='word_1_591' title='bbox 1555 162 1746 218; x_wconf 29' lang='lat' dir='ltr'>,Libros</span> <span class='ocrx_word' id='word_1_592' title='bbox 1777 162 2063 232; x_wconf 78' lang='lat' dir='ltr'>superiores</span> 
     </span>
    </p>
   </div>
   <div class='ocr_carea' id='block_1_3' title="bbox 1411 236 2416 1544">
    <p class='ocr_par' dir='ltr' id='par_1_4' title="bbox 1411 236 2416 1544">
     <span class='ocr_line' id='line_1_74' title="bbox 1411 236 2412 284; baseline 0.002 -11"><span class='ocrx_word' id='word_1_593' title='bbox 1411 241 1447 273; x_wconf 58' lang='lat' dir='ltr'>&gt;in</span> <span class='ocrx_word' id='word_1_594' title='bbox 1471 238 1597 274; x_wconf 80' lang='lat' dir='ltr'>senibus</span> <span class='ocrx_word' id='word_1_595' title='bbox 1617 236 1712 275; x_wconf 75' lang='lat' dir='ltr'>fuisse</span> <span class='ocrx_word' id='word_1_596' title='bbox 1722 258 1732 275; x_wconf 86' lang='lat'>‚</span> <span class='ocrx_word' id='word_1_597' title='bbox 1760 249 1845 281; x_wconf 62' lang='lat' dir='ltr'>⁴quos</span> <span class='ocrx_word' id='word_1_598' title='bbox 1879 237 2029 274; x_wconf 76' lang='lat' dir='ltr'>videlieet</span> <span class='ocrx_word' id='word_1_599' title='bbox 2058 238 2183 274; x_wconf 78' lang='lat' dir='ltr'>morbis</span> <span class='ocrx_word' id='word_1_600' title='bbox 2212 239 2275 274; x_wconf 80' lang='lat' dir='ltr'>esse</span> <span class='ocrx_word' id='word_1_601' title='bbox 2307 240 2412 284; x_wconf 69' lang='lat' dir='ltr'>magis</span> 
     </span>
     <span class='ocr_line' id='line_1_75' title="bbox 1413 281 2411 327; baseline 0.001 -12"><span class='ocrx_word' id='word_1_602' title='bbox 1413 283 1596 323; x_wconf 74' lang='lat' dir='ltr'>obnoxios,</span> <span class='ocrx_word' id='word_1_603' title='bbox 1616 284 1650 317; x_wconf 72' lang='grc' dir='ltr'>,δε</span> <span class='ocrx_word' id='word_1_604' title='bbox 1668 282 1864 318; x_wconf 83' lang='lat' dir='ltr'>‚nominatim</span> <span class='ocrx_word' id='word_1_605' title='bbox 1885 281 2193 324; x_wconf 17' lang='lat' dir='ltr'>‚urina-stillicidiis,</span> <span class='ocrx_word' id='word_1_606' title='bbox 2212 285 2247 317; x_wconf 68' lang='grc' dir='ltr'>ἃ</span> <span class='ocrx_word' id='word_1_607' title='bbox 2273 283 2411 327; x_wconf 72' lang='lat' dir='ltr'>‚difficul-</span> 
     </span>
     <span class='ocr_line' id='line_1_76' title="bbox 1415 323 2412 369; baseline 0.002 -10"><span class='ocrx_word' id='word_1_608' title='bbox 1415 323 1557 363; x_wconf 77' lang='lat' dir='ltr'>tatibus,</span> <span class='ocrx_word' id='word_1_609' title='bbox 1577 336 1674 361; x_wconf 76' lang='lat' dir='ltr'>,nemo</span> <span class='ocrx_word' id='word_1_610' title='bbox 1703 324 1746 358; x_wconf 65' lang='lat' dir='ltr'>,ab</span> <span class='ocrx_word' id='word_1_611' title='bbox 1775 326 1991 368; x_wconf 78' lang='lat' dir='ltr'>Hippocratis</span> <span class='ocrx_word' id='word_1_612' title='bbox 2014 329 2028 365; x_wconf 90' lang='lat'><strong>(</strong></span> <span class='ocrx_word' id='word_1_613' title='bbox 2047 335 2065 361; x_wconf 73' lang='grc' dir='ltr'>,ε</span> <span class='ocrx_word' id='word_1_614' title='bbox 2087 328 2100 363; x_wconf 87' lang='grc'>)</span> <span class='ocrx_word' id='word_1_615' title='bbox 2123 325 2224 369; x_wconf 73' lang='lat' dir='ltr'>,usque</span> <span class='ocrx_word' id='word_1_616' title='bbox 2250 335 2318 359; x_wconf 58' lang='lat' dir='ltr'>atem</span> <span class='ocrx_word' id='word_1_617' title='bbox 2343 329 2412 361; x_wconf 78' lang='lat' dir='ltr'>ori-</span> 
     </span>
     <span class='ocr_line' id='line_1_77' title="bbox 1415 368 2411 412; baseline 0.003 -10"><span class='ocrx_word' id='word_1_618' title='bbox 1415 369 1475 402; x_wconf 88' lang='lat' dir='ltr'>bus</span> <span class='ocrx_word' id='word_1_619' title='bbox 1507 370 1638 411; x_wconf 78' lang='lat' dir='ltr'>ignorat</span> <span class='ocrx_word' id='word_1_620' title='bbox 1660 391 1671 402; x_wconf 88' lang='lat'>..</span> <span class='ocrx_word' id='word_1_621' title='bbox 1707 368 1826 410; x_wconf 86' lang='lat' dir='ltr'>Neque</span> <span class='ocrx_word' id='word_1_622' title='bbox 1843 368 1936 403; x_wconf 84' lang='lat' dir='ltr'>obest</span> <span class='ocrx_word' id='word_1_623' title='bbox 1959 368 2042 404; x_wconf 87' lang='lat' dir='ltr'>illud</span> <span class='ocrx_word' id='word_1_624' title='bbox 2066 369 2206 403; x_wconf 88' lang='lat' dir='ltr'>alterum</span> <span class='ocrx_word' id='word_1_625' title='bbox 2234 381 2303 412; x_wconf 79' lang='lat' dir='ltr'>quo</span> <span class='ocrx_word' id='word_1_626' title='bbox 2346 382 2411 405; x_wconf 36' lang='lat' dir='ltr'>runa</span> 
     </span>
     <span class='ocr_line' id='line_1_78' title="bbox 1413 409 2412 455; baseline 0.002 -10"><span class='ocrx_word' id='word_1_627' title='bbox 1413 424 1433 448; x_wconf 36' lang='lat' dir='ltr'>,a</span> <span class='ocrx_word' id='word_1_628' title='bbox 1468 423 1520 448; x_wconf 86' lang='lat' dir='ltr'>me</span> <span class='ocrx_word' id='word_1_629' title='bbox 1547 409 1812 455; x_wconf 63' lang='lat' dir='ltr'>„animadversum</span> <span class='ocrx_word' id='word_1_630' title='bbox 1843 411 1946 454; x_wconf 83' lang='lat' dir='ltr'>legisti</span> <span class='ocrx_word' id='word_1_631' title='bbox 1971 435 1981 451; x_wconf 90' lang='lat'>‚</span> <span class='ocrx_word' id='word_1_632' title='bbox 2011 422 2061 445; x_wconf 86' lang='lat' dir='ltr'>eas</span> <span class='ocrx_word' id='word_1_633' title='bbox 2090 411 2319 447; x_wconf 64' lang='lat' dir='ltr'>excrescendas</span> <span class='ocrx_word' id='word_1_634' title='bbox 2349 412 2412 447; x_wconf 82' lang='lat' dir='ltr'>esse</span> 
     </span>
     <span class='ocr_line' id='line_1_79' title="bbox 1413 454 2410 498; baseline 0.001 -10"><span class='ocrx_word' id='word_1_635' title='bbox 1413 454 1609 489; x_wconf 74' lang='lat' dir='ltr'>‚consuevisse</span> <span class='ocrx_word' id='word_1_636' title='bbox 1631 466 1669 488; x_wconf 83' lang='lat' dir='ltr'>ex</span> <span class='ocrx_word' id='word_1_637' title='bbox 1700 454 1755 488; x_wconf 85' lang='lat' dir='ltr'>illa</span> <span class='ocrx_word' id='word_1_638' title='bbox 1792 466 1848 498; x_wconf 84' lang='lat' dir='ltr'>per</span> <span class='ocrx_word' id='word_1_639' title='bbox 1869 465 1966 496; x_wconf 84' lang='lat' dir='ltr'>quam</span> <span class='ocrx_word' id='word_1_640' title='bbox 1995 454 2117 489; x_wconf 84' lang='lat' dir='ltr'>exstans</span> <span class='ocrx_word' id='word_1_641' title='bbox 2147 455 2232 490; x_wconf 74' lang='lat' dir='ltr'>linea</span> <span class='ocrx_word' id='word_1_642' title='bbox 2250 456 2410 497; x_wconf 75' lang='lat' dir='ltr'>ducitur,</span> 
     </span>
     <span class='ocr_line' id='line_1_80' title="bbox 1418 496 2411 541; baseline 0 -9"><span class='ocrx_word' id='word_1_643' title='bbox 1418 501 1570 532; x_wconf 81' lang='lat' dir='ltr'>Prostatae</span> <span class='ocrx_word' id='word_1_644' title='bbox 1594 508 1706 541; x_wconf 86' lang='lat' dir='ltr'>parte,·</span> <span class='ocrx_word' id='word_1_645' title='bbox 1728 509 1803 531; x_wconf 85' lang='lat' dir='ltr'>narn</span> <span class='ocrx_word' id='word_1_646' title='bbox 1823 496 1953 531; x_wconf 85' lang='lat' dir='ltr'>facilius</span> <span class='ocrx_word' id='word_1_647' title='bbox 1976 498 2043 539; x_wconf 87' lang='lat' dir='ltr'>est,</span> <span class='ocrx_word' id='word_1_648' title='bbox 2064 497 2182 532; x_wconf 84' lang='lat' dir='ltr'>lineam</span> <span class='ocrx_word' id='word_1_649' title='bbox 2203 496 2269 541; x_wconf 67' lang='lat' dir='ltr'>jam</span> <span class='ocrx_word' id='word_1_650' title='bbox 2290 501 2411 533; x_wconf 89' lang='lat' dir='ltr'>nonni-</span> 
     </span>
     <span class='ocr_line' id='line_1_81' title="bbox 1417 540 2410 579; baseline 0.002 -4"><span class='ocrx_word' id='word_1_651' title='bbox 1417 541 1464 576; x_wconf 89' lang='lat' dir='ltr'>hil</span> <span class='ocrx_word' id='word_1_652' title='bbox 1496 542 1673 576; x_wconf 81' lang='lat' dir='ltr'>exstantem</span> <span class='ocrx_word' id='word_1_653' title='bbox 1704 542 1913 576; x_wconf 80' lang='lat' dir='ltr'>tumidiorem</span> <span class='ocrx_word' id='word_1_654' title='bbox 1934 540 2027 579; x_wconf 83' lang='lat' dir='ltr'>fieri3</span> <span class='ocrx_word' id='word_1_655' title='bbox 2049 543 2081 574; x_wconf 76' lang='grc' dir='ltr'>δε</span> <span class='ocrx_word' id='word_1_656' title='bbox 2102 553 2168 575; x_wconf 88' lang='lat' dir='ltr'>non</span> <span class='ocrx_word' id='word_1_657' title='bbox 2190 553 2230 576; x_wconf 85' lang='lat' dir='ltr'>ex</span> <span class='ocrx_word' id='word_1_658' title='bbox 2248 555 2286 576; x_wconf 85' lang='lat' dir='ltr'>ea</span> <span class='ocrx_word' id='word_1_659' title='bbox 2307 542 2410 577; x_wconf 89' lang='lat' dir='ltr'>solum</span> 
     </span>
     <span class='ocr_line' id='line_1_82' title="bbox 1416 585 2411 628; baseline 0.002 -10"><span class='ocrx_word' id='word_1_660' title='bbox 1416 595 1506 628; x_wconf 84' lang='lat' dir='ltr'>parte</span> <span class='ocrx_word' id='word_1_661' title='bbox 1530 586 1755 620; x_wconf 82' lang='lat' dir='ltr'>excrescentias</span> <span class='ocrx_word' id='word_1_662' title='bbox 1792 585 1944 618; x_wconf 78' lang='lat' dir='ltr'>Prostatae</span> <span class='ocrx_word' id='word_1_663' title='bbox 1967 586 2130 628; x_wconf 87' lang='lat' dir='ltr'>incipere,</span> <span class='ocrx_word' id='word_1_664' title='bbox 2153 585 2275 620; x_wconf 85' lang='lat' dir='ltr'>ibidem</span> <span class='ocrx_word' id='word_1_665' title='bbox 2302 587 2411 620; x_wconf 72' lang='lat' dir='ltr'>osten-</span> 
     </span>
     <span class='ocr_line' id='line_1_83' title="bbox 1417 628 2410 672; baseline 0 -10"><span class='ocrx_word' id='word_1_666' title='bbox 1417 629 1487 663; x_wconf 90' lang='lat' dir='ltr'>sum</span> <span class='ocrx_word' id='word_1_667' title='bbox 1519 632 1562 663; x_wconf 86' lang='lat' dir='ltr'>est</span> <span class='ocrx_word' id='word_1_668' title='bbox 1585 652 1593 661; x_wconf 95' lang='lat'>.</span> <span class='ocrx_word' id='word_1_669' title='bbox 1727 628 1766 664; x_wconf 92' lang='lat' dir='ltr'>In</span> <span class='ocrx_word' id='word_1_670' title='bbox 1799 640 1837 661; x_wconf 89' lang='lat' dir='ltr'>eo</span> <span class='ocrx_word' id='word_1_671' title='bbox 1879 638 1986 662; x_wconf 83' lang='lat' dir='ltr'>autem</span> <span class='ocrx_word' id='word_1_672' title='bbox 2019 639 2083 663; x_wconf 88' lang='lat' dir='ltr'>non</span> <span class='ocrx_word' id='word_1_673' title='bbox 2115 630 2220 663; x_wconf 88' lang='lat' dir='ltr'>minus</span> <span class='ocrx_word' id='word_1_674' title='bbox 2255 629 2410 672; x_wconf 74' lang='lat' dir='ltr'>discrepa-</span> 
     </span>
     <span class='ocr_line' id='line_1_84' title="bbox 1417 670 2411 715; baseline 0 -9"><span class='ocrx_word' id='word_1_675' title='bbox 1417 676 1511 713; x_wconf 75' lang='lat' dir='ltr'>mus,</span> <span class='ocrx_word' id='word_1_676' title='bbox 1534 670 1621 715; x_wconf 85' lang='lat' dir='ltr'>quod</span> <span class='ocrx_word' id='word_1_677' title='bbox 1655 673 1714 706; x_wconf 83' lang='lat' dir='ltr'>ista</span> <span class='ocrx_word' id='word_1_678' title='bbox 1748 672 1845 705; x_wconf 87' lang='lat' dir='ltr'>uvula</span> <span class='ocrx_word' id='word_1_679' title='bbox 1878 670 2085 706; x_wconf 87' lang='lat' dir='ltr'>excrescendo</span> <span class='ocrx_word' id='word_1_680' title='bbox 2117 673 2200 706; x_wconf 83' lang='lat' dir='ltr'>sedes</span> <span class='ocrx_word' id='word_1_681' title='bbox 2232 674 2339 708; x_wconf 86' lang='lat' dir='ltr'>morbi</span> <span class='ocrx_word' id='word_1_682' title='bbox 2371 672 2411 706; x_wconf 84' lang='lat' dir='ltr'>sit</span> 
     </span>
     <span class='ocr_line' id='line_1_85' title="bbox 1417 713 2411 759; baseline 0 -10"><span class='ocrx_word' id='word_1_683' title='bbox 1417 715 1647 759; x_wconf 59' lang='lat' dir='ltr'>frequentioris</span> <span class='ocrx_word' id='word_1_684' title='bbox 1676 715 1808 758; x_wconf 87' lang='lat' dir='ltr'>quidem</span> <span class='ocrx_word' id='word_1_685' title='bbox 1832 738 1841 754; x_wconf 91' lang='lat'><em>‚</em></span> <span class='ocrx_word' id='word_1_686' title='bbox 1874 713 1925 749; x_wconf 82' lang='lat' dir='ltr'>sed</span> <span class='ocrx_word' id='word_1_687' title='bbox 1948 714 2194 757; x_wconf 83' lang='lat' dir='ltr'>ignoratiffimi.</span> <span class='ocrx_word' id='word_1_688' title='bbox 2218 715 2299 749; x_wconf 88' lang='lat' dir='ltr'>Non</span> <span class='ocrx_word' id='word_1_689' title='bbox 2322 726 2411 749; x_wconf 83' lang='lat' dir='ltr'>rarus</span> 
     </span>
     <span class='ocr_line' id='line_1_86' title="bbox 1417 758 2412 801; baseline -0.001 -9"><span class='ocrx_word' id='word_1_690' title='bbox 1417 759 1461 793; x_wconf 89' lang='lat' dir='ltr'>est</span> <span class='ocrx_word' id='word_1_691' title='bbox 1494 761 1606 801; x_wconf 79' lang='lat' dir='ltr'>utique</span> <span class='ocrx_word' id='word_1_692' title='bbox 1629 772 1637 795; x_wconf 71' lang='grc' dir='ltr'><strong>ς</strong></span> <span class='ocrx_word' id='word_1_693' title='bbox 1672 760 1721 792; x_wconf 87' lang='lat' dir='ltr'>sed</span> <span class='ocrx_word' id='word_1_694' title='bbox 1746 769 1851 792; x_wconf 87' lang='lat' dir='ltr'>tamen</span> <span class='ocrx_word' id='word_1_695' title='bbox 1876 770 1939 792; x_wconf 91' lang='lat' dir='ltr'>non</span> <span class='ocrx_word' id='word_1_696' title='bbox 1963 761 2009 791; x_wconf 90' lang='lat' dir='ltr'>ita</span> <span class='ocrx_word' id='word_1_697' title='bbox 2029 758 2202 800; x_wconf 86' lang='lat' dir='ltr'>frequens,</span> <span class='ocrx_word' id='word_1_698' title='bbox 2225 767 2261 793; x_wconf 92' lang='lat' dir='ltr'>ut</span> <span class='ocrx_word' id='word_1_699' title='bbox 2284 759 2412 796; x_wconf 78' lang='lat' dir='ltr'>tametsi</span> 
     </span>
     <span class='ocr_line' id='line_1_87' title="bbox 1417 801 2410 845; baseline -0.002 -8"><span class='ocrx_word' id='word_1_700' title='bbox 1417 803 1455 837; x_wconf 91' lang='lat' dir='ltr'>de</span> <span class='ocrx_word' id='word_1_701' title='bbox 1487 803 1591 836; x_wconf 85' lang='lat' dir='ltr'>tribus</span> <span class='ocrx_word' id='word_1_702' title='bbox 1623 802 1687 836; x_wconf 89' lang='lat' dir='ltr'>illis</span> <span class='ocrx_word' id='word_1_703' title='bbox 1717 804 1810 844; x_wconf 78' lang='lat' dir='ltr'>aegris</span> <span class='ocrx_word' id='word_1_704' title='bbox 1845 801 1996 836; x_wconf 87' lang='lat' dir='ltr'>secundus</span> <span class='ocrx_word' id='word_1_705' title='bbox 2018 826 2028 842; x_wconf 92' lang='lat'>,</span> <span class='ocrx_word' id='word_1_706' title='bbox 2057 804 2116 845; x_wconf 89' lang='lat' dir='ltr'>qui</span> <span class='ocrx_word' id='word_1_707' title='bbox 2145 801 2299 845; x_wconf 82' lang='lat' dir='ltr'>persenex</span> <span class='ocrx_word' id='word_1_708' title='bbox 2320 811 2410 841; x_wconf 83' lang='lat' dir='ltr'>erat,</span> 
     </span>
     <span class='ocr_line' id='line_1_88' title="bbox 1417 844 2413 888; baseline -0.001 -7"><span class='ocrx_word' id='word_1_709' title='bbox 1417 859 1435 881; x_wconf 86' lang='lat' dir='ltr'>a</span> <span class='ocrx_word' id='word_1_710' title='bbox 1470 846 1609 880; x_wconf 86' lang='lat' dir='ltr'>Medicis</span> <span class='ocrx_word' id='word_1_711' title='bbox 1645 856 1709 878; x_wconf 90' lang='lat' dir='ltr'>non</span> <span class='ocrx_word' id='word_1_712' title='bbox 1742 846 1835 879; x_wconf 87' lang='lat' dir='ltr'>aliter</span> <span class='ocrx_word' id='word_1_713' title='bbox 1867 845 2056 879; x_wconf 67' lang='lat' dir='ltr'>tractaretur</span> <span class='ocrx_word' id='word_1_714' title='bbox 2076 868 2089 886; x_wconf 61' lang='lat'><strong><em>³</em></strong></span> <span class='ocrx_word' id='word_1_715' title='bbox 2119 856 2216 888; x_wconf 87' lang='lat' dir='ltr'>quain</span> <span class='ocrx_word' id='word_1_716' title='bbox 2248 844 2272 879; x_wconf 87' lang='lat' dir='ltr'>fi</span> <span class='ocrx_word' id='word_1_717' title='bbox 2304 845 2413 880; x_wconf 68' lang='lat' dir='ltr'>vesicae</span> 
     </span>
     <span class='ocr_line' id='line_1_89' title="bbox 1419 887 2413 932; baseline 0 -9"><span class='ocrx_word' id='word_1_718' title='bbox 1419 888 1553 932; x_wconf 79' lang='lat' dir='ltr'>paralysi</span> <span class='ocrx_word' id='word_1_719' title='bbox 1588 889 1752 923; x_wconf 89' lang='lat' dir='ltr'>laboraret</span> <span class='ocrx_word' id='word_1_720' title='bbox 1776 912 1789 929; x_wconf 92' lang='lat'>‚</span> <span class='ocrx_word' id='word_1_721' title='bbox 1820 889 2017 931; x_wconf 40' lang='lat' dir='ltr'>cuifnernpe</span> <span class='ocrx_word' id='word_1_722' title='bbox 2055 889 2156 923; x_wconf 81' lang='lat' dir='ltr'>causae</span> <span class='ocrx_word' id='word_1_723' title='bbox 2196 887 2353 923; x_wconf 87' lang='lat' dir='ltr'>tribuitur</span> <span class='ocrx_word' id='word_1_724' title='bbox 2385 891 2413 923; x_wconf 82' lang='lat' dir='ltr'>is</span> 
     </span>
     <span class='ocr_line' id='line_1_90' title="bbox 1418 932 2414 986; baseline 0 -20"><span class='ocrx_word' id='word_1_725' title='bbox 1418 934 1573 972; x_wconf 87' lang='lat' dir='ltr'>morbus,</span> <span class='ocrx_word' id='word_1_726' title='bbox 1595 933 1723 966; x_wconf 82' lang='lat' dir='ltr'>senibus</span> <span class='ocrx_word' id='word_1_727' title='bbox 1758 932 1835 966; x_wconf 88' lang='lat' dir='ltr'>adeo</span> <span class='ocrx_word' id='word_1_728' title='bbox 1866 932 2067 970; x_wconf 84' lang='lat' dir='ltr'>communis;</span> <span class='ocrx_word' id='word_1_729' title='bbox 2102 942 2271 986; x_wconf 83' lang='lat' dir='ltr'>propterea</span> <span class='ocrx_word' id='word_1_730' title='bbox 2301 932 2414 967; x_wconf 86' lang='lat' dir='ltr'>conse-</span> 
     </span>
     <span class='ocr_line' id='line_1_91' title="bbox 1417 974 2413 1020; baseline -0.001 -10"><span class='ocrx_word' id='word_1_731' title='bbox 1417 987 1570 1020; x_wconf 77' lang='lat' dir='ltr'>quatur,</span> <span class='ocrx_word' id='word_1_732' title='bbox 1602 987 1668 1009; x_wconf 90' lang='lat' dir='ltr'>non</span> <span class='ocrx_word' id='word_1_733' title='bbox 1700 976 1780 1018; x_wconf 82' lang='lat' dir='ltr'>saepe</span> <span class='ocrx_word' id='word_1_734' title='bbox 1810 986 1940 1018; x_wconf 88' lang='lat' dir='ltr'>quoque</span> <span class='ocrx_word' id='word_1_735' title='bbox 1975 985 2030 1009; x_wconf 88' lang='lat' dir='ltr'>aut</span> <span class='ocrx_word' id='word_1_736' title='bbox 2061 974 2195 1019; x_wconf 75' lang='lat' dir='ltr'>paralysi</span> <span class='ocrx_word' id='word_1_737' title='bbox 2219 1001 2230 1018; x_wconf 91' lang='lat'>‚</span> <span class='ocrx_word' id='word_1_738' title='bbox 2266 985 2320 1010; x_wconf 88' lang='lat' dir='ltr'>aut</span> <span class='ocrx_word' id='word_1_739' title='bbox 2352 976 2413 1009; x_wconf 89' lang='lat' dir='ltr'>sal-</span> 
     </span>
     <span class='ocr_line' id='line_1_92' title="bbox 1416 1017 2414 1061; baseline -0.002 -7"><span class='ocrx_word' id='word_1_740' title='bbox 1416 1031 1484 1054; x_wconf 89' lang='lat' dir='ltr'>tem</span> <span class='ocrx_word' id='word_1_741' title='bbox 1517 1019 1688 1053; x_wconf 78' lang='lat' dir='ltr'>infirmatis</span> <span class='ocrx_word' id='word_1_742' title='bbox 1721 1020 1767 1052; x_wconf 93' lang='lat' dir='ltr'>ob</span> <span class='ocrx_word' id='word_1_743' title='bbox 1799 1028 1926 1052; x_wconf 74' lang='lat' dir='ltr'>:etatem</span> <span class='ocrx_word' id='word_1_744' title='bbox 1958 1019 2191 1061; x_wconf 83' lang='lat' dir='ltr'>expellentibus</span> <span class='ocrx_word' id='word_1_745' title='bbox 2223 1017 2332 1053; x_wconf 79' lang='lat' dir='ltr'>vesicae</span> <span class='ocrx_word' id='word_1_746' title='bbox 2366 1021 2414 1052; x_wconf 87' lang='lat' dir='ltr'>vi-</span> 
     </span>
     <span class='ocr_line' id='line_1_93' title="bbox 1417 1060 2412 1106; baseline -0.003 -8"><span class='ocrx_word' id='word_1_747' title='bbox 1417 1065 1506 1099; x_wconf 86' lang='lat' dir='ltr'>ribus</span> <span class='ocrx_word' id='word_1_748' title='bbox 1540 1063 1599 1097; x_wconf 84' lang='lat' dir='ltr'>effe</span> <span class='ocrx_word' id='word_1_749' title='bbox 1632 1062 1866 1097; x_wconf 88' lang='lat' dir='ltr'>tribuendum:</span> <span class='ocrx_word' id='word_1_750' title='bbox 1889 1064 1920 1094; x_wconf 87' lang='lat'>&amp;</span> <span class='ocrx_word' id='word_1_751' title='bbox 1953 1062 2022 1095; x_wconf 86' lang='lat' dir='ltr'>sane</span> <span class='ocrx_word' id='word_1_752' title='bbox 2058 1061 2081 1095; x_wconf 87' lang='lat' dir='ltr'>si</span> <span class='ocrx_word' id='word_1_753' title='bbox 2110 1062 2178 1096; x_wconf 87' lang='lat' dir='ltr'>haec</span> <span class='ocrx_word' id='word_1_754' title='bbox 2207 1064 2321 1106; x_wconf 85' lang='lat' dir='ltr'>ignota</span> <span class='ocrx_word' id='word_1_755' title='bbox 2354 1060 2412 1097; x_wconf 88' lang='lat' dir='ltr'>ha-</span> 
     </span>
     <span class='ocr_line' id='line_1_94' title="bbox 1417 1103 2414 1148; baseline -0.002 -7"><span class='ocrx_word' id='word_1_756' title='bbox 1417 1108 1547 1144; x_wconf 62' lang='lat' dir='ltr'>ctenus,</span> <span class='ocrx_word' id='word_1_757' title='bbox 1571 1116 1607 1140; x_wconf 95' lang='lat' dir='ltr'>ut</span> <span class='ocrx_word' id='word_1_758' title='bbox 1631 1106 1775 1140; x_wconf 80' lang='lat' dir='ltr'>creditur</span> <span class='ocrx_word' id='word_1_759' title='bbox 1798 1129 1807 1144; x_wconf 88' lang='lat'><em>‚</em></span> <span class='ocrx_word' id='word_1_760' title='bbox 1837 1103 1930 1139; x_wconf 80' lang='lat' dir='ltr'>causa</span> <span class='ocrx_word' id='word_1_761' title='bbox 1953 1104 2202 1148; x_wconf 85' lang='lat' dir='ltr'>frequentiffima</span> <span class='ocrx_word' id='word_1_762' title='bbox 2227 1104 2330 1147; x_wconf 85' lang='lat' dir='ltr'>effet‚·</span> <span class='ocrx_word' id='word_1_763' title='bbox 2352 1107 2414 1139; x_wconf 86' lang='lat' dir='ltr'>mi-</span> 
     </span>
     <span class='ocr_line' id='line_1_95' title="bbox 1418 1148 2414 1193; baseline 0 -9"><span class='ocrx_word' id='word_1_764' title='bbox 1418 1153 1482 1185; x_wconf 88' lang='lat' dir='ltr'>rari</span> <span class='ocrx_word' id='word_1_765' title='bbox 1506 1159 1691 1193; x_wconf 82' lang='lat' dir='ltr'>oporteret,</span> <span class='ocrx_word' id='word_1_766' title='bbox 1717 1150 1884 1192; x_wconf 86' lang='lat' dir='ltr'>quomodo</span> <span class='ocrx_word' id='word_1_767' title='bbox 1906 1150 1990 1183; x_wconf 88' lang='lat' dir='ltr'>inter</span> <span class='ocrx_word' id='word_1_768' title='bbox 2014 1150 2211 1185; x_wconf 84' lang='lat' dir='ltr'>examinatas</span> <span class='ocrx_word' id='word_1_769' title='bbox 2233 1149 2304 1183; x_wconf 89' lang='lat' dir='ltr'>illas</span> <span class='ocrx_word' id='word_1_770' title='bbox 2326 1148 2414 1184; x_wconf 86' lang='lat' dir='ltr'>sexa-</span> 
     </span>
     <span class='ocr_line' id='line_1_96' title="bbox 1419 1191 2413 1238; baseline -0.001 -10"><span class='ocrx_word' id='word_1_771' title='bbox 1419 1198 1535 1238; x_wconf 82' lang='lat' dir='ltr'>ginta,</span> <span class='ocrx_word' id='word_1_772' title='bbox 1558 1203 1613 1227; x_wconf 91' lang='lat' dir='ltr'>aut</span> <span class='ocrx_word' id='word_1_773' title='bbox 1645 1194 1846 1236; x_wconf 78' lang='lat' dir='ltr'>septuaginta</span> <span class='ocrx_word' id='word_1_774' title='bbox 1869 1191 1983 1226; x_wconf 79' lang='lat' dir='ltr'>veficas</span> <span class='ocrx_word' id='word_1_775' title='bbox 2005 1204 2069 1226; x_wconf 94' lang='lat' dir='ltr'>non</span> <span class='ocrx_word' id='word_1_776' title='bbox 2094 1193 2151 1226; x_wconf 87' lang='lat' dir='ltr'>nisi</span> <span class='ocrx_word' id='word_1_777' title='bbox 2177 1205 2219 1227; x_wconf 83' lang='lat' dir='ltr'>eae</span> <span class='ocrx_word' id='word_1_778' title='bbox 2248 1202 2310 1227; x_wconf 90' lang='lat' dir='ltr'>tres</span> <span class='ocrx_word' id='word_1_779' title='bbox 2334 1192 2413 1227; x_wconf 86' lang='lat' dir='ltr'>fuis—</span> 
     </span>
     <span class='ocr_line' id='line_1_97' title="bbox 1417 1235 2415 1280; baseline -0.001 -8"><span class='ocrx_word' id='word_1_780' title='bbox 1417 1241 1485 1272; x_wconf 87' lang='lat' dir='ltr'>sent</span> <span class='ocrx_word' id='word_1_781' title='bbox 1507 1260 1520 1277; x_wconf 93' lang='lat'>,</span> <span class='ocrx_word' id='word_1_782' title='bbox 1552 1239 1587 1270; x_wconf 89' lang='lat' dir='ltr'>in</span> <span class='ocrx_word' id='word_1_783' title='bbox 1619 1237 1737 1280; x_wconf 87' lang='lat' dir='ltr'>quibus</span> <span class='ocrx_word' id='word_1_784' title='bbox 1768 1236 1836 1271; x_wconf 84' lang='lat' dir='ltr'>haec</span> <span class='ocrx_word' id='word_1_785' title='bbox 1865 1235 2051 1270; x_wconf 87' lang='lat' dir='ltr'>occurrisset</span> <span class='ocrx_word' id='word_1_786' title='bbox 2083 1236 2174 1270; x_wconf 87' lang='lat' dir='ltr'>causa</span> <span class='ocrx_word' id='word_1_787' title='bbox 2198 1261 2206 1269; x_wconf 94' lang='lat'>.</span> <span class='ocrx_word' id='word_1_788' title='bbox 2242 1235 2312 1279; x_wconf 73' lang='lat' dir='ltr'>Q</span> <span class='ocrx_word' id='word_1_789' title='bbox 2335 1247 2415 1272; x_wconf 91' lang='lat' dir='ltr'>vero</span> 
     </span>
     <span class='ocr_line' id='line_1_98' title="bbox 1415 1279 2414 1323; baseline -0.004 -7"><span class='ocrx_word' id='word_1_790' title='bbox 1415 1282 1483 1317; x_wconf 88' lang='lat' dir='ltr'>dici</span> <span class='ocrx_word' id='word_1_791' title='bbox 1517 1281 1625 1314; x_wconf 87' lang='lat' dir='ltr'>eadem</span> <span class='ocrx_word' id='word_1_792' title='bbox 1658 1280 1750 1323; x_wconf 78' lang='lat' dir='ltr'>poffit</span> <span class='ocrx_word' id='word_1_793' title='bbox 1783 1279 1933 1315; x_wconf 71' lang='lat' dir='ltr'>haetenus</span> <span class='ocrx_word' id='word_1_794' title='bbox 1964 1279 2224 1322; x_wconf 85' lang='lat' dir='ltr'>ignoratiffima,</span> <span class='ocrx_word' id='word_1_795' title='bbox 2248 1290 2308 1323; x_wconf 87' lang='lat' dir='ltr'>ego</span> <span class='ocrx_word' id='word_1_796' title='bbox 2338 1282 2414 1321; x_wconf 78' lang='lat' dir='ltr'>qui·</span> 
     </span>
     <span class='ocr_line' id='line_1_99' title="bbox 1416 1322 2414 1367; baseline -0.003 -7"><span class='ocrx_word' id='word_1_797' title='bbox 1416 1326 1489 1360; x_wconf 86' lang='lat' dir='ltr'>dem</span> <span class='ocrx_word' id='word_1_798' title='bbox 1520 1324 1637 1367; x_wconf 78' lang='lat' dir='ltr'>assequi</span> <span class='ocrx_word' id='word_1_799' title='bbox 1670 1335 1734 1357; x_wconf 90' lang='lat' dir='ltr'>non</span> <span class='ocrx_word' id='word_1_800' title='bbox 1768 1325 1885 1358; x_wconf 81' lang='lat' dir='ltr'>valeo.-</span> <span class='ocrx_word' id='word_1_801' title='bbox 1907 1334 1964 1357; x_wconf 87' lang='lat' dir='ltr'>nec</span> <span class='ocrx_word' id='word_1_802' title='bbox 1987 1323 2090 1359; x_wconf 83' lang='lat' dir='ltr'>solum</span> <span class='ocrx_word' id='word_1_803' title='bbox 2113 1332 2249 1366; x_wconf 88' lang='lat' dir='ltr'>propter</span> <span class='ocrx_word' id='word_1_804' title='bbox 2271 1322 2327 1357; x_wconf 89' lang='lat' dir='ltr'>illa</span> <span class='ocrx_word' id='word_1_805' title='bbox 2351 1323 2414 1357; x_wconf 89' lang='lat' dir='ltr'>hoc</span> 
     </span>
     <span class='ocr_line' id='line_1_100' title="bbox 1415 1366 2414 1410; baseline -0.003 -7"><span class='ocrx_word' id='word_1_806' title='bbox 1415 1370 1489 1405; x_wconf 87' lang='lat' dir='ltr'>dico</span> <span class='ocrx_word' id='word_1_807' title='bbox 1511 1379 1582 1410; x_wconf 81' lang='lat' dir='ltr'>quae</span> <span class='ocrx_word' id='word_1_808' title='bbox 1606 1376 1657 1400; x_wconf 90' lang='lat' dir='ltr'>tot</span> <span class='ocrx_word' id='word_1_809' title='bbox 1690 1368 1730 1400; x_wconf 87' lang='lat' dir='ltr'>ab</span> <span class='ocrx_word' id='word_1_810' title='bbox 1761 1368 1833 1400; x_wconf 84' lang='lat' dir='ltr'>aliis</span> <span class='ocrx_word' id='word_1_811' title='bbox 1864 1367 1931 1409; x_wconf 78' lang='lat' dir='ltr'>jam</span> <span class='ocrx_word' id='word_1_812' title='bbox 1954 1367 2082 1408; x_wconf 85' lang='lat' dir='ltr'>vulgata</span> <span class='ocrx_word' id='word_1_813' title='bbox 2113 1367 2256 1409; x_wconf 86' lang='lat' dir='ltr'>exempla</span> <span class='ocrx_word' id='word_1_814' title='bbox 2287 1366 2414 1401; x_wconf 86' lang='lat' dir='ltr'>indica-</span> 
     </span>
     <span class='ocr_line' id='line_1_101' title="bbox 1415 1410 2413 1455; baseline -0.003 -8"><span class='ocrx_word' id='word_1_815' title='bbox 1415 1415 1448 1447; x_wconf 85' lang='lat' dir='ltr'>vi</span> <span class='ocrx_word' id='word_1_816' title='bbox 1470 1411 1578 1455; x_wconf 86' lang='lat' dir='ltr'>(f);</span> <span class='ocrx_word' id='word_1_817' title='bbox 1601 1421 1713 1444; x_wconf 87' lang='lat' dir='ltr'>verum</span> <span class='ocrx_word' id='word_1_818' title='bbox 1745 1412 1789 1444; x_wconf 93' lang='lat' dir='ltr'>ob</span> <span class='ocrx_word' id='word_1_819' title='bbox 1812 1411 1845 1445; x_wconf 91' lang='lat' dir='ltr'>id</span> <span class='ocrx_word' id='word_1_820' title='bbox 1881 1412 2039 1450; x_wconf 85' lang='lat' dir='ltr'>maxime.</span> <span class='ocrx_word' id='word_1_821' title='bbox 2060 1410 2150 1452; x_wconf 86' lang='lat' dir='ltr'>quod</span> <span class='ocrx_word' id='word_1_822' title='bbox 2173 1410 2255 1444; x_wconf 87' lang='lat' dir='ltr'>illud</span> <span class='ocrx_word' id='word_1_823' title='bbox 2288 1410 2413 1444; x_wconf 71' lang='lat' dir='ltr'>dietum</span> 
     </span>
     <span class='ocr_line' id='line_1_102' title="bbox 1415 1453 2416 1497; baseline -0.005 -6"><span class='ocrx_word' id='word_1_824' title='bbox 1415 1458 1455 1491; x_wconf 85' lang='lat' dir='ltr'>sit</span> <span class='ocrx_word' id='word_1_825' title='bbox 1488 1458 1546 1490; x_wconf 90' lang='lat' dir='ltr'>ubi</span> <span class='ocrx_word' id='word_1_826' title='bbox 1593 1454 1661 1488; x_wconf 84' lang='lat' dir='ltr'>haec</span> <span class='ocrx_word' id='word_1_827' title='bbox 1685 1454 1754 1497; x_wconf 88' lang='lat' dir='ltr'>ipsa</span> <span class='ocrx_word' id='word_1_828' title='bbox 1778 1455 1873 1488; x_wconf 89' lang='lat' dir='ltr'>verba</span> <span class='ocrx_word' id='word_1_829' title='bbox 1906 1464 1985 1487; x_wconf 85' lang='lat' dir='ltr'>mox</span> <span class='ocrx_word' id='word_1_830' title='bbox 2018 1453 2230 1496; x_wconf 89' lang='lat' dir='ltr'>proferuntur</span> <span class='ocrx_word' id='word_1_831' title='bbox 2253 1455 2416 1488; x_wconf 84' lang='lat' dir='ltr'>Santorini</span> 
     </span>
     <span class='ocr_line' id='line_1_103' title="bbox 1415 1497 2415 1544; baseline 0.001 -14"><span class='ocrx_word' id='word_1_832' title='bbox 1415 1503 1429 1540; x_wconf 93' lang='lat'>(</span> <span class='ocrx_word' id='word_1_833' title='bbox 1449 1511 1470 1544; x_wconf 87' lang='lat' dir='ltr'>g</span> <span class='ocrx_word' id='word_1_834' title='bbox 1488 1504 1527 1542; x_wconf 80' lang='lat'>),</span> <span class='ocrx_word' id='word_1_835' title='bbox 1554 1497 1655 1541; x_wconf 84' lang='lat' dir='ltr'>Veficae</span> <span class='ocrx_word' id='word_1_836' title='bbox 1687 1498 1824 1540; x_wconf 85' lang='lat' dir='ltr'>osculum</span> <span class='ocrx_word' id='word_1_837' title='bbox 1844 1521 1854 1536; x_wconf 95' lang='lat'>‚</span> <span class='ocrx_word' id='word_1_838' title='bbox 1890 1498 1942 1531; x_wconf 86' lang='lat' dir='ltr'>cui</span> <span class='ocrx_word' id='word_1_839' title='bbox 1970 1497 2183 1539; x_wconf 78' lang='lat' dir='ltr'>prominulam</span> <span class='ocrx_word' id='word_1_840' title='bbox 2205 1505 2316 1539; x_wconf 85' lang='lat' dir='ltr'>corpus</span> <span class='ocrx_word' id='word_1_841' title='bbox 2335 1507 2415 1540; x_wconf 69' lang='lat' dir='ltr'>pra-</span> 
     </span>
    </p>
   </div>
   <div class='ocr_carea' id='block_1_4' title="bbox 1411 1539 2416 1590">
    <p class='ocr_par' dir='ltr' id='par_1_5' title="bbox 1411 1539 2416 1590">
     <span class='ocr_line' id='line_1_104' title="bbox 1411 1539 2416 1590; baseline -0.003 -13"><span class='ocrx_word' id='word_1_842' title='bbox 1411 1543 1547 1587; x_wconf 81' lang='lat' dir='ltr'>figitur‚</span> <span class='ocrx_word' id='word_1_843' title='bbox 1578 1542 1656 1590; x_wconf 70' lang='lat' dir='ltr'>quod</span> <span class='ocrx_word' id='word_1_844' title='bbox 1678 1543 1713 1574; x_wconf 93' lang='lat' dir='ltr'>in</span> <span class='ocrx_word' id='word_1_845' title='bbox 1739 1540 1861 1576; x_wconf 63' lang='lat' dir='ltr'>affectis</span> <span class='ocrx_word' id='word_1_846' title='bbox 1884 1541 1993 1574; x_wconf 90' lang='lat' dir='ltr'>vesicis</span> <span class='ocrx_word' id='word_1_847' title='bbox 2015 1539 2057 1573; x_wconf 83' lang='lat' dir='ltr'>fic</span> <span class='ocrx_word' id='word_1_848' title='bbox 2082 1542 2245 1582; x_wconf 90' lang='lat' dir='ltr'>prominet</span> <span class='ocrx_word' id='word_1_849' title='bbox 2268 1541 2416 1583; x_wconf 87' lang='lat' dir='ltr'>aliquan-</span> 
     </span>
    </p>
   </div>
   <div class='ocr_carea' id='block_1_5' title="bbox 1416 1583 2425 3436">
    <p class='ocr_par' dir='ltr' id='par_1_6' title="bbox 1416 1583 2425 3436">
     <span class='ocr_line' id='line_1_105' title="bbox 1417 1583 2415 1635; baseline -0.003 -14"><span class='ocrx_word' id='word_1_850' title='bbox 1417 1587 1460 1621; x_wconf 91' lang='lat' dir='ltr'>do</span> <span class='ocrx_word' id='word_1_851' title='bbox 1474 1609 1482 1624; x_wconf 91' lang='lat'>‚</span> <span class='ocrx_word' id='word_1_852' title='bbox 1508 1594 1543 1620; x_wconf 88' lang='lat' dir='ltr'>ut</span> <span class='ocrx_word' id='word_1_853' title='bbox 1566 1594 1661 1618; x_wconf 80' lang='lat' dir='ltr'>urznae</span> <span class='ocrx_word' id='word_1_854' title='bbox 1681 1587 1742 1619; x_wconf 82' lang='lat' dir='ltr'>iter</span> <span class='ocrx_word' id='word_1_855' title='bbox 1761 1585 1888 1635; x_wconf 84' lang='lat' dir='ltr'>prorsus</span> <span class='ocrx_word' id='word_1_856' title='bbox 1910 1583 2100 1618; x_wconf 85' lang='lat' dir='ltr'>intercludat</span> <span class='ocrx_word' id='word_1_857' title='bbox 2122 1607 2131 1617; x_wconf 91' lang='lat'><strong><em>.</em></strong></span> <span class='ocrx_word' id='word_1_858' title='bbox 2164 1585 2210 1618; x_wconf 85' lang='lat' dir='ltr'>Et</span> <span class='ocrx_word' id='word_1_859' title='bbox 2240 1584 2275 1616; x_wconf 89' lang='lat' dir='ltr'>in</span> <span class='ocrx_word' id='word_1_860' title='bbox 2298 1585 2415 1626; x_wconf 87' lang='lat' dir='ltr'>Figura</span> 
     </span>
     <span class='ocr_line' id='line_1_106' title="bbox 1419 1626 2412 1674; baseline -0.002 -11"><span class='ocrx_word' id='word_1_861' title='bbox 1419 1630 1551 1674; x_wconf 87' lang='lat' dir='ltr'>quidem</span> <span class='ocrx_word' id='word_1_862' title='bbox 1582 1627 1674 1668; x_wconf 83' lang='lat' dir='ltr'>cujus</span> <span class='ocrx_word' id='word_1_863' title='bbox 1707 1629 1904 1671; x_wconf 77' lang='lat' dir='ltr'>explicandae</span> <span class='ocrx_word' id='word_1_864' title='bbox 1938 1626 2027 1661; x_wconf 86' lang='lat' dir='ltr'>causa</span> <span class='ocrx_word' id='word_1_865' title='bbox 2051 1627 2120 1661; x_wconf 86' lang='lat' dir='ltr'>haec</span> <span class='ocrx_word' id='word_1_866' title='bbox 2143 1626 2310 1671; x_wconf 89' lang='lat' dir='ltr'>scripserat</span> <span class='ocrx_word' id='word_1_867' title='bbox 2331 1629 2412 1661; x_wconf 88' lang='lat' dir='ltr'>San-</span> 
     </span>
     <span class='ocr_line' id='line_1_107' title="bbox 1420 1669 2415 1714; baseline -0.003 -7"><span class='ocrx_word' id='word_1_868' title='bbox 1420 1677 1571 1709; x_wconf 82' lang='lat' dir='ltr'>torinus,</span> <span class='ocrx_word' id='word_1_869' title='bbox 1593 1672 1672 1704; x_wconf 87' lang='lat' dir='ltr'>bene</span> <span class='ocrx_word' id='word_1_870' title='bbox 1704 1674 1872 1714; x_wconf 85' lang='lat' dir='ltr'>trigonum</span> <span class='ocrx_word' id='word_1_871' title='bbox 1898 1697 1909 1712; x_wconf 91' lang='lat'>‚</span> <span class='ocrx_word' id='word_1_872' title='bbox 1942 1672 2021 1705; x_wconf 84' lang='lat' dir='ltr'>bene</span> <span class='ocrx_word' id='word_1_873' title='bbox 2054 1669 2150 1705; x_wconf 83' lang='lat' dir='ltr'>uvula</span> <span class='ocrx_word' id='word_1_874' title='bbox 2184 1670 2323 1713; x_wconf 74' lang='lat' dir='ltr'>expressa</span> <span class='ocrx_word' id='word_1_875' title='bbox 2355 1670 2415 1705; x_wconf 84' lang='lat' dir='ltr'>esse</span> 
     </span>
     <span class='ocr_line' id='line_1_108' title="bbox 1420 1713 2416 1758; baseline -0.003 -8"><span class='ocrx_word' id='word_1_876' title='bbox 1420 1718 1577 1751; x_wconf 87' lang='lat' dir='ltr'>dicuntur</span> <span class='ocrx_word' id='word_1_877' title='bbox 1599 1718 1614 1753; x_wconf 93' lang='lat'>(</span> <span class='ocrx_word' id='word_1_878' title='bbox 1636 1724 1810 1758; x_wconf 87' lang='lat' dir='ltr'>utrumque</span> <span class='ocrx_word' id='word_1_879' title='bbox 1843 1716 1947 1757; x_wconf 83' lang='lat' dir='ltr'>igitur</span> <span class='ocrx_word' id='word_1_880' title='bbox 1978 1723 2048 1747; x_wconf 90' lang='lat' dir='ltr'>ante</span> <span class='ocrx_word' id='word_1_881' title='bbox 2083 1713 2143 1747; x_wconf 85' lang='lat' dir='ltr'>hos</span> <span class='ocrx_word' id='word_1_882' title='bbox 2177 1724 2276 1748; x_wconf 89' lang='lat' dir='ltr'>annos</span> <span class='ocrx_word' id='word_1_883' title='bbox 2309 1714 2360 1748; x_wconf 87' lang='lat' dir='ltr'>sex</span> <span class='ocrx_word' id='word_1_884' title='bbox 2385 1718 2416 1747; x_wconf 71' lang='grc' dir='ltr'>δε</span> 
     </span>
     <span class='ocr_line' id='line_1_109' title="bbox 1420 1756 2414 1802; baseline -0.004 -8"><span class='ocrx_word' id='word_1_885' title='bbox 1420 1762 1560 1802; x_wconf 82' lang='lat' dir='ltr'>triginta</span> <span class='ocrx_word' id='word_1_886' title='bbox 1585 1761 1598 1796; x_wconf 93' lang='lat'>)</span> <span class='ocrx_word' id='word_1_887' title='bbox 1622 1757 1675 1791; x_wconf 85' lang='lat' dir='ltr'>sed</span> <span class='ocrx_word' id='word_1_888' title='bbox 1707 1758 1747 1792; x_wconf 91' lang='lat' dir='ltr'>de</span> <span class='ocrx_word' id='word_1_889' title='bbox 1778 1758 1896 1792; x_wconf 86' lang='lat' dir='ltr'>morbo</span> <span class='ocrx_word' id='word_1_890' title='bbox 1919 1756 2009 1799; x_wconf 88' lang='lat' dir='ltr'>cujus</span> <span class='ocrx_word' id='word_1_891' title='bbox 2032 1757 2163 1791; x_wconf 85' lang='lat' dir='ltr'>uvulam</span> <span class='ocrx_word' id='word_1_892' title='bbox 2186 1757 2245 1791; x_wconf 89' lang='lat' dir='ltr'>esle</span> <span class='ocrx_word' id='word_1_893' title='bbox 2268 1757 2414 1795; x_wconf 81' lang='lat' dir='ltr'>causam,</span> 
     </span>
     <span class='ocr_line' id='line_1_110' title="bbox 1419 1798 2417 1842; baseline -0.004 -4"><span class='ocrx_word' id='word_1_894' title='bbox 1419 1804 1535 1838; x_wconf 88' lang='lat' dir='ltr'>diserte</span> <span class='ocrx_word' id='word_1_895' title='bbox 1569 1801 1690 1835; x_wconf 88' lang='lat' dir='ltr'>ibidem</span> <span class='ocrx_word' id='word_1_896' title='bbox 1716 1827 1726 1842; x_wconf 91' lang='lat'>,</span> <span class='ocrx_word' id='word_1_897' title='bbox 1758 1811 1794 1834; x_wconf 89' lang='lat' dir='ltr'>ut</span> <span class='ocrx_word' id='word_1_898' title='bbox 1827 1802 1935 1839; x_wconf 85' lang='lat' dir='ltr'>vides,</span> <span class='ocrx_word' id='word_1_899' title='bbox 1961 1798 2085 1842; x_wconf 78' lang='lat' dir='ltr'>scripsit</span> <span class='ocrx_word' id='word_1_900' title='bbox 2108 1822 2118 1837; x_wconf 86' lang='lat'>‚</span> <span class='ocrx_word' id='word_1_901' title='bbox 2150 1811 2208 1835; x_wconf 90' lang='lat' dir='ltr'>cur</span> <span class='ocrx_word' id='word_1_902' title='bbox 2234 1825 2243 1841; x_wconf 91' lang='lat'>,</span> <span class='ocrx_word' id='word_1_903' title='bbox 2276 1800 2382 1842; x_wconf 87' lang='lat' dir='ltr'>quaeso</span> <span class='ocrx_word' id='word_1_904' title='bbox 2406 1822 2417 1839; x_wconf 90' lang='lat'>,</span> 
     </span>
     <span class='ocr_line' id='line_1_111' title="bbox 1419 1842 2418 1887; baseline -0.004 -6"><span class='ocrx_word' id='word_1_905' title='bbox 1419 1859 1484 1882; x_wconf 94' lang='lat' dir='ltr'>non</span> <span class='ocrx_word' id='word_1_906' title='bbox 1518 1846 1605 1880; x_wconf 90' lang='lat' dir='ltr'>idern</span> <span class='ocrx_word' id='word_1_907' title='bbox 1628 1844 1778 1879; x_wconf 72' lang='lat' dir='ltr'>dicitur?</span> <span class='ocrx_word' id='word_1_908' title='bbox 1801 1846 1875 1878; x_wconf 90' lang='lat' dir='ltr'>Imo</span> <span class='ocrx_word' id='word_1_909' title='bbox 1898 1843 1985 1887; x_wconf 82' lang='lat' dir='ltr'>quasi</span> <span class='ocrx_word' id='word_1_910' title='bbox 2009 1844 2036 1876; x_wconf 84' lang='lat' dir='ltr'>is</span> <span class='ocrx_word' id='word_1_911' title='bbox 2057 1845 2114 1887; x_wconf 82' lang='lat' dir='ltr'>qui</span> <span class='ocrx_word' id='word_1_912' title='bbox 2136 1845 2182 1878; x_wconf 90' lang='lat' dir='ltr'>ita</span> <span class='ocrx_word' id='word_1_913' title='bbox 2215 1842 2382 1886; x_wconf 85' lang='lat' dir='ltr'>scripserat</span> <span class='ocrx_word' id='word_1_914' title='bbox 2408 1868 2418 1885; x_wconf 88' lang='lat'>,</span> 
     </span>
     <span class='ocr_line' id='line_1_112' title="bbox 1419 1885 2420 1935; baseline -0.004 -10"><span class='ocrx_word' id='word_1_915' title='bbox 1419 1904 1454 1925; x_wconf 89' lang='lat' dir='ltr'>ea</span> <span class='ocrx_word' id='word_1_916' title='bbox 1476 1902 1547 1935; x_wconf 86' lang='lat' dir='ltr'>quae</span> <span class='ocrx_word' id='word_1_917' title='bbox 1570 1889 1768 1933; x_wconf 82' lang='lat' dir='ltr'>explicavit,</span> <span class='ocrx_word' id='word_1_918' title='bbox 1802 1890 1939 1922; x_wconf 88' lang='lat' dir='ltr'>minime</span> <span class='ocrx_word' id='word_1_919' title='bbox 1971 1885 2266 1926; x_wconf 83' lang='lat' dir='ltr'>animadvertisset,</span> <span class='ocrx_word' id='word_1_920' title='bbox 2287 1886 2420 1922; x_wconf 86' lang='lat' dir='ltr'>dubita—</span> 
     </span>
     <span class='ocr_line' id='line_1_113' title="bbox 1419 1930 2420 1974; baseline -0.004 -6"><span class='ocrx_word' id='word_1_921' title='bbox 1419 1945 1492 1974; x_wconf 88' lang='lat' dir='ltr'>tur,</span> <span class='ocrx_word' id='word_1_922' title='bbox 1519 1945 1557 1967; x_wconf 88' lang='lat' dir='ltr'>an</span> <span class='ocrx_word' id='word_1_923' title='bbox 1580 1935 1689 1967; x_wconf 88' lang='lat' dir='ltr'>eadem</span> <span class='ocrx_word' id='word_1_924' title='bbox 1704 1932 1895 1966; x_wconf 89' lang='lat' dir='ltr'>delineatori</span> <span class='ocrx_word' id='word_1_925' title='bbox 1920 1932 2027 1973; x_wconf 90' lang='lat' dir='ltr'>potius</span> <span class='ocrx_word' id='word_1_926' title='bbox 2049 1930 2239 1969; x_wconf 84' lang='lat' dir='ltr'>debeamus,</span> <span class='ocrx_word' id='word_1_927' title='bbox 2260 1932 2318 1974; x_wconf 80' lang='lat' dir='ltr'>q&#39;ui</span> <span class='ocrx_word' id='word_1_928' title='bbox 2342 1931 2420 1966; x_wconf 86' lang='lat' dir='ltr'>fide-</span> 
     </span>
     <span class='ocr_line' id='line_1_114' title="bbox 1420 1974 2416 2020; baseline -0.005 -7"><span class='ocrx_word' id='word_1_929' title='bbox 1420 1980 1495 2014; x_wconf 88' lang='lat' dir='ltr'>liter</span> <span class='ocrx_word' id='word_1_930' title='bbox 1506 1989 1576 2020; x_wconf 72' lang='lat' dir='ltr'>quae</span> <span class='ocrx_word' id='word_1_931' title='bbox 1602 1974 1984 2018; x_wconf 42' lang='lat' dir='ltr'>videbatsexprefferit:</span> <span class='ocrx_word' id='word_1_932' title='bbox 2009 1974 2113 2017; x_wconf 89' lang='lat' dir='ltr'>idque·</span> <span class='ocrx_word' id='word_1_933' title='bbox 2129 1987 2167 2009; x_wconf 91' lang='lat' dir='ltr'>eo</span> <span class='ocrx_word' id='word_1_934' title='bbox 2192 1976 2314 2018; x_wconf 86' lang='lat' dir='ltr'>magis,</span> <span class='ocrx_word' id='word_1_935' title='bbox 2337 1976 2416 2020; x_wconf 86' lang='lat' dir='ltr'>quia</span> 
     </span>
     <span class='ocr_line' id='line_1_115' title="bbox 1420 2018 2419 2061; baseline -0.009 -4"><span class='ocrx_word' id='word_1_936' title='bbox 1420 2024 1455 2057; x_wconf 90' lang='lat' dir='ltr'>in</span> <span class='ocrx_word' id='word_1_937' title='bbox 1479 2021 1643 2055; x_wconf 86' lang='lat' dir='ltr'>Santorini</span> <span class='ocrx_word' id='word_1_938' title='bbox 1677 2019 1762 2052; x_wconf 89' lang='lat' dir='ltr'>libro</span> <span class='ocrx_word' id='word_1_939' title='bbox 1786 2040 1795 2056; x_wconf 95' lang='lat'>‚</span> <span class='ocrx_word' id='word_1_940' title='bbox 1825 2018 1917 2061; x_wconf 80' lang='lat' dir='ltr'>cujus</span> <span class='ocrx_word' id='word_1_941' title='bbox 1950 2018 2053 2061; x_wconf 87' lang='lat' dir='ltr'>gratia</span> <span class='ocrx_word' id='word_1_942' title='bbox 2073 2039 2083 2054; x_wconf 83' lang='lat'>,</span> <span class='ocrx_word' id='word_1_943' title='bbox 2116 2029 2153 2053; x_wconf 89' lang='lat' dir='ltr'>ut</span> <span class='ocrx_word' id='word_1_944' title='bbox 2186 2028 2312 2052; x_wconf 80' lang='lat' dir='ltr'>caeterae</span> <span class='ocrx_word' id='word_1_945' title='bbox 2336 2041 2349 2059; x_wconf 83' lang='lat'>,</span> <span class='ocrx_word' id='word_1_946' title='bbox 2371 2020 2419 2053; x_wconf 76' lang='lat' dir='ltr'>ita</span> 
     </span>
     <span class='ocr_line' id='line_1_116' title="bbox 1416 2060 2418 2106; baseline -0.006 -5"><span class='ocrx_word' id='word_1_947' title='bbox 1416 2069 1449 2101; x_wconf 78' lang='grc' dir='ltr'>δι</span> <span class='ocrx_word' id='word_1_948' title='bbox 1471 2077 1505 2100; x_wconf 88' lang='lat' dir='ltr'>ea</span> <span class='ocrx_word' id='word_1_949' title='bbox 1539 2066 1657 2106; x_wconf 80' lang='lat' dir='ltr'>Figura</span> <span class='ocrx_word' id='word_1_950' title='bbox 1680 2087 1689 2103; x_wconf 92' lang='lat'>,</span> <span class='ocrx_word' id='word_1_951' title='bbox 1725 2062 1845 2105; x_wconf 62' lang='lat' dir='ltr'>adjecta</span> <span class='ocrx_word' id='word_1_952' title='bbox 1878 2061 1956 2101; x_wconf 86' lang='lat' dir='ltr'>est,</span> <span class='ocrx_word' id='word_1_953' title='bbox 1989 2060 2103 2095; x_wconf 81' lang='lat' dir='ltr'>frustra</span> <span class='ocrx_word' id='word_1_954' title='bbox 2141 2063 2298 2105; x_wconf 83' lang='lat' dir='ltr'>quaeritur</span> <span class='ocrx_word' id='word_1_955' title='bbox 2328 2062 2418 2095; x_wconf 81' lang='lat' dir='ltr'>istius</span> 
     </span>
     <span class='ocr_line' id='line_1_117' title="bbox 1418 2105 2418 2150; baseline -0.005 -6"><span class='ocrx_word' id='word_1_956' title='bbox 1418 2109 1525 2145; x_wconf 79' lang='lat' dir='ltr'>uvulae</span> <span class='ocrx_word' id='word_1_957' title='bbox 1547 2107 1749 2150; x_wconf 88' lang='lat' dir='ltr'>descriptio,</span> <span class='ocrx_word' id='word_1_958' title='bbox 1773 2109 1805 2139; x_wconf 87' lang='lat'>&amp;</span> <span class='ocrx_word' id='word_1_959' title='bbox 1827 2105 1867 2139; x_wconf 87' lang='lat' dir='ltr'>de</span> <span class='ocrx_word' id='word_1_960' title='bbox 1902 2105 2035 2147; x_wconf 82' lang='lat' dir='ltr'>trigono</span> <span class='ocrx_word' id='word_1_961' title='bbox 2061 2105 2110 2138; x_wconf 89' lang='lat' dir='ltr'>vel</span> <span class='ocrx_word' id='word_1_962' title='bbox 2145 2116 2247 2139; x_wconf 90' lang='lat' dir='ltr'>unum</span> <span class='ocrx_word' id='word_1_963' title='bbox 2281 2106 2418 2140; x_wconf 88' lang='lat' dir='ltr'>verbum</span> 
     </span>
     <span class='ocr_line' id='line_1_118' title="bbox 1419 2148 2420 2194; baseline -0.006 -6"><span class='ocrx_word' id='word_1_964' title='bbox 1419 2156 1454 2188; x_wconf 91' lang='lat' dir='ltr'>in</span> <span class='ocrx_word' id='word_1_965' title='bbox 1476 2152 1536 2186; x_wconf 89' lang='lat' dir='ltr'>illo</span> <span class='ocrx_word' id='word_1_966' title='bbox 1559 2151 1629 2194; x_wconf 85' lang='lat' dir='ltr'>ipso</span> <span class='ocrx_word' id='word_1_967' title='bbox 1662 2151 1798 2184; x_wconf 87' lang='lat' dir='ltr'>articulo</span> <span class='ocrx_word' id='word_1_968' title='bbox 1830 2149 1886 2192; x_wconf 87' lang='lat' dir='ltr'>qui</span> <span class='ocrx_word' id='word_1_969' title='bbox 1911 2148 1939 2181; x_wconf 88' lang='lat' dir='ltr'>ei</span> <span class='ocrx_word' id='word_1_970' title='bbox 1963 2148 2132 2191; x_wconf 89' lang='lat' dir='ltr'>respondet</span> <span class='ocrx_word' id='word_1_971' title='bbox 2166 2149 2292 2191; x_wconf 85' lang='lat' dir='ltr'>Figurae</span> <span class='ocrx_word' id='word_1_972' title='bbox 2316 2173 2324 2182; x_wconf 91' lang='lat'><strong>.</strong></span> <span class='ocrx_word' id='word_1_973' title='bbox 2361 2149 2420 2182; x_wconf 87' lang='lat' dir='ltr'>Sed</span> 
     </span>
     <span class='ocr_line' id='line_1_119' title="bbox 1420 2191 2422 2235; baseline -0.005 -4"><span class='ocrx_word' id='word_1_974' title='bbox 1420 2207 1457 2232; x_wconf 86' lang='lat' dir='ltr'>tu</span> <span class='ocrx_word' id='word_1_975' title='bbox 1489 2195 1656 2230; x_wconf 90' lang='lat' dir='ltr'>Santorini</span> <span class='ocrx_word' id='word_1_976' title='bbox 1690 2195 1810 2227; x_wconf 87' lang='lat' dir='ltr'>librum</span> <span class='ocrx_word' id='word_1_977' title='bbox 1843 2191 2017 2234; x_wconf 86' lang='lat' dir='ltr'>inspiciens</span> <span class='ocrx_word' id='word_1_978' title='bbox 2041 2214 2050 2229; x_wconf 88' lang='lat'>‚</span> <span class='ocrx_word' id='word_1_979' title='bbox 2086 2192 2180 2226; x_wconf 85' lang='lat' dir='ltr'>sicuti</span> <span class='ocrx_word' id='word_1_980' title='bbox 2213 2193 2338 2235; x_wconf 80' lang='lat' dir='ltr'>Figurae</span> <span class='ocrx_word' id='word_1_981' title='bbox 2370 2193 2422 2226; x_wconf 87' lang='lat' dir='ltr'>illi</span> 
     </span>
     <span class='ocr_line' id='line_1_120' title="bbox 1420 2235 2421 2284; baseline -0.006 -10"><span class='ocrx_word' id='word_1_982' title='bbox 1420 2238 1608 2284; x_wconf 86' lang='lat' dir='ltr'>respondere</span> <span class='ocrx_word' id='word_1_983' title='bbox 1622 2263 1632 2279; x_wconf 89' lang='lat'>,</span> <span class='ocrx_word' id='word_1_984' title='bbox 1655 2248 1719 2271; x_wconf 90' lang='lat' dir='ltr'>non</span> <span class='ocrx_word' id='word_1_985' title='bbox 1742 2236 1908 2271; x_wconf 86' lang='lat' dir='ltr'>dubitabis</span> <span class='ocrx_word' id='word_1_986' title='bbox 1917 2245 2015 2278; x_wconf 88' lang='lat' dir='ltr'>caput</span> <span class='ocrx_word' id='word_1_987' title='bbox 2031 2237 2071 2269; x_wconf 88' lang='lat' dir='ltr'>X.</span> <span class='ocrx_word' id='word_1_988' title='bbox 2085 2237 2206 2279; x_wconf 86' lang='lat' dir='ltr'>quippe</span> <span class='ocrx_word' id='word_1_989' title='bbox 2227 2235 2421 2278; x_wconf 87' lang='lat' dir='ltr'>inscriptum</span> 
     </span>
     <span class='ocr_line' id='line_1_121' title="bbox 1419 2279 2422 2324; baseline -0.005 -7"><span class='ocrx_word' id='word_1_990' title='bbox 1419 2286 1454 2318; x_wconf 86' lang='lat' dir='ltr'>de</span> <span class='ocrx_word' id='word_1_991' title='bbox 1477 2284 1617 2316; x_wconf 81' lang='lat' dir='ltr'>Virorum</span> <span class='ocrx_word' id='word_1_992' title='bbox 1638 2279 1857 2323; x_wconf 70' lang='lat' dir='ltr'>&#39;Naturalibus</span> <span class='ocrx_word' id='word_1_993' title='bbox 1881 2304 1890 2320; x_wconf 89' lang='lat'><em>‚</em></span> <span class='ocrx_word' id='word_1_994' title='bbox 1923 2281 1968 2312; x_wconf 85' lang='lat' dir='ltr'>ita</span> <span class='ocrx_word' id='word_1_995' title='bbox 2003 2282 2144 2313; x_wconf 82' lang='lat' dir='ltr'>invenies</span> <span class='ocrx_word' id='word_1_996' title='bbox 2167 2303 2178 2320; x_wconf 88' lang='lat'>‚</span> <span class='ocrx_word' id='word_1_997' title='bbox 2219 2290 2287 2313; x_wconf 85' lang='lat' dir='ltr'>eam</span> <span class='ocrx_word' id='word_1_998' title='bbox 2319 2279 2422 2324; x_wconf 87' lang='lat' dir='ltr'>ipsam</span> 
     </span>
     <span class='ocr_line' id='line_1_122' title="bbox 1420 2322 2422 2369; baseline -0.006 -8"><span class='ocrx_word' id='word_1_999' title='bbox 1420 2330 1572 2369; x_wconf 83' lang='lat' dir='ltr'>Figuram</span> <span class='ocrx_word' id='word_1_1000' title='bbox 1597 2326 1676 2367; x_wconf 87' lang='lat' dir='ltr'>saepe</span> <span class='ocrx_word' id='word_1_1001' title='bbox 1698 2325 1731 2358; x_wconf 89' lang='lat' dir='ltr'>in</span> <span class='ocrx_word' id='word_1_1002' title='bbox 1755 2324 1898 2365; x_wconf 84' lang='lat' dir='ltr'>margine</span> <span class='ocrx_word' id='word_1_1003' title='bbox 1930 2322 1977 2356; x_wconf 87' lang='lat' dir='ltr'>ibi</span> <span class='ocrx_word' id='word_1_1004' title='bbox 1999 2322 2153 2362; x_wconf 85' lang='lat' dir='ltr'>indicari,</span> <span class='ocrx_word' id='word_1_1005' title='bbox 2177 2325 2208 2356; x_wconf 88' lang='lat'>&amp;</span> <span class='ocrx_word' id='word_1_1006' title='bbox 2231 2323 2327 2356; x_wconf 74' lang='lat' dir='ltr'>verba</span> <span class='ocrx_word' id='word_1_1007' title='bbox 2350 2332 2422 2357; x_wconf 89' lang='lat' dir='ltr'>tan-</span> 
     </span>
     <span class='ocr_line' id='line_1_123' title="bbox 1421 2366 2422 2410; baseline -0.006 -5"><span class='ocrx_word' id='word_1_1008' title='bbox 1421 2371 1492 2405; x_wconf 91' lang='lat' dir='ltr'>dem</span> <span class='ocrx_word' id='word_1_1009' title='bbox 1515 2371 1564 2404; x_wconf 90' lang='lat' dir='ltr'>bis</span> <span class='ocrx_word' id='word_1_1010' title='bbox 1588 2369 1656 2403; x_wconf 87' lang='lat' dir='ltr'>fieri</span> <span class='ocrx_word' id='word_1_1011' title='bbox 1691 2367 1708 2408; x_wconf 76' lang='lat'>(‘</span> <span class='ocrx_word' id='word_1_1012' title='bbox 1724 2367 1744 2401; x_wconf 83' lang='lat' dir='ltr'><em>h</em></span> <span class='ocrx_word' id='word_1_1013' title='bbox 1769 2371 1780 2407; x_wconf 94' lang='lat'>)</span> <span class='ocrx_word' id='word_1_1014' title='bbox 1803 2367 1842 2400; x_wconf 89' lang='lat' dir='ltr'>de</span> <span class='ocrx_word' id='word_1_1015' title='bbox 1866 2368 1907 2400; x_wconf 90' lang='lat' dir='ltr'>iis</span> <span class='ocrx_word' id='word_1_1016' title='bbox 1930 2377 2059 2409; x_wconf 88' lang='lat' dir='ltr'>quoque</span> <span class='ocrx_word' id='word_1_1017' title='bbox 2089 2367 2253 2408; x_wconf 86' lang='lat' dir='ltr'>particulis</span> <span class='ocrx_word' id='word_1_1018' title='bbox 2286 2366 2325 2400; x_wconf 90' lang='lat' dir='ltr'>de</span> <span class='ocrx_word' id='word_1_1019' title='bbox 2347 2367 2422 2410; x_wconf 88' lang='lat' dir='ltr'>qui-</span> 
     </span>
     <span class='ocr_line' id='line_1_124' title="bbox 1421 2409 2422 2456; baseline -0.006 -7"><span class='ocrx_word' id='word_1_1020' title='bbox 1421 2415 1481 2449; x_wconf 90' lang='lat' dir='ltr'>bus</span> <span class='ocrx_word' id='word_1_1021' title='bbox 1504 2413 1688 2456; x_wconf 89' lang='lat' dir='ltr'>loquimur.</span> <span class='ocrx_word' id='word_1_1022' title='bbox 1721 2412 1764 2444; x_wconf 89' lang='lat' dir='ltr'>Et</span> <span class='ocrx_word' id='word_1_1023' title='bbox 1796 2411 1937 2453; x_wconf 86' lang='lat' dir='ltr'>primum</span> <span class='ocrx_word' id='word_1_1024' title='bbox 1973 2410 2103 2453; x_wconf 83' lang='lat' dir='ltr'>quidem</span> <span class='ocrx_word' id='word_1_1025' title='bbox 2138 2409 2211 2443; x_wconf 84' lang='lat' dir='ltr'>fic:</span> <span class='ocrx_word' id='word_1_1026' title='bbox 2245 2417 2422 2453; x_wconf 84' lang='lat' dir='ltr'>quanquam</span> 
     </span>
     <span class='ocr_line' id='line_1_125' title="bbox 1422 2452 2422 2500; baseline -0.004 -9"><span class='ocrx_word' id='word_1_1027' title='bbox 1422 2458 1586 2500; x_wconf 81' lang='lat' dir='ltr'>aliquando</span> <span class='ocrx_word' id='word_1_1028' title='bbox 1608 2457 1646 2490; x_wconf 87' lang='lat' dir='ltr'>ad</span> <span class='ocrx_word' id='word_1_1029' title='bbox 1656 2455 1788 2489; x_wconf 70' lang='lat' dir='ltr'>cervicis</span> <span class='ocrx_word' id='word_1_1030' title='bbox 1799 2453 1899 2497; x_wconf 77' lang='lat' dir='ltr'>Veficae</span> <span class='ocrx_word' id='word_1_1031' title='bbox 1921 2453 2057 2497; x_wconf 87' lang='lat' dir='ltr'>osculum</span> <span class='ocrx_word' id='word_1_1032' title='bbox 2064 2452 2214 2494; x_wconf 79' lang='lat' dir='ltr'>posterius</span> <span class='ocrx_word' id='word_1_1033' title='bbox 2236 2454 2422 2496; x_wconf 83' lang='lat' dir='ltr'>quidpiam,</span> 
     </span>
     <span class='ocr_line' id='line_1_126' title="bbox 1423 2497 2424 2543; baseline -0.004 -9"><span class='ocrx_word' id='word_1_1034' title='bbox 1423 2503 1458 2534; x_wconf 85' lang='lat' dir='ltr'>de</span> <span class='ocrx_word' id='word_1_1035' title='bbox 1482 2512 1539 2543; x_wconf 85' lang='lat' dir='ltr'>quo</span> <span class='ocrx_word' id='word_1_1036' title='bbox 1561 2510 1659 2540; x_wconf 87' lang='lat' dir='ltr'>mox,</span> <span class='ocrx_word' id='word_1_1037' title='bbox 1680 2500 1712 2532; x_wconf 85' lang='lat' dir='ltr'>in</span> <span class='ocrx_word' id='word_1_1038' title='bbox 1737 2507 1879 2540; x_wconf 82' lang='lat' dir='ltr'>magnam</span> <span class='ocrx_word' id='word_1_1039' title='bbox 1905 2498 1989 2540; x_wconf 85' lang='lat' dir='ltr'>satis</span> <span class='ocrx_word' id='word_1_1040' title='bbox 2012 2497 2121 2530; x_wconf 82' lang='lat' dir='ltr'>molem</span> <span class='ocrx_word' id='word_1_1041' title='bbox 2142 2497 2316 2538; x_wconf 83' lang='lat' dir='ltr'>prominere</span> <span class='ocrx_word' id='word_1_1042' title='bbox 2337 2497 2424 2530; x_wconf 69' lang='lat' dir='ltr'>vidi-</span> 
     </span>
     <span class='ocr_line' id='line_1_127' title="bbox 1424 2539 2422 2585; baseline -0.006 -6"><span class='ocrx_word' id='word_1_1043' title='bbox 1424 2555 1517 2585; x_wconf 84' lang='lat' dir='ltr'>mus‚·</span> <span class='ocrx_word' id='word_1_1044' title='bbox 1539 2544 1571 2577; x_wconf 85' lang='lat' dir='ltr'>id</span> <span class='ocrx_word' id='word_1_1045' title='bbox 1592 2543 1647 2576; x_wconf 68' lang='lat' dir='ltr'>vel</span> <span class='ocrx_word' id='word_1_1046' title='bbox 1666 2552 1792 2584; x_wconf 87' lang='lat' dir='ltr'>perraro</span> <span class='ocrx_word' id='word_1_1047' title='bbox 1813 2548 2002 2582; x_wconf 84' lang='lat' dir='ltr'>compertum</span> <span class='ocrx_word' id='word_1_1048' title='bbox 2024 2540 2062 2579; x_wconf 79' lang='lat' dir='ltr'>esi</span> <span class='ocrx_word' id='word_1_1049' title='bbox 2083 2562 2096 2579; x_wconf 86' lang='grc'>,</span> <span class='ocrx_word' id='word_1_1050' title='bbox 2125 2539 2178 2573; x_wconf 76' lang='grc' dir='ltr'>νεὶ</span> <span class='ocrx_word' id='word_1_1051' title='bbox 2201 2549 2237 2573; x_wconf 88' lang='lat' dir='ltr'>ex</span> <span class='ocrx_word' id='word_1_1052' title='bbox 2260 2539 2303 2571; x_wconf 85' lang='lat' dir='ltr'>iis</span> <span class='ocrx_word' id='word_1_1053' title='bbox 2334 2540 2422 2573; x_wconf 75' lang='lat' dir='ltr'>dum-</span> 
     </span>
     <span class='ocr_line' id='line_1_128' title="bbox 1425 2581 2423 2629; baseline -0.008 -7"><span class='ocrx_word' id='word_1_1054' title='bbox 1425 2595 1516 2622; x_wconf 82' lang='lat' dir='ltr'>taxat</span> <span class='ocrx_word' id='word_1_1055' title='bbox 1542 2585 1692 2629; x_wconf 60' lang='lat' dir='ltr'>subseliis</span> <span class='ocrx_word' id='word_1_1056' title='bbox 1711 2608 1722 2626; x_wconf 87' lang='lat'><em>‚</em></span> <span class='ocrx_word' id='word_1_1057' title='bbox 1745 2595 1873 2627; x_wconf 83' lang='lat' dir='ltr'>quorum</span> <span class='ocrx_word' id='word_1_1058' title='bbox 1895 2582 1994 2626; x_wconf 84' lang='lat' dir='ltr'>Vefica</span> <span class='ocrx_word' id='word_1_1059' title='bbox 2016 2581 2170 2616; x_wconf 82' lang='lat' dir='ltr'>laboraret</span> <span class='ocrx_word' id='word_1_1060' title='bbox 2187 2605 2195 2619; x_wconf 87' lang='lat'><em>‚</em></span> <span class='ocrx_word' id='word_1_1061' title='bbox 2229 2581 2320 2624; x_wconf 85' lang='lat' dir='ltr'>usque</span> <span class='ocrx_word' id='word_1_1062' title='bbox 2350 2583 2423 2616; x_wconf 81' lang='lat' dir='ltr'>adeo</span> 
     </span>
     <span class='ocr_line' id='line_1_129' title="bbox 1428 2625 2423 2672; baseline -0.005 -8"><span class='ocrx_word' id='word_1_1063' title='bbox 1428 2640 1533 2666; x_wconf 82' lang='lat' dir='ltr'>extare</span> <span class='ocrx_word' id='word_1_1064' title='bbox 1544 2629 1798 2672; x_wconf 66' lang='lat' dir='ltr'>observavimus,</span> <span class='ocrx_word' id='word_1_1065' title='bbox 1821 2635 1858 2661; x_wconf 88' lang='lat' dir='ltr'>ut</span> <span class='ocrx_word' id='word_1_1066' title='bbox 1880 2638 1914 2661; x_wconf 85' lang='lat' dir='ltr'>ea</span> <span class='ocrx_word' id='word_1_1067' title='bbox 1937 2637 1984 2659; x_wconf 83' lang='lat' dir='ltr'>res</span> <span class='ocrx_word' id='word_1_1068' title='bbox 1996 2625 2077 2659; x_wconf 85' lang='lat' dir='ltr'>haud</span> <span class='ocrx_word' id='word_1_1069' title='bbox 2098 2632 2271 2663; x_wconf 80' lang='lat' dir='ltr'>mereatur,</span> <span class='ocrx_word' id='word_1_1070' title='bbox 2295 2635 2358 2666; x_wconf 82' lang='lat' dir='ltr'>quae</span> <span class='ocrx_word' id='word_1_1071' title='bbox 2368 2636 2423 2659; x_wconf 86' lang='lat' dir='ltr'>ceu</span> 
     </span>
     <span class='ocr_line' id='line_1_130' title="bbox 1425 2665 2421 2718; baseline -0.009 -9"><span class='ocrx_word' id='word_1_1072' title='bbox 1425 2682 1576 2718; x_wconf 83' lang='lat' dir='ltr'>perpetua</span> <span class='ocrx_word' id='word_1_1073' title='bbox 1606 2675 1647 2707; x_wconf 70' lang='grc' dir='ltr'>(φ</span> <span class='ocrx_word' id='word_1_1074' title='bbox 1672 2670 1808 2711; x_wconf 82' lang='lat' dir='ltr'>constans</span> <span class='ocrx_word' id='word_1_1075' title='bbox 1833 2694 1842 2709; x_wconf 90' lang='lat'>,</span> <span class='ocrx_word' id='word_1_1076' title='bbox 1878 2679 1998 2713; x_wconf 70' lang='lat' dir='ltr'>quaque</span> <span class='ocrx_word' id='word_1_1077' title='bbox 2018 2668 2155 2711; x_wconf 66' lang='lat' dir='ltr'>vitiosa,</span> <span class='ocrx_word' id='word_1_1078' title='bbox 2176 2671 2218 2703; x_wconf 57' lang='grc' dir='ltr'>τῇ*</span> <span class='ocrx_word' id='word_1_1079' title='bbox 2244 2665 2421 2711; x_wconf 80' lang='lat' dir='ltr'>infrequens</span> 
     </span>
     <span class='ocr_line' id='line_1_131' title="bbox 1429 2712 2424 2758; baseline -0.008 -6"><span class='ocrx_word' id='word_1_1080' title='bbox 1429 2718 1488 2758; x_wconf 82' lang='lat' dir='ltr'>eft,</span> <span class='ocrx_word' id='word_1_1081' title='bbox 1511 2717 1575 2751; x_wconf 48' lang='lat' dir='ltr'>‘nel‘</span> <span class='ocrx_word' id='word_1_1082' title='bbox 1593 2716 1742 2749; x_wconf 75' lang='lat' dir='ltr'>Tirenum</span> <span class='ocrx_word' id='word_1_1083' title='bbox 1762 2736 1773 2753; x_wconf 90' lang='lat'>‚</span> <span class='ocrx_word' id='word_1_1084' title='bbox 1809 2713 1861 2747; x_wconf 65' lang='lat' dir='ltr'>wel</span> <span class='ocrx_word' id='word_1_1085' title='bbox 1894 2715 1998 2747; x_wconf 83' lang='lat' dir='ltr'>minus</span> <span class='ocrx_word' id='word_1_1086' title='bbox 2030 2713 2283 2745; x_wconf 80' lang='lat' dir='ltr'>Exercitatorum</span> <span class='ocrx_word' id='word_1_1087' title='bbox 2314 2712 2424 2745; x_wconf 85' lang='lat' dir='ltr'>damno</span> 
     </span>
     <span class='ocr_line' id='line_1_132' title="bbox 1429 2754 2424 2796; baseline -0.009 0"><span class='ocrx_word' id='word_1_1088' title='bbox 1429 2760 1634 2796; x_wconf 82' lang='lat' dir='ltr'>exhibeatur.</span> <span class='ocrx_word' id='word_1_1089' title='bbox 1659 2759 1776 2792; x_wconf 87' lang='lat' dir='ltr'>Altero</span> <span class='ocrx_word' id='word_1_1090' title='bbox 1814 2766 1921 2791; x_wconf 85' lang='lat' dir='ltr'>autern</span> <span class='ocrx_word' id='word_1_1091' title='bbox 1945 2756 2020 2790; x_wconf 88' lang='lat' dir='ltr'>loco</span> <span class='ocrx_word' id='word_1_1092' title='bbox 2054 2754 2095 2788; x_wconf 82' lang='lat' dir='ltr'>sic</span> <span class='ocrx_word' id='word_1_1093' title='bbox 2114 2767 2122 2788; x_wconf 90' lang='lat'><strong>:</strong></span> <span class='ocrx_word' id='word_1_1094' title='bbox 2145 2754 2228 2788; x_wconf 84' lang='lat' dir='ltr'>Illud</span> <span class='ocrx_word' id='word_1_1095' title='bbox 2250 2764 2323 2788; x_wconf 66' lang='lat' dir='ltr'>vero</span> <span class='ocrx_word' id='word_1_1096' title='bbox 2345 2756 2424 2796; x_wconf 82' lang='lat' dir='ltr'>quod</span> 
     </span>
     <span class='ocr_line' id='line_1_133' title="bbox 1430 2797 2424 2844; baseline -0.009 -5"><span class='ocrx_word' id='word_1_1097' title='bbox 1430 2807 1469 2838; x_wconf 84' lang='lat' dir='ltr'>ad</span> <span class='ocrx_word' id='word_1_1098' title='bbox 1500 2804 1631 2838; x_wconf 70' lang='lat' dir='ltr'>cervicis</span> <span class='ocrx_word' id='word_1_1099' title='bbox 1669 2800 1771 2844; x_wconf 72' lang='lat' dir='ltr'>veficae</span> <span class='ocrx_word' id='word_1_1100' title='bbox 1801 2800 1936 2843; x_wconf 85' lang='lat' dir='ltr'>osculum</span> <span class='ocrx_word' id='word_1_1101' title='bbox 1965 2800 2013 2832; x_wconf 88' lang='lat' dir='ltr'>ita</span> <span class='ocrx_word' id='word_1_1102' title='bbox 2044 2797 2207 2840; x_wconf 84' lang='lat' dir='ltr'>aliquando</span> <span class='ocrx_word' id='word_1_1103' title='bbox 2237 2798 2391 2839; x_wconf 79' lang='lat' dir='ltr'>prominet</span> <span class='ocrx_word' id='word_1_1104' title='bbox 2413 2821 2424 2837; x_wconf 94' lang='lat'>‚</span> 
     </span>
     <span class='ocr_line' id='line_1_134' title="bbox 1429 2840 2424 2885; baseline -0.009 -3"><span class='ocrx_word' id='word_1_1105' title='bbox 1429 2856 1466 2882; x_wconf 86' lang='lat' dir='ltr'>ut</span> <span class='ocrx_word' id='word_1_1106' title='bbox 1496 2847 1591 2881; x_wconf 79' lang='lat' dir='ltr'>urinae</span> <span class='ocrx_word' id='word_1_1107' title='bbox 1633 2846 1693 2879; x_wconf 86' lang='lat' dir='ltr'>iter</span> <span class='ocrx_word' id='word_1_1108' title='bbox 1725 2844 1926 2878; x_wconf 81' lang='lat' dir='ltr'>intercludere</span> <span class='ocrx_word' id='word_1_1109' title='bbox 1960 2841 2157 2885; x_wconf 83' lang='lat' dir='ltr'>aliquantum</span> <span class='ocrx_word' id='word_1_1110' title='bbox 2196 2840 2302 2875; x_wconf 69' lang='lat' dir='ltr'>valeat</span> <span class='ocrx_word' id='word_1_1111' title='bbox 2324 2863 2337 2880; x_wconf 85' lang='lat'>‚</span> <span class='ocrx_word' id='word_1_1112' title='bbox 2363 2840 2424 2883; x_wconf 83' lang='lat' dir='ltr'>sub</span> 
     </span>
     <span class='ocr_line' id='line_1_135' title="bbox 1429 2884 2422 2931; baseline -0.011 -5"><span class='ocrx_word' id='word_1_1113' title='bbox 1429 2891 1515 2926; x_wconf 85' lang='lat' dir='ltr'>tenui</span> <span class='ocrx_word' id='word_1_1114' title='bbox 1536 2890 1706 2931; x_wconf 82' lang='lat' dir='ltr'>intimaque</span> <span class='ocrx_word' id='word_1_1115' title='bbox 1728 2886 1829 2931; x_wconf 68' lang='lat' dir='ltr'>vesica</span> <span class='ocrx_word' id='word_1_1116' title='bbox 1852 2885 2028 2921; x_wconf 82' lang='lat' dir='ltr'>membrana</span> <span class='ocrx_word' id='word_1_1117' title='bbox 2051 2885 2207 2918; x_wconf 81' lang='lat' dir='ltr'>conditum</span> <span class='ocrx_word' id='word_1_1118' title='bbox 2223 2909 2232 2924; x_wconf 88' lang='lat'>,</span> <span class='ocrx_word' id='word_1_1119' title='bbox 2247 2884 2292 2928; x_wconf 86' lang='lat' dir='ltr'>fic</span> <span class='ocrx_word' id='word_1_1120' title='bbox 2311 2891 2347 2917; x_wconf 86' lang='lat' dir='ltr'>ut</span> <span class='ocrx_word' id='word_1_1121' title='bbox 2357 2895 2422 2917; x_wconf 87' lang='lat' dir='ltr'>con.</span> 
     </span>
     <span class='ocr_line' id='line_1_136' title="bbox 1421 2926 2424 2978; baseline -0.008 -10"><span class='ocrx_word' id='word_1_1122' title='bbox 1421 2934 1541 2978; x_wconf 77' lang='lat' dir='ltr'>spicuis</span> <span class='ocrx_word' id='word_1_1123' title='bbox 1573 2933 1729 2967; x_wconf 77' lang='lat' dir='ltr'>interdum</span> <span class='ocrx_word' id='word_1_1124' title='bbox 1751 2954 1763 2972; x_wconf 87' lang='lat'>,</span> <span class='ocrx_word' id='word_1_1125' title='bbox 1796 2928 2021 2974; x_wconf 70' lang='lat' dir='ltr'>aggregatisque</span> <span class='ocrx_word' id='word_1_1126' title='bbox 2059 2927 2224 2976; x_wconf 37' lang='lat' dir='ltr'>glandulis·</span> <span class='ocrx_word' id='word_1_1127' title='bbox 2246 2926 2424 2972; x_wconf 83' lang='lat' dir='ltr'>formatum</span> 
     </span>
     <span class='ocr_line' id='line_1_137' title="bbox 1428 2969 2425 3016; baseline -0.007 -5"><span class='ocrx_word' id='word_1_1128' title='bbox 1428 2977 1585 3016; x_wconf 65' lang='lat' dir='ltr'>viderim,</span> <span class='ocrx_word' id='word_1_1129' title='bbox 1618 2975 1705 3016; x_wconf 74' lang='lat' dir='ltr'>cujus</span> <span class='ocrx_word' id='word_1_1130' title='bbox 1727 2975 1827 3009; x_wconf 84' lang='lat' dir='ltr'>latam</span> <span class='ocrx_word' id='word_1_1131' title='bbox 1851 2974 1966 3006; x_wconf 82' lang='lat' dir='ltr'>circum</span> <span class='ocrx_word' id='word_1_1132' title='bbox 1989 2981 2093 3005; x_wconf 85' lang='lat' dir='ltr'>aream</span> <span class='ocrx_word' id='word_1_1133' title='bbox 2130 2982 2147 3004; x_wconf 92' lang='lat' dir='ltr'>a</span> <span class='ocrx_word' id='word_1_1134' title='bbox 2179 2969 2350 3005; x_wconf 64' lang='lat' dir='ltr'>minoribus</span> <span class='ocrx_word' id='word_1_1135' title='bbox 2382 2970 2425 3004; x_wconf 79' lang='lat' dir='ltr'>li—</span> 
     </span>
     <span class='ocr_line' id='line_1_138' title="bbox 1429 3012 2424 3061; baseline -0.009 -7"><span class='ocrx_word' id='word_1_1136' title='bbox 1429 3029 1498 3061; x_wconf 85' lang='lat' dir='ltr'>cet,</span> <span class='ocrx_word' id='word_1_1137' title='bbox 1523 3016 1704 3054; x_wconf 76' lang='lat' dir='ltr'>extantibus</span> <span class='ocrx_word' id='word_1_1138' title='bbox 1727 3026 1830 3052; x_wconf 83' lang='lat' dir='ltr'>tamen</span> <span class='ocrx_word' id='word_1_1139' title='bbox 1852 3022 2029 3057; x_wconf 81' lang='lat' dir='ltr'>occupatam</span> <span class='ocrx_word' id='word_1_1140' title='bbox 2040 3014 2167 3048; x_wconf 84' lang='lat' dir='ltr'>memini</span> <span class='ocrx_word' id='word_1_1141' title='bbox 2188 3013 2220 3047; x_wconf 87' lang='lat' dir='ltr'>in</span> <span class='ocrx_word' id='word_1_1142' title='bbox 2225 3012 2316 3056; x_wconf 85' lang='lat' dir='ltr'>sene,</span> <span class='ocrx_word' id='word_1_1143' title='bbox 2339 3013 2424 3046; x_wconf 77' lang='lat' dir='ltr'>intra</span> 
     </span>
     <span class='ocr_line' id='line_1_139' title="bbox 1428 3055 2424 3106; baseline -0.01 -8"><span class='ocrx_word' id='word_1_1144' title='bbox 1428 3075 1517 3104; x_wconf 69' lang='lat' dir='ltr'>cujus</span> <span class='ocrx_word' id='word_1_1145' title='bbox 1549 3062 1678 3106; x_wconf 62' lang='lat' dir='ltr'>vesicam</span> <span class='ocrx_word' id='word_1_1146' title='bbox 1708 3060 1766 3104; x_wconf 83' lang='lat' dir='ltr'>sex</span> <span class='ocrx_word' id='word_1_1147' title='bbox 1795 3059 1892 3102; x_wconf 87' lang='lat' dir='ltr'>supra</span> <span class='ocrx_word' id='word_1_1148' title='bbox 1917 3058 2047 3100; x_wconf 75' lang='lat' dir='ltr'>triginta</span> <span class='ocrx_word' id='word_1_1149' title='bbox 2070 3068 2107 3092; x_wconf 86' lang='lat' dir='ltr'>ex</span> <span class='ocrx_word' id='word_1_1150' title='bbox 2129 3056 2198 3091; x_wconf 81' lang='lat' dir='ltr'>albo</span> <span class='ocrx_word' id='word_1_1151' title='bbox 2222 3055 2424 3104; x_wconf 65' lang='lat' dir='ltr'>flavescentes</span> 
     </span>
     <span class='ocr_line' id='line_1_140' title="bbox 1430 3099 2425 3145; baseline -0.01 -4"><span class='ocrx_word' id='word_1_1152' title='bbox 1430 3104 1544 3141; x_wconf 80' lang='lat' dir='ltr'>calculi</span> <span class='ocrx_word' id='word_1_1153' title='bbox 1567 3103 1827 3145; x_wconf 79' lang='lat' dir='ltr'>continebantur,</span> <span class='ocrx_word' id='word_1_1154' title='bbox 1863 3111 1991 3145; x_wconf 83' lang='lat' dir='ltr'>quorum</span> <span class='ocrx_word' id='word_1_1155' title='bbox 2022 3099 2142 3143; x_wconf 87' lang='lat' dir='ltr'>aliquot</span> <span class='ocrx_word' id='word_1_1156' title='bbox 2175 3099 2337 3135; x_wconf 61' lang='lat' dir='ltr'>Avellana</span> <span class='ocrx_word' id='word_1_1157' title='bbox 2367 3109 2425 3132; x_wconf 73' lang='lat' dir='ltr'>mx</span> 
     </span>
     <span class='ocr_line' id='line_1_141' title="bbox 1431 3140 2423 3191; baseline -0.012 -6"><span class='ocrx_word' id='word_1_1158' title='bbox 1431 3151 1564 3185; x_wconf 85' lang='lat' dir='ltr'>minores</span> <span class='ocrx_word' id='word_1_1159' title='bbox 1598 3148 1635 3182; x_wconf 82' lang='lat' dir='ltr'>ab</span> <span class='ocrx_word' id='word_1_1160' title='bbox 1662 3148 1797 3191; x_wconf 82' lang='lat' dir='ltr'>sacculis</span> <span class='ocrx_word' id='word_1_1161' title='bbox 1830 3156 1866 3179; x_wconf 86' lang='lat' dir='ltr'>ex</span> <span class='ocrx_word' id='word_1_1162' title='bbox 1898 3143 2029 3187; x_wconf 75' lang='lat' dir='ltr'>ejusdem</span> <span class='ocrx_word' id='word_1_1163' title='bbox 2060 3143 2162 3186; x_wconf 43' lang='grc' dir='ltr'>’νε-[ΞΜ</span> <span class='ocrx_word' id='word_1_1164' title='bbox 2194 3140 2390 3185; x_wconf 67' lang='grc' dir='ltr'><em>ναῖἰείιᾙὶνηίς</em></span> <span class='ocrx_word' id='word_1_1165' title='bbox 2413 3164 2423 3179; x_wconf 87' lang='grc'><strong><em>,</em></strong></span> 
     </span>
     <span class='ocr_line' id='line_1_142' title="bbox 1431 3185 2425 3235; baseline -0.011 -9"><span class='ocrx_word' id='word_1_1166' title='bbox 1431 3192 1648 3235; x_wconf 79' lang='lat' dir='ltr'>diremptisque</span> <span class='ocrx_word' id='word_1_1167' title='bbox 1671 3190 1798 3225; x_wconf 81' lang='lat' dir='ltr'>lacertis</span> <span class='ocrx_word' id='word_1_1168' title='bbox 1822 3187 1997 3228; x_wconf 70' lang='lat' dir='ltr'>construens</span> <span class='ocrx_word' id='word_1_1169' title='bbox 2018 3208 2028 3224; x_wconf 85' lang='lat'>,</span> <span class='ocrx_word' id='word_1_1170' title='bbox 2061 3185 2334 3220; x_wconf 81' lang='lat' dir='ltr'>concludebantur.</span> <span class='ocrx_word' id='word_1_1171' title='bbox 2359 3187 2425 3218; x_wconf 85' lang='lat' dir='ltr'>Ita.</span> 
     </span>
     <span class='ocr_line' id='line_1_143' title="bbox 1426 3230 2425 3279; baseline -0.01 -9"><span class='ocrx_word' id='word_1_1172' title='bbox 1426 3249 1489 3279; x_wconf 91' lang='lat' dir='ltr'>que</span> <span class='ocrx_word' id='word_1_1173' title='bbox 1513 3245 1643 3279; x_wconf 79' lang='lat' dir='ltr'>apparet</span> <span class='ocrx_word' id='word_1_1174' title='bbox 1658 3257 1666 3272; x_wconf 94' lang='lat'>,</span> <span class='ocrx_word' id='word_1_1175' title='bbox 1690 3234 1768 3276; x_wconf 87' lang='lat' dir='ltr'>quid</span> <span class='ocrx_word' id='word_1_1176' title='bbox 1791 3233 1828 3266; x_wconf 93' lang='lat' dir='ltr'>de</span> <span class='ocrx_word' id='word_1_1177' title='bbox 1851 3231 1947 3265; x_wconf 87' lang='lat' dir='ltr'>uvula</span> <span class='ocrx_word' id='word_1_1178' title='bbox 1962 3255 1970 3271; x_wconf 86' lang='lat'>,</span> <span class='ocrx_word' id='word_1_1179' title='bbox 1993 3233 2024 3264; x_wconf 73' lang='grc' dir='ltr'>ὅτ</span> <span class='ocrx_word' id='word_1_1180' title='bbox 2046 3230 2086 3264; x_wconf 90' lang='lat' dir='ltr'>de</span> <span class='ocrx_word' id='word_1_1181' title='bbox 2110 3233 2243 3272; x_wconf 80' lang='lat' dir='ltr'>trigono</span> <span class='ocrx_word' id='word_1_1182' title='bbox 2265 3238 2425 3277; x_wconf 49' lang='lat' dir='ltr'>quoque,-</span> 
     </span>
     <span class='ocr_line' id='line_1_144' title="bbox 1427 3273 2425 3314; baseline -0.01 0"><span class='ocrx_word' id='word_1_1183' title='bbox 1427 3292 1500 3314; x_wconf 92' lang='lat' dir='ltr'>nam</span> <span class='ocrx_word' id='word_1_1184' title='bbox 1510 3280 1548 3314; x_wconf 89' lang='lat' dir='ltr'>de</span> <span class='ocrx_word' id='word_1_1185' title='bbox 1560 3279 1714 3314; x_wconf 79' lang='lat' dir='ltr'>ambobus</span> <span class='ocrx_word' id='word_1_1186' title='bbox 1726 3277 1816 3310; x_wconf 82' lang='lat' dir='ltr'>simul</span> <span class='ocrx_word' id='word_1_1187' title='bbox 1828 3277 1954 3309; x_wconf 87' lang='lat' dir='ltr'>locutus</span> <span class='ocrx_word' id='word_1_1188' title='bbox 1967 3273 2106 3311; x_wconf 60' lang='lat' dir='ltr'>videtum</span> <span class='ocrx_word' id='word_1_1189' title='bbox 2117 3273 2272 3307; x_wconf 89' lang='lat' dir='ltr'>censuerit</span> <span class='ocrx_word' id='word_1_1190' title='bbox 2284 3273 2425 3305; x_wconf 84' lang='lat' dir='ltr'>Santori-</span> 
     </span>
     <span class='ocr_line' id='line_1_145' title="bbox 1428 3314 2425 3366; baseline -0.01 -9"><span class='ocrx_word' id='word_1_1191' title='bbox 1428 3335 1509 3360; x_wconf 88' lang='lat' dir='ltr'>nus·,</span> <span class='ocrx_word' id='word_1_1192' title='bbox 1532 3333 1716 3366; x_wconf 89' lang='lat' dir='ltr'>quanquam</span> <span class='ocrx_word' id='word_1_1193' title='bbox 1729 3320 1787 3353; x_wconf 85' lang='lat' dir='ltr'>alia</span> <span class='ocrx_word' id='word_1_1194' title='bbox 1801 3318 1931 3353; x_wconf 85' lang='lat' dir='ltr'>mihide</span> <span class='ocrx_word' id='word_1_1195' title='bbox 1946 3317 2108 3351; x_wconf 86' lang='lat' dir='ltr'>nonnullis</span> <span class='ocrx_word' id='word_1_1196' title='bbox 2119 3318 2166 3351; x_wconf 90' lang='lat' dir='ltr'>ibi</span> <span class='ocrx_word' id='word_1_1197' title='bbox 2191 3316 2230 3350; x_wconf 89' lang='lat' dir='ltr'>ab</span> <span class='ocrx_word' id='word_1_1198' title='bbox 2252 3327 2289 3348; x_wconf 89' lang='lat' dir='ltr'>eo</span> <span class='ocrx_word' id='word_1_1199' title='bbox 2312 3314 2425 3358; x_wconf 88' lang='lat' dir='ltr'>positis</span> 
     </span>
     <span class='ocr_line' id='line_1_146' title="bbox 1427 3359 2424 3405; baseline -0.008 -5"><span class='ocrx_word' id='word_1_1200' title='bbox 1427 3367 1583 3403; x_wconf 82' lang='lat' dir='ltr'>sententia</span> <span class='ocrx_word' id='word_1_1201' title='bbox 1606 3366 1669 3404; x_wconf 87' lang='lat' dir='ltr'>est,</span> <span class='ocrx_word' id='word_1_1202' title='bbox 1694 3362 1875 3398; x_wconf 88' lang='lat' dir='ltr'>nihilaliud</span> <span class='ocrx_word' id='word_1_1203' title='bbox 1897 3361 1949 3398; x_wconf 81' lang='lat' dir='ltr'>hic</span> <span class='ocrx_word' id='word_1_1204' title='bbox 1961 3361 2141 3405; x_wconf 65' lang='lat' dir='ltr'>spectanti‚</span> <span class='ocrx_word' id='word_1_1205' title='bbox 2162 3371 2259 3403; x_wconf 90' lang='lat' dir='ltr'>quam</span> <span class='ocrx_word' id='word_1_1206' title='bbox 2272 3359 2424 3392; x_wconf 86' lang='lat' dir='ltr'>morbum</span> 
     </span>
     <span class='ocr_line' id='line_1_147' title="bbox 2275 3412 2383 3436; baseline -0.009 -1"><span class='ocrx_word' id='word_1_1207' title='bbox 2275 3412 2383 3436; x_wconf 83' lang='lat' dir='ltr'>excre-</span> 
     </span>
    </p>
   </div>
   <div class='ocr_carea' id='block_1_6' title="bbox 443 3528 2410 3577">
    <p class='ocr_par' dir='ltr' id='par_1_7' title="bbox 443 3528 2410 3577">
     <span class='ocr_line' id='line_1_148' title="bbox 443 3528 2410 3577; baseline -0.005 -24"><span class='ocrx_word' id='word_1_1208' title='bbox 443 3528 2410 3577; x_wconf 34' lang='grc' dir='ltr'>Μή</span> 
     </span>
    </p>
   </div>
   <div class='ocr_carea' id='block_1_7' title="bbox 824 3647 1207 3742">
    <p class='ocr_par' dir='ltr' id='par_1_8' title="bbox 824 3647 1207 3742">
     <span class='ocr_line' id='line_1_149' title="bbox 893 3647 1207 3680; baseline -0.016 -6"><span class='ocrx_word' id='word_1_1209' title='bbox 893 3650 909 3680; x_wconf 74' lang='grc' dir='ltr'><strong>ζ</strong></span> <span class='ocrx_word' id='word_1_1210' title='bbox 922 3658 937 3673; x_wconf 85' lang='lat' dir='ltr'><em>x</em></span> <span class='ocrx_word' id='word_1_1211' title='bbox 951 3648 967 3677; x_wconf 71' lang='lat'>2</span> <span class='ocrx_word' id='word_1_1212' title='bbox 982 3647 1054 3676; x_wconf 76' lang='lat' dir='ltr'>Epist,</span> <span class='ocrx_word' id='word_1_1213' title='bbox 1072 3653 1109 3675; x_wconf 80' lang='lat'>37.</span> <span class='ocrx_word' id='word_1_1214' title='bbox 1124 3651 1150 3670; x_wconf 67' lang='lat' dir='ltr'>n.</span> <span class='ocrx_word' id='word_1_1215' title='bbox 1166 3652 1207 3674; x_wconf 74' lang='lat'>30,</span> 
     </span>
     <span class='ocr_line' id='line_1_150' title="bbox 824 3707 1114 3742; baseline -0.017 -7"><span class='ocrx_word' id='word_1_1216' title='bbox 824 3714 864 3742; x_wconf 64' lang='grc' dir='ltr'>(ρ</span> <span class='ocrx_word' id='word_1_1217' title='bbox 879 3711 894 3742; x_wconf 82' lang='grc'>)</span> <span class='ocrx_word' id='word_1_1218' title='bbox 911 3712 937 3736; x_wconf 87' lang='lat' dir='ltr'>S.</span> <span class='ocrx_word' id='word_1_1219' title='bbox 956 3716 981 3742; x_wconf 77' lang='lat'>3.</span> <span class='ocrx_word' id='word_1_1220' title='bbox 998 3707 1114 3740; x_wconf 70' lang='lat' dir='ltr'>Apri-31,</span> 
     </span>
    </p>
   </div>
   <div class='ocr_carea' id='block_1_8' title="bbox 1268 3640 1427 3672">
    <p class='ocr_par' dir='ltr' id='par_1_9' title="bbox 1268 3640 1427 3672">
     <span class='ocr_line' id='line_1_151' title="bbox 1268 3640 1427 3672; baseline -0.013 -8"><span class='ocrx_word' id='word_1_1221' title='bbox 1268 3640 1427 3672; x_wconf 72' lang='lat' dir='ltr'>(yjn.6.</span> 
     </span>
    </p>
   </div>
   <div class='ocr_carea' id='block_1_9' title="bbox 561 3655 1591 3735">
    <p class='ocr_par' dir='ltr' id='par_1_10' title="bbox 561 3655 1591 3735">
     <span class='ocr_line' id='line_1_152' title="bbox 561 3655 1591 3735; baseline 0.008 -49"><span class='ocrx_word' id='word_1_1222' title='bbox 561 3696 574 3722; x_wconf 66' lang='lat' dir='ltr'>q</span> <span class='ocrx_word' id='word_1_1223' title='bbox 588 3655 735 3712; x_wconf 24' lang='lat' dir='ltr'>bbntwd‘</span> <span class='ocrx_word' id='word_1_1224' title='bbox 753 3684 777 3708; x_wconf 54' lang='lat' dir='ltr'>a</span> <span class='ocrx_word' id='word_1_1225' title='bbox 792 3669 867 3710; x_wconf 51' lang='lat' dir='ltr'>Agat.</span> <span class='ocrx_word' id='word_1_1226' title='bbox 885 3680 957 3711; x_wconf 68' lang='lat' dir='ltr'>Epiri.</span> <span class='ocrx_word' id='word_1_1227' title='bbox 973 3680 997 3703; x_wconf 82' lang='lat'>8.</span> <span class='ocrx_word' id='word_1_1228' title='bbox 1015 3686 1038 3701; x_wconf 76' lang='lat' dir='ltr'>n.</span> <span class='ocrx_word' id='word_1_1229' title='bbox 1056 3678 1094 3701; x_wconf 69' lang='grc' dir='ltr'>ιε.</span> <span class='ocrx_word' id='word_1_1230' title='bbox 1157 3672 1335 3735; x_wconf 44' lang='grc' dir='ltr'>((ιήεὲιὲξὶὰ.</span> <span class='ocrx_word' id='word_1_1231' title='bbox 1348 3679 1388 3731; x_wconf 59' lang='lat'>2²¹⁹·</span> <span class='ocrx_word' id='word_1_1232' title='bbox 1403 3677 1429 3725; x_wconf 41' lang='grc' dir='ltr'>Ξῖ</span> <span class='ocrx_word' id='word_1_1233' title='bbox 1447 3675 1486 3725; x_wconf 67' lang='lat'>¹3²3.</span> <span class='ocrx_word' id='word_1_1234' title='bbox 1500 3665 1591 3727; x_wconf 44' lang='grc' dir='ltr'>ἕξ..</span> 
     </span>
    </p>
   </div>
   <div class='ocr_carea' id='block_1_10' title="bbox 1490 3633 2360 3725">
    <p class='ocr_par' dir='ltr' id='par_1_11' title="bbox 1490 3633 2360 3725">
     <span class='ocr_line' id='line_1_153' title="bbox 1490 3633 1892 3665; baseline -0.027 0"><span class='ocrx_word' id='word_1_1235' title='bbox 1490 3635 1506 3665; x_wconf 87' lang='grc'><strong>(</strong></span> <span class='ocrx_word' id='word_1_1236' title='bbox 1520 3633 1655 3665; x_wconf 58' lang='grc' dir='ltr'>νζ)1Ξρίίὶ.</span> <span class='ocrx_word' id='word_1_1237' title='bbox 1671 3639 1709 3659; x_wconf 69' lang='grc'>41.</span> <span class='ocrx_word' id='word_1_1238' title='bbox 1724 3641 1750 3657; x_wconf 81' lang='lat' dir='ltr'>ri.</span> <span class='ocrx_word' id='word_1_1239' title='bbox 1767 3633 1837 3660; x_wconf 68' lang='lat' dir='ltr'><em>17.8z</em></span> <span class='ocrx_word' id='word_1_1240' title='bbox 1856 3638 1892 3662; x_wconf 79' lang='lat'>¹9-</span> 
     </span>
     <span class='ocr_line' id='line_1_154' title="bbox 1645 3658 2360 3725; baseline -0.021 -2"><span class='ocrx_word' id='word_1_1241' title='bbox 1645 3662 1932 3725; x_wconf 50' lang='lat' dir='ltr'>‘cbg&#39;ffissss‘mYan</span> <span class='ocrx_word' id='word_1_1242' title='bbox 1949 3658 2125 3720; x_wconf 44' lang='lat' dir='ltr'>nisisi-323,</span> <span class='ocrx_word' id='word_1_1243' title='bbox 2143 3694 2165 3712; x_wconf 57' lang='grc' dir='ltr'>ι.</span> <span class='ocrx_word' id='word_1_1244' title='bbox 2182 3685 2235 3716; x_wconf 70' lang='lat' dir='ltr'>rig,</span> <span class='ocrx_word' id='word_1_1245' title='bbox 2252 3693 2274 3710; x_wconf 66' lang='grc' dir='ltr'>ι.</span> <span class='ocrx_word' id='word_1_1246' title='bbox 2290 3683 2318 3709; x_wconf 72' lang='lat' dir='ltr'>aa</span> <span class='ocrx_word' id='word_1_1247' title='bbox 2335 3681 2360 3708; x_wconf 83' lang='lat'>1.</span> 
     </span>
    </p>
   </div>
  </div>
 </body>
</html>
