2498 4075
473 154 504 208 8

395 244 529 276 narrat,
552 245 616 269 non
639 232 761 269 affuisse
782 235 887 279 ipsum
903 257 911 270 ‚
936 233 1082 272 constat3
1105 233 1160 268 ille
1183 245 1259 269 vero
1279 235 1335 276 qui
1345 236 1415 279 pri-

395 290 482 313 mam
504 276 656 321 scripsit,
677 278 791 312 diserte
817 279 844 312 se
868 276 1009 317 affuffle,
1032 289 1096 311 non
1107 278 1217 318 dixit;
1238 287 1347 311 neuter
1359 289 1409 312 au-

391 331 459 356 tem
483 332 522 354 an
545 321 688 364 pediculi
712 324 808 355 etiam
831 322 1089 358 tum-viverent,
1114 330 1150 356 ut
1173 333 1211 355 ex
1234 330 1335 357 motu>
1352 322 1412 355 sal-

392 374 483 405 tem,
507 365 700 410 animalcula
724 364 839 405 fuisse,
861 373 1000 408 pateret.
1026 364 1086 398 Sed
1109 366 1265 408 quoniam
1277 366 1411 398 nonuni

391 421 431 442 ex
454 408 572 442 Doffis
598 410 710 442 amicis
735 409 813 441 meis
836 411 904 443 rem
927 407 1026 442 visam
1037 407 1094 442 esse
1106 408 1411 451 credibilem‚post-

392 463 491 494 quam
513 449 582 487 haec
609 452 817 495 scripseram,
840 451 1076 490 animadverti5
1101 451 1225 485 idcirco
1246 453 1417 494 cormagis

388 496 511 535 velim,
533 505 569 530 ut
595 495 713 538 scripta
736 497 919 528 memineris
943 506 1007 528 non
1019 504 1169 538 tanquam
1196 507 1212 527 a
1236 495 1411 540 perneganss

388 547 443 579 te,
466 537 518 572 sed
542 541 652 582 potius
674 548 833 581 tanquam
856 551 873 571 a
896 538 1063 572 dubitante
1081 563 1089 572 .
1115 540 1266 579 Contra,
1286 537 1343 573 ubi
1375 540 1411 572 in
1437 578 1440 579 ⁷

388 581 582 625 Appendice
605 593 675 624 quae
701 582 842 616 Scholiis
867 582 1113 615 Observationis
1144 580 1315 625 subjicitur
1337 606 1346 621 ‚
1372 582 1410 616 de

357 659 359 662 ,
388 624 542 660 humanis
564 625 733 660 lumbricis
756 624 860 659 sermo
880 626 923 659 est
941 651 948 663 ,
973 624 1123 672 singulari
1137 624 1198 658 ‘sua
1211 626 1411 669 magnitudi-

388 681 426 703 ne
442 693 451 708 ‚
472 678 528 703 aut
551 671 686 707 numero
711 669 827 703 famem
850 668 993 703 rabidam
1019 668 1246 710 aflei-entibus,
1269 667 1352 703 nihil
1366 669 1411 704 est

385 724 443 747 cur
464 712 622 747 haeream.
648 714 708 747 Sua
731 712 767 746 hi
791 713 825 746 in
838 712 935 749 sedek*
951 712 1070 755 suoque
1083 712 1201 755 pabulo
1211 710 1374 747 versantur
1399 727 1409 747 .-

386 756 476 799 quod
500 755 522 788 si
546 767 659 790 eorum
684 756 923 798 magnitudini,
951 765 1005 788 aut
1029 765 1114 789 certe
1137 755 1342 790 multitudini
1354 767 1410 799 par
1432 788 1433 791 ,

388 811 457 833 non
480 798 543 838 fit3
568 797 771 834 manifestum
795 797 864 840 est,
886 799 1049 833 animalin
1074 799 1281 841 quoinsunt,
1303 802 1406 834 nutri.

389 850 502 877 mento
523 842 706 877 fraudatum
729 842 810 881 suo,
834 843 1021 886 incredibili
1043 842 1150 884 fame,
1174 846 1204 876 ἃ
1219 843 1298 886 saepe
1308 846 1407 877 etiarn

386 886 439 920 siti
463 889 570 920 vexari
594 896 763 930 oportere.
789 887 970 930 Utramque
992 889 1077 921 enirn
1100 886 1174 920 inde
1195 897 1269 921 cum
1280 888 1407 921 aliisae-

384 941 581 974 penumer0‚
604 940 676 963 tum
701 930 767 972 ipse
791 931 1030 974 animadverti,
1055 935 1087 965 &
1112 929 1286 974 praesertim
1310 931 1407 964 inseo

381 974 524 1021 catello,
547 985 644 1018 quem
669 974 737 1016 post
758 974 831 1008 illas
854 985 1025 1011 mortuum
1060 986 1135 1008 curn
1168 974 1406 1016 diligentissime

383 1020 601 1061 persecarem,
622 1017 707 1051 nihil
731 1017 863 1061 usquam
886 1018 1029 1053 morbidi
1052 1019 1195 1052 invenire
1219 1020 1311 1060 potui
1325 1029 1405 1060 prae-

381 1072 431 1096 ter
455 1063 620 1105 ingentem
631 1063 790 1097 vermium
802 1073 969 1104 numerum
983 1088 992 1104 ‚
1015 1061 1109 1096 sicuti
1121 1063 1154 1094 in
1167 1062 1313 1103 Epistola
1326 1061 1404 1095 scri-

381 1105 452 1150 pst,
474 1117 547 1148 quae
571 1116 588 1139 a
611 1105 812 1140 Valli'snerio
835 1106 946 1140 nostro
969 1107 1027 1147 (i)
1056 1105 1137 1138 olim
1160 1105 1287 1147 vulgata
1321 1105 1365 1138 est
1389 1128 1398 1138 .

380 1151 435 1183 Sic
458 1150 639 1186 etiamcum
664 1150 777 1183 Bontii
803 1149 1041 1183 observationes
1054 1148 1399 1190 indicantur(l<)bou-

383 1192 481 1232 limi,
502 1204 540 1226 ac
562 1194 747 1235 appetentiae
760 1217 774 1234 ‚
795 1195 911 1227 caninae
933 1192 1029 1227 dietae
1053 1191 1233 1226 mesenterii
1258 1193 1398 1227 infartus

376 1236 646 1278 consequentium
661 1259 673 1275 ‚
697 1237 731 1268 in
755 1238 944 1270 memoriam
970 1236 1103 1270 redeunt
1114 1247 1185 1278 quae
1197 1236 1280 1270 mihi
1291 1247 1399 1280 quon-

376 1279 453 1321 dam
478 1288 656 1313 narraverat
679 1280 892 1317 Albertinus‚
916 1280 945 1313 se
966 1281 1000 1313 in
1023 1278 1225 1323 quibusdam,
1250 1279 1312 1314 hoc
1324 1280 1401 1313 mali

376 1334 489 1368 genere
512 1321 751 1364 laborantibus,
774 1325 931 1367 praecipue
954 1334 1059 1358 autem
1082 1324 1117 1357 in
1164 1335 1238 1357 uero
1261 1323 1339 1357 adeo
1350 1323 1400 1358 fa-

375 1368 494 1401 melico
511 1387 521 1404 ,
542 1374 579 1401 ut
604 1365 681 1400 hinc
706 1365 785 1409 saepe
808 1377 973 1410 caperetur
995 1367 1095 1401 animi
1151 1366 1363 1402 efeetionibus
1387 1391 1397 1407 ,

374 1409 520 1454 reperisse
542 1409 709 1454 glandulas
731 1422 803 1453 quae
826 1413 861 1444 in
885 1420 994 1445 ventre
1019 1410 1091 1444 sunt
1103 1411 1332 1451 tartarizatas‚
1345 1412 1396 1446 uti

375 1454 556 1497 loquuntur
571 1478 582 1495 ,
605 1453 647 1487 fic
670 1463 707 1488 ut
730 1454 852 1488 duritie
874 1455 975 1489 cultri
1000 1456 1100 1488 aciem
1124 1454 1395 1489 eluderenf.Alvi

375 1508 483 1533 autem
506 1498 633 1537 fluxus,
657 1500 689 1531 &
712 1498 818 1541 qualis
843 1522 853 1538 ,
875 1499 1056 1540 intercepto
1078 1498 1226 1531 videlicet
1249 1509 1305 1541 per
1328 1510 1393 1532 mea

380 1542 556 1576 senterium
578 1541 673 1583 chyli
695 1551 881 1576 commeatu
903 1543 937 1575 in
962 1541 1013 1575 his
1047 1541 1147 1575 fuerit
1171 1565 1182 1581 ‚
1216 1553 1253 1574 an
1287 1542 1394 1576 nullus
1444 1554 1464 1583 q

374 1584 501 1626 fuerit‚·
524 1585 608 1628 apud
634 1585 790 1636 Bontium
812 1584 876 1625 (l)
901 1586 987 1620 enim
999 1585 1081 1629 leges
1094 1585 1393 1626 fuisselienteriamf.

373 1640 435 1672 pro
456 1637 548 1663 certo
571 1639 634 1661 non
658 1639 811 1662 memini.

415 1684 447 1716 4.
472 1671 687 1707 Diffeetiones
711 1683 837 1714 quoque
862 1671 927 1705 illae
951 1672 1076 1714 placent
1088 1683 1159 1715 quae
1180 1673 1392 1706 extremolo-

373 1726 414 1749 co
437 1716 602 1759 produfftae
626 1714 697 1748 sunt
714 1718 794 1755 (m)
817 1713 986 1748 hominum
1010 1715 1148 1748 duorum
1171 1726 1251 1756 quos
1261 1716 1391 1750 diutur-

372 1770 412 1792 na
435 1761 522 1801 cibi,
544 1758 702 1802 potusque
725 1759 912 1792 abstinentia
935 1757 1089 1796 confecit,
1101 1759 1266 1800 placiturae
1290 1761 1390 1791 etiam

372 1805 475 1847 magis
490 1828 502 1845 ‚
525 1802 548 1836 si
572 1801 845 1846 quemadmodum
867 1812 986 1843 venas,
1008 1804 1051 1837 Θ·
1075 1802 1210 1836 arterias
1233 1801 1390 1836 mirabili—

373 1855 422 1880 ter
445 1849 584 1881 inanitas
606 1845 776 1880 ostendunt
790 1871 798 1884 ‚
822 1855 858 1880 ut
882 1856 921 1880 ex
942 1855 1021 1878 vena
1045 1855 1123 1878 cava
1146 1846 1204 1878 vix
1227 1846 1310 1885 duo,
1334 1854 1388 1879 aut

371 1891 435 1923 tria
458 1890 629 1924 cochlearia
646 1888 812 1932 sanguinis
835 1886 1018 1932 effluerent,
1045 1898 1083 1922 ex
1104 1895 1195 1920 aorttz
1219 1889 1387 1922 antemni-

372 1932 432 1972 hz'l3
445 1934 492 1968 ita
505 1934 565 1967 alia
589 1935 710 1975 pariter
722 1944 794 1975 quae
807 1932 1020 1966 adnotatione
1045 1931 1116 1964 sunt
1127 1930 1238 1973 digna,
1248 1930 1389 1965 ostende-

372 1987 465 2014 rent,
490 1986 570 2020 puta
594 1987 705 2010 eorum
729 1978 876 2010 virorum
911 1986 1032 2015 annos,
1068 1983 1352 2017 temperamentum
1376 1998 1390 2015 ,

370 2020 547 2060 habitum,
594 2022 695 2057 vires,
729 2018 926 2057 abstinentiae
959 2019 1025 2053 dies
1058 2017 1097 2052 ad
1120 2029 1219 2051 unum
1242 2028 1353 2050 omnes
1380 2042 1389 2055 ,

369 2064 586 2106 symptomata
609 2075 680 2106 quae
704 2072 840 2096 mortem
864 2061 1389 2101 antecesserunt,constitutionem

369 2109 545 2145 viscerum,
569 2110 601 2140 ἃ
625 2104 712 2150 siqua
735 2106 795 2139 alia
819 2107 888 2139 sunt
913 2104 1093 2148 ejusmodi.
1119 2105 1202 2144 Qiae
1217 2104 1389 2147 diligentia

369 2152 516 2194 perutilis
543 2148 650 2185 fuisset
675 2150 850 2193 praesertim
873 2150 906 2182 in
930 2151 1060 2192 primo,
1084 2150 1203 2191 quippe
1214 2149 1269 2190 qui
1282 2158 1388 2190 corpo-

368 2206 400 2228 rc
424 2205 491 2228 erat
516 2194 632 2236 alioqui
648 2194 745 2237 sano,
783 2205 855 2227 cum
880 2193 908 2226 se
932 2204 987 2236 per
1011 2192 1152 2226 inediam
1175 2190 1384 2225 interimendi

369 2238 540 2273 consilium
562 2239 687 2280 coepit.
712 2238 802 2271 Nam
825 2248 908 2280 quos
932 2247 986 2271 aut
1012 2236 1141 2270 morbus
1164 2236 1255 2278 cogit
1281 2259 1294 2275 ,
1328 2244 1383 2268 aut

368 2282 475 2315 morbi
500 2283 659 2316 cruciatus
683 2293 720 2314 eo
742 2280 904 2314 adducunt
932 2306 942 2322 ,
965 2289 1001 2315 ut
1025 2279 1109 2313 nihil
1134 2279 1257 2312 sumant
1282 2300 1291 2315 ‚
1325 2289 1382 2310 nec

366 2327 457 2366 vivi,
482 2337 536 2359 nec
560 2326 681 2359 mortui
703 2325 884 2368 quidquam
906 2325 985 2357 certi
1010 2323 1122 2358 docere
1146 2319 1382 2365 poffunt,cum

366 2371 492 2412 ignores
516 2369 685 2406 videlicet,
709 2377 791 2410 quot
814 2367 958 2409 diesipse
982 2365 1109 2400 fortasse
1132 2365 1265 2399 morbus
1287 2364 1325 2398 de
1336 2366 1385 2397 vi-

364 2421 398 2445 ta
420 2412 617 2447 detraxerit,
640 2413 672 2444 <Sc
696 2411 776 2452 quid
799 2409 922 2443 insoliti
946 2410 1014 2452 ipsa
1037 2419 1091 2451 per
1104 2408 1134 2441 se
1155 2408 1260 2441 inedia
1283 2408 1383 2441 visce-

366 2456 455 2489 ribus
480 2454 644 2489 attulerit.
670 2454 722 2486 Sic
745 2452 827 2495 apud
851 2453 905 2486 Cl.
933 2455 1111 2494 Peyerum‚
1136 2449 1240 2485 filium
1272 2450 1348 2484 dico
1372 2473 1383 2490 ‚

364 2502 434 2539 (n)
446 2500 526 2536 viri,
550 2509 585 2531 ac
610 2496 755 2531 mulieris
765 2494 962 2530 diss‘effiones
977 2496 1129 2530 habemus
1146 2517 1159 2535 ,
1177 2495 1295 2537 quibus
1305 2506 1382 2529 cau-

367 2543 398 2577 sa
421 2543 536 2576 mortis
560 2539 666 2575 inedia
689 2539 776 2579 fuit3
814 2539 867 2573 sed
889 2540 923 2572 in
948 2549 1081 2582 utraque
1115 2539 1197 2571 vitia
1220 2537 1379 2582 ejusmodi

371 2587 509 2629 legimus
534 2587 735 2619 internarum
759 2585 925 2624 Partium,
949 2593 985 2617 ut
1006 2593 1081 2617 cum
1093 2581 1132 2615 ad
1155 2582 1288 2615 morbos
1311 2581 1382 2615 haec

366 2627 551 2670 attinuisse,
574 2627 780 2671 agnoscamus
793 2649 802 2664 ‚
825 2636 938 2660 caetera
950 2627 1007 2660 illa
1018 2638 1090 2669 quae
1102 2626 1196 2668 paulo
1208 2634 1278 2659 ante
1292 2636 1385 2659 com-

364 2674 617 2707 memoravimus
631 2696 643 2713 ,
667 2682 733 2704 non
759 2682 952 2713 magnopere
975 2668 1205 2705 decideremus.
1219 2671 1382 2708 Contra‚a

364 2715 621 2751 Praestantissimo
643 2715 792 2749 Fantono
814 2715 878 2758 (o)
901 2714 1035 2747 illorum
1060 2713 1208 2756 pleraque
1232 2711 1383 2746 adnotata

363 2762 437 2796 sunt
446 2760 618 2803 diligenter
640 2760 674 2791 in
687 2759 818 2792 muliere
839 2757 964 2800 quaeacl
986 2754 1283 2800 quinquagefimum
1295 2768 1385 2800 ,quo

364 2804 474 2845 obiit,
496 2805 582 2838 diem
603 2801 714 2837 cibum
737 2801 980 2846 pertinacissime
1005 2799 1186 2844 repudiavit
1203 2824 1210 2831 .
1236 2799 1294 2833 Sed
1309 2811 1386 2844 cum

391 2848 548 2881 auxillum
570 2856 675 2881 tamen
696 2846 748 2880 bis
760 2844 953 2888 sumpserit,
975 2847 1008 2879 &
1022 2843 1132 2887 ‚quod
1146 2843 1246 2886 pluris
1266 2841 1388 2877 facien-

387 2902 442 2925 um
463 2890 527 2931 est,
553 2902 641 2933 aquae
653 2899 754 2932 potu,
778 2890 923 2932 quamvis
929 2886 1128 2932 pauciffimo‚
1150 2895 1291 2920 uteretur
1303 2898 1388 2926 3non

365 2933 408 2967 est
430 2942 501 2968 cnm
524 2945 563 2967 eo
586 2934 658 2966 viro
679 2933 717 2967 de
741 2944 806 2976 quo
830 2934 939 2976 primo
963 2933 1038 2966 loco
1071 2934 1268 2964 mentionem
1304 2931 1385 2964 seci-

363 2989 435 3011 mus
449 2975 703 3020 ‚comparanda.
728 2977 832 3019 Aquae
857 2978 940 3010 enim
954 2986 1051 3019 potus
1064 2983 1242 3018 quantum,
1267 2975 1383 3009 humo-

363 3032 438 3055 rum
461 3022 607 3064 inopiam
631 3021 807 3053 minuendo
822 3042 831 3058 ,
857 3023 889 3053 &
914 3019 1126 3053 acrimoniam
1149 3017 1382 3061 temperando,

360 3077 433 3108 quae
456 3065 522 3099 duo
544 3063 702 3097 famelicis
725 3064 863 3097 maxime
886 3073 1024 3102 nocent,
1047 3061 1152 3106 juvare
1178 3062 1267 3104 poffit
1278 3061 1315 3096 ad
1329 3073 1382 3095 eo-

364 3120 439 3143 rum
463 3110 567 3142 vitam
581 3107 817 3151 producendam
829 3129 840 3147 ‚
863 3106 959 3141 Redii
973 3109 1041 3149 (p)
1063 3106 1280 3149 experimenta
1291 3117 1383 3139 corn-

360 3152 524 3195 probant,
545 3153 602 3195 qui
627 3151 731 3194 plures
753 3149 816 3183 fine
840 3151 910 3184 ullo
930 3151 1008 3184 cibo
1030 3160 1165 3192 capones
1176 3148 1384 3190 servans,eo-

362 3206 435 3230 rum
458 3196 575 3239 quibus
599 3204 716 3238 potum
740 3204 867 3237 quoque
891 3195 1044 3236 negavit,
1067 3193 1194 3227 nullum
1216 3193 1300 3226 ultra
1323 3204 1385 3226 no-

360 3249 440 3274 num
463 3241 549 3274 diem
571 3239 705 3279 vixisse,
728 3236 975 3278 animadvertit,
997 3236 1138 3272 cumille
1160 3237 1212 3270 cui
1224 3245 1383 3279 quantum

361 3294 453 3325 aquae
476 3284 606 3323 voluit,
631 3283 794 3326 praebuit,
818 3292 915 3323 quam
938 3282 1049 3315 diebus
1072 3281 1186 3326 primis
1223 3280 1382 3314 sexdecim

358 3326 557 3367 avidiffime‚
583 3325 806 3368 saepiffimeque
829 3324 978 3363 bibebat,
1001 3324 1190 3366 vigesimum
1213 3323 1375 3365 superave-

357 3371 404 3404 rit
427 3371 532 3404 diem.
557 3370 630 3403 Nec
653 3369 747 3403 facile
770 3368 887 3407 credo,
915 3380 986 3402 cum
1011 3367 1211 3410 Pomponius
1241 3368 1374 3401 Atticus

357 3416 423 3456 (q)
446 3416 549 3447 vitam
571 3413 664 3447 fimul
686 3424 761 3447 cum
785 3412 901 3446 morbo
933 3411 1115 3455 gravissimo
1149 3410 1256 3444 finivit
1288 3411 1374 3444 intra

353 3458 526 3501 quinffitum
549 3456 774 3501 inediae⁴diem
786 3479 799 3497 ,
821 3456 964 3499 primum
988 3455 1135 3490 futurum
1147 3453 1260 3495 fuisse,
1282 3454 1382 3498 utsu-

964 151 1120 204 Liber
1153 152 1241 205 ΠΙ.
1278 153 1362 222 De
1397 151 1608 209 Morbis
1641 149 1853 205 Ventris

1463 232 1530 267 bito
1545 231 1653 276 febris.
1671 233 1828 267 decederet
1841 255 1854 273 ,
1877 229 2039 274 leviorque
2063 235 2191 269 morbus
2216 235 2274 270 esse
2297 236 2477 278 inciperet,

1461 276 1486 310 si
1512 285 1549 311 ut
1572 276 1707 322 biduum
1724 275 1814 317 cibo,
1837 274 1879 309 fic
1900 283 1983 317 potu
2005 287 2130 321 quoque
2145 278 2478 324 seabflinuiffit.Cae-

1462 329 1565 353 terum
1587 320 1679 353 breve
1701 319 1782 353 illud
1804 319 1913 352 Attici
1937 319 2078 360 levamen
2121 332 2199 355 num
2241 321 2327 356 forte
2366 321 2404 355 sit
2436 332 2475 353 ex

1462 364 1678 406 Hippocratis
1701 361 1903 405 Aphorismo
1915 373 1968 405 47.
1983 363 2108 398 Seffz.
2131 366 2354 407 explicandum
2368 363 2477 407 ,quali

1464 417 1522 449 pus
1546 416 1622 441 tunc
1645 405 1760 440 confici
1786 404 1940 446 desiisset,
1963 406 2051 448 quod
2060 417 2116 449 per
2139 407 2258 442 lumbos
2271 410 2476 452 postmodum

1464 450 1591 492 erupit,
1616 460 1655 489 an
1679 449 1787 490 potius
1813 449 2010 493 abstinentiae
2033 460 2050 482 a
2075 450 2153 483 cibo'
2174 450 2210 484 sit
2236 453 2441 487 tribuendum
2466 473 2479 488 ›

1462 492 1603 536 quando?
1614 492 1737 526 Redius
1761 497 1771 532 (
1785 495 1822 531 r)
1836 489 2023 533 incredibile
2035 492 2092 526 esse
2101 516 2113 533 ,
2136 493 2267 528 affirmat
2278 518 2287 533 ,
2299 508 2394 539 quam
2406 494 2479 536 pul-

1460 536 1538 570 chra
1561 537 1766 578 inveniantur
1789 536 1905 575 viscera
1927 548 2037 569 eorum
2062 538 2251 571 animalium.
2281 551 2351 581 quae
2377 539 2478 572 fames

1462 581 1638 623 extinxerit
1653 602 1663 618 ,
1684 578 1855 617 'arbitrium
1866 590 1959 614 tuum
1976 579 2039 614 esto
2053 604 2060 612 .
2086 582 2161 623 Ego
2185 581 2271 614 aliud
2297 583 2356 616 tibi
2372 581 2475 616 Redii

1461 623 1610 665 diffisum,
1633 622 1722 667 quod
1746 622 1785 656 ad
1808 634 1841 656 ea
1862 625 2024 665 pertinet,
2046 636 2117 666 quae
2140 624 2275 666 suprain
2287 623 2475 668 hujusmodi

1461 666 1740 707 observationibus
1752 665 1899 708 requifivi
1912 691 1925 708 ,
1936 666 2092 701 Valsalvae
2103 667 2242 710 quodam
2256 670 2474 710 experimento

1460 709 1659 744 confirmabo
1673 735 1682 745 .
1705 710 1872 752 Multum,
1897 710 2018 745 Redius
2041 712 2149 753 inquit
2172 710 2232 754 (s)
2248 712 2367 751 ,robur
2381 725 2474 755 atque

1460 763 1537 787 aetas
1560 753 1686 796 poi-sunt
1710 755 1743 786 in
1768 753 1958 788 animalibus
1972 755 2009 788 ad
2034 755 2150 788 famem
2161 756 2470 789 diutiusierendam.

1459 799 1726 840 Experimeutum
1750 797 2035 844 autemAValsalvae
2058 810 2092 831 ea
2123 810 2221 841 quam
2255 801 2475 843 requirimus,

1457 842 1626 885 diligentia
1649 840 1830 883 scriptum,
1853 841 1894 873 iic
1917 840 2032 876 habet.

1504 898 1531 926 5.
1555 885 1698 920 CANIS
1722 884 1819 927 paulo
1841 883 2006 927 postquam
2030 884 2271 924 editus'fuerat„
2295 898 2311 919 a
2326 888 2475 920 maternis

1458 928 1610 965 uberibus
1635 928 1758 962 ablatus
1781 926 1822 961 est
1844 950 1856 968 ‚
1881 930 2035 972 omnique
2059 929 2213 963 alimento
2249 929 2436 972 prohibitus
2464 956 2474 964 .

1456 974 1578 1008 Tertio
1602 972 1716 1006 inediae
1740 971 1794 1005 die
1818 970 2009 1005 convulfivis
2043 972 2187 1007 motibus
2219 982 2294 1006 toto
2332 985 2470 1016 corpore

1455 1018 1571 1051 tentari
1594 1016 1697 1058 coepit
1722 1013 1822 1049 modo
1834 1014 2147 1056 vehementioribus,
2172 1016 2272 1049 modo
2286 1017 2474 1050 remissiori-

1454 1059 1532 1101 bus.
1555 1062 1620 1095 Die
1633 1069 1762 1103 --quarto
1773 1059 1919 1093 interiit.
2055 1061 2257 1095 VENTRE
2269 1071 2402 1102 aperto,
2419 1072 2474 1093 ve-

1452 1104 1549 1138 sicula
1573 1103 1661 1139 fellis
1684 1104 1813 1137 inventa
1837 1102 1878 1136 est
1899 1102 1964 1136 bile
1985 1102 2150 1138 abundans
2176 1129 2189 1140 ..
2287 1108 2292 1111 ”
2321 1104 2472 1140 Thorace

1448 1147 1593 1189 recluso,
1617 1147 1787 1190 pulmones
1809 1148 1842 1179 in
1865 1146 1964 1180 latere
1986 1148 2120 1182 dextero
2143 1147 2315 1190 nigerrima
2329 1149 2470 1190 oblonga

1447 1191 1571 1225 macula
1596 1191 1713 1228 tincti:
1736 1190 1843 1225 cordis
1866 1192 2015 1225 auriculae
2039 1191 2179 1224 multum
2191 1191 2333 1225 dilatatae
2356 1204 2372 1224 a
2394 1202 2472 1223 con-

1451 1244 1543 1269 creto
1565 1234 1740 1277 sanguine:
1764 1245 1832 1276 quo
1853 1236 1885 1266 ὃ(
1907 1234 2080 1268 ventriculi
2105 1244 2194 1267 erant
2217 1234 2304 1278 pleni
2319 1258 2326 1266 .
2352 1234 2412 1267 Sed
2436 1235 2470 1267 in

1450 1278 1602 1313 omnibus
1624 1288 1752 1321 quoque
1766 1275 1966 1320 -sanguiferis
1979 1276 2245 1319 vafispraeiertim
2256 1287 2361 1311 autem
2373 1279 2407 1310 in
2418 1288 2472 1309 ve-

1450 1324 1501 1357 nis
1524 1320 1689 1366 quidquid
1711 1329 1779 1354 erat
1802 1320 1987 1363 sanguinis,
2010 1329 2077 1354 erat
2099 1330 2285 1354 concretum
2299 1345 2310 1361 ,
2334 1330 2371 1354 ut
2395 1320 2471 1354 nus-

1448 1378 1547 1410 quam
1569 1367 1717 1400 inventus
1740 1364 1778 1398 fit
1803 1364 1945 1399 fluidus.
2078 1365 2231 1409 Denique
2253 1365 2364 1397 cranio
2387 1364 2472 1397 exse-

1448 1412 1505 1445 eto
1527 1409 1693 1444 cerebrum
1715 1417 1918 1452 compertum
1943 1407 1987 1442 est
2010 1407 2130 1448 molle,
2154 1411 2186 1442 δε
2209 1408 2381 1443 flaccidum
2407 1433 2417 1447 ,
2440 1408 2472 1440 i-

1447 1456 1583 1497 demque
1605 1452 1741 1486 necdum
1764 1452 1840 1486 satis
1863 1453 1898 1485 in
1921 1451 1999 1485 duas
2022 1450 2208 1486 substantias
2240 1450 2428 1485 distin6mm
2454 1473 2466 1489 ,

1444 1500 1500 1532 vix
1522 1508 1558 1532 ut
1583 1495 1932 1530 corticalisinternosci
1955 1494 2057 1538 posset
2081 1494 2299 1529 amedullari.
2326 1496 2466 1528 Utrum-

1468 1554 1506 1576 ue
1532 1542 1617 1575 auris
1640 1541 1863 1583 Tympanum,
1873 1539 2040 1582 pellucidae
2061 1537 2206 1582 gelatinae
2231 1539 2462 1584 plenu-m,Os-

1444 1585 1541 1620 ficula
1563 1583 1701 1619 habebat
1725 1585 1834 1617 exac'te
1856 1582 1988 1625 quidem
2022 1581 2227 1615 conformata
2242 1608 2252 1623 ,
2285 1582 2336 1616 sed
2359 1593 2463 1616 mem-

1443 1629 1629 1663 branaceam
1653 1628 1751 1660 etiam
1775 1636 1847 1661 tum
1871 1626 2046 1659 mollitiem
2073 1626 2245 1659 iervantia.

1485 1675 1517 1705 6.
1543 1673 1613 1709 Qui
1638 1679 1778 1703 mortem
1792 1668 2005 1712 praecesserant
2039 1677 2146 1702 motus
2157 1667 2335 1703 convulfivi
2350 1679 2465 1703 eorum

1441 1715 1662 1759 quadantenus
1685 1712 1801 1746 similes
1824 1712 1895 1748 sunt
1910 1738 1919 1753 ,
1943 1723 2024 1754 quos
2035 1712 2184 1745 Valsalva
2197 1712 2466 1747 animadverterat

1441 1769 1513 1793 ante
1536 1756 1681 1791 mulieris
1704 1756 1793 1790 illius
1816 1756 1877 1799 (t)
1898 1755 2027 1788 obitum
2048 1767 2120 1797 quae
2145 1755 2194 1788 sex
2205 1754 2272 1789 dies
2296 1755 2467 1798 cibo‚po-

1441 1812 1543 1845 tuque
1567 1802 1595 1835 se
1619 1799 1832 1834 abstinuerat.
1858 1800 1942 1840 Qae
1966 1810 2044 1831 vero
2066 1799 2100 1830 in
2123 1800 2379 1832 mortuocatulo
2391 1799 2464 1833 sunt

1440 1844 1657 1880 animadversa
1669 1869 1676 1882 ,
1689 1843 1836 1887 pleraque
1860 1842 1932 1876 sunt
1946 1840 2047 1876 foetus
2059 1844 2184 1884 magis,
2206 1853 2303 1885 qnam
2315 1843 2463 1877 animalis

1438 1890 1569 1932 propria
1593 1885 1681 1931 quod
1703 1886 1864 1929 jejunium
1887 1887 2109 1925 interemerit,
2131 1887 2285 1921 nonnulla
2308 1894 2412 1919 tamen
2426 1899 2465 1921 u—

1440 1932 1582 1975 triusque
1604 1930 1813 1971 communia,
1837 1938 1873 1963 ut
1896 1928 1983 1962 fellis
2007 1930 2122 1970 copia,
2146 1930 2267 1971 quippe
2290 1928 2422 1963 vesicula
2445 1943 2463 1965 a

1442 1975 1580 2009 flaccido
1602 1973 1805 2014 ventriculo,
1829 1974 2016 2016 proximove
2027 1971 2181 2005 intestino
2194 1972 2280 2006 haud
2293 1974 2459 2016 compres-

1441 2019 1493 2051 sa.
1519 2018 1578 2052 Sed
1602 2021 1635 2051 &
1657 2016 1821 2061 quidquid
1845 2016 1921 2049 bilis
1944 2028 1982 2049 ex
2004 2015 2148 2057 jecinore
2172 2015 2214 2049 ad
2236 2015 2385 2050 intestina
2408 2017 2461 2050 de-

1441 2061 1541 2102 fluit,
1574 2073 1613 2095 eo
1636 2063 1737 2102 magis
1761 2061 1795 2093 in
1819 2059 1871 2093 his
1904 2069 2034 2103 apparet
2059 2082 2072 2099 ,
2103 2058 2191 2102 quod
2228 2058 2462 2102 assumptorum

1440 2104 1569 2138 miscela
1594 2115 1657 2137 non
1680 2104 1826 2146 tegitur.
1849 2103 1920 2136 Nec
1946 2104 2030 2136 ratio
2054 2102 2179 2140 solum,
2203 2102 2255 2135 sed
2278 2104 2464 2139 observatio

1441 2159 1572 2191 quoque
1595 2147 1658 2181 hoc
1682 2145 1854 2181 confirmat
1877 2154 1946 2180 tum
1970 2148 2004 2179 in
2027 2146 2094 2180 illis
2117 2145 2217 2179 ferme
2227 2148 2381 2181 omnibus
2391 2149 2461 2181 ani-

1442 2191 1607 2225 mantibus
1630 2202 1708 2234 quas
1731 2189 1815 2224 fame
1839 2198 2003 2222 necaverat
2027 2188 2173 2234 Redit-is,
2196 2199 2233 2223 ut
2257 2201 2295 2225 ex
2318 2190 2461 2225 Caldefii

1435 2237 1504 2274 (u)
1530 2235 1718 2269 testimonio
1739 2233 1967 2276 cognoscimus
1991 2257 2000 2272 ‚
2024 2232 2094 2266 tum
2118 2234 2152 2266 in
2175 2232 2367 2269 hominibus
2391 2236 2461 2269 ine-

1434 2278 1488 2311 dia
1510 2278 1712 2321 absumptis,
1733 2277 1822 2320 quod
1848 2277 1959 2318 Peyeri
1984 2279 2064 2315 (x),
2079 2277 2229 2314 Pantoni‚
2249 2278 2315 2321 (y)
2347 2279 2461 2312 Halle-

1437 2322 1465 2354 ri
1490 2324 1560 2365 (z)
1601 2321 1786 2364 conjunctae
1820 2320 2076 2354 Observationes
2109 2319 2275 2355 ostendunt
2298 2345 2308 2354 .
2355 2323 2460 2356 Ratio

1437 2376 1565 2408 quoque
1590 2364 1737 2401 indicat,
1761 2365 1916 2406 quoniam
1943 2363 1981 2395 ab
2006 2364 2159 2397 diuturna
2182 2366 2291 2398 omnis
2326 2373 2423 2407 potus
2445 2388 2459 2406 ,

1435 2409 1567 2450 cibique
1590 2408 1798 2446 abstinentia,
1825 2407 1972 2449 corporis
1994 2404 2149 2440 humores
2171 2408 2318 2441 acerrimi
2341 2407 2424 2442 fiunt
2445 2432 2460 2450 ‚

1435 2450 1468 2484 δε
1492 2452 1531 2485 ad
1554 2452 1759 2494 putredinem
1784 2450 1944 2489 tendunt,
1967 2449 2061 2484 facile
2086 2449 2155 2482 fore
2172 2474 2185 2490 ‚
2207 2460 2243 2485 ut
2267 2463 2376 2485 eorum
2401 2454 2458 2495 qui

1432 2494 1539 2528 inedia
1562 2504 1715 2538 pereunt,
1739 2494 1888 2528 cadavera
1911 2493 2086 2535 gravissime
2107 2493 2460 2536 oleant,quemadmo-

1433 2538 1511 2572 dum
1536 2550 1552 2571 a
1574 2538 1800 2571 Celeberrimo
1823 2537 1986 2578 Scriptore
1998 2548 2071 2569 cum
2093 2535 2131 2569 de
2153 2535 2345 2572 hominibus
2359 2548 2456 2578 ,tum

1433 2581 1612 2624 praesertim
1636 2581 1674 2615 de
1696 2581 1831 2615 canibus
1854 2578 2009 2612 traditum
2034 2579 2077 2612 est
2100 2592 2110 2612 ι
2147 2579 2235 2621 quod
2259 2582 2421 2616 indicium
2445 2606 2459 2624 ‚

1438 2625 1478 2659 ad
1502 2626 1562 2658 alia
1585 2625 1757 2661 additum,
1803 2622 1889 2657 haud
1912 2623 2028 2656 inutile
2053 2621 2203 2666 profe&o
2226 2623 2298 2658 esset
2318 2636 2382 2659 non
2407 2626 2458 2660 so-

1437 2669 1506 2702 lum
1530 2669 1607 2702 scire
1630 2667 1796 2703 aventibus
1821 2678 1859 2700 an
1883 2666 2008 2710 aliquos
2032 2665 2182 2700 homines
2204 2666 2363 2710 jejunium
2388 2681 2458 2703 ma-

1438 2713 1509 2754 gis,
1535 2723 1573 2746 an
1596 2712 1726 2746 morbus
1750 2710 1933 2749 sustulerit5
1959 2721 2067 2744 verum
2090 2712 2189 2743 etiam
2211 2712 2373 2746 interdum
2387 2722 2457 2751 ‚ut

1434 2756 1552 2797 video,
1573 2755 1800 2790 dubitantibus
1814 2779 1824 2794 ,
1849 2765 1887 2786 an
1901 2764 1993 2787 canes
2005 2753 2138 2796 quidam
2161 2755 2342 2794 exinedia5
2365 2769 2403 2790 an
2414 2768 2454 2791 ex

1437 2799 1596 2833 institutis
1619 2799 1843 2842 experimentis
1867 2795 1927 2831 sint
1953 2799 2096 2831 mortui.
2122 2798 2183 2831 Sed
2205 2810 2263 2832 nos
2287 2799 2355 2833 hkaec
2369 2801 2455 2838 aliis,

1438 2843 1617 2886 periculum
1641 2842 1793 2881 fafituris,
1816 2841 2157 2888 modorelinquentes,
2181 2842 2305 2886 aliaque
2328 2843 2455 2884 insuper

1439 2896 1683 2929 praetereuntes,
1706 2887 1741 2920 in
1764 2897 1802 2919 eo
1822 2883 1909 2929 quod
1932 2885 2154 2927 promisimus,
2178 2885 2450 2921 insistamus.Ca-

1436 2941 1490 2965 nes
1512 2942 1593 2974 quos
1618 2930 1738 2964 Redius
1762 2928 1826 2971 (a)
1848 2931 1938 2961 omni
1963 2925 2172 2971 prohibuerat
2193 2930 2292 2971 cibo,
2316 2933 2455 2973 &potih

1437 2974 1583 3019 quandiu
1607 2973 1648 3007 fic
1671 2974 1811 3006 vixerint
1825 2996 1834 3011 ‚
1854 2982 1893 3005 ex
1915 2983 1952 3004 eo
1974 2972 2137 3014 intelliges
2157 2973 2245 3014 quod
2271 2975 2373 3017 aliqui
2414 2975 2453 3008 ad

1432 3019 1570 3062 triginta
1592 3027 1755 3060 quatuor,
1781 3016 1881 3058 aliqui
1894 3014 1933 3063 ³,d
1944 3016 2080 3063 triginta
2092 3015 2141 3049 sex
2154 3019 2353 3058 pervenerint
2368 3016 2451 3058 dies,

1433 3073 1546 3106 parvus
1570 3070 1677 3094 autem
1700 3060 1843 3098 catulus,
1865 3060 2101 3106 nili-vigesimo
2122 3060 2261 3102 quineto
2294 3061 2345 3095 die
2359 3060 2388 3094 se
2412 3072 2452 3096 ex

1435 3105 1579 3140 altiffima
1602 3103 1733 3138 fenestra
1747 3102 1981 3146 praecipitasset,
1996 3103 2100 3149 plures
2122 3102 2382 3139 aliosvidebatur
2393 3102 2451 3138 esse

1434 3150 1577 3183 victurus
1592 3173 1600 3181 .
1625 3149 1748 3191 Verum
1770 3145 1824 3180 hic
1849 3156 1885 3180 ut
1909 3157 2024 3189 parvus
2046 3146 2117 3187 esset
2129 3148 2273 3188 catulus,
2297 3151 2361 3182 nnn
2384 3158 2451 3182 erat

1434 3202 1541 3227 tamen
1564 3190 1663 3225 modo
1685 3199 1797 3231 natus,
1821 3200 1857 3224 ut
1880 3190 1907 3223 is
1929 3192 1987 3233 qui
2009 3215 2019 3230 ‚
2052 3189 2202 3224 Valsalva
2232 3192 2417 3225 observante
2437 3215 2452 3232 ,

1433 3244 1588 3279 quartum
1610 3234 1754 3278 superare
1778 3245 1842 3267 non
1866 3235 1979 3276 potuit
2002 3234 2089 3267 diem
2111 3258 2119 3266 .
2158 3234 2319 3277 Equidem
2352 3237 2450 3269 miras

1434 3280 1492 3313 esse
1516 3277 1604 3322 posse
1625 3279 1659 3311 in
1682 3277 1733 3312 his
1755 3278 1846 3312 rebus
1869 3277 2058 3317 varietates,
2082 3289 2120 3311 eo
2144 3277 2297 3312 libentius
2320 3277 2451 3318 fateor,

1432 3335 1498 3367 quo
1521 3323 1622 3365 magis
1641 3330 1712 3363 tot,
1736 3323 1844 3355 &tam
1856 3322 1940 3353 varia
1953 3321 2096 3364 exempla
2120 3322 2367 3364 attendolongae
2381 3322 2450 3354 ine-

1424 3367 1564 3409 diae‚que
1576 3367 1614 3399 ab
1627 3365 1822 3399 Doctiffimo
1831 3365 1916 3398 Viro
1930 3364 2082 3397 Beccario
2090 3364 2137 3404 (b)
2151 3364 2317 3400 &erudite
2329 3363 2451 3407 produ·

1433 3412 1483 3444 &a
1494 3409 1615 3450 sunt‚&
1627 3409 1800 3451 diiigenter
1815 3407 2071 3451 penfitata.111ud
2083 3417 2201 3448 tamen,
2211 3407 2234 3442 fi
2244 3420 2341 3451 quarn
2354 3408 2449 3442 raris-

1432 3452 1525 3488 fimas
1535 3451 1684 3497 quasdam
1697 3453 1836 3496 excipias
1848 3462 1967 3493 rerum,
1979 3454 2012 3485 &
2024 3462 2194 3494 corporum
2205 3452 2449 3531 constitqtiones

2345 3504 2407 3529 atis

372 3582 2418 3603 mmm

451 3687 457 3693 “
471 3687 485 3715 )
502 3688 656 3714 Confideraz.
674 3686 721 3712 int.
739 3689 790 3712 alla
805 3693 918 3717 generaz.
934 3685 972 3720 ἀρ’
982 3687 1059 3711 vermi
1072 3703 1080 3712 .
1140 3684 1203 3715 (k)
1219 3683 1279 3709 Obs.
1299 3692 1335 3709 η.

509 3720 573 3745 Obs.
591 3722 663 3743 Anat.
678 3725 698 3741 ¹.
715 3717 739 3741 8<
754 3726 778 3746 7.
843 3718 850 3745 (
868 3725 880 3740 o
897 3717 911 3745 )
928 3716 1024 3742 Differt.
1041 3719 1118 3742 Anat.
1134 3717 1231 3739 Renov.
1253 3723 1275 3739 1.
1294 3745 1299 3749 ,

514 3751 568 3776 vid.
587 3748 637 3776 ejus
657 3749 741 3774 vitam
757 3747 819 3776 apud
836 3749 911 3771 Corn.
930 3750 1021 3776 Nepot.
1088 3749 1095 3771 ί
1109 3755 1121 3769 ν
1137 3747 1151 3774 )
1167 3746 1261 3770 Oiierv.
1280 3750 1325 3769 cit.

510 3782 570 3806 ΟΜ.
587 3789 607 3808 7.
628 3780 672 3804 cit.
691 3778 759 3806 supra
776 3779 804 3801 ad
822 3786 848 3801 n.
865 3786 889 3805 4.
953 3779 966 3807 ζ
983 3786 996 3806 y
1014 3779 1026 3805 >
1044 3778 1101 3801 Diis.
1119 3776 1180 3800 ibid.
1198 3777 1238 3800 cit.

509 3812 631 3839 Osiena-⁷..
648 3811 693 3835 tit.
709 3809 776 3837 supra
792 3807 822 3832 ad
844 3815 867 3832 n.
885 3816 908 3837 ⁴·

1338 3716 1382 3745 (P

413 3686 431 3838 ἕ

1303 3777 1311 3804 (
1329 3785 1347 3803 z
1363 3744 1658 3804 )(εζ)13ἐξι’ξ.ιίωιεεὶ.
1679 3773 1701 3802 §.
1722 3774 1758 3800 98.
1776 3778 1829 3796 not.
1845 3780 1870 3796 2.
1890 3774 1911 3796 δι
1929 3771 2019 3801 Opust.
2037 3772 2135 3797 Pathol.
2152 3771 2211 3796 Obs.
2227 3779 2265 3800 ²⁴-

971 3809 985 3837 (
1002 3807 1015 3832 h
1032 3809 1045 3837 2
1061 3808 1114 3833 vid.
1132 3808 1161 3832 de
1177 3809 1272 3832 Bonon-
1289 3808 1326 3830 Sc.
1344 3807 1419 3831 Aead.
1436 3808 1469 3831 T.
1486 3813 1508 3831 2.
1526 3806 1552 3831 Β.
1574 3812 1592 3829 ι.
1610 3804 1672 3827 inter
1689 3802 1788 3827 Medica
1803 3819 1808 3826 -

1399 3683 1434 3714 (l
1454 3683 1468 3712 )
1483 3681 1539 3707 Vitl.
1560 3680 1687 3710 Sepulchr.
1704 3681 1720 3705 l.
1740 3689 1761 3710 3.
1778 3682 1802 3705 S.
1824 3687 1859 3704 ιο.
1875 3680 1933 3704 Obs.
1954 3687 1976 3704 1.
2039 3680 2049 3709 (
2067 3687 2093 3704 m
2108 3680 2123 3710 )
2139 3678 2198 3704 ΟΜ.
2215 3679 2252 3705 18.
2273 3678 2297 3709 §.
2317 3686 2338 3703 1.
2357 3678 2411 3703 &2-

1403 3717 1410 3746 J
1427 3715 1550 3739 Oiiervaz.
1567 3712 1611 3736 int.
1631 3711 1677 3740 agli
1695 3711 1793 3745 animali
1811 3710 1900 3735 viventi
1916 3713 1961 3735 ἃς.
2163 3740 2169 3744 .

1591 3743 1607 3772 (
1622 3748 1632 3765 t
1648 3747 1658 3769 >
1675 3743 1747 3770 Epist.
1766 3750 1802 3769 17-
1820 3750 1842 3765 n.
1862 3748 1900 3770 ²5-
1963 3742 2005 3770 (u)
2021 3740 2146 3765 Offervaz.
2162 3746 2206 3765 int.
2215 3740 2263 3765 alle
2280 3737 2444 3768 Tartarughe.
