2498 4075
364 218 480 257 melius
503 217 557 264 effe
579 227 638 261 pus
662 224 673 257 3
703 215 732 261 fi
754 214 837 250 nihil
857 212 941 254 olet,
974 220 1087 247 verum
1111 209 1208 243 etiam
1231 220 1272 242 ex
1294 207 1366 249 ipfis

365 264 529 302 renibus,
563 271 665 303 eoque
690 270 767 293 mox
802 254 1133 303 commemoranda-.-
1157 252 1249 301 Nam
1281 250 1369 300 quod

360 306 522 344 viscidum
544 316 609 338 non
633 300 714 337 ,effer
737 302 971 340 sedimentum3
995 299 1134 331 inveniri
1157 291 1290 336 quidem
1320 304 1370 326 in-

363 350 493 386 terdum
516 348 614 383 etiam
637 347 671 378 in
697 346 828 379 renibus
852 345 990 379 maxime
1011 339 1134 374 viscida
1166 342 1180 378 (
1202 348 1238 371 ut
1261 339 1294 371 in
1317 337 1371 369 Se-

363 392 524 435 pulchreti
547 389 657 423 eadem
682 389 832 425 sectione
855 387 922 429 (q)
940 386 1202 424 >Verumtamen
1225 380 1311 415 haud
1334 391 1374 412 σ-

362 447 436 471 mne
459 446 516 478 pus
539 430 598 467 esse
622 431 806 471 viscidum‚
832 433 863 465 δέ
912 429 973 463 uod
997 438 1071 462 cum
1095 427 1197 460 urinis
1231 424 1375 467 glutino-

361 478 453 517 sum,
475 480 507 515 ,δε
528 486 624 512 tenue
649 475 806 518 ejicitur,
829 472 863 509 id
900 482 957 507 ane
983 471 1129 507 Medicos
1153 466 1376 509 Experientis-

362 522 458 557 {imos
482 522 533 563 (r
557 523 567 559 )
592 519 656 561 legi
682 516 815 556 vesicae,
837 526 901 549 non
926 515 1075 551 renibus,
1098 512 1275 546 tribuentes
1301 533 1313 549 ‚
1345 511 1375 541 &

367 563 556 602 Valsalvam
579 585 588 601 ,
620 560 866 600 disseftionibus
889 569 1019 601 quoque
1052 556 1202 591 edoctum
1229 554 1375 601 „rarius

365 606 567 642 consuevisse
593 606 634 641 ab
658 604 788 640 renibus
811 625 823 643 ‚
860 612 957 644 quam
982 613 998 634 a
1023 600 1165 643 partibus
1189 597 1339 639 subjectis
1365 618 1375 632 ‚

366 659 515 693 repetere
539 673 548 685 ρ
586 650 670 684 Quae
695 656 732 680 ut
754 646 863 681 omnia
893 644 1222 687 praetermitterentur
1246 653 1256 679 3
1290 637 1374 673 haud

369 703 479 731 tamen
501 691 653 727 oblivisci
680 702 731 725 me
755 687 840 731 posse
874 698 928 722 aut
953 688 1027 722 Viri
1062 688 1148 720 illius
1171 709 1181 724 ,
1215 695 1269 718 aut
1291 684 1374 717 Prae-

365 737 444 772 {ulis
460 759 472 777 ,
495 747 637 780 quorum
661 733 812 768 historias
844 731 1043 774 reliquissent
1068 729 1162 764 nobis
1185 727 1375 764 Benedifius

368 781 543 816 Silvaticus
569 783 578 818 (
597 778 675 825 s),
697 779 729 812 Ec
752 774 876 810 Laelius
900 787 916 808 a
939 775 1041 810 Fonte
1064 772 1149 815 (t)
1171 781 1238 805 tam
1262 770 1374 805 nostrae

365 823 485 861 similes
509 833 605 864 quam
630 822 745 864 aquarn
771 827 862 861 aquae
894 821 908 857 (
930 827 965 851 ut
991 826 1157 860 propterea
1192 818 1247 852 vix
1269 813 1374 848 crede—

368 877 436 902 rem
464 890 473 905 ‚
505 866 540 903 in
563 874 630 899 tam
656 865 779 905 agitata
802 861 1023 898 controversia
1056 860 1096 894 ab
1129 859 1258 895 nemine
1281 867 1293 896 ,‘
1325 857 1374 890 uti

371 910 492 947 certior
517 907 622 950 postea
646 907 752 945 fastus
775 904 867 945 sum,
891 914 962 938 ante
987 916 1037 938 me
1060 902 1151 937 fuisse
1175 912 1375 937 commemo-

366 963 471 987 ratas.
491 952 509 995 )
535 953 571 984 In
596 960 733 992 utroque
756 949 842 982 enim
865 947 998 983 illorum
1022 958 1108 989 aegro
1131 945 1217 989 signa
1241 942 1374 989 praeces-

369 997 473 1032 serant
498 995 583 1029 renis
608 994 737 1027 alterius
760 990 822 1024 laefi
838 1017 847 1031 ,
871 992 1067 1034 aderantque
1089 1015 1098 1029 ,
1122 999 1158 1023 ut
1183 991 1217 1026 in
1241 989 1375 1027 nostin,

365 1042 398 1073 &
422 1040 505 1074 lenta
528 1037 626 1075 febris
653 1059 662 1079 ,
687 1038 717 1071 &
741 1035 877 1069 macies.
902 1035 956 1069 Ab
980 1045 1119 1076 utroque
1141 1035 1241 1068 urinae
1265 1031 1375 1065 redde-

367 1082 485 1121 bantur
509 1092 647 1123 quarum
673 1079 885 1114 sedimentum
909 1089 975 1111 non
1000 1077 1120 1111 foetens
1145 1103 1156 1118 ,
1187 1087 1254 1111 non
1279 1075 1377 1108 visci-

367 1127 447 1159 dum
469 1149 482 1167 ,
518 1125 570 1159 sed
595 1123 768 1159 inodorurn
793 1147 802 1163 ,
834 1125 866 1156 &
890 1121 1027 1159 fluidum
1051 1142 1061 1158 ‚
1094 1121 1142 1154 lac
1166 1120 1272 1162 ipsum
1297 1118 1378 1152 refe-

365 1169 456 1204 rebat
481 1193 488 1201 .
526 1169 602 1211 Hoc
635 1167 693 1204 esse
739 1177 796 1207 pus
828 1164 868 1199 ab
907 1166 1038 1201 renibus
1059 1161 1204 1198 defluens
1227 1185 1236 1201 ‚
1271 1161 1380 1199 Medi-

365 1223 421 1247 cus
445 1213 500 1246 ille
524 1221 658 1255 uterque
690 1208 868 1244 affirmabat
893 1232 900 1240 .
937 1207 1113 1250 Negabant
1135 1228 1148 1248 ,
1179 1207 1212 1239 in
1238 1206 1374 1247 Episco-

367 1267 412 1298 po
439 1256 616 1295 praesertim
641 1276 650 1292 ,
684 1253 740 1288 alii
766 1278 773 1289 .
808 1251 969 1290 Disseftio
992 1259 1100 1285 autem
1124 1272 1133 1288 ,
1172 1251 1257 1283 renis
1289 1250 1376 1282 illius

366 1298 580 1336 :substantiam
604 1307 662 1336 aut
697 1295 899 1335 absumptam
923 1320 932 1334 ,
967 1304 1022 1328 aut
1060 1290 1198 1327 abscessu
1232 1291 1376 1333 perfora-

367 1351 435 1376 tam
459 1342 623 1376 ostendens
646 1365 654 1379 ‚
692 1351 751 1380 pro
784 1337 1019 1375 affirmantibus
1044 1337 1133 1371 stetit
1156 1361 1164 1369 .
1197 1336 1283 1380 Quae
1318 1336 1374 1369 etsi

364 1385 635 1422 commemoranti
660 1382 796 1416 similior
820 1382 967 1417 dicebam
992 1405 1000 1418 ,
1034 1392 1132 1424 quam
1156 1382 1375 1421 pronuncian-

364 1430 392 1463 ti
417 1454 425 1470 ,
449 1429 504 1466 etsi
528 1428 644 1472 judicii
667 1425 891 1464 difficultatem
915 1426 948 1457 in
973 1426 1094 1459 abditis
1117 1424 1308 1459 morborum
1333 1423 1384 1456 se·-

364 1473 459 1508 dibus
483 1481 637 1508 naturave
670 1469 842 1506 statuendis
876 1469 1078 1504 inculcabam
1102 1491 1112 1507 ,
1145 1477 1201 1499 nec
1235 1478 1284 1504 me
1307 1467 1377 1508 plus

368 1517 476 1561 sapere
500 1526 599 1559 quam
624 1523 674 1550 tot
700 1513 754 1546 alii
777 1513 836 1555 qui
862 1513 1082 1554 superioribus
1105 1510 1216 1543 diebus
1248 1510 1377 1543 consul-

363 1563 394 1598 ti
419 1561 544 1597 fuerant
575 1584 582 1598 ,
608 1556 782 1601 profitebar
807 1567 817 1596 ς
852 1564 958 1589 tamen
983 1567 1021 1589 ex
1044 1554 1223 1588 Nobilibus
1246 1557 1278 1590 ,δε
1301 1552 1377 1590 Βο-

365 1607 425 1639 ξὲίε
447 1627 459 1645 ,
482 1604 540 1646 qui
564 1614 628 1635 non
652 1601 746 1644 pauci
769 1599 899 1633 aderant
922 1623 935 1639 ,
958 1599 1052 1634 Viris
1075 1598 1198 1633 nemini
1220 1618 1233 1636 ,
1265 1606 1302 1630 ut
1326 1597 1377 1630 di-

365 1650 399 1687 xi
427 1674 435 1689 ‚
458 1659 555 1690 quarn
579 1647 611 1680 in
636 1654 759 1686 partem
784 1653 871 1678 meus
895 1641 1104 1684 propenderet
1127 1641 1251 1675 animus
1274 1663 1287 1680 ,
1320 1652 1377 1674 oc·-

366 1693 492 1729 cultum
516 1690 580 1727 fuit
605 1712 612 1721 .
637 1687 757 1731 Neque
782 1688 903 1719 mortui
929 1685 998 1728 post
1023 1683 1155 1727 aliquod
1178 1693 1304 1724 tempus
1326 1695 1375 1720 re-

372 1736 496 1777 fragata
530 1732 679 1769 disseStio
713 1730 756 1766 est
780 1750 791 1769 ‚
826 1739 880 1772 per
910 1739 1007 1771 quam
1031 1753 1039 1765 ‚
1073 1727 1197 1762 tametsi
1234 1726 1302 1760 fuit
1334 1728 1375 1760 ab

365 1777 508 1823 ignobili
531 1774 701 1816 chirurgo
734 1772 818 1806 clam
851 1770 1088 1814 propemodum
1120 1771 1268 1805 instituta
1292 1793 1300 1807 ,
1333 1769 1374 1804 sic

365 1824 443 1859 satis
467 1818 673 1867 postmodum
698 1815 845 1851 auditum
869 1815 913 1849 est
936 1838 947 1853 ‚
980 1826 1086 1851 renem
1122 1813 1228 1850 affesti
1264 1812 1372 1849 lateris

369 1866 577 1907 semiputrern
600 1863 769 1895 inventum
802 1856 862 1893 esse
885 1881 899 1899 ‚
934 1860 966 1891 &
997 1858 1035 1892 ad
1070 1857 1220 1899 exiguam
1255 1857 1376 1894 molem

372 1910 535 1946 redafium
560 1932 567 1939 .
603 1904 705 1945 Qud
728 1901 784 1937 etsi
807 1912 919 1942 eorum
945 1900 1073 1936 silentio
1095 1911 1236 1944 quorum
1260 1901 1377 1933 intere-

369 1963 419 1990 rat
463 1953 556 1990 aliter
599 1948 724 1988 credi,
766 1945 1015 1988 comprobatum
1051 1943 1128 1981 est3
1159 1953 1265 1978 tamen
1301 1943 1378 1985 quia

369 2009 429 2032 nec
473 1994 540 2037 ipse
584 1992 654 2027 vidi
677 2013 691 2032 ,
734 2000 791 2023 nec
837 1999 983 2022 meorum
1028 1987 1199 2030 quisquam
1243 1986 1378 2020 sestioni

368 2038 524 2119 integfuit
549 2063 559 2080 ‚
605 2045 672 2069 non
716 2033 822 2071 visum
854 2031 896 2071 est
928 2030 984 2069 hic
1013 2042 1072 2079 pro
1103 2040 1193 2069 certo
1228 2030 1287 2066 effe
1318 2040 1378 2076 pa.

370 2096 431 2121 nen
459 2093 513 2119 um
527 2107 536 2119 ,

413 2138 468 2172 45.
493 2128 604 2168 Atque
626 2122 695 2161 haec
716 2121 866 2158 Patavii.
890 2119 1045 2156 Veneriis
1066 2128 1172 2156 autem
1196 2118 1279 2152 inter
1302 2128 1383 2163 pau-

375 2174 477 2205 ciores
501 2166 719 2204 controversia
743 2166 841 2202 altera
863 2163 944 2200 olim
981 2162 1085 2198 fuerat
1107 2184 1120 2203 ‚
1152 2161 1292 2197 Abbatis
1325 2172 1381 2194 cu-

371 2215 495 2260 jusdam
518 2213 618 2246 urinae
644 2210 797 2252 sanguine
818 2230 831 2248 ,
865 2216 902 2243 ut
926 2206 1121 2240 videbantur
1145 2230 1155 2244 ,
1188 2216 1295 2240 revera
1329 2206 1381 2239 in!

372 2260 461 2294 sees-e
484 2255 614 2295 essent,
645 2264 744 2289 necne
767 2277 775 2286 .
810 2251 878 2284 Res
916 2249 1017 2286 ferme
1049 2249 1161 2286 similis
1194 2258 1260 2285 erat
1293 2247 1381 2284 illius

374 2314 446 2348 quae
471 2299 580 2335 eadem
604 2295 805 2341 Sepulchreti
827 2294 991 2328 XXVIII.
1017 2293 1163 2329 Seffione
1184 2294 1198 2333 (
1219 2303 1238 2325 u
1262 2295 1273 2332 )
1307 2302 1381 2334 pro-

374 2345 478 2391 posita
501 2343 543 2378 est
566 2354 581 2383 ;
614 2340 740 2383 sanguis
765 2339 851 2375 enim
874 2340 908 2371 in
932 2337 1016 2374 lotio
1039 2337 1089 2371 vel
1111 2337 1234 2371 diutius
1257 2335 1382 2369 servato

376 2401 443 2424 non
479 2385 662 2422 subsidebat
688 2408 695 2415 .
732 2382 911 2416 Consultus
935 2405 944 2420 ‚
976 2380 1086 2417 auecor
1119 2379 1166 2415 fui
1190 2403 1204 2420 ,
1237 2388 1274 2412 ut
1308 2379 1382 2420 igne

381 2430 547 2475 supposito
572 2427 752 2470 periculum
786 2424 961 2461 facerent3
997 2424 1041 2457 fic
1077 2425 1164 2456 enim
1196 2422 1383 2464 sanguinem

379 2476 474 2512 facile
498 2472 584 2517 posse
608 2472 695 2505 coire
716 2492 726 2507 ,
751 2468 846 2511 seque
870 2491 879 2505 ‚
902 2466 923 2500 fi
948 2465 1054 2511 reapse
1078 2464 1215 2504 inesset,
1238 2465 1382 2498 ostende-

377 2532 413 2555 re
438 2545 446 2552 .
482 2520 595 2559 Itaque
630 2526 668 2549 eo
692 2511 836 2558 periculo
860 2509 950 2543 facito
976 2534 985 2549 ,
1015 2507 1231 2544 controversia
1264 2508 1385 2542 direm-

378 2574 435 2607 pta
459 2561 501 2595 est
526 2586 533 2594 .
557 2560 723 2593 Caeterum
747 2553 915 2598 quomodo
939 2564 994 2595 per
1018 2553 1125 2588 album
1151 2553 1292 2586 linteum
1313 2573 1327 2590 ,
1349 2551 1383 2586 in

380 2602 615 2649 ejusdemmodi
640 2601 766 2633 urinam
790 2595 995 2635 immersum,
1020 2598 1052 2629 ἃ
1077 2606 1154 2631 mox
1177 2594 1382 2633 exsiccatum,

378 2649 468 2688 idem
490 2644 651 2690 quaesierit
673 2643 726 2675 Cl.
754 2643 979 2681 Burgmannus
1011 2642 1024 2677 (
1046 2649 1067 2672 x
1087 2643 1101 2679 )
1127 2664 1136 2678 ,
1169 2641 1202 2671 δεῖ
1232 2637 1311 2680 quid
1334 2638 1385 2671 10-

383 2706 424 2728 co
448 2691 611 2737 sanguinis
636 2710 645 2726 ‚
680 2688 712 2722 δε
734 2696 797 2727 qua
830 2684 956 2717 ratione
988 2683 1147 2717 invenerit
1170 2680 1385 2715 Schelarnerus

379 2737 472 2782 (y)
497 2756 506 2773 ,
539 2736 570 2770 ἃ
600 2728 769 2774 quomodo
804 2727 838 2759 in
871 2725 1066 2770 quibusdam
1092 2725 1218 2769 sanguis
1242 2737 1280 2758 ex
1303 2725 1387 2758 veii-²

380 2791 426 2817 cae
462 2773 758 2816 haemorrhoidibus
789 2769 962 2808 secundum
993 2769 1136 2804 Caeliurn
1169 2769 1386 2804 Aurelianum

383 2826 476 2866 (z)
512 2821 552 2858 sit
583 2816 771 2862 repetendus
795 2837 805 2854 ‚
842 2811 898 2846 etsi
933 2813 972 2846 de
1003 2813 1066 2849 hoc
1096 2811 1164 2848 fuse
1200 2811 1239 2846 ad
1279 2811 1391 2845 Praecl.

383 2869 516 2903 Seraum
541 2888 550 2900 ,
584 2873 644 2906 pro
667 2860 786 2895 Nobili
820 2867 908 2900 aegro
931 2856 1153 2902 Neapolitano
1185 2856 1219 2888 in
1243 2855 1393 2888 Medico-

385 2920 459 2947 rum
483 2906 610 2944 dissidio
635 2903 855 2939 consulentem
878 2923 892 2940 ‚
926 2899 1075 2942 respondi
1100 2924 1109 2939 ,
1141 2901 1175 2934 in
1209 2898 1260 2935 bis
1293 2899 1392 2933 inodo

388 2950 589 2988 edifferendis
613 2958 645 2983 te
666 2959 730 2983 non
754 2942 912 2980 morabor
934 2954 948 2984 ‚·
979 2943 1030 2977 sed
1056 2952 1091 2977 ut
1114 2953 1195 2986 quos
1227 2942 1355 2976 laudavi
1381 2964 1391 2979 ‚

389 2995 548 3036 inspicias
571 3015 584 3033 ‚
628 2995 658 3026 δι
690 2990 730 3023 de
762 2991 802 3023 iis
834 2986 1132 3029 haemorrlioidibtis
1164 2985 1393 3020 Doetiffimum

393 3035 622 3076 Helwichium
661 3034 711 3078 (⁹‘
733 3035 746 3071 )
778 3033 861 3073 legas
885 3056 895 3071 ,
934 3031 1043 3071 potius
1073 3030 1233 3066 hortabor
1257 3054 1265 3062 .

390 3084 480 3117 Cum
503 3091 581 3115 vero
605 3079 642 3112 in
665 3075 772 3111 eadem
795 3084 890 3116 quam
915 3074 1013 3116 paulo
1037 3084 1109 3108 ante
1133 3071 1316 3115 designavi,
1341 3074 1394 3105 Se«

394 3126 503 3160 &ione
527 3127 541 3166 (
561 3123 604 3142 Η
626 3125 640 3164 )
663 3120 749 3161 leges
763 3143 772 3158 ,
795 3118 910 3152 teretia
931 3128 1069 3160 corpora
1094 3115 1317 3152 vermiformia
1331 3139 1339 3153 ‚
1364 3119 1394 3151 ἃς

390 3177 522 3204 cruenta
547 3178 564 3200 a
585 3164 725 3209 quadam
758 3160 866 3196 Vidua
899 3171 997 3202 quani
1032 3160 1245 3197 acerbiffimus
1268 3160 1394 3193 lumbo-

391 3223 464 3249 rum
487 3211 581 3246 dolor
603 3207 769 3245 cruciabat
792 3227 801 3242 ,
832 3203 927 3238 firmil
961 3215 1033 3238 cum
1059 3205 1141 3238 lotio
1165 3202 1258 3238 fuisse
1289 3202 1396 3237 reddi-

393 3265 429 3290 ta
452 3267 466 3293 ,5
499 3264 612 3289 eorum
636 3250 819 3287 substantiae
851 3248 1030 3283 accuratius
1061 3258 1192 3282 examen
1217 3248 1359 3290 requires
1382 3270 1391 3285 ‚

394 3310 449 3342 per
471 3296 559 3341 quod
593 3305 743 3339 apparere
778 3289 878 3337 pos-set
902 3313 912 3328 ‚
946 3302 979 3324 ea
1015 3292 1123 3336 potius
1160 3302 1258 3334 quam
1281 3299 1396 3324 teretes

397 3340 479 3377 exesi
506 3352 521 3373 a
545 3350 661 3373 cancro
684 3339 768 3372 renis
793 3335 965 3380 particulas
988 3356 1000 3373 ,
1034 3335 1087 3376 pol
1116 3334 1207 3376 posas
1231 3356 1239 3370 ‚
1269 3334 1303 3366 in
1326 3344 1395 3365 ure-

397 3394 463 3420 tere
486 3383 529 3419 fic
553 3382 707 3418 formatas
730 3402 742 3419 ‚
776 3379 995 3415 concretiones
1026 3344 1120 3414 fuisse
1143 3401 1153 3412 .
1184 3376 1272 3412 Nam
1306 3375 1394 3419 quod

989 130 1149 186 Liber
1181 126 1273 184 ΙΙΙ.
1306 126 1390 182 De
1423 122 1632 179 Morbis
1666 122 1880 175 Ventris

1419 205 1572 239 lumbrici
1597 203 1664 237 veri
1687 213 1751 235 non
1777 203 1898 236 fuerint
1923 225 1932 240 ,
1955 197 2204 235 Observationis
2227 212 2358 247 quoque
2381 200 2423 239 il-

1421 250 1483 283 lius
1507 248 1633 282 Λιιξὶοι·
1670 248 1806 288 agnovit
1831 260 1841 279 .·
1872 246 1928 287 qui
1962 242 2130 276 nisiinter
2163 244 2295 281 veficam
2318 270 2328 286 ,
2366 259 2423 284 aut

1421 291 1586 326 urethram
1608 297 1621 330 ,·
1644 292 1675 322 &
1698 289 1844 322 intestina
1871 289 1922 321 via
1946 295 2000 329 per
2023 286 2174 320 morbum
2208 298 2317 331 aperta
2348 291 2387 325 fit
2404 314 2422 330 a

1421 334 1693 378 quemadmodum
1719 333 1811 374 supra
1833 335 1847 373 (
1869 342 1887 363 α
1908 335 1923 372 )
1946 328 2126 363 indicatum
2150 331 2192 366 est
2214 354 2224 370 ,
2257 342 2331 366 curn
2354 335 2424 367 uri-

1425 380 1474 411 nis
1495 387 1580 411 certe
1604 377 1691 409 reddi
1715 387 1780 408 non
1804 375 1932 416 possunt
1956 398 1963 405 .
1983 372 2209 415 Quamobrem
2229 386 2304 409 cum
2327 375 2367 410 ad
2388 389 2423 411 e-

1426 421 1548 465 jusdem
1582 420 1739 453 §cetionis
1773 418 2045 451 Observationem
2077 419 2201 451 veneris
2222 419 2327 454 XXX.
2355 431 2422 462 qua

1426 477 1497 500 uvae
1541 466 1709 498 acinorum
1732 487 1741 502 ‚
1785 463 1817 494 δι
1860 460 2071 495 frustulorum
2117 460 2251 496 lactucae
2274 485 2287 503 ‚
2341 463 2424 498 alio.

1425 519 1560 550 rumque
1605 507 1755 540 ciborum
1799 505 1942 538 excretio
1986 508 2067 536 una‘
2091 514 2165 537 curn
2208 505 2310 540 urinis
2351 507 2425 540 ani-

1427 550 1589 587 madversa
1633 548 1831 592 proponitur
1852 559 1865 587 ,-
1919 547 2038 589 partim
2089 546 2247 589 majorem
2290 551 2423 584 cautio-

1426 607 1498 630 nem
1521 612 1537 633 ,0
1574 597 1606 627 δε
1651 592 1827 626 accuratius
1860 601 1991 625 examen
2034 590 2224 625 desiderabis
2246 613 2256 629 ‚
2301 594 2424 634 partim

1426 640 1522 673 etiam
1578 638 1735 678 quoniam
1788 636 1822 666 in
1868 645 1933 667 uno
1990 634 2089 667 vesica
2142 642 2215 668 tota
2259 636 2422 670 exulcera-

1426 692 1458 715 ta
1482 681 1572 715 fuisse
1595 681 1738 718 dicitur,
1761 678 1851 711 ulcus
1874 677 2004 718 aliquod
2028 677 2101 711 inde
2123 678 2156 711 in
2178 677 2355 720 quodpiam
2371 679 2424 712 in.

1425 727 1579 759 testinurn
1601 722 1805 767 pertinuisse,
1832 719 2039 761 suspicaberis
2056 747 2063 754 .
2089 721 2206 764 Neque
2227 723 2315 757 enim
2338 721 2425 756 diffi-

1424 770 1485 804 cile
1511 768 1553 801 est
1578 792 1586 806 ‚
1618 768 1665 800 ita
1688 766 1716 800 se
1739 765 1908 801 habentem
1933 764 2065 799 veficam
2092 776 2168 798 cum
2192 765 2343 807 proximo
2367 765 2426 799 ali-

1426 825 1494 857 quo
1517 811 1672 857 intestino
1691 808 1863 843 coalescere
1889 830 1899 844 2
1933 808 1963 841 &
1987 806 2028 842 sic
2051 816 2107 850 per
2128 810 2314 853 quampiam
2338 807 2426 842 ulce-

1427 856 1530 890 rosam
1555 854 1771 888 corrosionem
1806 850 1991 884 cuniculum
2024 852 2063 884 ab
2094 851 2150 885 illa
2173 852 2207 885 in
2229 851 2292 887 hoc
2316 853 2390 889 duci
2414 878 2422 886 .

1424 900 1500 939 Qua
1524 900 1648 932 ratione
1670 895 1812 937 intelligi
1840 891 1968 928 fortasse
2002 894 2106 936 potest
2129 916 2141 932 2
2173 896 2341 940 quomodo
2375 898 2424 932 vir

1424 944 1462 978 de
1485 953 1550 985 quo
1573 942 1612 975 ab
1634 941 1770 980 Yongio
1793 941 1806 977 (
1829 936 1848 969 b
1873 940 1883 975 )
1918 937 2071 978 scriptum
2104 939 2147 972 est
2173 963 2183 979 ,
2215 950 2290 974 cum
2325 939 2425 975 faecu-

1423 989 1512 1022 lenta
1535 987 1627 1019 urina
1652 986 1784 1025 exiguos
1807 981 1899 1024 passae
1921 991 1990 1013 uvae
2014 982 2142 1018 acinos,
2179 981 2422 1025 foliorumque,

1427 1044 1462 1065 ac
1485 1030 1630 1064 radicum
1653 1024 1849 1070 particulas,
1872 1024 1994 1066 aliaque
2016 1023 2170 1058 devorata
2186 1034 2203 1062 ‘,
2228 1038 2301 1060 cum
2323 1027 2424 1068 iisque

1429 1074 1544 1117 pilulas
1566 1072 1665 1111 duas,
1688 1072 1720 1103 in
1746 1070 1881 1111 longum
1905 1076 2107 1104 extenuatas,
2129 1069 2302 1104 reddiderit
2326 1095 2334 1103 .
2359 1069 2427 1103 Ni-

1432 1119 1550 1152 mirum
1584 1113 1741 1149 saeviffirni
1773 1113 1871 1147 colici
1905 1110 2033 1145 dolores
2067 1110 2286 1151 superioribus
2310 1115 2427 1149 menfi-

1429 1162 1489 1196 bus
1513 1158 1763 1196 antecesserant,
1787 1166 1823 1190 ut
1846 1167 1861 1188 a
1887 1155 1952 1187 veri
1976 1152 2187 1190 similitudine
2210 1167 2275 1191 non
2309 1157 2427 1192 abhor-

1427 1213 1493 1238 reat
1519 1227 1527 1242 ‚
1558 1202 1800 1237 inflammatum
1836 1199 1970 1239 aliquod
2005 1198 2195 1232 intestinum
2228 1212 2302 1235 cum
2325 1200 2426 1236 vesica

1427 1247 1596 1283 coalescere
1618 1267 1630 1286 ‚
1661 1248 1692 1279 &
1726 1253 1825 1286 parvo
1850 1242 1959 1283 aliquo
1983 1240 2118 1275 abscessu
2152 1240 2238 1277 saeco
2261 1267 2271 1283 ,
2306 1256 2364 1288 pus
2394 1248 2429 1280 in

1427 1290 1594 1331 utriusque
1617 1297 1732 1323 cavum
1756 1295 1942 1327 erumpere,
1965 1292 2173 1327 apertamque
2195 1289 2281 1323 inter
2303 1298 2430 1323 utrum-

1428 1347 1492 1378 que
1524 1332 1664 1368 fistulam
1697 1330 1877 1371 relinquere
1911 1328 2046 1369 potuisse
2071 1353 2079 1361 .
2115 1329 2204 1364 Nam
2240 1332 2330 1375 quod
2353 1344 2428 1369 cum

1428 1378 1580 1420 Yongius
1604 1376 1776 1410 advocatus
1801 1373 1861 1410 est,
1889 1375 1979 1405 urina
2003 1371 2084 1406 nihil
2108 1382 2203 1419 grave
2226 1376 2347 1415 oleret,
2373 1388 2430 1412 ne-

1428 1434 1490 1464 que
1514 1421 1665 1462 sanguis,
1689 1426 1743 1451 aut
1768 1428 1825 1460 pus
1848 1416 1922 1449 alvo
1944 1415 2134 1458 dejiceretur
2157 1441 2166 1455 ‚
2187 1429 2246 1453 nec
2269 1419 2431 1456 tenesmus

1429 1466 1506 1499 esset
1530 1489 1540 1504 ‚
1575 1474 1676 1506 neque
1700 1461 1819 1497 humor
1843 1461 1958 1493 unetus
1980 1482 1992 1498 ,,
2026 1470 2080 1501 per
2104 1459 2273 1504 clysterem
2304 1458 2431 1499 immis-

1428 1509 1478 1543 sus
1502 1531 1510 1546 ,
1534 1507 1590 1541 suo
1614 1507 1733 1541 lotium
1752 1506 1864 1538 colore
1887 1503 2032 1536 inficeret
2056 1515 2065 1536 ε
2097 1507 2432 1542 communicationem

1428 1551 1561 1594 quidem
1585 1552 1669 1585 inter
1692 1549 1846 1593 vesicam,
1870 1549 1903 1580 &
1929 1547 2068 1580 Rectum
2090 1572 2102 1589 ,
2136 1557 2191 1583 aut
2213 1548 2324 1584 Colon
2347 1552 2432 1587 inte-

1427 1597 1546 1630 stinum
1572 1595 1676 1627 minus
1708 1591 1897 1626 credibilem
1933 1591 2053 1624 merito
2096 1591 2156 1633 ipsi
2188 1593 2397 1629 reddiderunt
2420 1619 2433 1629 .

1427 1638 1681 1672 Credibiliorem
1706 1645 1811 1670 autem
1835 1632 1965 1667 fortasse
1988 1633 2153 1668 censuisset
2167 1660 2175 1676 ,
2197 1637 2221 1670 si
2243 1639 2329 1672 inter
2351 1637 2433 1671 vesi-

1428 1695 1520 1718 cam,
1543 1684 1573 1714 &
1597 1689 1718 1723 partem
1742 1680 1883 1720 aliquam
1909 1677 1984 1711 huic
2007 1679 2166 1718 attiguam
2189 1680 2250 1713 Ilei
2282 1681 2441 1715 intestini

1425 1725 1507 1771 esse,
1531 1721 1724 1766 concepisset
1745 1734 1759 1762 ,-
1792 1721 1982 1754 acerbiffimi
2006 1722 2091 1755 enim
2115 1723 2166 1756 illi
2188 1724 2245 1765 qui
2268 1723 2433 1766 praecesse-

1427 1779 1498 1804 rant
1514 1793 1523 1808 ,
1545 1768 1693 1809 dolores,
1715 1774 1751 1800 ut
1764 1764 1873 1800 Colici
1897 1764 2005 1799 vocati
2029 1763 2149 1810 essent,
2173 1766 2267 1801 Iliaci
2291 1767 2350 1802 esse
2373 1779 2434 1813 po-

1426 1820 1562 1849 tuerunt
1579 1835 1587 1844 .
2383 1814 2385 1816 ’

1469 1857 1524 1898 46.
1549 1853 1610 1888 Sed
1637 1852 1783 1887 foramen
1806 1850 1895 1894 quod
1919 1862 1935 1884 a
1959 1850 2059 1885 vesica
2083 1852 2118 1885 in
2141 1854 2336 1897 contiguum
2361 1854 2430 1888 Re.

1427 1900 1516 1934 &um
1540 1898 1728 1932 intestinum
1753 1905 1869 1938 praeter
1891 1904 2040 1929 naturam
2063 1896 2220 1939 pertineat
2244 1920 2254 1937 ‚
2290 1891 2335 1931 ut¹
2355 1896 2435 1931 faci-

1429 1943 1492 1979 lem
1517 1940 1620 1974 reddit
1645 1939 1897 1981 explicationem
1922 1938 1996 1972 lotii
2020 1950 2074 1979 per
2099 1951 2194 1974 anum
2218 1939 2338 1976 redditi
2359 1953 2369 1979 3
2392 1940 2435 1976 fic

1430 1984 1604 2028 aliquando
1627 1986 1681 2018 aut
1705 1984 1751 2016 ita
1774 1983 1807 2015 in
1833 1982 1971 2017 mortuis
1994 1981 2167 2018 obscurum
2192 1984 2234 2019 est
2255 2007 2269 2026 ,
2303 1993 2357 2018 aut
2392 1984 2435 2018 iic

1429 2031 1464 2062 in
1490 2028 1672 2063 viventibus
1696 2025 1828 2060 difficile
1851 2025 1977 2067 creditu
2000 2048 2009 2063 ‚
2046 2036 2082 2059 ut
2104 2027 2214 2061 eodem
2246 2028 2346 2062 modo
2379 2028 2436 2062 vix

1433 2084 1468 2108 ac
1492 2083 1531 2105 ne
1555 2074 1612 2105 vix
1634 2071 1766 2115 quidem
1790 2070 1883 2102 liceat
1907 2080 1972 2103 rem
1996 2068 2104 2112 hanc,
2127 2071 2164 2104 ad
2190 2071 2400 2114 penultimam
2423 2093 2435 2110 ‚

1432 2125 1468 2151 ut
1492 2114 1602 2155 vides,
1625 2125 1663 2149 ex
1686 2114 1881 2150 enumeratis
1906 2116 1916 2151 (
1938 2111 1987 2155 c)
2012 2113 2194 2150 Seetionem
2219 2117 2437 2156 attinentem,

1433 2158 1646 2204 probabiliter
1669 2158 1828 2201 explicare
1851 2180 1858 2189 .
1892 2156 1974 2190 Haec
1997 2168 2069 2198 quae
2092 2156 2167 2192 dico
2198 2160 2308 2193 omnia
2330 2170 2437 2194 exem·-

1434 2205 1495 2246 plis
1518 2201 1705 2236 declarabo.
1732 2201 1884 2242 Qorum
1910 2199 2162 2243 antiquiffimuin
2193 2214 2231 2236 ex
2254 2203 2439 2245 Praxagora

1434 2246 1478 2280 est
1502 2245 1655 2280 referente
1681 2244 1825 2287 :visum
1840 2242 1902 2287 fibi
1924 2243 2072 2291 quendam
2097 2246 2152 2287 qni
2170 2255 2226 2287 per
2243 2245 2346 2289 sedem
2369 2247 2440 2281 uri·

1434 2300 1505 2325 nam
1527 2287 1725 2331 merevilla,
1745 2286 2028 2333 supervixiſjetque
2046 2289 2136 2323 annis
2159 2290 2315 2323 duodecim
2339 2302 2347 2324 :
2381 2299 2440 2323 an-

1433 2344 1470 2367 ne
1493 2333 1588 2366 etiam
1606 2329 1753 2373 pluribus
1787 2330 1805 2370 (
1822 2330 1902 2371 quod
1934 2337 2009 2363 tunc
2040 2333 2189 2373 temporis
2214 2331 2276 2377 ipse
2297 2331 2441 2376 disceffis-

1428 2375 1479 2421 set
1503 2397 1513 2413 ‚
1548 2385 1600 2408 nec
1633 2374 1668 2407 de
1690 2384 1722 2407 eo
1745 2383 1912 2415 quicquam
1943 2372 2073 2416 audisset
2100 2374 2233 2419 postea)
2267 2377 2406 2418 ignorare
2428 2399 2440 2410 .

1435 2421 1560 2453 Locum
1583 2419 1669 2463 hunc
1695 2429 1732 2451 ex
1755 2416 1844 2452 Ruffi
1870 2416 1999 2460 Ephesii
2022 2417 2137 2451 libello
2160 2419 2194 2452 de
2216 2418 2319 2462 Veficae
2342 2442 2352 2458 ,
2378 2422 2439 2458 Re-

1434 2472 1566 2502 numque
1588 2459 1772 2503 Affeffibus
1794 2461 1808 2497 (
1831 2460 1850 2492 d
1870 2463 1884 2499 )
1907 2461 1953 2494 ita
1979 2461 2148 2504 descripsi,
2181 2473 2217 2496 ut
2240 2465 2273 2496 in
2298 2463 2437 2498 Henrici

1436 2504 1589 2548 Stephani
1611 2504 1767 2538 Editione
1799 2503 1918 2546 legitur
1943 2503 2080 2539 Medicae
2104 2506 2198 2541 Artis
2221 2507 2406 2547 Principum
2428 2528 2455 2547 ,-

1436 2559 1532 2589 quem
1556 2546 1704 2583 libellum
1728 2547 1826 2580 latine
1851 2546 2010 2582 redditum
2034 2557 2141 2584 extare
2163 2571 2173 2587 ,
2201 2560 2264 2582 non
2289 2549 2441 2584 videntur

1438 2590 1636 2641 Lindenius,
1660 2587 1921 2640 &tMercklinus
1944 2594 1957 2629 (
1982 2590 2031 2635 e)
2056 2591 2332 2628 animadvertisse.
2357 2594 2440 2629 Haec

1438 2636 1514 2669 scire
1537 2643 1568 2668 te
1583 2659 1592 2674 ,
1617 2633 1704 2666 volui
1721 2657 1730 2673 ‚
1754 2644 1792 2667 ne
1814 2630 1898 2666 forte
1909 2636 2059 2673 mireris,
2083 2645 2139 2669 cur
2164 2645 2249 2675 non,
2273 2645 2309 2669 ut
2323 2635 2442 2671 schen-

1436 2677 1527 2728 ckins
1549 2675 1652 2722 (f),
1675 2680 1704 2710 &
1728 2676 1809 2718 quii
1836 2673 1903 2710 sum
1915 2675 2125 2715 describunt,
2149 2678 2367 2722 Praxagoram
2391 2680 2443 2715 di-

1436 2732 1539 2759 xerim
1561 2720 1720 2768 quendam
1742 2719 1820 2757 vidi,
1837 2729 1876 2758 e,
1899 2720 1951 2755 cui
1972 2721 2062 2755 urina
2079 2731 2136 2763 per
2150 2720 2253 2764 sedem
2265 2723 2445 2758 excerneba-

1443 2773 1498 2801 tur
1517 2774 1573 2806 per
1594 2764 1750 2799 duodecem
1776 2772 1871 2797 annos
1894 2786 1901 2795 .
1937 2763 2037 2800 Quod
2070 2773 2177 2799 tamen
2202 2766 2222 2801 si
2256 2767 2372 2801 diserte
2394 2768 2442 2802 ita

1442 2807 1572 2843 dixisset
1605 2832 1614 2848 ,
1662 2816 1698 2841 ut
1744 2806 1830 2856 dixit
1875 2806 2004 2848 quidem
2049 2806 2258 2852 supervixisse
2282 2833 2293 2847 ,
2329 2811 2442 2845 mirari

1443 2863 1509 2887 non
1554 2860 1718 2894 oporteret
1743 2872 1751 2887 ‚
1795 2860 1870 2883 cum
1913 2851 1947 2882 in
1994 2850 2052 2889 hac
2096 2851 2167 2894 ipsa
2200 2853 2348 2889 XXVII.
2388 2856 2442 2889 Se-

1445 2897 1553 2932 fiione
1585 2894 1637 2938 (g
1669 2896 1683 2933 >
1727 2891 1899 2942 historiam
1936 2892 2108 2930 habeamus
2140 2896 2206 2930 viri
2229 2898 2286 2939 qui
2325 2909 2341 2933 a
2366 2909 2442 2940 pue.

1445 2941 1520 2973 ritia
1566 2939 1602 2972 ad
1648 2937 1927 2980 quadragesimum
1961 2960 1973 2977 ‚
2018 2940 2085 2971 imo
2131 2938 2170 2974 ad
2212 2941 2444 2983 quinquaoefi.

1445 2994 1533 3019 mum
1577 2982 1673 3024 usque
1706 2991 1823 3014 annum
1849 2979 1970 3024 semper
2000 2979 2119 3017 lotium
2156 2993 2210 3026 per
2246 2984 2345 3019 sedem
2360 2969 2445 3018 ⁵ied-

1445 3026 1566 3060 diderit
1593 3050 1601 3064 ,
1635 3023 1831 3058 lithotomus
1865 3034 1949 3056 enim
1982 3037 1997 3057 e
2028 3037 2128 3067 puero
2163 3027 2323 3061 calculum
2356 3027 2445 3062 exse-

1445 3081 1519 3104 cans
1541 3094 1551 3110 ,
1596 3068 1636 3102 fic
1673 3067 1806 3102 vesicam
1831 3092 1841 3107 ,
1887 3068 1918 3099 &
1953 3068 2094 3103 Renum
2126 3069 2313 3106 intestinum
2360 3071 2445 3105 laese-

1444 3123 1492 3148 rat
1517 3137 1526 3151 ‚
1563 3123 1598 3148 ut
1630 3121 1752 3146 meatus
1783 3110 1823 3143 ab
1854 3110 1909 3142 illa
1941 3113 1975 3145 in
2009 3112 2071 3148 hoc
2103 3112 2292 3148 descendens
2315 3114 2383 3157 post
2404 3127 2444 3148 o-

1445 3159 1551 3206 bitum
1586 3158 1736 3204 inventus
1771 3153 1810 3188 sit
1842 3154 1935 3197 digiti
1970 3155 2138 3192 latitudine
2160 3179 2169 3190 .
2201 3158 2302 3198 Qod
2336 3169 2443 3192 autem

1445 3204 1479 3233 in
1524 3199 1583 3234 isto
1628 3209 1705 3233 artis
1749 3198 1912 3240 imperitia
1964 3198 2083 3234 fecerat
2119 3224 2128 3240 ,
2171 3200 2205 3234 in
2253 3203 2444 3245 Praxagorae

1446 3243 1579 3278 homine
1616 3243 1744 3276 videtur
1779 3240 1910 3274 morbus
1943 3241 2085 3284 fecifl'e5
2127 3241 2197 3284 ejus
2241 3247 2333 3279 enim
2365 3246 2454 3279 Ob-·

1447 3289 1661 3322 servationem
1706 3283 1824 3318 Rufius
1869 3285 1937 3325 post
1982 3286 2038 3320 illa
2084 3286 2216 3328 subjicit
2247 3313 2256 3328 ,
2302 3288 2443 3331 aliquan-

1445 3332 1481 3365 do
1537 3331 1569 3363 in
1622 3327 1797 3373 intestinum
1852 3326 2000 3372 a'bsceffias
2058 3332 2218 3372 rumpitur
2266 3345 2276 3365 .·
2339 3342 2439 3373 quan-

1445 3385 1544 3421 quam
1578 3397 1587 3414 ,
1652 3384 1689 3407 ne
1755 3371 1836 3414 quid
1901 3372 2094 3409 diffimulern
2128 3397 2138 3416 ‚
2204 3373 2242 3413 de
2294 3372 2443 3451 lgbscieffu

2329 3428 2402 3460 φὶ·

401 3504 2446 3528 mmmmm-mm„

754 3588 780 3615 ιι,
809 3580 832 3607 ει
861 3579 920 3605 0ss.
951 3586 991 3604 ιι.
1022 3579 1044 3611 ς.
1079 3570 1099 3604 1.'
1174 3578 1241 3607 (r)
1271 3576 1327 3602 via.

555 3586 578 3639 -0

581 3583 615 3611 bs.
645 3591 666 3612 9.
698 3581 721 3613 §.

567 3653 581 3674 p
599 3662 605 3669 .
622 3646 656 3671 N.
670 3644 702 3669 C.
717 3645 775 3670 Dec.

568 3674 627 3701 ΟΜ-
642 3677 680 3699 ²6.

511 3647 528 3687 2
793 3650 815 3675 3.
832 3644 863 3667 Α.
883 3648 905 3671 9.
924 3640 983 3665 Obs.
1002 3642 1040 3666 81.

516 3705 531 3763 Ξ
545 3705 611 3758 ίυριῐᾳ
625 3720 632 3733 ,
649 3712 676 3729 n-
692 3711 732 3733 ω,

741 3670 986 3704 (elumbem.

795 3702 947 3736 (ans.

550 3735 591 3759 Ξ

613 3613 669 3639 Vici.
687 3613 744 3640 ibid.
760 3617 803 3639 cit.
821 3609 879 3637 obs.
897 3617 937 3637 ιο.
955 3617 1011 3635 cum
1028 3610 1107 3637 Schol-
1123 3610 1146 3634 ἃ
1161 3607 1222 3634 obs.
1242 3615 1276 3636 14.
1293 3615 1349 3633 cum
1365 3607 1446 3633 schol.

1008 3701 1022 3731 ζ
1037 3637 1572 3731 σ()ὑ1(ὲὲἑίἒ1;ξὲἑὲἰὲὴῗ1ἒίῗῗιῖῐῖηςδιςςίο
1586 3666 1648 3691 delle
1666 3667 1778 3691 Transaz.
1796 3670 1873 3693 Τοιη.
1891 3676 1911 3697 3.
1930 3670 1956 3692 P.
1976 3676 1997 3690 2.

1302 3715 1307 3723 v
1348 3707 1355 3722 l
1376 3715 1381 3722 ι
1423 3707 1436 3722 H
1458 3707 1473 3723 Ι
1493 3716 1499 3721 ·

1359 3576 1417 3600 ibid·
1451 3576 1532 3603 Schol.
1563 3576 1593 3600 ad
1625 3574 1684 3599 Obs.
1716 3582 1753 3600 ιο.
1787 3576 1810 3600 a<
1840 3584 1876 3605 ις.

1507 3608 1522 3637 (
1538 3615 1554 3630 u
1571 3608 1577 3638 )
1596 3606 1693 3648 obs-,p-
1755 3607 1768 3636 (
1784 3615 1797 3632 x
1815 3607 1827 3634 )
1844 3610 1979 3633 Commerc.
1998 3606 2131 3642 LittergA.
2152 3615 2220 3637 ¹7³3·
2236 3606 2311 3632 Hebri.
2330 3610 2369 3638 36.

1468 3647 1488 3668 ς.
1506 3646 1528 3662 c.
1544 3645 1568 3666 4.
1627 3639 1639 3665 (
1686 3638 1698 3664 )
1715 3636 1776 3665 ἱρὴ.
1795 3640 1826 3661 N.
1847 3644 1875 3662 t.
1893 3640 1974 3662 Temo
1991 3640 2063 3663 mocio
2078 3646 2120 3663 cit.
2139 3638 2197 3663 Obs.
2218 3647 2267 3667 119.

1563 3696 1623 3729 gf)
1640 3697 1697 3722 Obs.
1715 3699 1781 3722 Med.
1800 3699 1848 3729 l.3.
1865 3698 1905 3724 ubi
1921 3700 1950 3723 de
1966 3677 2043 3723 umeri
2055 3669 2192 3726 'iiigifliie
2210 3705 2322 3728 excreta,
2339 3697 2398 3723 Obs.
2409 3706 2445 3728 ¹3·
