2498 4075
372 183 470 252 308.

316 272 348 304 δι
371 268 538 312 glandulas
561 259 729 296 Parotides
754 256 859 291 fuscus
882 251 1015 296 quidam
1037 261 1076 284 ex
1094 252 1248 285 coccineo
1269 262 1324 285 ru-

314 314 377 348 bor
390 311 546 348 infecerat
561 330 568 338 .
595 306 651 339 Eae
675 301 835 344 glandulae
850 307 973 345 maguae
995 303 1107 333 erant3
1131 306 1170 329 an
1184 296 1228 328 ob
1252 305 1324 328 ean.

313 357 387 392 dem
402 378 411 394 ‚
435 349 626 390 subsistentis
649 346 803 379 videlicet
826 341 1011 381 sanguinis,
1035 337 1161 371 causam
1184 342 1194 369 ?
1219 349 1258 372 an
1280 338 1325 371 ob

314 401 412 435 aliam
435 395 591 442 quoque?
615 400 690 423 nam
714 382 961 427 &Thyroidaea
978 403 988 419 ,
1012 384 1042 428 ἑξι
1066 382 1100 414 in
1125 381 1324 422 primisMa-

313 443 444 479 xillares
458 443 597 473 Internae
611 441 699 467 erant
714 440 849 472 magnae:
864 437 943 475 num
953 427 986 458 in
1004 423 1165 465 eJusmodi
1180 425 1323 459 lurconi-

314 488 387 523 bus,
401 485 521 529 quippe
536 478 663 519 saepius,
675 474 839 515 magisque
852 477 995 511 aguam,
1007 471 1039 501 &
1051 468 1213 504 exercitae,
1227 478 1324 511 gran,

315 530 471 566 descunt?
496 520 668 558 Musculus
693 515 902 558 Temporalis
926 510 1047 547 finister
1071 534 1080 550 ,
1119 513 1145 545 is
1169 512 1326 546 videlicet

317 575 373 617 qui
393 573 477 605 ἰὲὶυε
500 567 605 603 fuerat
628 585 637 600 ,
663 570 773 599 totus,
799 557 822 592 sl
848 566 971 599 partem
996 553 1101 588 fronti
1136 556 1327 597 propiorem

317 616 457 658 excipias
481 635 491 650 ‚
536 624 551 644 a
576 602 916 651 stagnante-sanguine
940 599 1120 641 nigricabat
1143 620 1156 638 ‚
1179 609 1212 631 ea
1236 599 1330 639 copia

318 663 401 696 inter
425 655 562 692 musculi
585 651 682 685 fibras
703 647 803 682 efluso
819 671 827 686 ‚
852 653 886 678 ut
912 642 950 676 ad
971 641 1152 675 cochlearia
1177 642 1325 682 aliquot,

318 706 402 739 inter
424 696 630 735 incidendum
655 718 664 733 ‚
694 689 874 726 exciderit.
1007 686 1130 719 Cranio
1153 685 1326 718 circumse-

321 748 401 785 fio;
423 746 459 778 in
480 753 546 785 quo
571 750 628 782 pro
653 734 862 771 Frontalibus
885 729 1065 772 pituitariis
1079 728 1208 762 Sinibus
1232 727 1328 769 spon-

321 789 411 834 giosa
434 790 568 822 inventa
592 782 633 818 est
656 778 727 813 offis
751 775 955 813 substantia,
980 775 1062 805 inter
1085 771 1165 806 illud
1189 793 1201 815 2
1233 771 1329 804 Cras-

323 835 454 874 samque
479 828 683 868 meningem‚
708 833 772 865 qua
795 820 874 853 istui
898 816 1130 858 respondebant
1157 841 1166 857 ,
1200 816 1329 857 sangui..

324 888 398 911 nem
409 874 677 909 semiconcretum
701 863 896 898 offendimus
910 860 949 893 ad
972 859 1050 894 duas
1071 857 1173 893 tresve
1197 861 1307 893 uncias
1321 882 1329 898 ‚

324 917 554 960 extensumque
586 924 603 946 a
635 907 865 953 posterioribus
900 903 1084 939 antrorsum
1109 902 1148 936 ad
1187 911 1330 945 quatuor

325 974 379 998 aut
404 961 547 1004 quinque
570 952 764 989 transversos
785 950 908 993 digitos
928 970 940 993 7,
966 959 982 980 a
1007 946 1070 980 basi
1094 956 1202 981 autem
1227 947 1331 981 cranii

325 1007 448 1043 sursum
472 1002 571 1037 ferme
594 995 805 1033 tantundem.
827 993 882 1026 Ab
905 1002 972 1036 ejus
996 990 1159 1033 sanguinis
1170 988 1332 1031 compres-

325 1051 412 1085 sione
437 1047 569 1081 meninx
592 1043 649 1077 illa
672 1063 682 1079 ,
717 1041 749 1072 δε
771 1037 939 1073 cerebrum
963 1033 1198 1069 evidentiffime
1223 1032 1331 1067 subse..

324 1093 441 1127 derunt
465 1098 558 1123 tanto
571 1086 697 1129 spatio,
719 1089 881 1124 quantum
895 1079 933 1112 ab
957 1077 1017 1111 illo
1030 1085 1227 1119 occupatum
1251 1075 1330 1111 fuis,

324 1139 375 1175 se,
398 1135 538 1170 diximus
561 1155 570 1163 .
608 1132 709 1163 Porro
731 1122 914 1167 sanguifera
937 1122 1008 1155 vasa
1032 1132 1088 1163 per
1112 1131 1181 1153 eam
1206 1121 1331 1153 menin-

324 1191 397 1224 gem
412 1201 421 1219 ,
446 1175 612 1221 magisque
636 1183 688 1214 per
704 1169 853 1205 Tenuem
878 1166 919 1201 fic
932 1173 1025 1200 erant
1047 1163 1185 1198 distenta
1199 1186 1209 1200 ‚
1233 1172 1269 1198 ut
1284 1162 1333 1196 vel

324 1223 455 1259 minimi
478 1217 652 1255 ramusculi
675 1212 891 1256 pulcherrime
915 1209 1065 1243 ruberent
1090 1208 1214 1250 ubique
1229 1231 1238 1246 ,
1264 1217 1334 1240 ma-

325 1269 374 1312 gis
396 1275 502 1300 tamen
526 1275 543 1296 a
565 1259 770 1297 dextris‚ran
792 1253 880 1298 quod
902 1254 937 1285 in
952 1251 985 1285 id
1008 1252 1092 1284 latus
1106 1273 1117 1290 ,
1141 1250 1261 1292 quippe
1273 1252 1336 1283 mi-

325 1321 385 1345 nus
409 1308 520 1342 dolore
544 1304 717 1340 affeetum,
742 1299 881 1332 moriens
905 1292 1062 1329 cubuisset
1087 1291 1103 1325 ἐ
1136 1304 1174 1326 an
1200 1296 1301 1326 etiam
1324 1316 1337 1333 ‚

323 1361 484 1398 quantum
509 1348 547 1382 ad
569 1343 714 1380 Crassarn
737 1343 919 1383 meningem
944 1339 1061 1373 attinet
1086 1358 1095 1373 ‚
1128 1337 1218 1379 quod
1242 1336 1338 1379 hujus

326 1395 398 1431 vasa
428 1395 472 1428 ob
496 1390 631 1429 effusum
654 1387 846 1428 sanguinem
879 1394 942 1417 non
967 1393 1056 1424 aeque
1078 1392 1094 1413 a
1117 1379 1247 1414 sinistris
1271 1381 1337 1423 ple-

326 1452 367 1474 na
397 1436 455 1473 esse
479 1435 601 1480 possent
626 1454 635 1470 ‚
672 1439 769 1471 atque
792 1441 809 1462 a
832 1427 956 1462 dextris
980 1429 992 1458 ?
1025 1435 1211 1468 quanquam
1234 1426 1265 1456 &
1300 1424 1338 1458 ad

325 1481 427 1520 bafim
461 1479 587 1515 dexteri
610 1474 735 1511 cerebri
768 1469 989 1513 hemisphaerii
1020 1468 1234 1506 interipsum
1263 1491 1272 1507 ‚
1307 1470 1339 1501 δε

326 1529 477 1561 Tenuem
501 1522 684 1562 meningem
707 1515 746 1550 ad
771 1517 911 1558 aliquem
943 1512 1081 1547 tra&um
1105 1509 1243 1544 effusum
1268 1511 1338 1544 san-

326 1571 461 1613 guinem
483 1562 793 1603 animadvertimus;
819 1557 871 1593 sed
893 1567 1031 1601 paucum
1055 1553 1151 1590 adeo,
1178 1562 1215 1587 ut
1241 1554 1339 1595 sugil-

328 1614 410 1650 latio
435 1612 544 1655 potius
567 1630 576 1646 ‚
608 1616 705 1651 quam
729 1601 840 1637 effufio
863 1623 873 1639 ,
909 1600 1076 1634 videretur
1091 1623 1098 1631 .
1127 1598 1239 1632 Parem
1262 1608 1339 1640 pro..

325 1657 479 1700 portione
503 1652 651 1687 vasorum
675 1645 912 1690 plenitudinem
944 1653 982 1677 ex
1006 1640 1241 1687 grandiusculis
1265 1642 1339 1684 pas-

326 1700 387 1735 firn
408 1696 591 1741 sanguineis
614 1691 743 1734 punftis
765 1691 800 1722 in
826 1686 994 1722 medullari
1028 1696 1093 1719 non
1118 1684 1241 1718 cerebri
1267 1697 1338 1719 mo-

327 1743 395 1784 do,
418 1743 470 1777 sed
494 1743 526 1776 &
549 1734 698 1772 cerebelli
723 1732 897 1766 substantia
921 1727 1013 1763 fuisse
1035 1751 1048 1769 ‚
1082 1728 1302 1762 intelleximus
1326 1739 1336 1765 ;

328 1798 384 1830 per
409 1783 609 1821 Lateralium
631 1786 738 1814 autem
763 1773 1022 1810 ventriculorum
1048 1772 1183 1814 parietes
1207 1770 1276 1813 ipsa
1286 1772 1339 1805 di-

329 1831 430 1864 stenta
455 1828 528 1864 vasa
551 1822 778 1866 conspeximus
797 1830 811 1859 ‚·
833 1827 1017 1862 quanquam
1041 1816 1075 1849 in
1099 1825 1199 1855 pauca
1224 1836 1234 1851 ‚
1267 1825 1339 1857 quae

327 1876 367 1908 iis
391 1870 579 1909 ventriculis
604 1868 728 1902 inerat,
752 1874 834 1906 aqua
856 1860 1047 1895 subturbida
1071 1857 1254 1891 Choroides
1270 1859 1338 1901 ple-

328 1929 387 1953 xus
410 1917 586 1961 pallerent.
611 1911 673 1944 His
695 1908 742 1942 ita
766 1905 935 1951 perspectis
952 1926 961 1942 ,
985 1904 1097 1938 oculos
1117 1903 1339 1935 convertimus

329 1962 369 1996 ad
390 1960 554 1996 exseetum
577 1956 722 1990 cranium
749 1978 758 1992 ‚
792 1952 822 1985 δι
845 1950 879 1983 in
904 1947 1033 1982 sinistro
1056 1942 1118 1979 osse
1153 1954 1340 1986 temporum

330 2005 432 2041 ferme
453 2002 641 2045 capillarem
665 1998 803 2035 rimam,
826 1992 878 2026 sed
901 1993 941 2025 ab
964 1989 1182 2025 exterioribus
1196 1989 1234 2022 ad
1257 1990 1340 2021 inte-

330 2051 420 2085 riora
444 2044 693 2090 pervadentem,
718 2036 1005 2073 animadvertimus
1030 2058 1038 2066 .
1064 2033 1249 2074 Incipiebat
1274 2031 1342 2065 haec

335 2091 480 2135 digitulo
504 2085 683 2123 transverso
706 2083 799 2124 supra
822 2091 896 2115 eum
920 2079 1030 2112 locum
1043 2078 1099 2111 ubi
1114 2075 1217 2121 secta,
1243 2071 1343 2109 urso..

335 2135 563 2174 let„calvaria
587 2131 710 2166 fuerat.
736 2124 890 2168 Pergebat
915 2133 1025 2157 autem
1049 2120 1086 2153 ad
1112 2119 1344 2160 huJusbafim,

333 2184 364 2215 &
388 2178 426 2213 ad
449 2185 636 2213 communes
658 2170 760 2214 usque
784 2169 962 2211 superiores
986 2165 1065 2199 fines
1089 2163 1203 2196 intimi
1218 2163 1344 2196 Meatus

334 2223 513 2260 Auditorii
535 2242 546 2260 ,
571 2222 601 2253 δι
623 2213 795 2258 Tympani
818 2214 848 2246 se
873 2209 1066 2244 extendebat
1092 2220 1100 2245 3
1131 2207 1344 2248 quamobrem

334 2266 514 2303 discludens
547 2269 722 2301 utrumque
746 2256 938 2292 Membrana
970 2251 1118 2293 disrupta
1142 2259 1211 2284 erat
1237 2274 1247 2291 ,
1280 2249 1344 2284 hoc

335 2321 440 2346 autem
466 2308 617 2350 languine
631 2303 781 2345 plenum,
804 2303 836 2334 &
859 2299 913 2333 ille
928 2294 1212 2340 sanguinolentus.

335 2354 523 2395 Compertis
558 2351 600 2383 sic
623 2346 721 2382 caufis
756 2355 827 2387 quae
854 2345 981 2376 interna
1014 2338 1085 2372 vasa
1110 2360 1119 2377 ‚
1152 2347 1347 2379 externaque

335 2407 509 2441 ruperant,
539 2398 569 2428 δι
591 2391 680 2435 quod
704 2388 913 2430 consequitur
938 2410 945 2424 ‚
977 2383 1143 2424 sanguinis
1166 2390 1237 2415 turn
1261 2383 1347 2414 intra

337 2442 484 2477 cranium
512 2466 521 2475 ,,
553 2446 622 2469 tum
647 2445 685 2467 ex
716 2443 790 2466 aure
826 2428 916 2463 effusi
940 2450 952 2468 ‚
986 2426 1124 2460 restabat
1146 2425 1181 2456 in
1214 2425 1349 2459 homine

338 2496 436 2529 quem
460 2483 583 2519 luscum
608 2475 698 2511 fuisse
725 2500 733 2514 ,
767 2474 909 2508 diximus
933 2494 942 2510 ,
966 2481 1069 2504 caecus
1091 2467 1204 2502 oculus
1228 2469 1348 2501 exami-

339 2532 483 2563 nandus.
511 2527 542 2560 Is
566 2531 629 2557 erat
653 2519 785 2553 dexter.
811 2516 919 2558 Cujus
941 2514 1071 2547 Adnata
1095 2513 1204 2545 tunica
1216 2509 1349 2544 conser-

340 2572 481 2607 tioribus
515 2563 701 2609 {anguiferis
735 2560 869 2594 vasculis
893 2583 901 2597 ,
933 2558 1071 2600 quadam
1107 2554 1282 2597 praesertim
1314 2555 1349 2587 in

341 2625 452 2659 parte,
477 2607 760 2654 distinguebatur,
784 2603 823 2637 ad
845 2604 984 2635 Corneae
1007 2599 1166 2632 ambitum
1189 2599 1349 2641 pertinen.

341 2660 431 2694 tibus
456 2684 463 2691 .
497 2656 579 2691 Haec
603 2662 669 2685 non
695 2648 793 2683 modo
815 2656 915 2687 opaca
939 2666 948 2682 ,
985 2643 1037 2677 sed
1059 2647 1090 2676 &
1116 2642 1219 2674 multo
1244 2642 1351 2674 minor

341 2713 440 2746 quam
464 2712 522 2743 par
544 2696 607 2734 est,
631 2704 688 2729 nec
712 2692 805 2726 solita
828 2689 929 2731 figura
952 2697 1021 2720 erat
1047 2710 1054 2718 .
1088 2686 1179 2719 Tum
1202 2684 1351 2726 demptus

342 2758 383 2781 ex
417 2745 526 2779 orbita
547 2738 659 2776 oculus
684 2762 694 2777 ,
727 2735 792 2779 ipse
816 2743 946 2776 quoque
978 2740 1044 2764 non
1069 2729 1166 2771 paulo
1201 2729 1350 2770 apparuit

344 2792 474 2826 minor,
497 2798 554 2821 nec
579 2781 753 2825 sphaeram,
778 2787 814 2812 ut
839 2775 920 2810 solet
935 2800 944 2815 ‚
969 2773 1019 2808 sed
1043 2783 1144 2807 unum
1155 2783 1194 2804 ex
1217 2774 1257 2804 iis
1271 2783 1352 2813 quos

344 2833 498 2868 nostrates
521 2826 681 2873 appellant
704 2821 823 2857 bononi
845 2843 855 2858 ‚
890 2818 1007 2862 quibus
1031 2817 1182 2850 videlicet
1205 2816 1237 2848 in
1262 2815 1350 2848 vesti-

344 2878 405 2911 bus
429 2886 488 2918 pro
511 2871 611 2907 fibula
635 2869 781 2904 utimur,
808 2863 952 2907 apprime
977 2860 1159 2899 referebat,
1183 2859 1263 2893 facie
1275 2858 1353 2892 alte-

346 2932 379 2954 ra
403 2917 604 2961 depressum,
629 2913 726 2945 altera
748 2909 783 2941 in
809 2907 941 2942 humilis
964 2905 1039 2939 coni
1062 2903 1197 2937 modum
1220 2904 1353 2936 extube-

347 2971 472 2997 rantem
498 2984 507 2992 .
544 2959 692 2996 Quarum
716 2963 825 2986 tamen
849 2949 1005 2984 facierum
1028 2959 1102 2981 cum
1125 2947 1178 2980 hic
1200 2947 1255 2980 illa
1278 2946 1352 2979 esset

349 3006 491 3041 anterior
515 3028 525 3044 ,
558 3000 625 3034 haec
648 3007 753 3031 autem
777 2995 936 3037 posterior
961 3015 971 3031 ,
1008 2991 1113 3025 multo
1137 2992 1266 3033 longior
1287 2999 1355 3023 erat

347 3050 504 3084 diameter
528 3044 625 3079 faciei
649 3040 842 3079 anterioris,
866 3048 963 3079 quam
987 3037 1075 3073 axis,
1099 3033 1151 3068 seu
1175 3035 1257 3067 τεᾶει
1271 3033 1353 3066 linea

350 3094 391 3128 ab
413 3090 509 3133 hujus
533 3087 642 3123 medio
665 3083 704 3118 ad
726 3081 912 3125 posterioris
937 3077 1077 3113 medium
1100 3078 1215 3112 dueta.
1240 3078 1356 3111 Secun-

350 3137 427 3171 dum
451 3144 548 3176 quam
572 3131 690 3164 lineam
714 3136 788 3160 cum
811 3125 927 3158 durum
950 3123 1034 3157 hunc
1056 3122 1189 3156 oculum
1204 3119 1357 3155 bifariam

351 3177 524 3215 divififfem
543 3201 553 3218 ‚
577 3177 610 3207 &
633 3170 717 3206 nihil
739 3192 751 3209 ‚
774 3167 834 3202 nisi
858 3167 975 3202 humor
998 3164 1163 3209 prodiisset
1187 3189 1198 3206 ,
1227 3176 1322 3207 quem
1345 3186 1357 3203 ‚

352 3222 413 3258 nisi
436 3220 549 3255 colore
573 3215 680 3253 fuisset
705 3213 861 3251 subatr0,
882 3211 1035 3253 Aqueum
1060 3209 1220 3248 vocasses;
1242 3207 1357 3242 frustra

352 3264 569 3308 Crystallini‚
590 3269 646 3295 aut
669 3258 782 3293 Vitrei
805 3255 952 3290 humoris
977 3254 1128 3297 reliquias
1139 3251 1294 3295 quaefivi,·
1318 3263 1357 3284 ne

354 3309 525 3351 vestigium
557 3303 691 3348 quidem
726 3300 885 3343 supererat
910 3322 918 3331 .
952 3298 1077 3344 Verum
1101 3295 1158 3331 sub
1190 3296 1358 3329 contracta

356 3351 533 3388 Sclerotica
567 3347 676 3382 tunica
699 3343 882 3378 Choroides
914 3349 980 3375 erat
1004 3351 1096 3382 cujus
1129 3342 1215 3374 inter
1238 3339 1363 3373 fuscum

356 3396 499 3430 colorem
523 3391 715 3434 sanguineus
737 3385 790 3420 hic
812 3386 882 3419 illic
902 3406 912 3422 ,
934 3393 971 3418 ut
996 3384 1075 3417 solet
1098 3408 1110 3426 ,
1142 3382 1363 3418 nomohseure

358 3438 552 3482 apparebat,
577 3442 761 3474 annexaque
783 3428 947 3463 Choroidi
973 3428 1065 3461 Uvea
1089 3451 1099 3467 ‚
1120 3435 1155 3461 at
1179 3438 1244 3461 non
1267 3426 1363 3460 sicuti

358 3481 449 3521 haec,
473 3483 622 3522 integra;
645 3485 682 3512 ut
705 3474 826 3508 Itidem
845 3495 854 3510 ‚
880 3474 912 3505 &
934 3472 1057 3505 Ciliare
1078 3468 1193 3513 corpus
1216 3471 1363 3503 interno-

362 3525 446 3560 scere
468 3535 535 3559 non
559 3523 687 3558 liceret.
713 3515 882 3552 Universae
907 3524 1015 3550 autem
1028 3513 1194 3559 Chokoidi
1219 3524 1279 3556 pro
1294 3514 1362 3546 Re-

1392 3339 1448 3377 >,33
1488 3338 1539 3371 sed
1564 3339 1601 3367 Ῥ.
1626 3338 1657 3368 6.
1689 3332 1771 3367 Obs.
1796 3335 1884 3369 Med.
1923 3337 1952 3370 8.
1978 3348 2052 3370 cum
2084 3338 2171 3372 Tab.
2199 3340 2227 3372 8.

608 178 767 233 Liber
801 175 895 228 IV.
930 172 1019 223 De·
1058 171 1266 224 Morbis
1292 165 1656 235 chirurgicis,
1689 164 1746 217 ὃς
1789 157 2190 214 Universalibus

1376 248 1446 282 tina
1469 246 1572 280 tenuis
1597 243 1721 278 lamella
1747 240 1871 277 suberat
1896 237 2005 277 ossea,
2029 248 2101 280 quae
2114 234 2154 269 ab
2176 233 2267 267 nervi
2282 233 2384 277 Opti-

1375 294 1407 326 ci
1431 288 1609 324 insertione
1634 285 1802 330 prose&a‚
1825 288 1856 317 &
1880 281 2024 324 undique
2049 283 2174 322 integra
2196 299 2206 316 ‚
2236 276 2392 320 figuram-
2444 270 2464 292 ³*

1376 346 1440 378 que
1462 334 1550 366 oculi
1573 343 1671 374 quam
1694 328 1940 370 descripsimus,
1964 325 2114 361 servans,
2141 324 2173 354 &
2196 330 2331 364 aqueum
2355 322 2393 356 de

1374 390 1442 421 quo
1464 376 1588 410 dictum
1612 375 1679 414 est,
1705 372 1875 406 humorem
1901 370 2116 410 complectens
2140 386 2152 403 ‚
2185 365 2223 398 ad
2245 365 2387 399 Corneae

1375 421 1475 465 usque
1498 419 1660 452 ambitum
1685 415 1713 449 se
1737 414 1928 448 extendebat
1950 435 1964 452 ,
1987 413 2044 445 ubi
2070 410 2191 443 arstius
2213 419 2310 451 quam
2335 409 2388 442 us-

1374 475 1496 507 quam,
1520 462 1558 496 ad
1585 461 1712 494 Uveam
1738 458 1940 494 adhaerebat,
1964 453 2240 497 quemadmodum
2254 452 2304 484 vel
2329 464 2390 495 po.

1377 509 1539 550 steaquam
1560 503 1730 540 disiectum
1754 501 1887 535 oculum
1913 500 1966 532 sex
1986 497 2053 531 dies
2077 499 2111 529 in
2136 506 2220 539 aqua
2233 494 2392 529 maceras-

1379 552 1464 592 sem,
1487 553 1607 583 iterum
1632 546 1867 581 animadverti.
1895 543 1973 585 Ejus
1997 541 2133 576 lamellae
2157 560 2166 576 ,
2204 538 2312 572 revera
2334 541 2388 573 os-

1381 596 1459 634 seae,
1481 592 1579 627 frusta
1602 592 1714 625 omnia
1740 589 1844 623 adhuc
1868 587 1989 620 asserva)
2016 607 2025 622 ,
2061 593 2203 628 quorum
2225 582 2382 625 grandiu-

1377 639 1463 675 scula
1487 635 1642 669 nonnulla
1664 631 1830 675 &figam
1854 634 1883 665 ἃ
1908 630 2089 663 adhaerente
2106 629 2228 665 Uveae,
2252 626 2389 660 &Gho-

1378 682 1481 718 roidis
1505 681 1656 722 portione
1672 699 1680 714 ,
1706 680 1750 710 rei
1776 687 1874 719 quam
1898 672 2088 712 rariffimae;
2112 671 2134 704 si
2159 681 2265 704 tamen
2293 680 2386 703 antea

1380 727 1421 762 ab
1446 724 1514 761 ullo
1536 723 1703 763 conspeeta
1728 720 1770 754 est
1792 733 1801 758 ς
1826 719 1924 753 fidem
1948 716 2052 751 facere
2077 717 2118 749 iis
2141 716 2200 758 qui
2225 724 2302 747 tunc
2325 724 2393 748 non

1381 770 1538 805 aderant,
1563 765 1710 809 praeclare
1735 762 1873 806 poffint.
1899 763 1996 795 Tunc
2008 771 2083 794 vero
2095 759 2209 793 cumii
2234 758 2291 801 qui
2315 758 2391 791 ade-

1381 822 1454 848 rant
1477 821 1589 844 omnes
1614 811 1645 842 &
1668 809 1733 841 Rei
1779 806 1915 840 Medicae
1964 806 2122 837 Doctores
2147 824 2158 839 ‚
2196 803 2228 835 ἅτ
2252 801 2393 836 Studiosi

1381 858 1458 893 satis
1480 854 1637 896 superque
1662 851 1729 885 haec
1753 851 1866 885 cuneta
1891 846 2096 895 speetassent,
2119 846 2394 887 constaretqueex

1382 901 1448 945 ipsa
1471 898 1690 939 inspetftione‚
1713 897 1893 928 caecitatem
1918 890 2009 924 suisse
2024 894 2219 933 antiquam3
2242 900 2397 932 quaecun-

1383 956 1447 988 que
1470 941 1540 984 ejus
1563 939 1653 976 causa
1677 938 1775 972 fuerit
1790 962 1798 977 ‚
1820 948 1891 979 quae
1917 946 2019 977 neque
2042 945 2081 967 ex
2104 942 2236 968 mortuo
2259 936 2364 975 quaeri
2397 958 2407 974 ‚

1384 999 1487 1031 neque
1510 996 1549 1018 ex
1571 984 1819 1027 aliislpoterat⁵
1844 980 1963 1022 quippe
1981 979 2122 1011 mendici
2145 977 2332 1018 alienigenae
2350 980 2401 1014 νί-Ι

1384 1041 1453 1067 tam
1477 1029 1555 1063 alibi
1580 1027 1685 1060 aetam
1711 1024 1959 1067 igriorantibu53
1985 1032 2050 1054 non
2075 1024 2117 1055 est
2141 1020 2246 1055 visum
2270 1030 2399 1062 praeter.

1384 1072 1603 1111 mittendum,
1629 1079 1665 1102 ut
1689 1066 1856 1112 quomodo
1880 1066 1909 1098 se
1935 1063 2065 1097 haberet
2078 1067 2221 1107 Opticus
2242 1074 2312 1105 ejus
2324 1075 2409 1099 ocu.

1385 1120 1409 1155 li
1434 1127 1571 1151 nervus,
1594 1113 1816 1156 inquirerem,
1841 1112 1871 1142 &
1895 1119 1969 1141 cum
1994 1108 2096 1141 altero
2121 1110 2177 1151 qui
2203 1109 2369 1143 sinistrum
2391 1099 2410 1149 ,¹

1385 1172 1499 1204 nempe
1524 1159 1656 1194 sanum,
1681 1156 1810 1199 petebat
1833 1153 1966 1186 oculum
1981 1175 1993 1192 ,
2016 1163 2260 1194 compararem.
2286 1152 2401 1186 Mani-

1388 1205 1505 1240 festum
1539 1202 1642 1244 igitur
1664 1209 1824 1233 continuo
1855 1196 2006 1239 omnibus
2030 1199 2079 1228 vel
2115 1196 2178 1229 sine
2211 1193 2399 1231 disseffione

1390 1251 1478 1283 inter
1501 1256 1621 1283 unum,
1648 1247 1678 1277 &
1703 1243 1837 1276 alterum
1863 1251 1997 1274 nervum
2021 1239 2192 1273 discrimen
2217 1239 2280 1273 fuit
2296 1261 2305 1270 .
2330 1241 2399 1275 Hic

1389 1294 1477 1327 enim
1501 1291 1579 1323 alter
1604 1290 1650 1322 ita
1675 1289 1724 1320 uti
1749 1285 1920 1319 sanissimus
1943 1283 2022 1316 solet
2048 1305 2057 1320 ,
2094 1282 2123 1316 se
2149 1283 2314 1319 habebat.
2340 1285 2399 1319 [lle

1389 1347 1466 1370 vero
1489 1331 1683 1376 depressior,
1708 1331 1861 1368 tenuior,
1886 1329 1916 1360 δε
1940 1327 2049 1360 colore
2061 1338 2177 1360 carneo
2201 1326 2351 1361 obsoleto
2364 1330 2405 1363 ab

1389 1392 1427 1413 eo
1450 1380 1524 1412 loco
1549 1375 1606 1410 ubi
1629 1385 1705 1409 cum
1729 1374 1832 1406 altero
1859 1372 1944 1405 intra
1956 1372 2102 1404 cranium
2127 1371 2321 1413 conjunctus
2336 1371 2407 1407 fue-

1390 1433 1465 1462 rat,
1487 1420 1526 1455 acl
1549 1419 1682 1454 oculum
1706 1416 1806 1460 usque
1830 1413 2090 1457 conspiciebatur
2116 1439 2123 1447 .
2152 1414 2244 1452 Quin
2269 1424 2342 1448 toto
2364 1428 2405 1451 eo

1390 1467 1498 1501 tra6l:u
1520 1475 1587 1507 quo
1611 1460 1721 1495 Crassa
1746 1460 1896 1501 meninge
1921 1468 1986 1492 erat
2010 1457 2209 1493 convestitus
2232 1481 2244 1499 ,
2267 1469 2343 1493 cum
2367 1462 2404 1495 in

1390 1508 1603 1544 transversum
1627 1504 1790 1539 secuissem
1816 1526 1827 1543 ‚
1851 1513 2051 1545 quaecunque
2076 1502 2173 1536 seetio
2197 1504 2324 1537 arteriae
2346 1515 2406 1539 cu-

1388 1553 1512 1598 jusdam
1537 1551 1667 1594 potius,
1691 1559 1788 1590 quam
1812 1549 1900 1580 nervi
1928 1568 1938 1583 ‚
1972 1545 2030 1579 esse
2055 1546 2226 1580 videbatur
2249 1568 2261 1585 ,
2284 1548 2408 1592 quippe

1389 1600 1424 1630 in
1449 1596 1479 1629 se
1502 1594 1691 1632 contradica,
1715 1594 1745 1624 &
1770 1590 1914 1625 craffiore
1929 1588 2020 1622 ‘fasta
2043 1590 2099 1622 illa
2112 1593 2288 1633 meninge,
2312 1594 2413 1628 &tu-

1390 1641 1462 1675 buli
1486 1640 1525 1672 ab
1549 1650 1582 1671 ea
1607 1635 1772 1671 efformati
1796 1645 1910 1667 cavum
1939 1634 2067 1666 mucosa
2092 1635 2251 1676 implente
2262 1634 2411 1670 substan-

1390 1686 1437 1719 tia
1460 1683 1548 1716 illius
1571 1679 1711 1724 ejusdem
1734 1689 1833 1721 quem
1858 1676 1956 1711 modo
1980 1677 2073 1715 dixi,
2099 1680 2221 1711 coloris
2243 1704 2250 1712 .
2276 1679 2314 1711 In
2339 1681 2407 1723 ipsa

1391 1737 1500 1762 autem
1524 1724 1754 1766 conjunetione
1777 1731 1812 1755 ut
1836 1731 1884 1753 res
1908 1720 1937 1753 se
1961 1719 2093 1754 haberet
2108 1746 2117 1761 ,
2146 1723 2248 1763 quaeri
2272 1733 2337 1756 non
2349 1736 2407 1768 po.

1390 1772 1457 1804 tuit
1478 1793 1488 1808 ,
1513 1780 1587 1803 cum
1610 1779 1644 1800 ea
1668 1776 1739 1810 pars
1761 1766 1796 1798 in
1817 1763 1938 1797 cerebri
1966 1762 2154 1798 disserstione
2178 1763 2287 1799 fuisset
2312 1778 2406 1802 antea

1391 1813 1533 1848 fortuito
1556 1808 1626 1845 laesa
1651 1835 1660 1844 .
1695 1807 1754 1842 Sed
1779 1817 1890 1841 tamen
1923 1807 1962 1840 ab
1986 1818 2025 1840 eo
2050 1807 2126 1841 loco
2157 1807 2338 1844 introrsum
2363 1812 2404 1846 ad

1391 1857 1532 1892 traetum
1563 1854 1744 1896 digitorum
1775 1851 1915 1885 duorum
1949 1851 2076 1884 nullum
2111 1851 2236 1894 prorsus
2271 1864 2288 1887 a
2322 1866 2411 1897 quo,

1392 1912 1492 1944 quam
1516 1898 1664 1933 adnotari
1689 1895 1860 1930 discrimen
1885 1895 1994 1936 potuit
2019 1896 2106 1928 inter
2130 1907 2268 1930 nervum
2290 1892 2404 1933 dexte-

1391 1955 1464 1979 rum
1477 1945 1544 1983 ,.&
1568 1941 1726 1975 sinistrum
1749 1950 1761 1978 ,·
1792 1946 1904 1972 neuter
1928 1939 2014 1971 enim
2038 1961 2050 1978 ,
2085 1947 2121 1971 ut
2147 1938 2231 1973 infra
2265 1941 2378 1977 dexter

1392 1988 1526 2022 mollior
1550 1993 1639 2022 erat,
1664 1981 1900 2024 mucosusque‚
1925 1990 1980 2014 aut
2005 1982 2182 2016 subrubeus
2207 2007 2216 2023 ‚
2244 1994 2299 2019 aut
2323 1968 2413 2021 extet

1394 2039 1513 2065 nuatus
1538 2042 1547 2067 3
1570 2028 1622 2062 sed
1646 2037 1755 2068 parem
1781 2034 1912 2067 uterque
1937 2025 2175 2061 firmitudinem
2197 2052 2206 2069 ‚
2228 2028 2410 2065 craffitudi-

1394 2086 1468 2109 nem
1481 2098 1490 2114 ,
1513 2073 1696 2107 albedinem
1719 2069 1930 2103 ostendebant
1943 2092 1951 2101 .

1437 2128 1491 2162 31.
1518 2116 1587 2150 Etsi
1611 2114 1739 2157 longior
1762 2112 1893 2146 historia
1917 2112 1985 2145 haec
2009 2110 2097 2150 fuit3
2123 2125 2188 2147 non
2202 2115 2334 2159 longam
2357 2127 2409 2153 ta-

1396 2174 1470 2197 men
1493 2159 1567 2194 satis
1591 2160 1651 2193 erit
1676 2158 1919 2191 adnotationem
1944 2165 2085 2190 attexere
2100 2181 2107 2188 .
2132 2159 2377 2200 Velimsiaitur

1396 2217 1469 2248 quae
1494 2205 1533 2239 de
1556 2204 1682 2246 Optico
1705 2200 1801 2242 huius
1827 2199 1904 2233 caeci
1929 2200 2017 2233 oculi
2041 2211 2141 2235 nervo
2167 2198 2298 2246 scripsi*
2340 2187 2416 2242 cun}

1397 2251 1437 2282 iis
1460 2245 1606 2282 conferas
1626 2257 1699 2289 quae
1724 2244 1868 2287 Epistola
1903 2242 1998 2276 habes
2027 2244 2124 2279 XIII.
2150 2249 2164 2285 (
2187 2246 2206 2280 b
2226 2252 2240 2289 )
2267 2231 2356 2283 M’eas
2379 2264 2418 2286 0„

1399 2303 1488 2327 mnes
1511 2291 1586 2325 satis
1611 2292 1696 2323 inter
1720 2287 1749 2322 se
1771 2287 1944 2321 convenire
1970 2285 2085 2322 harum
2118 2300 2223 2326 rerum
2248 2293 2420 2329 Observa-

1399 2339 1530 2374 tiones,
1553 2334 1737 2375 intellige53
1762 2331 1844 2365 hanc
1859 2340 1965 2364 autem
1982 2331 2132 2367 ultimam
2146 2359 2155 2375 ‚
2179 2338 2269 2378 quod
2284 2337 2322 2371 ad
2338 2329 2421 2373 ocu-¹

1400 2382 1469 2415 lum
1494 2378 1601 2422 ipsum
1625 2380 1741 2426 attinet
1759 2396 1770 2413 ,
1787 2375 1962 2417 'quidpiam
1985 2376 2091 2410 multo
2115 2380 2148 2411 δε
2173 2379 2381 2421 speetabilius
2404 2404 2417 2420 ,

1400 2426 1432 2457 &
1454 2426 1557 2458 rarius
1580 2430 1764 2457 continere,
1788 2420 1936 2453 tunicam
1962 2418 2112 2455 videlicet
2127 2422 2283 2458 Retinam
2309 2435 2414 2460 totam

1400 2478 1441 2501 ex
1462 2465 1675 2507 mollissima„
1699 2466 1729 2496 &
1751 2473 1865 2509 ne'rvea
1889 2463 1922 2494 in
1946 2461 2060 2497 duram
2085 2488 2094 2504 ‚
2132 2465 2313 2511 osseamque
2336 2480 2418 2503 con.

1401 2510 1546 2543 versam.
1572 2509 1611 2542 Id
1634 2509 1719 2541 enim
1741 2516 1833 2547 cujus
1855 2508 1999 2543 raritatis
2022 2507 2061 2541 fit
2076 2532 2088 2549 ‚
2111 2509 2187 2544 inde
2198 2514 2321 2553 poteris
2347 2514 2418 2546 exi-

1400 2552 1552 2591 stimare‚
1576 2551 1666 2595 quod
1689 2562 1763 2585 cum
1790 2549 1897 2591 postea
1922 2550 1955 2581 in
1979 2560 2045 2584 rem
2069 2551 2166 2594 hujus
2190 2555 2306 2589 nostrae
2331 2555 2419 2589 fimi-

1401 2598 1463 2631 lem
1510 2594 1670 2645 incidisset
1716 2594 1933 2627 Anatomicus
1978 2594 2217 2631 Eruditiffimus
2263 2599 2420 2634 Hallerus

1405 2640 1457 2683 (c
1478 2645 1511 2680 );
1535 2639 1682 2686 laptiles,
1706 2638 1837 2683 inquit,
1861 2636 1980 2677 aliquos
2004 2638 2036 2670 in
2058 2638 2139 2672 lente
2163 2641 2341 2682 crystallina
2365 2654 2417 2677 re-

1400 2692 1507 2733 pertos
1523 2681 1637 2733 fuiJJe,
1661 2681 1723 2725 lege*
1743 2691 1756 2721 ,·
1777 2678 1924 2722 ejusmodi
1946 2688 2050 2714 autem
2074 2678 2340 2720 retinae'morlms
2362 2697 2416 2720 ne-

1397 2727 1464 2771 sczo
1487 2738 1525 2760 an
1548 2726 1636 2769 visus
1652 2724 1696 2768 fit
1722 2749 1730 2757 .
1754 2723 1834 2756 Non
1858 2723 1934 2756 adeo
1960 2734 2036 2758 rarae
2060 2727 2133 2758 sunt
2157 2740 2166 2765 3
2204 2740 2281 2763 rarae
2307 2739 2417 2765 tamen

1405 2772 1477 2806 sunt
1500 2772 1534 2804 in
1558 2771 1626 2803 aliis
1648 2779 1779 2818 quoque
1802 2767 1890 2799 oculi
1915 2766 2010 2809 ipsius
2034 2771 2185 2812 partibus
2218 2774 2281 2806 sive
2308 2775 2341 2807 in
2367 2774 2421 2807 os-

1405 2815 1489 2849 seam
1513 2837 1523 2852 ,
1558 2813 1623 2847 five
1645 2823 1679 2844 1n
1711 2809 1870 2853 lapideam
1895 2819 2043 2844 naturam
2059 2816 2259 2850 mutationes
2284 2842 2291 2849 .
2331 2818 2419 2853 Noli

1405 2861 1492 2892 enim
1515 2857 1608 2891 facile
1632 2855 1758 2889 credere
1778 2877 1790 2895 ,
1816 2863 1867 2888 tot
1889 2851 1947 2886 effe
1969 2856 2149 2898 conspe8ms
2172 2870 2255 2902 quot
2278 2862 2312 2895 in
2336 2863 2420 2896 Col-

1405 2903 1545 2936 lestione
1568 2901 1706 2943 quadam
1731 2897 1935 2931 recensentur
1961 2909 1974 2938 ,·
1997 2900 2055 2933 nifi
2081 2902 2170 2943 prius
2192 2905 2227 2937 in
2253 2905 2344 2939 libris
2368 2906 2420 2940 in-

1407 2948 1515 2993 venias
1537 2947 1594 2987 qui
1618 2944 1717 2976 nimis
1743 2949 1971 2984 properanter,
1995 2954 2032 2977 ut
2056 2945 2194 2987 opinor,
2223 2946 2297 2982 sunt
2322 2950 2356 2982 in
2378 2961 2414 2983 ea

1407 2990 1564 3032 designati
1587 3012 1595 3020 .
1628 2986 1718 3021 Mihi
1742 2995 1826 3019 certe
1858 2995 2000 3027 quatuor
2023 3011 2035 3027 ,
2066 2998 2120 3022 aut
2143 2992 2290 3034 quinque
2314 2994 2352 3026 ἐκ
2376 2995 2418 3027 ijs

1408 3035 1465 3077 qui
1498 3034 1532 3065 in
1564 3031 1713 3066 manibus
1748 3038 1840 3063 erant
1862 3053 1872 3070 ,
1905 3029 2092 3072 inspicienti
2130 3055 2141 3071 ‚
2187 3044 2298 3076 proeffl·
2329 3022 2416 3078 spem

1409 3076 1524 3111 accidit
1546 3099 1560 3116 ,
1594 3085 1631 3109 ut
1655 3075 1704 3108 vel
1728 3072 1811 3106 nihil
1833 3097 1843 3111 ,
1868 3074 1917 3106 vel
1943 3075 2029 3108 nihil
2054 3075 2091 3109 ad
2115 3087 2183 3111 rem
2208 3080 2241 3112 in
2265 3080 2344 3113 locis
2366 3075 2419 3114 re-

1410 3123 1548 3170 perirem
1582 3130 1653 3169 q-uae
1687 3117 1874 3151 indicantur
1901 3142 1910 3157 ,
1945 3129 2011 3151 uno
2045 3130 2181 3162 excepto
2205 3148 2215 3165 ‚
2251 3133 2418 3166 perperam

1405 3174 1517 3203 tamen
1538 3163 1705 3203 indicato,
1727 3171 1825 3203 quam
1839 3159 1972 3202 insuper
1998 3162 2035 3196 ad
2049 3164 2257 3199 Scleroticgm
2271 3166 2416 3200 tunicam

1410 3211 1562 3253 attinere,
1590 3204 1826 3243 animadvertes
1841 3227 1851 3243 ‚
1875 3216 1939 3237 non
1964 3204 2072 3248 oJJIeam
2094 3208 2246 3251 quidem,
2274 3218 2311 3243 ut
2336 3210 2422 3244 dici-

1409 3254 1483 3302 turx',
1507 3252 1669 3284 inventam
1693 3272 1705 3289 ‚
1730 3247 1782 3281 sed
1806 3247 1922 3295 osseam
1935 3247 2110 3284 habentem
2133 3250 2335 3295 squamulam
2350 3265 2422 3296 quae

1409 3297 1472 3337 ipsi·
1495 3293 1674 3327 inhaerebat
1696 3314 1708 3332 ‚
1731 3290 1752 3323 si
1779 3290 1915 3326 Blasrum
1943 3293 2118 3335 inspexeris
2140 3318 2153 3335 ,
2186 3306 2254 3329 non
2277 3300 2312 3329 L,
2339 3299 2371 3333 6⁸
2395 3308 2422 3330 c,

1415 3383 1543 3431 qualem
1567 3379 1760 3428 brac-leolam
1784 3377 1939 3414 sevidisse
1964 3380 2071 3423 postea
2094 3381 2176 3416 inter
2186 3351 2352 3417 choroildgeae
2371 3350 2422 3417 li-
2446 3387 2449 3391 ’

1414 3436 1516 3459 mma-⁹
1538 3447 1551 3464 2
1584 3424 1735 3456 GUUZUJS
1770 3426 1779 3461 (
1805 3423 1858 3464 d)
1890 3423 2013 3466 scripfit
2037 3448 2045 3456 -
2081 3425 2138 3458 Sed
2160 3427 2217 3459 Cl.
2243 3426 2422 3460 Morandus

1414 3471 1428 3506 (
1450 3479 1465 3501 e
1481 3472 1502 3517 ⁸)
1524 3468 1705 3516 exemplum
1718 3466 1897 3508 protulerat
1917 3467 2022 3500 multo
2034 3477 2124 3500 antea
2147 3489 2157 3505 ‚
2182 3479 2218 3503 ut
2242 3470 2276 3502 in
2290 3481 2324 3503 ea
2339 3469 2423 3501 Col.

1414 3511 1551 3545 lefflone
1562 3519 1674 3544 omitti
1697 3520 1762 3543 non
1774 3509 1945 3549 debuisset,
1959 3521 2067 3544 rarum
2079 3510 2256 3554 praesertim
2272 3537 2282 3552 ‚
2304 3522 2420 3554 atque,

2241 3564 2277 3590 ut
2299 3557 2375 3596 ait„

363 3661 2412 3686 W

423 3761 434 3791 f
450 3762 465 3786 b
478 3761 493 3790 )
509 3768 534 3785 n.
551 3770 573 3790 7.
592 3764 614 3786 ἀ
630 3761 692 3791 seqq.
755 3761 764 3791 (
780 3769 791 3785 ι·
806 3761 820 3789 )
835 3759 922 3789 opusc.
940 3757 1035 3783 Parhol.
1053 3757 1111 3783 Obs.
1128 3763 1167 3788 53

424 3793 440 3823 (
453 3801 466 3817 e
479 3794 493 3822 )
508 3792 589 3817 Mem.
605 3792 633 3816 de
648 3792 746 3816 l‘ncad.
763 3794 796 3816 R.
812 3791 855 3816 des
870 3792 907 3815 Sc.
923 3791 950 3814 A.
965 3797 1038 3819 ³730·

1229 3755 1243 3784 (
1259 3754 1275 3778 d
1292 3753 1301 3785 )
1316 3755 1402 3783 Progt.
1419 3755 1449 3779 de
1466 3755 1560 3780 Ozaena
1576 3753 1676 3778 Maxill.
1693 3759 1764 3783 prope
1782 3751 1821 3777 fin.
