2498 4075
428 211 598 279 Epist.
635 213 805 269 Anat.¹
837 210 1056 269 Medica
1090 212 1360 274 XXXIII.
1398 216 1607 285 Art.14.
1636 223 1692 276 &
1726 233 1797 282 isa

113 288 262 324 cessar-ius
285 290 346 330 est,
369 303 443 328 cum
467 297 499 328 &
523 295 606 328 vires
629 292 757 335 adjuvet
781 291 1000 335 praesidiorum
1023 304 1122 336 quaea

114 331 296 377 Chirurgia
313 336 558 374 ‚&Pharmacia
571 336 783 370 desumuntur
800 362 808 372 ς
834 346 903 370 tum
915 337 1012 370 etiam
1023 338 1098 378 quia
1110 360 1120 375 ‚

115 374 139 408 fi
164 376 231 410 haec
256 387 309 411 aut
334 391 561 423 nequaquam,
584 390 637 413 aut
661 379 774 413 frustra
799 388 1006 423 repetantur,
1031 381 1119 414 nulla

112 428 230 460 praeter
253 422 342 455 illam
366 424 430 466 jam
454 426 539 458 ratio
564 422 720 465 superest,
743 435 829 464 qua,
854 426 884 456 &
905 422 1032 458 facilius
1046 425 1119 466 qui-

111 462 209 504 dem,
234 465 462 507 innocentius,
485 465 708 509 frequentius,
732 478 843 500 curare
874 467 1021 509 poffimus
1043 489 1052 504 ‚
1084 477 1121 501 ut

110 507 220 541 minus
244 509 371 544 moleste
395 510 504 543 saltem
519 536 526 549 ,
552 510 735 551 minorique
758 522 832 543 cum
866 512 1012 551 periculo
1035 510 1120 544 fera-

110 559 165 584 tur
188 553 339 587 morbus.
367 554 503 587 Vi6'turn
529 555 683 595 proponit
700 554 902 588 Mercurialis
926 558 936 593 (
960 565 979 595 q
1001 557 1035 594 ),
1059 556 1118 596 qui

110 592 251 628 ficcandi
278 599 344 629 vim
367 596 505 630 habeat:
532 607 587 629 nec
611 598 748 630 dubium
774 598 837 637 est,
860 598 939 639 quin
961 599 987 629 is
1014 597 1118 631 vitius

111 636 211 672 faciat
236 639 273 672 ad
298 639 545 673 roborandum.
573 640 697 674 Verum
724 640 745 673 fi
771 641 857 674 recte
882 639 1118 682 perpendantur

107 684 217 723 gravia
233 705 241 718 ,
265 685 296 715 &
319 684 430 716 crebra
453 683 648 717 detrimenta
673 696 743 725 quae
768 684 806 717 ab
820 684 884 716 alvi
900 682 1034 717 faecibus
1045 694 1119 726 pro-

108 727 255 758 venirent
278 738 313 759 ea
338 727 439 759 vistus
466 728 589 760 ratione
614 728 795 764 induratis3
827 726 921 760 facile
955 728 1120 760 videbitur

109 767 169 802 esse
193 781 208 802 a
231 770 344 804 nobis,
369 769 545 811 praesertim
573 770 739 813 postquam
764 772 901 812 repetita
925 769 1054 804 fuissent
1069 771 1121 803 in-

105 810 225 846 cassum
250 814 481 846 medicamenta
506 816 772 853 corroborantia,
798 814 1119 856 victuiquificcandi

106 857 175 887 vim
201 855 335 895 habeat,
359 869 432 890 eum
455 858 511 900 qui
536 857 745 891 humectandi
771 857 957 898 vipolleat‚
984 867 1119 898 antepo-

105 898 269 938 nendum,
294 901 349 941 qui
375 911 488 941 nempe
514 902 618 934 vic‘tus
642 901 733 935 simul
768 910 969 934 excrementa
1004 901 1118 934 mollia

104 941 264 979 servaret,
288 942 379 977 simul
404 955 514 977 eorum
539 946 750 977 acrimoniam
775 945 975 985 corrigeret.
1008 944 1117 977 Medi-

104 996 159 1018 cus
184 986 378 1021 cautissimus
392 987 578 1021 franciscus
593 988 717 1021 Redius
743 992 753 1027 (
778 999 793 1020 r
817 991 827 1026 )
849 989 883 1020 in
896 987 1045 1021 Consilio
1057 987 1115 1021 ad-

102 1027 210 1063 versus
234 1030 380 1064 dolorem
402 1033 434 1064 &
456 1029 583 1067 fluxum
607 1029 906 1077 haemorrhoidum‚
928 1042 1004 1064 cum
1027 1033 1115 1065 intc-

102 1070 180 1105 stini
206 1074 356 1116 prolapsu
380 1076 413 1107 in
439 1075 502 1109 alvi
528 1077 759 1108 exoneratione
783 1075 996 1116 conjunstum
1017 1097 1026 1111 ‚
1061 1075 1112 1116 ju-

101 1114 219 1153 bebat,
247 1129 337 1150 mane
361 1118 432 1151 bibi
459 1120 495 1152 ad
522 1117 677 1152 selibram,
695 1117 742 1158 jus
766 1120 870 1151 carnis
894 1129 957 1151 non
983 1118 1112 1152 salitum

101 1158 137 1191 in
160 1171 226 1202 quo
249 1159 424 1195 bulliissent
450 1161 524 1195 satis
548 1161 658 1195 multae
683 1161 778 1195 violae
804 1163 951 1201 martiae,
974 1163 1005 1194 δι
1029 1161 1109 1203 post<

100 1213 200 1245 quam
223 1204 270 1237 hoe
296 1216 360 1238 non
385 1204 441 1238 nisi
466 1206 588 1239 siccatae
612 1205 724 1239 haberi
748 1203 894 1247 possent,
918 1206 1114 1239 earumloco

101 1255 158 1279 aut
170 1249 343 1287 cichorea,
369 1259 424 1283 aut
440 1250 603 1291 borrago‚
628 1259 681 1283 aut
694 1247 837 1290 buglossa
854 1273 862 1288 ,
885 1259 940 1283 aut
955 1248 1113 1287 sonchus,

100 1300 157 1323 aut
184 1303 304 1334 prunus
340 1304 447 1326 recens
463 1318 470 1331 ‚
495 1291 659 1333 ficcusve,
681 1294 855 1336 appianum
890 1293 1033 1331 malum,
1060 1304 1113 1327 aut

99 1332 294 1376 ejuscemodi
318 1336 426 1370 aliud.
452 1337 519 1369 Seri
544 1335 638 1369 usum
662 1335 910 1370 commendabat
942 1336 1114 1378 deputati,

99 1379 305 1422 edulcatique
326 1379 449 1422 julapio
472 1378 536 1413 sive
560 1390 599 1412 ex
622 1380 759 1413 tinffiura
791 1380 953 1414 violarum
978 1382 1112 1414 martia-

98 1432 171 1456 rum
188 1449 196 1464 ,
221 1424 284 1458 five
308 1435 349 1457 ex
373 1425 519 1466 appianis
551 1422 644 1456 malis
670 1447 677 1454 .
714 1423 818 1457 Usum
854 1435 985 1466 quoque
1019 1424 1112 1458 laffis

99 1465 236 1504 asinini,
261 1476 316 1501 aut
328 1466 635 1509 caprinilaudabat.
662 1468 701 1501 In
715 1468 872 1508 prandio,
894 1469 1113 1510 coenaquein-

97 1518 150 1543 ter
176 1512 253 1545 alios
276 1512 367 1545 cibos
392 1511 515 1552 pultem
539 1510 681 1552 semper,
707 1510 759 1544 sed
783 1509 865 1544 hanc
900 1510 1079 1554 simplicem
1104 1535 1113 1550 ‚

96 1556 129 1587 δε
152 1554 221 1597 jure
247 1556 422 1598 plurimum
449 1554 689 1591 abundantem,
715 1555 748 1587 in
773 1566 835 1596 qua
859 1565 955 1597 poma
990 1555 1117 1588 bulliis-

95 1596 186 1639 sent,
211 1609 265 1632 aut
291 1599 396 1632 herbae
420 1598 535 1640 aliquae
560 1608 599 1631 ex
623 1599 663 1630 iis
687 1608 759 1639 quae
783 1597 876 1640 supra
900 1598 994 1632 dietae
1021 1598 1112 1638 sunt,

93 1641 260 1683 interdum
287 1641 402 1675 hordei
428 1652 584 1683 quoque,
608 1649 663 1674 aut
687 1642 786 1674 orizae
811 1642 954 1684 ahquid.
990 1644 1113 1676 Carnes

95 1685 194 1718 elixas
221 1685 332 1727 saepius
358 1684 520 1724 malebat,
544 1696 642 1725 quarn
667 1683 744 1719 assas
767 1709 774 1717 .
808 1685 1008 1729 Omiffisque
1042 1698 1114 1720 aro-

94 1730 260 1770 matibus,
281 1731 311 1761 δι
325 1740 414 1762 mero
429 1750 437 1765 ,
465 1727 657 1770 prandium,
683 1741 875 1772 coenamque
894 1731 955 1764 sem
984 1731 1114 1765 erelau-

92 1771 128 1805 di
154 1775 252 1806 cocto
275 1783 396 1814 pomo.
422 1773 471 1805 vel
497 1782 600 1815 pyro,
626 1784 741 1817 aquam
756 1774 944 1817 superbiben
969 1777 1038 1809 oad
1055 1785 1111 1809 un.

91 1816 160 1850 cias
185 1825 272 1853 tres,
295 1816 418 1859 julapio
441 1827 480 1849 ex
505 1818 629 1850 cortice
654 1819 747 1851 citrei
783 1820 860 1851 mali
896 1820 1076 1854 edulcatam
1101 1845 1109 1854 .

91 1860 149 1894 Ab
172 1860 224 1894 his
245 1871 317 1903 quae
341 1872 381 1893 ex
405 1858 666 1895 RediiConfilio
681 1862 801 1902 retuli,
828 1873 892 1896 non
907 1865 1046 1898 multum
1059 1877 1108 1898 re-

91 1904 236 1939 cederem
262 1905 295 1937 in
319 1903 381 1938 hnc
396 1903 492 1941 casus¹
521 1914 573 1938 aut
591 1915 717 1939 rantum
729 1906 923 1945 dumtaxat,
946 1920 1106 1952 quantum

90 1947 168 1981 satis
194 1948 268 1982 esset
284 1970 291 1982 ‚
315 1960 354 1981 ne
378 1947 466 1981 alvus
492 1949 587 1982 nimis
612 1946 698 1982 farte
727 1949 848 1983 lubrica
861 1949 976 1985 fieret.
1004 1952 1106 1993 Qod

91 1991 116 2025 fi
140 1991 285 2026 Rediana
310 1991 367 2025 isla
394 1991 523 2024 vivendi
550 1993 635 2026 ratio
659 2004 723 2024 non
750 1991 928 2033 sufficeret3
963 1995 1105 2030 sufficere

89 2043 200 2068 autem
225 2036 382 2069 diuturno
409 2036 465 2069 usu
478 2035 634 2073 deberet,
658 2036 732 2069 alvo
745 2035 899 2071 hactenus
925 2040 1019 2072 molli
1034 2039 1105 2074 red-

88 2077 223 2117 dendae,
248 2088 282 2113 ut
305 2078 341 2111 ad
367 2090 436 2112 eam
461 2078 699 2113 exonerandas-n
728 2092 830 2122 neque
855 2082 987 2116 nixibus
1022 2095 1105 2125 opus

89 2121 165 2156 esset
182 2147 193 2162 ,
216 2134 271 2158 nec
296 2122 391 2164 longa
419 2134 532 2160 m.)ra;
557 2131 635 2156 tunc
659 2135 736 2157 vero
762 2135 799 2156 ne
832 2125 864 2156 in
897 2137 935 2158 eo
970 2127 1104 2167 quidem

86 2165 234 2199 Redium
258 2168 382 2200 imitari
409 2165 611 2208 displiceret,
638 2176 674 2200 ut
697 2168 863 2199 interdum
887 2168 991 2210 pulpae
1004 2169 1104 2203 cassiae

85 2208 257 2244 drachmas
280 2210 389 2243 darem
414 2209 526 2248 binas,
552 2220 644 2242 mane
670 2220 739 2243 ante
763 2209 811 2251 jus
835 2210 873 2242 de
906 2222 973 2252 quo
998 2213 1067 2245 dixi
1089 2236 1103 2253 ‚

85 2252 280 2290 sumendas,
306 2252 512 2291 totidemque
536 2254 654 2287 iterum
682 2254 777 2295 paulo
800 2263 873 2286 ante
897 2266 1051 2296 coenam,
1076 2255 1099 2289 si

85 2299 226 2331 necdum
251 2297 430 2341 quidquam
455 2295 590 2335 egissent
615 2298 739 2338 priores
763 2298 853 2330 duae.
879 2298 912 2330 Si
937 2307 1013 2332 vero
1046 2301 1098 2332 ni-

84 2340 267 2375 hilominus
290 2341 368 2374 dura
385 2363 393 2376 ,
418 2344 447 2373 ἃ
473 2341 553 2373 sicca
578 2349 773 2386 recrementa
797 2338 868 2373 fieri
891 2352 1062 2383 pergerent
1086 2354 1098 2381 5

84 2395 153 2417 non
177 2398 210 2418 ea
236 2395 290 2427 per
315 2387 408 2417 nixus
431 2385 461 2416 &
482 2393 640 2422 conatus,
664 2384 713 2416 sed
736 2395 800 2426 ope
825 2394 1009 2418 enematum
1044 2398 1099 2420 ex-

85 2428 243 2462 cludenda
267 2427 350 2465 esse,
375 2428 555 2460 censerem.
580 2427 662 2459 Haec
686 2436 793 2460 autem
818 2427 941 2461 iclibrae
967 2430 1100 2470 pondo,

73 2470 162 2506 haud
189 2471 326 2514 amplius
342 2497 349 2506 ,
373 2482 440 2513 quo
466 2468 595 2504 facilius
620 2471 754 2517 retineri
777 2469 902 2512 possent
914 2471 952 2504 ad
976 2471 1098 2513 justum

72 2526 225 2558 tempus,
249 2526 288 2549 ex
312 2515 384 2547 {010
409 2522 519 2547 autem
543 2514 650 2548 carnis
673 2525 763 2556 jure,
789 2524 845 2547 aut
868 2526 909 2548 ex
944 2515 1095 2550 emulsio-

74 2571 138 2596 ne,
163 2568 198 2592 ut
223 2558 406 2601 appellant,
433 2557 571 2597 hordei,
596 2566 651 2591 aut
674 2558 775 2591 orizae
798 2569 870 2600 quae
896 2558 1026 2593 semusta
1037 2572 1094 2593 an-

73 2614 149 2643 tea,
173 2606 204 2636 &
228 2604 318 2637 cocta
342 2600 460 2639 essent,
487 2605 516 2634 δι
540 2600 573 2635 id
597 2612 728 2642 quoque
753 2601 790 2634 ad
817 2602 917 2636 Redii
934 2605 1095 2637 imitatio-

74 2658 171 2682 nem.
197 2647 266 2689 Qi
290 2645 429 2689 denique
453 2645 564 2679 multis
585 2644 676 2678 effert
704 2645 855 2679 laudibus
889 2657 1094 2688 unguentum

76 2691 244 2733 quoddam
270 2695 280 2730 (
304 2698 443 2723 manteca
467 2690 635 2722 vocitatur
656 2691 670 2728 )
694 2687 816 2722 flavum
830 2701 868 2722 ex
885 2690 963 2724 rosis
979 2712 987 2727 ,
1012 2703 1095 2733 qua-

76 2737 109 2771 le
134 2747 150 2768 a
175 2734 367 2778 Seplasiariis
390 2732 628 2767 conficiebatur
652 2732 770 2775 Magni
792 2734 935 2767 Etruriae
958 2735 1061 2768 Ducis
1083 2756 1094 2773 ‚

75 2780 239 2815 affirmans
252 2803 260 2817 ,
283 2776 468 2820 prolapsum
484 2776 673 2810 intestinum
689 2775 795 2810 multo
807 2775 936 2811 facilius
951 2802 959 2817 ‚
981 2778 1093 2812 citius-

78 2836 144 2867 que
167 2823 302 2865 reponi,
325 2820 347 2854 si
371 2819 438 2862 ejus
462 2830 645 2855 extremum
668 2821 802 2854 liniatur
827 2829 996 2863 unguento
1010 2822 1091 2862 illo,

77 2879 148 2911 quo
173 2874 389 2907 praeterquam
412 2863 502 2908 quod
528 2862 622 2897 dolor
645 2863 763 2901 leniri,
787 2861 966 2898 humorum
982 2875 1091 2900 autem

74 2910 257 2945 acrimonia
283 2907 434 2948 retundi,
459 2909 607 2950 poterit,
628 2906 759 2950 inquit,
783 2907 874 2946 laesa,
906 2919 941 2942 ac
974 2908 1093 2942 debili-

75 2964 145 2989 tata
170 2964 239 2995 pars
265 2961 328 2984 non
355 2962 467 2994 parum
490 2951 717 2985 corroborari.
742 2952 910 2985 Caeterum
944 2953 1090 2987 intestini

76 2997 311 3041 repositionem
336 2995 441 3028 minus
462 2993 630 3030 difficilem
655 2993 790 3028 reddent
813 2993 1003 3037 praescripta
1039 2999 1090 3031 vi-

75 3041 173 3077 vendi
200 3041 306 3076 ratio,
331 3040 362 3071 &
386 3038 419 3071 in
441 3039 517 3073 cibo
542 3038 701 3081 parcitas.
727 3039 780 3072 Sic
803 3041 891 3072 enim
914 3050 1018 3082 neque
1054 3042 1088 3074 in

74 3087 231 3131 proximo
254 3081 332 3116 Coli
355 3081 459 3116 trad‘m
482 3085 578 3125 copia
602 3090 880 3116 excrementorum
903 3084 1088 3117 cumulabi-

74 3141 154 3169 tur,
177 3138 250 3169 quae
276 3136 323 3158 res
346 3125 534 3159 illiobstare
548 3126 624 3159 solet
639 3126 830 3169 repofitioni
845 3148 853 3163 ‚
879 3137 936 3159 nec
961 3126 1088 3171 sanguis

74 3163 234 3216 gignetui·
258 3169 314 3211 qui
339 3177 394 3201 aut
418 3168 630 3203 redundantia
654 3170 726 3208 sua,
754 3179 810 3203 aut
836 3170 922 3203 vitio
946 3169 1012 3204 alio
1035 3174 1101 3205 i'n'ss‘

74 3212 204 3252 sirmam
229 3222 352 3256 partem
376 3209 476 3245 faciat
500 3213 696 3247 crassiorem.
722 3213 822 3252 Quod
846 3224 919 3246 cum
943 3215 1088 3249 accidere

75 3263 175 3295 etiam
198 3266 294 3301 queat
317 3267 334 3288 a
357 3256 508 3290 violentis
531 3257 695 3296 motibus,
718 3260 751 3290 δε
774 3257 1085 3297 exercitationibus;

72 3304 131 3340 has
153 3312 283 3345 quoque
315 3301 468 3333 omittere
490 3300 678 3341 oportebit,
703 3302 895 3337 necminus;
919 3310 953 3333 ut
978 3305 1085 3342 paucis

71 3346 275 3390 complectar
297 3345 428 3380 omnia3
454 3343 615 3387 quidquid
634 3345 735 3386 longo
758 3343 837 3379 adeo
849 3353 900 3377 tot
926 3355 1084 3380 annorum

71 3393 180 3435 spatis)
193 3413 202 3428 ,
229 3387 333 3421 multo
345 3387 541 3428 experientia
555 3388 623 3430 ipsa
636 3388 770 3429 melius,
793 3399 889 3430 quam
903 3388 995 3429 poffit
1009 3390 1085 3424 Me-

71 3437 138 3472 dici
163 3431 296 3473 cujusve
319 3430 511 3469 confilium,
537 3434 672 3465 noxium
692 3432 771 3471 esse,
796 3431 1084 3468 demonstraverit.

117 3491 166 3522 ¹4·
196 3476 297 3510 Haec¹
324 3473 436 3507 multis
460 3486 493 3508 ac
518 3475 616 3508 variis
639 3476 931 3518 occupationibus,
955 3475 1083 3511 studiis-

71 3512 142 3567 que‘
162 3521 343 3557 distentus,
367 3518 465 3551 habui
490 3530 561 3559 quae
586 3520 619 3551 in
642 3518 838 3553 difficillimo
850 3517 923 3554 casu
938 3521 1086 3556 animad-

69 3576 257 3602 verterem,
282 3573 316 3594 ac
342 3560 585 3603 responderem,
608 3570 723 3604 optans
746 3565 785 3596 ab
810 3563 930 3600 Nobili
954 3586 963 3600 ,
999 3566 1085 3599 Eru-

68 3611 229 3651 ditoque,
254 3616 315 3647 pro
339 3617 406 3647 quo
429 3604 546 3645 scripta
569 3604 664 3643 sunt,
690 3606 797 3643 Viro,
832 3615 868 3640 ut
895 3608 1085 3648 qualiacun..

157 3649 327 3691 Mongagni
338 3650 373 3682 dc
387 3648 454 3682 Sed.
470 3649 608 3692 &caus
621 3647 722 3682 Morb.
739 3651 839 3684 Tom.
853 3652 900 3684 II.

1172 306 1234 338 que
1257 296 1341 335 sint,
1364 307 1453 338 grata
1477 297 1615 337 habeat,
1640 300 1680 333 ab
1704 301 1752 333 Ex
1779 303 1988 337 erientiffimo
2000 312 2104 339 autem
2117 305 2176 350 qui

1171 349 1223 372 me
1243 339 1432 381 consuluit,
1457 342 1612 379 Medico,
1636 352 1671 377 ut
1695 345 1734 376 iis
1757 313 1910 381 siaetenus
1934 357 2045 381 utatur
2068 348 2176 391 quoad

1170 392 1230 423 pro
1254 382 1306 417 sua
1330 385 1523 426 prudentia,
1548 386 1703 429 rebusque
1734 390 2016 425 circumstantibus
2047 391 2142 424 licere
2165 414 2180 432 ‚

1171 426 1299 465 credet,
1324 427 1365 460 ab
1389 429 1462 461 Deo
1486 429 1615 463 tandem
1639 432 1843 472 immortali,
1868 443 1905 467 ut
1937 433 2099 477 quidquid
2120 435 2176 469 de-

1170 478 1317 506 cretum,
1342 473 1513 515 aestumque
1535 472 1656 514 fuerit,
1680 473 1843 517 propitius
1874 476 2042 511 fortunet.

1217 523 1265 555 ¹5-
1291 514 1402 548 Habes
1425 516 1634 557 Consilium,
1657 517 1751 557 quale
1774 526 1844 552 tum
1857 519 1992 564 scripsi,
2017 531 2101 554 anno
2124 520 2178 554 vi-

1168 557 1287 592 delicet
1314 567 1404 600 1725.
1427 558 1580 601 postridie
1602 560 1678 594 Idus
1700 553 1832 596 Sextiles
1846 587 1854 595 .
1880 565 1917 596 In
1932 575 1998 606 quo
2010 574 2124 607 praeter
2148 565 2179 597 i-

1168 600 1255 645 psam
1269 602 1541 642 prolixitudinem
1552 628 1561 643 ,
1574 604 1637 637 alia
1647 615 1776 646 quoque
1789 605 1861 639 sunt
1874 618 1944 649 quae
1955 619 1994 640 ne
2007 607 2088 642 mihi
2099 608 2178 650 qui-

1170 645 1244 678 dem
1267 656 1353 679 nunc
1378 643 1452 679 satis
1466 646 1635 688 placeant.
1661 648 1788 682 Verum
1801 651 1834 682 in
1848 661 1896 683 res
1907 649 2054 685 incidens
2065 654 2176 685 minus

1172 689 1349 729 tra&atas,
1372 701 1473 731 neque
1484 688 1574 729 haec,
1598 701 1699 732 neque
1712 690 1800 725 illam
1818 693 1921 726 vitare
1933 696 2025 735 potui
2040 719 2046 725 .
2064 697 2177 737 Atque

1171 734 1298 766 utinam
1323 733 1363 766 ab
1379 745 1416 766 eo
1427 742 1572 776 ternpore
1582 731 1739 767 extitisset
1751 736 1868 778 aliquis
1877 735 1969 779 cujus
1983 740 2177 772 anatomicae

1170 776 1411 810 observationes
1435 785 1583 819 optatam
1606 775 1670 810 huc
1695 778 2010 814 attulissentlucem.
2039 782 2096 814 Sed
2108 792 2179 821 eae,

1171 828 1208 852 ut
1224 816 1461 859 Schacherum‚
1485 820 1703 855 dofflffimum
1717 822 1838 857 Virum
1857 827 1867 863 (
1885 822 1912 866 s
1926 825 1939 865 >
1955 847 1965 864 ‚
1990 827 2020 857 δι
2035 834 2178 858 metune

1170 862 1339 902 latebant,
1364 863 1405 897 sic
1417 863 1520 898 adhuc
1541 864 1660 898 latent.
1685 865 1770 908 Quae
1791 876 1897 901 autem
1913 869 1945 901 in
1966 867 2180 903 cadaveribus

1169 906 1341 949 quaerenda
1354 905 1415 940 sint
1429 919 1544 942 eorum
1556 907 1733 950 praesertim
1746 921 1886 949 quorum
1898 911 2087 945 intestinum
2101 923 2177 954 pro-

1168 950 1273 983 cidere
1295 950 1545 984 consuevetitad
1570 952 1961 995 miramlongitudinem‚
1987 955 2176 990 Consilium

1167 993 1230 1026 tibi
1243 993 1400 1027 indicabit
1414 995 1556 1028 nostrum
1572 1017 1581 1031 ,
1607 1007 1662 1029 nec
1676 1006 1783 1030 tamen
1796 996 1929 1033 fortasse
1940 1000 2050 1033 omnia
2065 1025 2072 1031 .
2089 999 2177 1040 Qis

1166 1039 1253 1070 enim
1278 1036 1378 1077 sciat,
1402 1048 1477 1071 num
1489 1039 1667 1080 aliquando
1680 1049 1734 1073 aut
1756 1042 1860 1074 nimio
1881 1040 2017 1076 humore
2042 1043 2177 1084 laxata,

1165 1090 1219 1114 aut
1233 1079 1460 1122 congestorum
1484 1091 1756 1115 recrementorum
1781 1088 1873 1125 copia
1888 1111 1895 1125 ,
1922 1097 1975 1119 aut
1999 1087 2177 1123 violentis,

1163 1123 1392 1166 diuturnisque
1414 1126 1449 1157 in
1472 1124 1632 1167 egerendo
1652 1126 1784 1160 nixibus
1803 1127 1976 1166 distracta,
2001 1142 2035 1162 ac
2049 1129 2178 1163 divulsa

1164 1179 1201 1202 ea
1226 1167 1355 1202 vincula
1379 1179 1452 1209 quae
1476 1180 1515 1202 ex
1528 1168 1677 1210 supremo
1699 1170 1851 1204 Recioin
1863 1174 2048 1214 proximum
2060 1174 2174 1207 Colon

1165 1212 1344 1251 ducuntur,
1354 1211 1499 1245 fasciolas
1512 1223 1573 1246 tres
1587 1211 1769 1252 referentia,
1780 1225 1844 1248 non
1857 1217 1903 1249 ita
1915 1215 2016 1249 sinant
2029 1227 2100 1250 tum
2115 1217 2179 1249 ali-

1165 1265 1248 1298 quot
1270 1267 1309 1288 ex
1333 1256 1458 1289 ultimis
1482 1257 1559 1289 Coli
1584 1256 1710 1290 cellulis
1732 1267 1802 1293 tum
1815 1258 1972 1301 plurimas
1984 1261 2080 1293 exiis
2103 1271 2179 1303 quae

1165 1300 1251 1332 intra
1276 1298 1331 1333 has
1352 1299 1444 1337 sunt,
1469 1299 1654 1334 transversis
1678 1302 1767 1344 rugis
1803 1302 1954 1341 extendi,
1979 1312 2015 1337 ut
2036 1302 2178 1346 prolapsi

1164 1342 1308 1376 intestini
1323 1343 1498 1386 longitudo
1510 1353 1666 1386 augeatur
1679 1370 1687 1376 .
1701 1345 1889 1380 Videndum
1903 1349 2007 1390 igitur
2021 1349 2081 1381 erit
2093 1371 2101 1385 ‚
2118 1344 2178 1382 ubi

1164 1386 1343 1420 illiusmodi
1356 1386 1508 1421 cadavera
1520 1411 1528 1425 ,
1552 1399 1624 1430 quae
1639 1387 1742 1422 adhuc
1756 1388 1899 1423 desidero
1912 1413 1921 1428 ‚
1935 1391 2104 1425 incidenda
2116 1391 2178 1425 ob-

1164 1433 1296 1463 venient
1309 1454 1318 1468 ,
1343 1430 1510 1473 quomodo
1522 1430 1576 1464 illa
1588 1432 1685 1465 etiam
1698 1433 1846 1471 vincula,
1871 1434 1999 1478 illaeque
2011 1436 2133 1469 cellulae
2145 1435 2177 1470 se

1165 1471 1305 1507 habeant
1317 1497 1329 1514 ,
1354 1484 1408 1508 aut
1423 1474 1442 1508 fi
1461 1484 1598 1517 utraque
1613 1475 1777 1517 persistant
1790 1499 1798 1513 ‚
1823 1488 1860 1509 an
1873 1478 2047 1512 interiores
2058 1479 2174 1513 saltem

1165 1528 1253 1560 rugae
1277 1529 1391 1560 magna
1403 1530 1440 1552 ex
1466 1518 1625 1561 partesint
1650 1520 1816 1562 explicatae
1832 1532 1866 1553 ac
1880 1520 1992 1554 deletae
2007 1544 2017 1559 ,
2041 1533 2112 1564 quae
2128 1534 2178 1557 res

1165 1573 1226 1595 una
1252 1563 1592 1596 maximeinteriorem
1607 1564 1797 1596 tunicamin
1810 1575 1873 1605 qua
1884 1564 1947 1598 illae
1960 1565 2054 1603 sunt,
2079 1566 2177 1600 deor-

1165 1606 1231 1639 sum
1243 1606 1373 1639 extendi
1390 1604 1527 1645 sineret,
1550 1604 1698 1638 trahente
1712 1606 1862 1640 videlicet
1877 1609 2068 1642 continuata
2093 1611 2179 1644 inte-

1164 1651 1251 1682 riore
1275 1650 1385 1682 tunica
1412 1650 1509 1682 Reffi
1535 1648 1699 1687 intestini,
1723 1661 1820 1692 quam
1836 1650 1865 1684 se
1878 1653 2040 1685 invertere
2053 1674 2067 1690 ,,
2089 1653 2177 1689 &sic

1164 1692 1314 1737 prodire,
1339 1691 1440 1725 secuti
1465 1702 1605 1726 recentes
1628 1693 1661 1726 in
1687 1695 1802 1736 primis
1824 1694 1888 1729 Rei
1921 1696 2059 1731 Medicae
2093 1698 2178 1732 Scri-

1165 1746 1295 1780 ptores,
1317 1737 1351 1771 in
1375 1735 1523 1772 Consilio
1548 1738 1598 1781 (t
1622 1741 1632 1777 )
1658 1738 1843 1780 posuimus.
1869 1740 1953 1778 Quae
1977 1752 2083 1775 tamen
2103 1741 2174 1783 ipsa

1165 1781 1310 1816 inverfio
1333 1793 1490 1825 quatenus
1515 1780 1606 1821 fieri,
1633 1781 1826 1826 agnoscique
1839 1785 1933 1828 poffit
1948 1809 1955 1823 ‚
1979 1786 2176 1820 nunciniis-

1162 1826 1236 1861 dem
1259 1825 1469 1861 cadaveribus
1492 1829 1612 1870 pariter
1623 1827 1831 1870 quaerendum
1844 1829 2027 1863 censemus.
2055 1831 2174 1875 Neque

1161 1872 1247 1905 enim
1259 1871 1337 1911 hic,
1362 1880 1397 1904 ut
1413 1870 1492 1904 alibi
1516 1875 1527 1910 (
1555 1881 1575 1903 u
1592 1871 1637 1913 ),
1660 1872 1815 1914 agiturde
1831 1874 2100 1915 partedumtaxat
2113 1877 2176 1910 ali-

1158 1928 1242 1958 qua,
1267 1927 1366 1958 eaque
1388 1926 1464 1948 cum
1475 1915 1616 1956 quadam
1640 1914 1729 1959 quasi
1752 1919 1893 1952 cuticula
1908 1930 1981 1961 quae
2001 1920 2177 1962 abscedat,

1157 1958 1399 2001 comparanda,
1422 1958 1475 1992 sed
1500 1958 1540 1991 de
1552 1958 1702 2000 totaipsa
1728 1960 1887 1996 interiore
1906 1963 2050 1997 intestini
2074 1966 2176 2000 Recti

1157 2004 1293 2036 tunica:
1317 2013 1414 2044 quam
1441 2013 1457 2035 a
1485 2002 1664 2036 musculosa
1679 2003 1721 2036 sic
1734 2004 1886 2046 diffiivi,
1911 2015 1948 2040 ut
1974 2016 2081 2042 tamen
2108 2021 2175 2044 non

1157 2048 1337 2080 emoriatur
1347 2069 1359 2085 ‚
1383 2058 1439 2079 nec
1451 2045 1633 2088 graviffima
1646 2045 1762 2081 habeat
1774 2048 1949 2092 conjunfta
1963 2052 2177 2095 symptoma-

1157 2099 1209 2127 ta,
1234 2089 1365 2124 difficile
1389 2090 1432 2123 est
1454 2089 1581 2124 creditu
1594 2091 1676 2133 apud
1694 2103 1746 2124 eos
1768 2096 1825 2135 qui
1839 2095 2047 2137 innumeras,-
2072 2099 2173 2134 mitto

1157 2132 1315 2174 fibrillas,
1338 2136 1370 2167 &
1393 2134 1566 2172 nervulos‘5
1590 2135 1756 2181 arteriolas
1769 2139 2025 2181 tantummodo,
2050 2155 2085 2176 ac
2118 2155 2175 2178 ve-

1156 2178 1270 2216 nulas,
1295 2186 1466 2218 utramque
1479 2180 1622 2211 tunicam
1632 2189 1803 2221 jungentes
1820 2207 1828 2220 ‚
1852 2183 2138 2221 animadverterint
2161 2212 2175 2222 .

1156 2220 1237 2253 Haec
1253 2222 1359 2262 igitur
1382 2219 1509 2253 vascula
1535 2233 1573 2255 an
1588 2221 1667 2255 adeo
1691 2225 1790 2257 laxari
1813 2225 1945 2264 senfim,
1970 2230 2172 2275 extendique

1154 2262 1272 2305 possint
1284 2287 1292 2303 ‚
1315 2272 1352 2296 ut
1366 2272 1490 2305 magnae
1502 2265 1679 2306 praesertim
1694 2267 1890 2303 inverfiones
1903 2273 2021 2307 tunica:
2032 2274 2173 2309 interio-

1150 2307 1194 2339 ris
1218 2308 1408 2349 requirunt,
1434 2319 1514 2350 quas
1533 2319 1597 2342 non
1620 2311 1714 2349 pauci
1739 2309 1792 2344 hic
1806 2312 2040 2355 fiericensent;
2066 2330 2102 2351 an
2117 2329 2172 2354 tua

1151 2361 1282 2383 morum
1306 2350 1510 2393 exemplum,
1534 2352 1568 2384 in
1581 2354 1700 2395 quibus
1724 2355 1845 2389 constat
1859 2359 2031 2394 immanem
2045 2364 2171 2397 accide-

1151 2404 1185 2426 re
1209 2393 1359 2427 vasorum
1384 2394 1624 2434 extensionem,
1648 2395 1702 2431 hic
1721 2397 1831 2433 locum
1844 2399 1989 2443 habent,
2013 2405 2069 2438 ubi
2082 2407 2169 2440 cras-

1152 2436 1273 2470 sescere
1297 2437 1430 2480 quidem
1445 2439 1581 2471 interior
1605 2442 1717 2475 tunica
1731 2442 1871 2481 dicitur,
1899 2445 1950 2480 secl
1975 2448 2093 2483 flexilis
2115 2460 2168 2485 ta-

1150 2491 1223 2513 men
1240 2480 1428 2522 plerumque
1440 2504 1451 2520 ,
1475 2484 1508 2513 δι
1520 2491 1594 2524 apta
1607 2482 1645 2516 ad
1659 2485 1887 2527 repositionem
1898 2489 2013 2524 servari
2026 2504 2039 2532 ,·
2060 2505 2097 2526 an
2110 2494 2167 2528 dc-

1150 2525 1249 2565 nique
1272 2524 1467 2557 inversiones
1478 2523 1550 2562 hae,
1573 2537 1645 2568 quae
1665 2538 1730 2560 non
1755 2531 1841 2564 secus
1865 2533 1898 2564 in
1912 2534 2014 2568 Recto
2037 2537 2167 2572 intesti-

1148 2578 1220 2607 no,
1243 2578 1277 2600 ac
1301 2569 1335 2600 in
1349 2568 1466 2609 vagina
1480 2570 1586 2606 uteri,
1610 2572 1753 2614 proponi
1764 2572 1891 2615 solent,
1914 2588 1990 2612 cum
2014 2591 2047 2613 re
2070 2582 2137 2623 ipsa
2152 2608 2165 2624 ,

1145 2612 1176 2643 &
1199 2621 1359 2652 quatenus
1382 2613 1582 2645 conveniant
1597 2634 1607 2651 ‚
1632 2615 1835 2651 non-aliunde
1848 2622 1990 2661 certius,
2015 2635 2111 2666 quam
2123 2637 2164 2661 ex

1147 2655 1345 2687 accuratiori
1357 2653 1549 2688 cadaverum
1562 2657 1717 2692 incisione
1728 2660 1906 2697 addiscetur
1919 2689 1926 2696 .
1951 2667 2023 2700 Nec
2039 2672 2164 2704 veroin

1145 2701 1275 2740 magnis
1302 2697 1480 2741 praesertim
1491 2699 1696 2735 Civitatibus
1719 2705 1870 2739 rariffima
1886 2707 1944 2741 esse
1965 2711 2066 2750 potest
2079 2711 2164 2754 eius-

1146 2742 1237 2775 modi
1263 2742 1458 2776 cadaverum
1479 2742 1737 2779 dissecandorum
1768 2748 1913 2783 occasio.
1938 2752 2020 2787 Non
2050 2758 2161 2796 paucis

1144 2786 1231 2818 enim
1242 2783 1296 2819 hic
1311 2786 1445 2820 morbus
1460 2784 1600 2821 funestus
1612 2789 1656 2821 est
1671 2814 1679 2828 ‚
1704 2790 1963 2827 inflammatione
1983 2798 2161 2838 videlicet,

1142 2839 1379 2873 gangraenaque
1402 2829 1593 2865 intestinum
1605 2831 1879 2875 corripientibus,
1901 2838 1993 2881 cuius
2005 2842 2162 2884 repositio

1143 2873 1348 2916 negligenter
1362 2874 1461 2907 nimis
1471 2874 1569 2908 dilata
1594 2873 1632 2908 sit
1647 2898 1657 2908 .
1682 2876 1741 2909 Sed
1752 2878 1784 2910 in
1797 2881 1840 2912 iis
1853 2881 1951 2916 etiam
1972 2895 2054 2926 quos
2067 2886 2159 2922 aliud.

1144 2919 1263 2950 mortis
1276 2928 1378 2959 genus
1391 2916 1578 2957 sustulerit,
1602 2918 1779 2960 aliquando
1792 2923 1910 2957 accidit
1921 2949 1933 2965 ,
1958 2936 1993 2959 ut
2007 2930 2160 2971 quaedam

1142 2958 1172 2991 se
1195 2958 1332 2993 offerant
1347 2970 1489 3002 quorum
1504 2961 1541 2993 ad
1554 2960 1635 2994 hanc
1647 2973 1713 2995 rem
1727 2965 1808 2999 utile
1820 2965 1879 3000 esse
1892 2969 1983 3011 poffic
1997 2984 2129 3008 examen
2142 2997 2156 3013 ,

1139 3001 1205 3037 five
1230 3004 1327 3037 Reffi
1339 3002 1482 3036 intestini
1499 3003 1662 3046 prolapsui
1676 3007 1812 3042 obnoxii
1826 3009 1972 3053 fuerint,
1997 3014 2060 3050 sive
2072 3029 2156 3061 qua-

1139 3056 1268 3088 cunque
1280 3058 1319 3080 ex
1331 3044 1447 3086 causa,
1471 3057 1508 3080 ut
1532 3048 1567 3080 in
1589 3049 1695 3083 milite
1717 3055 1859 3093 quodam
1883 3060 2034 3099 gregario
2059 3064 2073 3101 (
2095 3072 2117 3095 x
2140 3067 2154 3102 )

1138 3093 1160 3122 C
1163 3089 1206 3124 oli
1227 3089 1260 3123 in
1282 3089 1461 3129 intestinum
1485 3091 1613 3131 Redum
1629 3093 1816 3137 prolapsus,
1833 3097 1891 3140 seu
1914 3101 2075 3137 devolutio
2097 3117 2157 3139 oc-

1138 3142 1273 3183 currat,
1296 3144 1368 3176 quae
1393 3133 1500 3166 inillo
1520 3135 1655 3177 quidem
1678 3137 1718 3170 ad
1733 3139 1901 3182 spitharnae
1924 3143 2153 3186 longitudinem

1139 3175 1205 3220 furt
1223 3202 1231 3209 .
1257 3177 1337 3210 Non
1351 3176 1492 3210 Rectum
1504 3188 1611 3213 autem
1623 3180 1797 3218 dumtaxat
1811 3210 1819 3224 ‚
1845 3196 1956 3219 verum
1970 3191 2069 3225 etiam
2080 3194 2152 3226 Co.

1139 3221 1194 3253 lon
1220 3220 1327 3262 ipsum
1341 3220 1531 3261 procidere,
1554 3234 1620 3257 non
1644 3224 1812 3260 dubitavit
1827 3229 2011 3265 Salmuthus
2035 3237 2149 3279 (y),

1137 3276 1210 3298 cum
1237 3264 1384 3309 lafientis
1397 3264 1494 3305 puelli
1508 3265 1744 3303 Observationi
1764 3270 1858 3315 (z)
1880 3274 1937 3315 qui
1956 3275 1990 3307 in
2017 3282 2149 3319 gravio-

1136 3307 1225 3341 ribus
1248 3307 1407 3356 epilepsiae
1418 3310 1619 3353 paroxysmis
1630 3313 1777 3346 intestina
1789 3316 2070 3361 extrudebatfiztis
2080 3333 2149 3356 ma-

1131 3362 1193 3394 gna
1205 3350 1397 3392 longitudme
1408 3373 1418 3390 ‚
1443 3351 1528 3387 hunc
1542 3355 1677 3388 titulum
1690 3353 1805 3389 feccrit
1818 3359 2018 3395 ‘Procidentia
2029 3365 2153 3404 intesti-

1134 3394 1170 3427 ni
1192 3393 1258 3427 coli
1280 3403 1318 3427 ex
1329 3393 1500 3437 Epilepsia.
1527 3400 1634 3440 Atque
1650 3400 1777 3433 utinam
1789 3401 1988 3443 persecuisset
2004 3408 2148 3448 puellam

1137 3437 1190 3479 (a
1212 3440 1226 3477 )
1249 3447 1348 3470 annos
1380 3448 1487 3473 natam
1521 3442 1653 3474 circiter
1696 3445 1943 3483 quatuordecim
1972 3479 1973 3482 ,
2008 3452 2060 3483 cui
2107 3465 2148 3489 ex

1137 3480 1287 3522 neglecto
1319 3481 1441 3515 acriore
1475 3484 1616 3517 tenesmo
1656 3492 1759 3520 totum
1802 3490 1925 3523 tandtm
1966 3492 2145 3532 intestinum

1137 3523 1268 3563 Reffum
1291 3534 1360 3556 cum
1379 3533 1471 3565 parte
1497 3527 1563 3560 coli
1596 3528 1636 3560 ad
1670 3527 1894 3572 longitudinem
1908 3531 2145 3576 spithamarum

1135 3567 1264 3600 duarum
1281 3593 1288 3607 ‚
1312 3570 1353 3601 (Φ
1376 3568 1515 3610 amplius
1525 3568 1599 3612 fuit
1628 3572 1829 3615 protrusum.
1854 3576 1941 3610 Cum
1975 3581 2061 3614 enirn
2094 3582 2143 3619 sa-

1134 3611 1178 3644 tis
1220 3609 1343 3645 restitui
1388 3611 1423 3645 in
1463 3614 1551 3648 suam
1600 3614 1704 3649 sedem
1758 3626 1822 3650 non
1870 3618 1971 3662 posset
2006 3647 2014 3660 ,
2058 3637 2139 3668 gan-

1629 3660 1653 3692 F
1699 3670 1716 3691 2
1990 3677 2096 3709 graena

217 3767 270 3789 cap.
285 3760 325 3784 cit.
343 3759 410 3788 supra
427 3759 457 3784 ad
475 3767 498 3784 n.
517 3767 538 3789 3.
600 3760 614 3788 (
630 3768 642 3783 r
658 3761 671 3789 )
688 3761 768 3790 Opere
783 3762 891 3788 dell’ult.
911 3763 981 3788 Ediz.
998 3766 1032 3790 T.
1048 3772 1071 3796 4.

127 3761 175 3822 {Z
190 3758 203 3821 ὲ
218 3791 291 3821 Epist.
306 3798 343 3821 31.
361 3798 386 3815 n.
403 3797 443 3816 ω.
505 3791 520 3820 (
534 3789 577 3819 x)
594 3790 648 3818 Ast·
665 3793 702 3817 N.
717 3794 746 3819 C.
762 3794 839 3820 Tom.
856 3801 878 3819 2.
894 3795 953 3821 ΟΜ.
972 3801 1026 3826 ¹⁰3·

1089 3766 1157 3792 verso
1172 3766 1189 3791 il
1204 3767 1263 3791 fine.

1086 3798 1099 3824 t
1110 3804 1128 3827 s
1144 3801 1156 3827 )
1173 3797 1230 3825 obt.
1247 3797 1337 3825 Medic.
1354 3801 1427 3827 Cent-
1444 3802 1466 3828 1.

1818 3773 1832 3802 (
1848 3749 1927 3803 rin.
1944 3777 1999 3809 eod.

1328 3768 1395 3798 (s)
1414 3770 1437 3800 §·
1457 3778 1478 3801 3.
1495 3771 1537 3797 cit.
1554 3770 1621 3799 supra
1639 3769 1668 3795 ad
1685 3779 1709 3796 n.
1726 3777 1755 3799 4.

1722 3801 1732 3833 (
1751 3810 1768 3828 ι
1782 3803 1796 3833 )
1811 3804 1870 3831 Obs.
1885 3812 1925 3837 30,

1529 3801 1660 3832 (z)3¹·
