2498 4075
385 77 482 133 260

319 158 469 201 polyp03
492 154 576 191 nihil
594 154 633 188 vin
655 152 749 187 corde
772 151 983 187 adnotatione
1007 149 1142 194 dignuin
1163 154 1329 186 inventum

323 201 389 241 est3
412 199 466 234 sed
488 198 526 233 ad
549 197 615 241 ejus
636 195 736 234 bafim
759 196 933 231 scirrhosus
957 204 1068 228 tumor
1092 198 1182 234 nucis
1205 197 1330 237 magni-

321 245 457 284 tud-ine,
480 243 600 277 arteriae
625 240 811 275 Pulmonari
836 238 1043 275 incumbens,
1067 240 1098 271 &
1122 250 1178 282 per
1209 240 1327 272 radices

322 287 475 332 quasdam
497 297 573 321 cum
596 286 693 328 Spina
714 294 895 317 connexus.
919 281 1115 316 Clariffimus
1137 293 1243 317 autem
1265 284 1329 317 Vir

318 333 459 378 Joannes
484 329 682 372 Targionius
706 327 753 370 (l
774 330 789 369 )
811 325 865 359 ubi
899 326 932 358 in
967 326 1110 358 Patricio
1141 327 1329 360 Florentino

320 373 428 411 cordis
452 373 647 416 Magnorum
667 370 841 410 vasorum,
864 371 898 403 δε
935 371 1156 411 proximarum
1190 371 1332 413 partium

317 419 400 453 vitia
423 414 609 459 descripsit,
632 426 671 449 ne
693 414 765 459 quis
788 412 873 446 forte
896 412 939 445 ob
962 412 1086 454 pulsum
1108 414 1165 455 qui
1197 413 1334 447 diutissi-

318 472 369 498 me
393 460 515 503 semper
537 459 641 498 fuerat
666 481 691 498 ‚‚
714 457 931 499 irregulariter
953 457 1154 499 irregularis,
1178 460 1210 490 &
1234 458 1335 490 inter..

320 526 347 545 ‚‚
370 505 502 539 mittens
525 524 548 543 ,‚
573 503 730 545 polypum
753 501 793 534 ab
819 500 846 533 se
868 498 1019 535 omiffum
1043 499 1101 533 esse
1116 523 1128 539 ,
1162 500 1336 542 suspicare-

318 571 344 591 ‚,
367 557 444 588 tur,
467 545 582 580 diserte
607 544 732 579 addidit
753 567 778 584 „
799 554 837 576 ne
859 542 1030 576 minimam
1053 541 1183 586 quidem
1205 555 1334 577 conci-e-

319 615 346 633 „
367 592 490 625 tionem
514 588 704 632 polyposam
726 585 818 622 fuisse
850 595 1007 630 repertam
1030 609 1075 627 „.
1100 586 1201 623 Quod
1234 598 1272 620 ne
1296 586 1333 620 de

319 635 417 676 aliis,
438 645 518 676 quos
542 633 638 675 paulo
674 640 749 666 ante
781 630 980 666 laudavimus
1000 651 1012 669 ,
1047 628 1212 671 suspiceris
1235 642 1245 674 3
1278 629 1329 664 fac

319 679 426 712 veniat
449 679 484 711 in
508 685 647 716 mentem
669 686 745 709 cum
768 673 946 717 diligentiae
970 673 1195 716 plerorumque
1216 697 1228 713 ,
1260 683 1331 707 tum

319 723 467 759 omnium
489 718 726 754 consuetudinis
748 741 761 758 ,
791 729 851 760 qua
874 740 887 757 ,
918 728 993 751 cum
1026 715 1138 760 polypi
1175 717 1332 752 vocabulo

318 765 457 799 necdum
479 764 603 797 Medici
628 761 666 794 ad
690 772 762 795 eum
793 760 923 805 quidem
958 758 996 793 de
1031 771 1098 802 quo
1132 759 1297 803 loquimur
1321 784 1330 798 ‚

317 807 548 851 designandum
572 805 743 840 utebantur
765 826 774 840 ‚
807 815 880 837 eum
903 813 1011 837 tamen
1033 804 1110 837 aliis
1139 815 1211 848 quae
1242 804 1334 847 supra

317 855 332 891 (
353 863 385 886 m
409 855 422 891 >
444 850 516 887 sunt
539 849 627 885 (11613
653 875 661 889 ,
695 847 881 882 nominibus
904 847 1080 890 significare
1102 857 1168 881 non
1203 849 1336 882 omitte-

320 895 399 932 bant
430 917 440 932 ‚
485 903 556 932 tum
600 901 758 935 quantum
802 901 888 925 certa
932 889 1079 934 quaedam
1126 890 1288 933 pulmonis
1319 915 1331 932 ‚

319 947 374 972 aut
417 936 525 971 cordis
548 960 560 978 ‚
604 946 658 969 aut
701 936 849 973 vasorum
871 959 884 976 ,
927 934 1005 972 huic
1051 946 1247 972 annexorum
1281 937 1331 968 vi-

319 982 364 1016 tia
389 980 427 1014 ad
451 978 675 1024 pervertendos
697 978 805 1022 pulsus
828 980 953 1016 valeant
975 1002 987 1019 ,
1021 987 1093 1012 tum
1126 977 1261 1022 denique
1292 991 1331 1012 ex

318 1026 385 1059 illis
409 1024 577 1062 dumtaxat
602 1023 789 1066 pulmonis,
813 1025 845 1056 &
877 1021 985 1057 cordis
1014 1023 1105 1056 vitiis
1139 1025 1153 1061 (
1177 1021 1332 1065 nusquam

318 1071 404 1102 enirn
447 1066 584 1110 polypofi
628 1067 798 1110 quidquam
844 1075 912 1100 erat
956 1069 970 1106 )
1028 1064 1148 1098 Pasiam
1201 1076 1333 1109 quoque

315 1115 410 1152 (n)
442 1112 477 1148 in
509 1111 634 1144 duobus
656 1133 668 1151 ‚
701 1121 840 1153 quorum
873 1119 1041 1153 propterea
1078 1107 1228 1142 cadavera
1264 1120 1333 1152 per-

317 1155 465 1189 lustravit
487 1178 498 1195 ,
536 1163 650 1197 pi'aeter
696 1154 757 1187 alia
803 1154 919 1197 polypi
964 1153 1049 1195 signa
1073 1174 1083 1190 ‚
1117 1151 1298 1194 inaequalem
1320 1175 1334 1192 ‚

318 1200 641 1240 intermittentemque
693 1197 887 1231 continenter
942 1195 1068 1239 pulsum
1120 1206 1230 1230 ortum
1275 1195 1333 1229 esi‘e

316 1242 384 1320 'da‘rs‘s
427 1241 595 1280 nonnullis
641 1249 712 1278 ante
757 1239 886 1274 obitum
933 1237 1092 1276 mensibus
1115 1261 1129 1281 ,
1160 1237 1334 1283 deprehen-

343 1297 352 1319 i
380 1297 416 1319 e.

365 1340 417 1370 29·
444 1329 613 1372 Qoniam
637 1336 741 1363 autem
766 1326 804 1361 ad
828 1325 1083 1363 confirmandum
1105 1348 1119 1366 ,
1161 1325 1218 1360 diu
1263 1338 1334 1362 ante

316 1383 459 1409 mortem
472 1371 563 1408 fuisse
577 1372 713 1415 polypos
726 1394 735 1409 ,
759 1371 966 1405 dilatationes
984 1370 1119 1413 proferri
1132 1368 1232 1404 solent
1242 1382 1336 1405 cavo-

314 1427 389 1451 sum
403 1418 436 1453 in
452 1415 569 1461 quibus
592 1417 821 1454 inveniuntur,
846 1413 1009 1458 quasiillae
1033 1422 1182 1456 tanquam
1206 1413 1334 1449 effecius

317 1462 442 1505 polypo
466 1483 477 1500 ,
520 1471 554 1495 ut
598 1458 696 1496 causae
719 1483 731 1500 ,
776 1456 977 1494 successissent
999 1469 1013 1498 ,⁴
1055 1468 1121 1490 non
1164 1456 1199 1491 id
1246 1458 1333 1492 pasta

316 1504 399 1543 facit
421 1504 508 1548 quod
532 1502 595 1545 ipse
619 1504 653 1535 in
675 1502 878 1536 Adversariis
902 1503 948 1535 II.
972 1503 986 1540 (
1007 1512 1024 1534 o
1045 1504 1060 1541 )
1082 1501 1218 1537 feceram
1240 1525 1249 1541 ‚
1276 1502 1333 1536 ubi

315 1549 484 1582 contrario
507 1548 607 1580 etiam
632 1544 747 1579 ordine
773 1557 840 1579 rem
864 1545 892 1582 se
915 1543 1028 1583 habere
1052 1543 1163 1587 posse,
1185 1543 1328 1580 ostendi:

314 1593 387 1625 imo
412 1591 479 1625 illis
501 1589 575 1633 ipfis
598 1588 742 1622 historiis
780 1600 818 1623 ex
851 1588 968 1631 quibus
1013 1587 1133 1623 elucere
1153 1610 1162 1626 ,
1195 1589 1330 1623 credunt

314 1636 400 1676 alii,
422 1635 631 1672 dilatationes
655 1633 794 1676 polypos
817 1631 875 1668 esse
898 1632 1082 1669 consecutas
1104 1653 1114 1669 ‚
1154 1642 1217 1666 non
1254 1632 1327 1666 satis

317 1679 456 1722 polypos
479 1680 514 1715 in
536 1675 717 1712 viventibus
739 1675 872 1718 probari
895 1699 908 1716 ,
939 1675 1095 1718 patefacit
1117 1677 1131 1713 (
1149 1684 1172 1716 p
1193 1679 1229 1715 ),
1252 1677 1329 1718 quia

316 1722 434 1767 polypi
459 1732 524 1758 non
548 1719 651 1754 modo
676 1728 769 1755 antea
785 1746 795 1759 ,
820 1718 870 1753 sed
894 1730 932 1756 ne
956 1718 1061 1764 postea
1084 1716 1218 1760 quidem
1242 1719 1329 1752 iniis

318 1765 515 1810 corporibus
539 1764 661 1803 fuerint
677 1789 686 1804 ‚
709 1762 826 1799 necesse
849 1762 915 1802 est,
940 1761 990 1796 sed
1013 1761 1082 1805 post
1106 1772 1246 1796 mortem
1279 1762 1332 1794 de-

315 1811 415 1855 nique
438 1809 529 1852 gigni
553 1817 752 1853 potuerunt;
774 1817 847 1840 nam
870 1809 902 1842 C(
925 1805 1132 1852 dilatationes
1155 1803 1217 1841 fine
1241 1806 1335 1847 poly-

316 1855 368 1897 pis
391 1852 609 1896 saepenumero
632 1851 793 1891 inveniri,
817 1853 849 1888 ὃς
871 1850 1070 1892 polyporum
1083 1849 1191 1891 signa,
1215 1850 1332 1890 quaein

318 1898 362 1932 iis
384 1896 514 1935 fuerant
537 1897 570 1929 in
595 1894 711 1940 quibus
735 1894 938 1936 reperiuntur
961 1892 1168 1926 dilatationes
1184 1918 1192 1931 ,
1217 1890 1333 1927 harum

317 1940 489 1979 dumtaxat
513 1939 599 1982 signa
622 1936 680 1975 esse
704 1937 867 1981 potuisse,
890 1938 1021 1978 planum
1045 1935 1147 1973 facit.
1174 1935 1248 1977 Qua
1272 1946 1333 1969 una

318 1997 357 2019 ex
380 1996 411 2018 re
433 1983 517 2018 inihi
543 1981 674 2026 quidem
698 1980 848 2017 videntur
873 1980 962 2022 plura
985 2005 994 2020 ,
1036 1980 1087 2015 sed
1111 1979 1177 2012 cluo
1211 1978 1333 2020 petiis-2

319 2039 409 2064 mum
430 2027 605 2070 consequi.
632 2024 719 2060 Illud
744 2025 914 2066 primum:
941 2025 997 2067 qui
1035 2024 1152 2066 polypi
1197 2022 1334 2064 diagno-

319 2073 377 2108 sim
401 2084 438 2105 ex
462 2073 502 2110 iis
527 2069 622 2103 nobis
643 2068 898 2105 constituerunt,
923 2079 995 2110 quae
1018 2067 1052 2099 in
1076 2067 1170 2108 aegris
1194 2064 1342 2098 observa-

319 2126 431 2150 verant
455 2116 489 2149 in
513 2113 630 2157 quibus
654 2112 747 2151 simul
776 2111 1004 2148 dilatationes,
1031 2113 1063 2143 &
1087 2109 1203 2153 polypi
1237 2119 1342 2151 reper-

320 2161 348 2194 ti
394 2159 467 2194 sunt
491 2182 505 2200 ,
549 2167 613 2193 non
647 2156 724 2194 satis
756 2164 846 2190 caute
870 2155 898 2189 se
923 2153 1055 2197 geffiffe.
1082 2154 1158 2193 Sic;
1181 2163 1219 2186 ne
1245 2164 1261 2186 a
1285 2153 1340 2185 Se-

323 2203 490 2249 pulchreti
527 2198 691 2243 proposita
729 2199 788 2234 IX.
825 2198 972 2233 flectione
1005 2196 1181 2235 recedam3
1213 2194 1236 2230 si
1267 2196 1341 2238 quis

324 2246 477 2292 praefixos
501 2241 815 2283 Observationibus‚
841 2240 979 2284 exempli
1002 2240 1119 2281 causa,
1152 2241 1198 2274 ΙΙ.
1233 2242 1265 2275 &
1297 2239 1337 2272 X.

324 2291 442 2325 titulos
489 2289 607 2330 spectet
630 2310 642 2328 ,
678 2288 711 2324 in
745 2286 802 2319 illa
820 2285 931 2328 pulsus
956 2283 1207 2327 inaequalitatem
1232 2292 1340 2316 ortam

325 2334 438 2378 procul
465 2331 566 2366 dubio
589 2330 695 2364 credet
721 2329 759 2366 ob
782 2330 884 2363 cordis
920 2328 1080 2371 sinistrum
1124 2325 1337 2361 ventriculum

324 2377 560 2423 subnigricante
584 2384 675 2407 carne
697 2371 891 2419 infarifi'um,
916 2382 987 2404 cum
1012 2380 1116 2403 tamen
1140 2371 1225 2403 ratio
1256 2380 1337 2411 quo-

325 2433 386 2464 que
410 2418 552 2455 habenda
576 2416 614 2451 sit
638 2415 735 2459 ipsius
759 2415 864 2448 cordis
888 2413 981 2453 instar
1003 2414 1087 2447 uteri
1109 2413 1148 2446 ad
1172 2412 1241 2454 ejus
1273 2423 1339 2445 car-

325 2466 375 2498 nis
398 2463 534 2502 molem,
559 2458 649 2503 cujus
674 2457 799 2501 pondus
821 2457 919 2491 libras
941 2457 1020 2490 duas
1042 2455 1186 2500 aequabat
1202 2477 1211 2493 ,
1232 2462 1341 2492 exten-

325 2507 352 2549 fi
365 2520 375 2540 .·
395 2507 430 2540 in
452 2508 492 2540 X,
518 2514 595 2537 vero
617 2502 853 2537 Observatione
882 2500 994 2543 pulsus
1016 2498 1202 2545 interceptio
1235 2496 1340 2534 eidem

329 2548 387 2585 eise
410 2548 577 2583 videbitur
599 2558 618 2579 a
641 2545 758 2583 dnobus
789 2543 914 2587 polypis
946 2544 979 2578 in
1011 2544 1099 2577 corde
1118 2566 1130 2582 ,
1163 2541 1341 2585 praesertim

328 2604 403 2631 cum
426 2604 461 2627 ea
485 2591 700 2629 ObservatiO,
723 2601 793 2633 quae
817 2586 866 2620 ibi
889 2598 928 2620 ex
950 2595 1039 2629 parte
1062 2585 1233 2619 dumtaxat
1269 2596 1344 2628 pro-

329 2638 457 2678 fertur,
479 2634 563 2669 nihil
589 2643 736 2675 praeterea
762 2630 936 2670 exhibeat,
969 2628 1057 2677 quod
1091 2628 1190 2662 fuerit
1231 2639 1344 2671 praeter

329 2690 501 2715 naturam.
526 2679 687 2720 Magnum
710 2686 814 2711 autem
838 2672 966 2710 errandi.
1001 2673 1181 2716 periculum
1215 2673 1254 2708 ab
1287 2672 1345 2709 ista

329 2724 493 2761 mutilatas
517 2721 667 2757 historias
691 2717 888 2763 producendi
912 2715 1143 2753 consuetudine
1174 2727 1347 2759 properan-

331 2768 420 2802 tibus
442 2764 619 2801 lectoribus
641 2763 797 2801 offertur.
823 2763 910 2804 Qis
932 2761 1020 2796 enim
1042 2759 1151 2793 credat
1171 2784 1183 2801 ‚
1217 2760 1273 2793 ubi
1308 2760 1348 2792 de

331 2811 473 2855 pulsibus
500 2810 631 2854 agitur,
654 2809 766 2849 ingens
789 2806 896 2841 cordis
919 2804 1018 2850 ipsius
1040 2805 1162 2840 vitium
1186 2804 1311 2837 reticeri
1335 2800 1348 2836 ?

332 2857 379 2891 Et
401 2864 523 2889 tamem
544 2852 566 2885 fi
589 2850 697 2886 eadem
722 2850 921 2887 Observatio
944 2849 1012 2883 alio
1036 2847 1112 2881 loco
1134 2847 1274 2893 (q)‚ubi
1299 2856 1351 2880 to-

335 2907 369 2934 ta
392 2896 608 2941 producitur,
631 2894 844 2940 inspiciatur3
869 2904 944 2929 cum
956 2893 996 2925 iis
1007 2892 1136 2934 polypis
1149 2890 1241 2926 suisle
1265 2891 1351 2925 inve-

333 2942 426 2978 nitur
448 2951 501 2975 cor
524 2938 637 2974 bovino
658 2948 781 2979 majus,
809 2946 911 2973 totam
921 2935 1061 2971 thoracis
1071 2935 1279 2977 capacitatem
1303 2944 1351 2967 re-

333 2985 446 3030 plens.
469 2983 644 3021 Alterum,
666 2979 753 3022 quod
775 2981 945 3023 consequi,
971 2979 1070 3022 paulo
1115 2987 1186 3012 ante
1229 2978 1352 3011 indica-

336 3030 411 3065 bam
433 3050 444 3066 ,
482 3025 598 3070 polypi
643 3023 821 3066 diagnosim
853 3025 901 3057 vel
936 3025 1037 3066 magis
1061 3020 1230 3058 labefaciat
1248 3048 1255 3055 .
1281 3021 1351 3062 Qi

338 3073 425 3107 enim
448 3070 539 3105 illam
563 3068 820 3113 proposuerunt,
843 3079 916 3105 cum
941 3066 1039 3109 probe
1062 3065 1208 3102 viderent
1230 3088 1242 3105 ,
1267 3065 1352 3108 signa

335 3127 407 3160 quae
430 3112 603 3150 afferebant
617 3133 627 3150 ‚
650 3111 721 3147 aliis
745 3112 866 3146 morbis
889 3109 946 3145 effe
970 3110 1057 3153 posle
1079 3110 1262 3143 communia
1280 3133 1291 3149 ,
1313 3107 1355 3140 il-

341 3160 399 3195 lud
422 3156 640 3193 addiderunt,
663 3154 749 3197 ligna
770 3155 826 3189 ista
851 3156 946 3188 utilia
971 3154 1102 3192 sutura,
1135 3151 1352 3195 deficientibus

341 3203 418 3237 aliis
441 3201 592 3240 indiciis,
616 3196 729 3241 quibus
752 3197 856 3242 affines
878 3196 979 3232 morbi
1000 3196 1136 3240 dignosci
1152 3195 1275 3239 solent.
1301 3197 1351 3228 Ita

342 3245 490 3280 Piffinius
513 3246 526 3283 (
549 3255 565 3277 r
586 3247 621 3283 ).
644 3243 732 3276 Ante
755 3242 851 3276 illum
886 3250 993 3274 autem
1040 3240 1195 3275 Riolanus
1236 3238 1319 3281 (f)
1339 3262 1352 3279 ‚

342 3289 403 3325 'ubi
426 3289 464 3325 de
489 3287 621 3333 polypis
633 3287 830 3319 mentionem
843 3285 955 3328 injecit
970 3310 978 3325 ‚
1002 3283 1068 3318 hirc
1081 3282 1275 3326 subjecerat:
1300 3282 1353 3324 qni

342 3339 525 3374 nremuntur
542 3329 687 3374 spirandi
712 3327 897 3371 difficultate
920 3339 990 3360 enm
1020 3328 1131 3371 pulsus
1153 3327 1353 3367 interceptio-

337 3369 399 3416 ne,
417 3375 484 3420 fine
507 3374 597 3418 ruffi,
615 3371 681 3416 fine
698 3372 767 3406 nlla
784 3372 957 3417 suspicione
980 3370 1128 3414 hydropis
1148 3368 1353 3412 pulmonum,

906 72 1066 128 Liber
1098 72 1165 126 11.
1199 71 1284 126 De
1320 70 1528 126 Morbis
1562 70 1825 127 Thoracis

1379 158 1437 184 aut
1457 150 1605 188 vomica,
1622 148 1798 193 suspeiiam
1820 148 1931 183 habere
1949 149 2063 185 debent
2085 152 2279 194 repentinam
2310 148 2383 193 suf..

1370 193 1568 237 focationem
1590 194 1715 232 cordis,
1738 204 1754 225 a
1777 193 1903 235 polypo
1926 193 2074 227 videlicet
2098 218 2106 226 .
2139 195 2210 228 Alii
2246 194 2386 238 denique

1380 237 1474 269 aliter
1496 234 1724 279 ejusdemmodi
1747 238 1950 277 exceptiones
1973 236 2182 272 addiderunt.
2206 238 2267 272 Sed
2299 248 2383 281 quo-

1379 279 1479 314 modo
1501 279 1621 313 indicia
1644 279 1776 312 deerunt
1799 278 1943 314 affinium
1965 281 2179 321 morborum,
2200 280 2222 313 fi
2246 293 2315 324 quae
2327 291 2388 324 po-

1380 324 1451 366 lypi
1476 321 1561 365 signa
1585 321 1783 361 creduntur,
1806 334 1840 355 ea
1862 321 2112 360 dilatationibus
2135 326 2233 358 etiam
2267 335 2387 358 conve-

1382 369 1500 406 niunt,
1522 369 1554 399 ὅσ
1578 363 1795 407 aneurysmata
1811 365 1867 408 seu
1891 373 1986 400 aortae
2007 370 2137 408 trunci,
2153 367 2210 410 seu
2232 368 2303 402 laevz·
2317 380 2385 402 cor-

1381 411 1433 444 dis
1455 408 1646 449 ventriculi,
1668 419 1703 441 ut
1726 407 1894 442 confirmat
1915 410 1969 443 Cl.
1994 410 2081 444 Pasta
2107 416 2117 451 (
2142 419 2156 443 t
2179 415 2193 451 )
2210 410 2310 453 specie
2329 422 2387 454 po-

1384 455 1450 497 lypi
1468 461 1533 494 prce
1554 452 1629 486 aliis
1630 449 1758 497 fallunt
1772 450 1913 486 morbis?
2045 456 2093 488 At
2104 456 2190 488 enim
2205 477 2214 492 ,
2237 456 2362 498 inquies
2373 478 2387 496 ‚

1385 507 1459 530 cum
1485 497 1624 538 polypus
1648 493 1709 528 fine
1732 494 1800 529 ullo
1823 496 2040 540 aneurysmate
2061 521 2075 538 ,
2109 497 2171 530 sine
2216 498 2279 531 ulla
2323 500 2387 532 alia

1385 538 1513 588 cordis,
1535 538 1739 581 vasorumque
1763 536 1887 572 laefione
1910 541 2112 578 invenietur,
2135 542 2187 575 cui
2220 541 2385 584 praegressa

1384 584 1462 626 aegri
1492 582 1709 632 ‘incommoda
1752 582 1909 625 imputare
1932 584 2048 623 liceat3
2072 583 2138 618 haec
2162 594 2239 618 tunc
2276 586 2387 619 saltem

1385 628 1500 670 polypi
1526 625 1611 667 figna
1635 625 1781 674 fuerint,
1805 628 1858 665 δε,
1880 626 1967 669 quod
1991 627 2197 670 consequitur
2212 651 2221 666 ‚
2249 630 2387 671 polypus

1383 679 1454 704 ante
1479 677 1616 703 mortem
1640 672 1809 715 extiterit.
1835 670 1890 704 Ne
1912 680 1986 707 tunc
2008 672 2140 714 quidem
2153 683 2211 715 pro
2223 682 2311 705 certo
2321 671 2389 707 haec

1383 713 1558 757 consequi,
1582 714 1727 755 agnoscit
1752 712 1837 745 Pasta
1861 716 1876 752 (
1897 724 1917 748 u
1937 718 1975 755 >,
1999 724 2035 749 ut
2068 717 2125 758 qui
2158 714 2243 758 signa
2276 718 2388 750 omnia

1383 758 1496 802 polypi
1520 759 1553 789 in
1587 757 1627 789 iis
1658 767 1786 799 quoque
1816 756 1979 803 interdum
2014 758 2239 792 animadvertit
2272 759 2388 802 quibus

1383 812 1484 844 neque
1508 800 1573 834 ulla
1595 809 1660 832 erat
1683 811 1792 833 earum
1816 799 2002 842 laeslonum,
2024 813 2080 836 nec
2092 803 2248 845 polypus:
2275 813 2388 845 quam-

1387 845 1498 878 obrem
1523 843 1614 877 sicuti
1639 854 1654 875 a
1683 843 1775 876 causa
1799 843 1859 875 alia
1882 844 1985 887 aliqua
2008 868 2021 885 ,
2053 847 2149 879 etiam
2173 847 2286 881 oculos
2308 844 2389 881 effu-

1383 891 1512 932 giente,
1532 896 1570 924 ut
1594 896 1670 929 puta
1685 910 1696 926 ,
1719 885 1806 928 quod
1830 887 1905 919 alibi
1929 891 1943 927 (
1963 899 1985 922 x
2008 892 2019 929 >
2042 888 2186 929 indicat,
2211 902 2226 922 a
2265 890 2389 925 cardia-

1380 943 1492 968 corum
1515 941 1683 964 nervorum
1707 931 1816 970 vitio,
1838 939 1915 964 tunc
1938 931 1994 965 illa
2027 930 2111 974 figna
2146 934 2348 976 provenerint
2375 959 2389 977 ,

1381 974 1496 1008 necesse
1519 974 1587 1012 est;
1610 974 1657 1006 ita
1681 971 1765 1008 nihil
1788 972 1938 1016 prohibet
1960 977 2134 1018 quominus
2159 976 2198 1009 ab
2220 975 2328 1010 eadem
2353 981 2389 1012 in

1382 1020 1422 1052 iis
1446 1029 1572 1060 quoque
1594 1020 1805 1060 proveniant,
1827 1017 1861 1050 in
1883 1017 1998 1061 quibus
2023 1019 2135 1061 polypi
2148 1019 2389 1063 deprehendun-

1383 1071 1456 1099 tur,
1481 1061 1655 1103 ptaesertim
1679 1072 1752 1095 cum
1785 1069 1854 1094 tota
1902 1061 2046 1104 Epistola
2091 1062 2165 1097 satis
2201 1063 2352 1099 ‚ostendat
2377 1089 2389 1106 ‚

1383 1113 1506 1149 quanto
1530 1104 1726 1146 probabilius
1748 1103 1806 1143 fit,
1830 1104 1967 1148 polypos
1990 1117 2053 1138 non
2079 1105 2136 1140 nisi
2161 1107 2229 1149 post
2252 1119 2390 1143 mortem

1383 1149 1572 1190 compingi.
1707 1149 1794 1181 Cum
1837 1147 1896 1183 has
1920 1150 2059 1182 Litteras
2085 1151 2123 1183 ad
2148 1160 2179 1183 te
2211 1162 2296 1185 meas
2342 1164 2391 1186 re-

1383 1191 1633 1234 cognoscerem,
1655 1191 1810 1224 eximium
1831 1191 1868 1224 de
1892 1193 2000 1225 Corde
2023 1194 2217 1228 Tratftatum
2255 1196 2391 1230 Illustris

1386 1236 1507 1270 Senacii
1531 1237 1565 1268 in
1589 1244 1718 1270 manum
1741 1233 1855 1277 sumpfi
1873 1257 1881 1271 ‚
1905 1237 1937 1268 &
1960 1245 2054 1279 caput
2099 1239 2153 1278 (y
2177 1240 2188 1277 )
2233 1239 2322 1281 quod
2354 1239 2393 1273 de

1383 1279 1663 1325 CordisPolypis
1687 1276 1944 1325 esi-inscriptum
1962 1303 1974 1319 ,
2012 1279 2131 1321 perlegi
2159 1302 2168 1317 ‚
2203 1281 2390 1325 gavisusque

1385 1323 1471 1360 sum,
1494 1334 1561 1365 ejus
1582 1333 1709 1366 quoque
1731 1321 1855 1363 judicio
1878 1322 2054 1365 improbari
2087 1327 2102 1362 <
2124 1334 2148 1366 z
2169 1324 2181 1361 l
2214 1327 2271 1368 qui
2305 1325 2393 1368 signa

1386 1366 1523 1409 polypi,
1547 1368 1578 1399 δε
1604 1368 1636 1398 in
1660 1366 1711 1399 his
1735 1364 1885 1408 pulsuum
1909 1366 2161 1409 inaequalitatem
2185 1370 2311 1412 polypo
2333 1372 2394 1403 tri-

1384 1409 1477 1444 buere
1501 1410 1703 1447 maluerunt,
1727 1420 1822 1451 quam
1845 1410 1935 1443 vitiis
1959 1409 2050 1443 simul
2074 1421 2148 1444 cum
2180 1412 2306 1455 polypo
2339 1411 2395 1446 de-

1385 1451 1566 1531 prehensis,
1589 1455 1622 1487 in
1646 1452 1758 1496 hisque
1781 1452 1922 1487 dilatatae
1947 1454 2053 1488 cordis
2078 1455 2226 1488 auriculae
2248 1467 2256 1488 :
2288 1466 2394 1492 nonne

1409 1497 1461 1531 uic
1485 1496 1673 1531 dilatationi
1697 1495 1865 1530 tribuenda
1893 1506 2002 1536 erant,
2035 1499 2165 1541 inquit,
2190 1497 2390 1541 symptoma-

1383 1549 1415 1573 ta
1439 1541 1570 1588 omn-ia,
1595 1543 1627 1573 &
1650 1539 1716 1582 ipse
1751 1540 1890 1581 polypus
1915 1538 1928 1572 ?
1961 1541 2021 1574 Sed
2050 1552 2125 1575 cum
2158 1537 2295 1584 plurima
2331 1544 2394 1578 alia

1381 1584 1476 1618 habet
1499 1584 1650 1625 singulari
1676 1583 1767 1618 laude
1791 1583 1967 1625 perdigna,
1989 1594 2059 1617 tum
2084 1586 2165 1619 illud
2189 1587 2222 1618 in
2257 1589 2394 1629 primis,

1380 1628 1465 1670 quod
1491 1627 1659 1660 difficilem
1683 1627 1712 1661 se
1734 1627 1855 1668 praebet
1878 1628 1911 1658 in
1942 1630 2024 1661 veris
2059 1630 2192 1671 polypis
2228 1632 2260 1663 ὃ(
2295 1642 2396 1674 agno-

1382 1670 1582 1717 scendum&
1607 1668 1837 1712 dignoscendis
1864 1693 1870 1701 .
1912 1673 2009 1709 Raros
2033 1673 2120 1704 enim
2144 1674 2177 1705 in
2213 1681 2306 1707 tanto
2337 1685 2397 1708 nu-

1381 1725 1469 1749 mero
1491 1715 1573 1759 elie,
1594 1713 1639 1745 ait
1662 1715 1676 1751 (
1699 1711 1752 1755 a)
1776 1723 1939 1758 quos-pro
1963 1714 2044 1746 veris
2067 1716 2239 1757 agnoscat:
2266 1719 2298 1750 δε
2320 1729 2397 1752 cum

1384 1756 1503 1791 horum
1526 1756 1655 1789 efleeius
1678 1754 1803 1788 eosdem
1825 1755 1880 1789 esse
1897 1779 1910 1795 ,
1934 1755 2070 1790 affirmet
2085 1781 2098 1799 ,
2122 1770 2156 1791 ac
2178 1768 2232 1793 tot
2256 1760 2397 1795 aliorum

1385 1800 1517 1834 obicum
1533 1823 1541 1837 ‚
1566 1799 1672 1833 cursui
1697 1798 1859 1844 sanguinis
1883 1810 1938 1841 per
1960 1810 2016 1833 cor
2040 1800 2092 1834 >-se‘
2123 1799 2361 1845 opponentium
2386 1803 2423 1845 3³

1386 1846 1443 1879 vix
1466 1844 1593 1878 tandem
1617 1843 1675 1876 soli
1701 1844 1849 1889 pulsuum
1872 1843 2114 1885 inaequalitati,
2148 1846 2240 1889 eique
2272 1849 2400 1881 varian-

1383 1889 1435 1927 ti,
1459 1887 1523 1921 hoc
1547 1886 1687 1931 tribuit,
1713 1897 1776 1918 non
1801 1896 1864 1930 Jam
1888 1886 1975 1927 quod
1998 1886 2137 1923 fecerant
2162 1891 2242 1931 alii,
2265 1901 2302 1925 ut
2326 1891 2400 1926 inde

1384 1931 1525 1976 polypos
1546 1930 1795 1972 dignoscamus,
1818 1928 1870 1962 sed
1894 1933 2120 1967 tantummodo
2142 1933 2399 1977 utsufivicemur.

1385 1975 1609 2016 Suspicemur,
1632 1974 1788 2016 inquam,·
1811 1982 1909 2016 neque
1933 1975 2017 2008 enim
2041 1975 2151 2020 fugere
2174 1978 2279 2019 ipsum
2304 1987 2399 2021 pote-

1391 2026 1442 2051 rat
1457 2042 1466 2057 ,
1490 2026 1606 2059 praeter
1630 2018 1813 2064 polypum,
1837 2016 1916 2049 alios
1941 2016 1997 2051 esse
2021 2020 2129 2053 obices
2148 2023 2246 2054 etiam
2284 2024 2402 2056 incon-

1390 2059 1527 2110 stantes,
1550 2069 1586 2096 ut
1609 2068 1686 2102 puta
1706 2070 1722 2093 a
1741 2069 1833 2108 'varia
1851 2069 2027 2108 ‘nervorum
2050 2064 2256 2106 irritatione,
2281 2077 2353 2108 quae
2376 2065 2402 2100 fi

1392 2114 1426 2136 in
1450 2115 1584 2143 nervos,
1610 2102 1749 2150 exempli
1773 2110 1901 2149 grana,
1926 2105 2120 2146 pulmonum
2144 2107 2257 2148 cadat,
2277 2111 2401 2143 variam

1393 2147 1539 2190 sanguini
1563 2147 1702 2189 objiciat
1735 2144 1961 2181 difficultatem
1994 2159 2010 2181 e
2040 2150 2134 2183 corde
2166 2152 2201 2185 in
2234 2152 2401 2194 pulmones

1393 2193 1546 2231 exitum,
1569 2196 1626 2223 aut
1648 2189 1687 2222 ab
1711 2188 1762 2222 his
1785 2191 1819 2222 in
1853 2200 1910 2222 cor
1940 2191 2087 2227 redituro
2113 2205 2121 2226 :
2155 2206 2221 2238 quo
2254 2197 2402 2240 exemplo

1391 2245 1490 2274 utor,
1513 2235 1668 2277 quoniam
1692 2234 1789 2277 paulo
1813 2233 1883 2276 post
1904 2237 1916 2274 (
1941 2233 1959 2267 b
1985 2240 1996 2275 )
2021 2237 2116 2270 video
2135 2262 2147 2279 ‚
2184 2237 2291 2281 ipsum
2323 2252 2403 2283 qua-

1389 2277 1544 2313 dantenus
1569 2277 1729 2326 indicari5
1754 2287 1829 2309 nam
1853 2279 1885 2309 δε
1918 2278 1978 2312 alia
2010 2281 2125 2324 colligi
2157 2282 2301 2325 exempla
2334 2282 2405 2326 pos-

1390 2320 1460 2354 sunt
1485 2333 1500 2353 e
1523 2330 1628 2363 capite
1652 2322 1832 2363 insequenti
1855 2323 1869 2358 (
1890 2332 1906 2353 c
1926 2324 1961 2361 J,
1987 2326 2021 2356 δι’
2044 2325 2092 2356 vel
2125 2323 2189 2358 fine
2235 2326 2285 2360 his
2330 2327 2405 2361 satis

1391 2365 1434 2414 est
1455 2363 1573 2407 dogma
1597 2364 1685 2407 quod
1710 2363 1747 2397 ab
1771 2375 1809 2400 eo
1833 2363 1909 2396 alibi
1933 2368 1943 2403 (
1967 2366 1987 2397 α’
2007 2369 2022 2407 )
2044 2367 2184 2410 positum
2208 2370 2272 2408 est,
2297 2371 2406 2412 pulsus

1391 2409 1645 2450 inaequalitatem
1691 2419 1707 2441 a
1754 2406 1883 2441 turbata
1929 2406 1987 2441 csse
2034 2421 2206 2445 nervorum
2241 2417 2273 2447 ἃ
2290 2413 2405 2451 ,εστι-115

1392 2452 1519 2486 afflone
1544 2475 1552 2483 .
1598 2452 1681 2490 Qae
1726 2451 1871 2487 turbatio
1918 2452 2074 2494 quamdiu
2116 2453 2209 2489 fimul
2257 2455 2369 2491 durare
2393 2481 2404 2497 ,

1391 2494 1483 2529 simul
1527 2495 1612 2527 varia
1657 2491 1714 2527 esse
1758 2494 1850 2537 possit
1875 2519 1884 2534 ,
1927 2495 2011 2528 nihil
2060 2496 2190 2533 fortasse
2224 2501 2338 2536 melius
2361 2502 2406 2534 ti-

1395 2539 1428 2572 bi
1453 2537 1594 2571 ostendet
1617 2548 1714 2580 quam
1736 2538 1771 2571 id
1805 2536 1893 2580 quod
1927 2548 2028 2581 nuper
2072 2542 2215 2584 legebam
2262 2544 2296 2577 in
2333 2546 2407 2578 Vo-

1395 2583 1514 2616 lumine
1551 2584 1615 2615 III.
1648 2582 1970 2616 Commentariorum
1995 2582 2034 2617 de
2066 2584 2262 2619 Bononiensi
2296 2589 2408 2623 Scien-

1395 2627 1514 2660 riarum
1539 2625 1694 2659 Instituto
1717 2629 1727 2665 (
1752 2635 1766 2659 e
1788 2628 1803 2665 )
1827 2649 1835 2656 .
1868 2627 1955 2658 Cum
1980 2628 2065 2660 enim
2103 2630 2166 2661 Vir
2198 2631 2269 2663 Cel,
2304 2633 2410 2665 Moli-

1397 2669 1514 2706 nellius
1536 2679 1678 2713 quatuor
1699 2668 1830 2715 canibus
1863 2669 1997 2703 alterum
2032 2682 2204 2706 nervorum
2236 2675 2409 2715 vagorum

1398 2715 1432 2759 in
1478 2713 1567 2746 collo
1611 2712 1776 2758 obligaslet
1800 2737 1810 2752 ‚
1855 2723 1955 2755 neque
1980 2736 1993 2753 ‚
2038 2724 2073 2748 ut
2106 2716 2256 2750 Valsalva
2278 2712 2410 2761 quidem

1400 2756 1521 2790 solebat
1547 2779 1559 2796 ,
1591 2755 1699 2789 statim
1724 2755 1865 2790 solvisset
1889 2768 1900 2795 3
1935 2767 2014 2792 mox
2037 2759 2071 2792 in
2093 2761 2246 2794 omnibus
2281 2773 2409 2798 motum

1401 2800 1510 2833 cordis
1554 2799 1640 2834 nullo
1684 2800 1716 2833 in
1758 2810 1867 2843 genere
1910 2799 2059 2841 aqualem
2091 2825 2104 2843 ‚
2149 2805 2363 2841 inordinatum
2395 2831 2410 2848 ,

1401 2844 1664 2878 intermittentem
1707 2844 1792 2877 nullo
1837 2843 1942 2876 ordine
1964 2866 1977 2884 ,
2020 2846 2054 2878 in
2087 2857 2152 2880 uno
2185 2858 2334 2891 praeterea
2355 2853 2411 2887 cui

1402 2899 1534 2921 nervum
1557 2886 1691 2919 eundem
1715 2889 1810 2920 etiam
1836 2888 1995 2925 secuerats
2029 2899 2157 2924 motum
2202 2892 2297 2927 illum
2340 2905 2411 2928 con-

1392 2929 1504 2977 fusum
1545 2938 1661 2971 praeter
1705 2931 1828 2964 ‘modum
1873 2931 2097 2968 animadvertit
2121 2960 2129 2973 ‚
2153 2946 2209 2968 nec
2232 2946 2303 2970 ante
2324 2937 2412 2974 diem

1401 2976 1514 3008 XVII.
1537 2974 1654 3019 XXIX.¹
1679 2975 1807 3007 XXIII.
1832 2975 1975 3007 XXVII.
2001 2977 2035 3009 in
2072 2977 2215 3012 ordinem
2250 2981 2290 3014 iis
2322 2985 2414 3016 cani-

1404 3019 1462 3052 bus
1486 3016 1628 3052 rediisse.
1653 3018 1767 3060 Itaque
1793 3016 1814 3050 si
1839 3018 1941 3052 eidem
1966 3030 2084 3059 nervo,
2108 3032 2163 3056 aut
2195 3023 2250 3056 alii
2285 3024 2323 3060 ad
2355 3037 2413 3061 cor

1405 3061 1585 3111 spectanti,
1608 3068 1662 3094 aut
1684 3072 1797 3094 eorum
1820 3063 1944 3104 origini
1970 3062 2054 3096 laefio
2075 3065 2183 3109 aliqua
2207 3068 2332 3102 accidat
2344 3081 2414 3113 gra..

1406 3116 1474 3143 vis,
1499 3104 1579 3148 quid
1604 3102 1672 3138 haec
1695 3104 1787 3147 poffit
1811 3104 1935 3146 facere,
1959 3106 2117 3150 intelligis
2134 3132 2144 3147 ,
2167 3113 2199 3144 &
2235 3124 2334 3154 quam
2366 3113 2415 3147 sa-

1409 3150 1536 3192 pienter
1557 3150 1585 3181 is
1608 3159 1702 3196 quem
1725 3147 1953 3191 laudabamus,
1976 3151 2153 3186 Archiater
2185 3155 2223 3187 ab
2255 3155 2415 3199 ejusmodi

1402 3192 1503 3242 pulsu⁴
1517 3203 1582 3225 non
1605 3190 1781 3233 diagnosim
1794 3194 1906 3236 polypi
1921 3220 1930 3235 ,
1955 3194 2005 3229 secl
2019 3194 2234 3238 suspicionem
2246 3199 2415 3235 dumtaxat

1405 3245 1504 3279 repeti
1528 3234 1638 3284 posse,
1662 3235 1840 3269 censuerit.
1866 3240 1910 3270 At
1934 3240 2043 3277 enim,
2068 3238 2199 3274 foi-taffe
2222 3243 2275 3275 hic
2298 3244 2384 3277 dices
2401 3267 2416 3285 ,

1404 3280 1507 3322 quid,
1532 3281 1554 3311 si
1580 3279 1748 3325 iqnaequalis
1768 3281 1920 3322 pulsuum
1952 3284 2155 3326 inaequalitas
2199 3287 2283 3320 ultra
2328 3286 2416 3321 diem

1404 3323 1686 3365 undetrigesimum
1705 3346 1720 3364 ,
1752 3332 1788 3356 ut
1812 3325 1844 3357 in
1879 3326 2022 3368 pluribus
2055 3326 2201 3363 accidisse
2234 3332 2382 3364 novimus
2408 3354 2418 3371 ,

1405 3366 1602 3412 producatur
1625 3388 1639 3406 ,
1670 3368 1702 3400 &
1737 3366 1907 3404 diutifiimc
1939 3370 2114 3416 perseveret
2140 3369 2153 3403 ,Ρ
2197 3374 2286 3407 Huic
2317 3375 2416 3408 etiam

2285 3428 2375 3461 quae-

407 3596 419 3620 ί
435 3596 445 3619 l
460 3596 475 3625 )
489 3595 572 3630 Prima
590 3599 707 3623 Raceolta
723 3594 848 3622 d’offerv.
865 3594 935 3620 Med.
955 3601 1008 3623 pag.
1029 3595 1078 3617 ii6.
1095 3593 1118 3617 81:
1137 3600 1188 3621 ¹¹9·
1251 3591 1265 3620 C
1283 3598 1306 3614 m
1325 3594 1334 3616 )
1351 3598 1379 3615 n.
1394 3599 1432 3616 22.
1450 3591 1473 3616 ἂ
1488 3592 1551 3619 seq'i·
1614 3590 1624 3619 s
1639 3600 1655 3616 13
1674 3592 1686 3623 )
1702 3593 1711 3622 )
1729 3592 1802 3621 Epist.
1819 3592 1848 3627 de
1865 3595 1938 3619 Coi-d,
1957 3596 2052 3627 Polypo
2067 3603 2091 3619 n.
2110 3603 2132 3624 ⁹·

437 3634 450 3649 o
467 3627 476 3654 )
494 3628 608 3653 Animad.
623 3636 665 3657 40.
682 3628 706 3652 fit
721 3635 771 3660 41..
821 3626 836 3655 (
850 3630 866 3654 ρ
881 3625 895 3654 )
911 3632 937 3649 n.
955 3634 977 3654 ς.
994 3633 1017 3653 7.
1033 3622 1057 3647 δε
1074 3622 1137 3653 seqq.
1155 3625 1177 3647 δι
1194 3629 1229 3652 ¹3·
1291 3622 1305 3649 ζ
1323 3628 1336 3649 q
1356 3621 1394 3650 )l.
1413 3630 1435 3651 3.
1452 3624 1474 3647 S.
1491 3632 1514 3652 7.
1532 3620 1589 3645 Obs.
1605 3630 1643 3650 m.
1708 3621 1745 3652 (r
1762 3629 1771 3653 )
1789 3624 1859 3652 Epist.
1879 3626 1907 3649 de
1928 3627 2022 3656 Polypo
2037 3625 2111 3650 cord.

405 3626 906 3718 {{3gntlhlropogz.:115cgditiihn3-qc.
927 3662 968 3715 iz(
983 3685 999 3709 d
1014 3689 1023 3715 J
1039 3655 1054 3710 ι(
1070 3657 1145 3713 ‘senh-
1154 3662 1190 3713 277·
1213 3691 1228 3707 ῃ
1252 3653 1297 3711 §2¹⁴
1315 3652 1322 3682 1
1341 3658 1364 3692 ¹¹]
1382 3658 1421 3712 ca>
1440 3651 1579 3712 maath?—
1598 3660 1623 3676 ¹¹
1699 3653 1707 3682 i
1726 3663 1738 3683 r
1759 3655 1770 3682 )
1787 3657 1836 3683 ¹1⁴³-
1855 3655 1891 3679 chr
1904 3664 1940 3681 io·
2003 3657 2016 3686 ζ
2035 3664 2053 3686 z
2070 3659 2118 3686 ln·
2132 3664 2169 3681 ¹⁰·
2232 3658 2279 3690 (a)
2296 3667 2354 3687 mo.
