2498 4075
571 286 722 354 Epist·
758 289 920 345 Anat.
954 286 1164 345 Medica
1199 287 1316 355 XL.
1349 290 1467 344 Art.
1485 278 1564 345 ΞΒ.

58 360 310 408 ρῑΐςίἲεῐτεῦτίςς
333 366 458 400 mentio
480 367 583 410 aliqua
596 367 671 402 esset
696 369 814 411 injecta
826 381 837 408 3
862 369 943 404 unde
954 381 1057 404 meam

57 406 250 443 confirmare
275 409 393 452 possem
417 405 628 453 suspicionem
643 436 652 451 ‚
679 422 732 447 aut
748 412 905 455 abjicere.
931 413 1055 447 Vidisti

55 450 92 483 in
123 461 193 485 mea
218 453 452 486 Observare-ione
483 457 497 492 (
518 453 572 493 b)
603 455 748 491 artiffime
772 465 937 490 excavatas
965 455 1057 491 fuisse

58 494 224 528 vertebras
246 519 259 536 ‚
289 497 323 529 in
349 497 446 530 altera
470 506 577 531 autem
600 509 640 531 ex
663 500 813 533 indicatis
829 498 1058 534 'Observatio-

56 537 153 570 nibus
182 537 261 572 adeo
293 539 434 573 corrosas
457 562 467 578 ,
512 548 548 573 ut
580 540 642 574 levi
673 542 739 577 ἰᾶιι
772 542 878 584 frangi
911 545 1056 585 potuerit

55 579 157 621 Spina
177 604 191 622 ,
219 584 252 615 in
279 581 337 616 hac
361 593 469 616 autem
491 583 606 617 ultima
628 584 697 626 post
719 585 894 619 erofionem
921 610 931 625 ,
953 585 1056 628 reipsa

56 620 190 657 fractam
212 648 221 657 .
258 625 418 668 Intelligis
442 626 520 668 quid
543 637 582 659 ex
606 638 675 661 mea
698 628 836 671 suspicer
856 653 865 662 .
900 629 947 662 At
976 629 1056 663 illud

56 674 149 699 extra
170 666 406 711 suspicionem,
431 681 448 703 a
471 680 589 712 magno
612 671 851 713 aneurysmate‚
876 672 979 714 Spinae
1001 672 1056 705 ard-⁷

55 706 196 743 haereme
215 733 229 750 ,
261 711 323 745 hoc
346 713 444 745 etiam
462 737 472 751 ‚
505 721 620 756 praeter
641 723 755 749 caetera
776 715 968 749 detrimenta
990 738 1001 754 ,
1024 717 1056 748 δι

55 754 198 793 pericula
213 779 223 794 ,
247 754 350 788 afferri
376 754 485 797 posse,
509 766 546 789 ut
568 758 661 799 Spina
686 757 873 801 frangatur,
898 769 960 792 non
971 758 1055 792 mul-

55 803 127 828 tum
150 798 237 830 enim
259 798 293 829 in
317 798 457 832 Cifiario
480 799 588 832 nostro
609 800 715 833 deerat
735 824 747 840 ,
782 811 817 835 ut
840 801 962 843 posset.
990 802 1055 835 Ve-

53 849 127 872 rum
151 851 189 872 ne
212 839 296 873 forte
318 842 446 880 credas,
470 842 662 883 suspiciones
685 855 796 877 omnes
819 854 901 877 meas
924 846 957 878 in
981 846 1055 878 Ob-

54 879 249 916 vservatio'nes
279 884 446 917 dumtaxat
468 885 578 919 cadere
607 898 679 929 quae
702 888 738 920 in
770 887 981 929 Sepulchreto
1002 900 1055 922 ex-

52 932 125 957 tent
150 949 161 965 ‚
196 926 313 969 inspice
346 939 414 961 eam
449 928 560 962 saltem
593 941 665 971 quae
696 931 779 963 inter
811 932 885 963 alias
917 943 933 963 a
968 932 1056 964 Viro

52 967 236 1002 Clariffimo
259 971 370 1004 multis
393 971 462 1013 post
486 971 568 1006 illud
591 973 712 1006 iterum
735 972 860 1007 editum
871 974 960 1006 annis
983 974 1056 1007 vul-

53 1018 127 1050 gata
149 1032 160 1048 ‚
202 1013 250 1046 vel
292 1016 399 1055 potius
424 1039 434 1055 ‚
503 1024 637 1049 uantum
678 1028 717 1050 ex
749 1017 845 1050 Actis
876 1017 1057 1051 Helveticis

52 1053 136 1095 (c)
158 1054 192 1087 in
216 1057 335 1097 quibus
356 1057 467 1093 eadem
515 1056 623 1092 istoria
646 1059 708 1098 est,
729 1059 911 1102 intelligere
922 1061 1054 1098 videor,

51 1095 162 1130 recusa
184 1120 197 1138 ‚
228 1108 390 1134 tumorem
426 1103 459 1134 in
490 1102 587 1136 latere
620 1102 807 1136 lumborum
832 1128 842 1143 ‚
884 1105 914 1136 δι
947 1103 1055 1146 hypo-

48 1139 210 1174 chondrio
243 1141 367 1177 finistro
399 1146 592 1179 eminentem
626 1144 719 1179 fuiffe
749 1144 845 1179 docet
878 1157 897 1178 a
929 1158 1051 1189 corpore

51 1182 183 1217 immani
203 1205 214 1221 ,
247 1186 366 1228 ingenti
387 1209 397 1225 ‚
427 1187 549 1231 globoso
569 1211 581 1227 ,
613 1188 701 1230 tenso
723 1213 732 1229 ,
768 1196 869 1222 totum
885 1187 957 1232 fere
972 1189 1050 1232 fini-

42 1224 143 1264 strum
166 1226 340 1261 abdominis
361 1229 447 1263 latus
469 1239 635 1274 οεειιραπῑιῖ
658 1253 668 1269 ‚
698 1232 787 1274 quod
809 1232 967 1267 exsectum
992 1258 1003 1274 ,
1021 1236 1052 1267 &

51 1271 379 1316 ruptum‘effundebat
401 1284 545 1316 magnam
564 1299 574 1314 ‚
607 1286 667 1315 qua
689 1273 871 1317 opplebatur
891 1300 901 1314 ‚
933 1278 1054 1310 cruoris

42 1308 132 1354 fufii
153 1316 273 1355 copiam
296 1341 306 1356 ‚
331 1314 508 1358 substantiae
521 1316 722 1360 flavescentia
745 1340 756 1356 ,
785 1318 951 1363 spongiosae
971 1343 983 1360 ‚
1004 1320 1053 1353 ba-

48 1354 203 1389 mellatim
218 1356 281 1400 fibi
302 1358 512 1392 incumbentis
535 1385 543 1394 .
577 1361 744 1399 Quoniam
769 1372 876 1396 autem
900 1374 954 1396 ren
976 1362 1054 1405 fini-

47 1396 108 1445 ster
131 1400 206 1433 huic
229 1402 385 1443 corpori,
408 1402 496 1444 quod
522 1406 553 1437 δε
568 1404 682 1447 ‚ipsum
705 1416 789 1448 pone
811 1403 973 1441 sinistrum
983 1408 1054 1441 Co-

47 1440 72 1473 11
95 1442 238 1477 intestini
260 1445 400 1479 trafium
424 1446 591 1481 Iocabatur
624 1448 711 1481 intra
734 1448 971 1491 duplicaturam
996 1462 1052 1493 pe-

47 1484 178 1518 ritonaei
205 1509 214 1524 ‚
249 1497 378 1522 externe
413 1489 595 1531 adhaerebat
621 1516 632 1532 ,
663 1492 731 1525 imo
763 1492 810 1526 sui
845 1502 942 1534 parte.
967 1494 999 1527 in
1021 1494 1048 1526 i-

42 1526 137 1568 psum
168 1527 326 1573 bulbosum
359 1531 447 1566 hocce
478 1543 590 1575 corpus
616 1534 835 1576 penetrabat3
868 1536 972 1569 visum
1007 1537 1051 1571 est

36 1568 110 1605 eboc
132 1570 219 1606 idern
241 1585 357 1616 corpus
379 1587 451 1616 pars
483 1575 542 1610 effe
564 1579 647 1610 renis
678 1578 766 1612 illius
787 1599 798 1616 ‚
831 1578 980 1614 videlicet
1002 1581 1054 1622 in7

46 1614 239 1650 credibilem
271 1618 304 1650 in
338 1619 472 1653 modum
513 1619 707 1661 amplificata
738 1644 750 1653 ..
794 1623 870 1664 Ego
909 1633 1015 1657 tamen
1039 1647 1053 1664 ‚

45 1658 136 1699 quod
171 1661 235 1693 veri
260 1672 297 1693 ex
329 1661 399 1695 aliis
429 1664 594 1705 quaerendi
617 1686 632 1703 ,
662 1675 728 1698 non
749 1664 957 1701 dissentiendi
987 1667 1053 1703 stu-

45 1703 104 1734 dio
135 1702 247 1736 dix'iss‘e
282 1704 379 1737 liceat
401 1728 414 1746 ,
450 1715 523 1739 tum
555 1718 593 1741 ex
625 1705 694 1741 sede
726 1720 826 1750 quam
846 1709 1017 1746 obtinebat
1039 1735 1052 1753 ‚

45 1754 118 1778 tum
150 1757 190 1779 ex
218 1746 379 1789 sanguinis
400 1771 414 1789 ,
447 1750 506 1792 qui
539 1759 630 1784 tanta
664 1754 759 1795 copi-a
780 1754 882 1787 inerat
906 1775 916 1792 ‚
947 1757 979 1789 in
1004 1757 1053 1789 la-

44 1787 177 1826 mellas,
201 1790 278 1824 alias
302 1791 622 1832 aliisincumbentes‚
646 1797 878 1839 concretione,
902 1807 972 1833 tum
996 1799 1051 1833 de—

43 1833 191 1881 nique-ex
214 1834 352 1877 eoquod
374 1836 408 1870 in
430 1836 518 1872 illius
541 1837 686 1873 hominis
701 1850 810 1875 ventre
833 1842 944 1876 vivum
967 1843 1052 1885 ades-

36 1873 73 1917 se
96 1876 215 1923 ammql
239 1876 438 1917 credebatur,
462 1880 495 1914 id
542 1881 605 1916 uod
630 1883 822 1924 pulsationis
847 1885 969 1921 sensum
992 1887 1051 1921 ali.

41 1922 145 1960 quern
169 1919 327 1961 fignificat
350 1945 364 1961 ,
397 1934 518 1966 aneury
538 1936 587 1958 ma
611 1925 703 1960 fuiffe
728 1953 737 1967 ‚
771 1928 938 1972 suspicor,
961 1929 1050 1974 quod

43 1961 213 1996 crescendo
236 1974 360 2006 partem
385 1969 529 2007 proximi
552 1971 637 2002 renis
661 1969 798 2005 vitiasset
819 1998 828 2006 .
864 1973 942 2006 Non
968 1972 1051 2007 abfi-

43 2005 121 2039 mile
144 2005 221 2041 huic
244 2019 322 2041 mere
344 2008 520 2050 suspicioni
543 2013 597 2047 Cl.
622 2013 753 2047 Nebelii
778 2017 792 2054 <
813 2017 833 2049 d
855 2019 866 2054 )
890 2015 1048 2058 judicium

43 2047 109 2082 fuit
132 2050 166 2082 in
191 2059 318 2084 tumore
342 2051 567 2094 subrotundo‚
590 2058 648 2097 qui
661 2068 800 2092 annexus
821 2060 889 2092 reni
901 2058 1046 2101 sinistro,

43 2091 132 2124 intus
152 2103 193 2127 ex
211 2093 356 2135 pluribus
378 2097 496 2130 tunicis
517 2098 649 2138 constare
667 2122 678 2137 ,
709 2101 751 2134 (φ
772 2113 878 2136 cruore
900 2104 1049 2138 materia-

43 2145 101 2176 que
136 2142 275 2170 tartarea
299 2137 435 2182 refertus
472 2139 531 2174 effe
554 2141 662 2176 dietus
686 2143 790 2178 fuerat
812 2169 826 2186 ,
849 2155 910 2188 pro
930 2147 1049 2181 Emul-

41 2180 152 2220 gentis
186 2181 315 2214 arteriae
349 2182 571 2225 aneurysmate
604 2186 803 2228 agnoscendo
827 2214 836 2222 .
870 2189 964 2232 Quin
991 2200 1049 2223 ¹ca-

39 2223 113 2256 sum
146 2222 265 2266 adjecit
287 2225 424 2258 celebris
453 2227 578 2262 Medici
602 2250 612 2265 ‚
636 2241 750 2272 magna
783 2232 822 2265 ex
852 2241 943 2274 parte
974 2245 1050 2267 cum

40 2268 159 2309 eoqui
190 2268 293 2309 modo
316 2279 332 2301 a
356 2269 450 2302 nobis
483 2272 734 2313 perpendebatur
756 2297 767 2311 ,
799 2274 1050 2311 conferendum.

8 2317 11 2319 “
40 2309 132 2343 Cum
164 2311 249 2343 enim
283 2309 370 2345 idem
402 2310 561 2347 sinistrum
593 2314 677 2350 latus
719 2316 869 2352 affe&um
901 2320 1012 2354 dolore
1036 2343 1047 2359 ,

40 2355 186 2394 primum
209 2353 395 2396 nephritico
417 2378 429 2393 ‚
452 2367 529 2390 mox
550 2361 580 2391 δι
603 2360 806 2395 rheumatico
827 2363 975 2404 credito,
998 2365 1050 2398 in-

40 2396 207 2431 tumuisset
229 2420 243 2436 ,
263 2397 377 2432 dolore
400 2410 506 2433 autem
531 2412 659 2444 repente
680 2405 913 2440 vehementiori
936 2406 1048 2448 fano,

39 2451 129 2473 mors
159 2441 263 2474 subita
287 2443 464 2485 -Medicmrn
499 2445 719 2487 abripuiffet3
762 2448 948 2491 sanguinem
989 2454 1047 2494 q‘ui

38 2484 163 2518 multus
194 2485 228 2516 in
253 2494 397 2519 ventrem
431 2485 625 2530 effluxerat,
650 2501 668 2522 e
691 2500 791 2534 rupto
822 2494 1047 2535 aneurysmate

31 2527 157 2560 exiisl'et
180 2550 192 2567 ,
223 2536 430 2569 compertum
464 2529 508 2563 est
532 2557 541 2572 ,
612 2533 675 2566 uod
707 2536 741 2568 in
774 2536 887 2570 eodem
923 2541 1045 2577 ventris

8 2571 130 2604 latere
163 2569 225 2604 sub
257 2582 383 2606 annexo
404 2574 492 2607 Colo
523 2576 591 2609 inte
622 2578 677 2610 ino
701 2581 951 2620 protuberabat,
976 2592 1045 2615 rna-

30 2613 206 2656 gnitudine
242 2626 369 2657 aequans
402 2625 500 2659 caput
523 2621 658 2652 triennis
691 2623 814 2662 pueri.
852 2628 889 2656 In
922 2624 1043 2668 diffecfi‘o

32 2666 142 2690 autern
175 2656 231 2690 hoc
262 2665 382 2692 tumore
417 2671 550 2695 concavo
574 2687 583 2703 ‚
615 2665 659 2697 Θ
687 2666 822 2700 internis
855 2668 1042 2702 membranis

34 2699 173 2740 dzstincio
197 2721 207 2737 ‚
239 2702 460 2745 coagulataque
476 2703 628 2748 sanguine
651 2708 767 2750 repleto
789 2732 800 2749 ‚
833 2709 967 2745 haerebat
989 2722 1041 2745 ren

29 2742 150 2786 sinister
177 2741 328 2787 flaccidas
361 2746 404 2779 (φ’
431 2748 581 2788 putridus
604 2774 614 2785 .
749 2754 832 2793 Quae
866 2765 940 2788 cum
975 2766 1043 2788 me-

36 2799 133 2821 moro
153 2810 170 2827 ,
200 2786 303 2836 nolim
333 2799 501 2832 propterea
532 2802 625 2835 putes
648 2817 658 2833 ,
698 2796 831 2838 ignotos
865 2796 948 2831 mihi
983 2798 1042 2832 esse

37 2829 188 2864 abscessus
210 2840 359 2865 internos
379 2856 388 2870 ,
422 2835 539 2878 quibus
562 2848 626 2870 non
651 2840 751 2873 modo
773 2840 961 2874 lumborum
982 2840 1044 2875 do-

37 2874 110 2912 lor,
135 2883 190 2907 aut
223 2872 312 2908 Sacri
335 2875 405 2910 offis
427 2900 441 2917 ,
475 2887 531 2911 aut
567 2881 671 2922 Spinae
704 2882 789 2917 dorsi
812 2906 825 2923 ,
859 2883 911 2918 sed
935 2887 967 2917 δε
989 2897 1043 2920 ca-

37 2919 100 2951 ries
123 2915 191 2960 ipsa
227 2918 448 2954 vertebrarum
482 2921 520 2954 fit
545 2923 735 2966 imputanda
757 2950 765 2958 .
802 2927 895 2961 Novi
918 2929 1006 2961 enim
1031 2942 1040 2965 ς

35 2971 72 2994 ut
95 2972 176 3002 quos
200 2961 264 3003 legi
287 2962 321 2994 in
353 2965 584 3000 recentioribus
607 2968 700 3002 libris
722 2968 776 3003 hic
798 2970 939 3006 indicem
953 2983 967 3011 ‚¹
988 2973 1043 3005 ab-

34 3004 147 3039 scessus
169 3006 204 3038 in
227 3017 261 3038 ea
287 3014 375 3047 parte
399 3007 552 3042 mesocoli
575 3022 698 3053 quam,
723 3012 853 3048 indocte
885 3015 1041 3058 compofi-

35 3058 74 3082 to
99 3048 261 3082 vocab-ulo
283 3070 293 3085 ‚
326 3048 535 3086 mesoressum
559 3054 665 3096 plures
689 3056 850 3098 appellant
873 3081 883 3096 ,
916 3060 951 3092 in
972 3059 1038 3092 illis

33 3092 126 3126 fuisse
157 3092 370 3135 deprehensos
400 3104 541 3136 quorum
574 3096 793 3141 symptomata
816 3125 825 3140 ,
854 3102 887 3134 &
921 3103 954 3135 in
988 3101 1039 3137 his

35 3137 154 3170 dolores
176 3138 262 3170 intra
284 3146 317 3168 os
334 3135 458 3178 sacrum
482 3150 627 3174 accurate
659 3144 694 3175 in
717 3144 929 3179 Commercio
964 3147 1037 3179 Lit-

26 3182 155 3217 ceratio
188 3178 417 3214 describuntur
439 3206 447 3214 .
481 3182 574 3216 Novi
598 3188 717 3226 pariter
749 3199 787 3220 ex
810 3189 901 3223 Attis
934 3190 1040 3222 Caesa-

35 3236 98 3258 reae
128 3223 317 3258 Academiae
349 3227 359 3262 (
384 3227 432 3262 c)
465 3225 651 3262 lumborum
675 3252 685 3268 ‚
729 3229 878 3273 dorfique
911 3231 1038 3266 dolores

35 3270 70 3300 in
102 3269 143 3301 iis
166 3266 258 3303 fuisse
289 3269 324 3300 in
349 3267 468 3308 quibus
490 3272 600 3312 magni
626 3274 746 3308 interni
772 3274 926 3310 abscessus
957 3276 1037 3310 late-

35 3313 116 3345 bant
150 3322 224 3349 cum
270 3310 493 3344 vertebrarum
528 3323 581 3348 aut
613 3315 808 3351 lumbarium
849 3318 1035 3353 infimarum

34 3355 205 3398 nigredine
228 3376 238 3392 ,
272 3356 304 3388 &
336 3355 525 3403 carie-quae
555 3359 728 3393 dimidium
770 3361 858 3394 Sacri
894 3362 965 3396 offis
999 3364 1033 3396 in

35 3411 131 3442 parva
161 3398 296 3432 frustula
327 3408 563 3434 comminuerat
586 3425 597 3442 ‚
631 3413 687 3437 aut
710 3404 863 3440 lumbaris
896 3408 1034 3446 prirnae,

34 3445 66 3476 δε
100 3441 245 3477 thoracis
282 3441 408 3475 ultimae
441 3452 506 3475 non
539 3444 682 3479 diffimili
718 3449 801 3481 vitio
824 3473 833 3482 .
876 3449 948 3483 Nec
982 3460 1033 3483 ta-

32 3498 106 3519 men
141 3482 294 3520 oblivisci
327 3484 451 3527 possum
486 3495 540 3520 aut
565 3488 758 3523 Mercatoris
787 3492 844 3534 qui
879 3504 953 3527 cum
978 3505 1032 3527 an-

32 3540 112 3562 num
145 3530 309 3572 integrum
341 3527 456 3561 dolore
490 3530 613 3565 summo
645 3533 684 3567 ad
719 3534 848 3576 Spinarn
880 3536 963 3570 dorsi
987 3538 1032 3572 13-

31 3571 171 3607 borafi‘et
195 3595 205 3611 ,
237 3571 426 3613 aneurysma
450 3597 459 3612 ‚
491 3582 527 3607 ut
561 3574 725 3610 Ballonius
758 3576 841 3620 (f)
864 3580 997 3614 tradidit
1019 3605 1030 3622 ,

30 3618 66 3649 in
101 3617 205 3650 Aorta
239 3616 356 3650 habuit
383 3640 393 3656 ‚
427 3616 484 3649 ubi
516 3617 703 3653 lumborum
736 3620 926 3657 incumbens
959 3635 1031 3657 ver-

31 3659 133 3693 tebris·
154 3682 164 3697 ,
197 3661 230 3693 in
254 3660 369 3692 Iliacas
391 3658 551 3693 dividitur
574 3685 584 3699 ,
617 3672 671 3696 aut
696 3665 830 3698 Patricii
853 3667 942 3701 illius
965 3668 1031 3702 Vi-

112 3704 276 3745 Morgagni
288 3704 322 3736 de
335 3703 401 3736 Sed.
417 3702 553 3746 &Caufi
565 3704 666 3740 Morb.
682 3707 778 3740 Torn.
795 3710 839 3743 II.

197 3872 203 3877 .
219 3857 257 3878 26.
319 3855 328 3882 ί
347 3862 359 3879 c
374 3856 389 3883 )
404 3857 477 3881 Tom.
497 3860 517 3879 1.

223 3897 226 3900 Δ
449 3883 459 3916 (
475 3885 515 3916 h)
531 3885 603 3916 Epist.
619 3891 657 3929 ³⁶?
673 3895 698 3913 n.
714 3891 739 3914 6.

580 3855 621 3884 (d
636 3859 647 3882 )
663 3857 726 3886 Euh-
746 3859 782 3885 N.
798 3860 829 3885 C·
845 3861 915 3887 cent,
933 3869 956 3892 9·
974 3860 1032 3887 Obs.
1048 3870 1086 3894 59.

1108 371 1161 411 ri,
1185 368 1457 405 vehementissimo
1477 367 1563 403 dorfi
1585 365 1696 402 dolore
1718 364 1898 413 confli&ati
1920 389 1933 407 ,
1954 368 1989 400 in
2012 367 2104 410 cujus

1108 412 1229 456 pariter
1265 415 1367 448 Aorta
1389 411 1577 455 aneurysma
1608 418 1769 452 repertum
1792 410 1835 444 est
1866 420 1960 452 Juxta
1994 411 2108 461 lauda-

1108 466 1177 491 tam
1198 456 1272 489 alias
1294 460 1307 495 (
1326 468 1349 499 g
1371 460 1385 496 )
1409 454 1531 489 Vesalii
1562 452 1739 495 diagnofim
1760 464 1798 486 eo
1831 461 1978 496 tempore
2001 454 2108 488 admi-

1107 499 1242 534 rabilem
1262 522 1275 539 ‚
1311 511 1398 535 nunc
1420 498 1513 532 facile
1537 497 1730 531 imitabilem
1751 519 1760 536 ‚
1784 496 1930 540 illudque
1953 507 2018 546 non
2042 496 2108 530 sine

1108 543 1330 586 proximarum
1361 543 1580 576 vertebrarum
1603 541 1686 587 carie
1704 542 1777 589 ,υᾷ
1797 538 1959 573 costarum
1983 541 2070 573 Vltio
2097 563 2107 572 .

1106 588 1221 621 Donec
1246 597 1352 620 autem
1374 587 1491 620 horum
1505 609 1515 625 ,
1538 587 1568 619 δι
1590 583 1641 617 his
1664 583 1818 616 similium
1838 604 1850 620 ‚
1872 594 1943 625 quae
1967 593 2033 616 non
2058 593 2110 615 ra-

1106 642 1144 664 ro
1167 629 1257 669 aliis,
1280 634 1312 664 &
1332 629 1413 664 mihi
1439 639 1569 670 quoque
1593 627 1623 660 se
1646 626 1862 674 obtulerunt?
1885 627 2107 676 exemplorum

1106 672 1320 711 recordabor,
1342 672 1411 707 fieri
1434 682 1499 704 non
1523 670 1647 713 poterit
1661 692 1670 708 ‚
1693 671 1774 712 quin
1797 668 1854 714 ub1
1878 668 2108 719 descriptiones

1106 716 1324 757 abscessuum,
1346 718 1385 750 iis
1408 716 1442 748 in
1467 715 1548 748 locis
1569 722 1785 755 repertorum,
1810 711 1968 753 ejusmodi
1990 723 2109 747 occur-

1105 769 1203 799 rant,
1227 769 1263 793 ut
1288 758 1469 801 suspensum
1491 758 1636 792 animum
1654 757 1867 803 relinquant,
1891 766 1999 805 verear
2026 779 2037 794 ,
2069 765 2109 789 ne

1104 801 1191 837 forte
1204 802 1259 836 sub
1282 802 1434 836 abscessus
1447 801 1577 833 nomine
1588 800 1776 841 aneurysma
1791 797 1957 831 delituerit
1970 823 1978 831 .

1106 847 1272 880 Hac‘tenus
1294 846 1332 880 de
1355 844 1591 888 suspicionibus
1612 844 1648 876 in
1670 841 1809 891 diffeffis
1821 850 2025 877 mortuorum
2037 851 2111 875 cor-

1130 889 1259 923 nribus.

1106 901 1128 933 p
1155 933 1208 966 28.
1230 933 1330 974 Qod
1353 943 1430 966 vero
1453 930 1491 966 ad
1515 941 1565 965 eas
1588 929 1706 964 attinet
1726 940 1799 972 quae
1823 928 1905 963 mihi
1937 930 1972 963 in
1995 929 2113 978 viven-

1108 976 1197 1015 tibus
1230 976 1416 1010 inciderunt
1439 988 1448 1012 3
1480 984 1517 1009 ut
1540 984 1672 1008 caeteros
1708 975 1837 1007 mittam
1858 987 1868 1010 3
1900 972 1981 1007 duos
2006 984 2044 1022 ex
2067 981 2110 1004 ns

1108 1019 1299 1054 memorabo
1317 1042 1330 1060 ‚
1360 1018 1479 1061 quibus
1503 1017 1572 1061 ipse
1594 1028 1725 1060 quoque
1742 1040 1752 1055 ,
1774 1026 1850 1050 curn
1873 1017 1907 1049 in
1931 1016 2041 1050 Patria
2064 1013 2112 1052 Θί-

1107 1064 1170 1096 sem
1195 1074 1262 1095 mea
1282 1085 1296 1102 ,
1327 1061 1496 1096 confilium
1520 1060 1671 1095 dederam
1703 1059 1851 1094 adversus
1875 1070 1985 1102 graves
2008 1068 2110 1107 perti-

1107 1106 1262 1148 nacesque
1296 1105 1484 1138 lumborum
1510 1127 1520 1143 ‚
1557 1102 1704 1144 dorfique
1722 1102 1854 1137 dolores
1876 1127 1884 1135 .
1916 1104 2011 1137 Alter
2045 1101 2112 1135 fuit

1104 1150 1232 1184 aerarius
1256 1147 1344 1182 faber
1363 1173 1373 1188 ‚
1407 1147 1575 1189 Peregrini
1598 1148 1729 1179 nomine
1752 1169 1760 1179 .
1793 1147 1928 1190 Qem‚
1951 1157 2027 1195 cum
2049 1156 2113 1194 ego

1104 1193 1210 1236 postea
1244 1191 1307 1225 huc
1338 1191 1377 1225 ad
1410 1189 1630 1233 profitendum
1662 1188 1811 1222 venissem
1832 1212 1845 1229 ,
1874 1197 1987 1231 accept
2005 1214 2014 1229 ,
2043 1188 2112 1238 'suis

1104 1237 1226 1279 semper
1258 1233 1487 1269 conflietatum
1509 1233 1678 1268 doloribus
1701 1256 1709 1272 ,
1744 1233 1873 1267 tandem
1907 1239 1972 1274 qua,
2005 1241 2113 1265 m1nus

1104 1279 1319 1324 expe-&abant
1345 1277 1490 1315 Medici,
1513 1277 1679 1319 repentina
1705 1285 1811 1310 morte
1835 1275 1996 1325 subl-atum
2019 1275 2076 1309 elle
2100 1285 2113 1312 5

1105 1334 1141 1358 ut
1164 1323 1249 1357 mihi
1285 1322 1424 1365 suspicio
1445 1320 1693 1356 confirmaretur
1714 1340 1724 1357 ‚
1750 1319 1790 1352 ab
1814 1326 1939 1357 arteriae
1962 1321 2077 1369 Aortae·
2100 1337 2115 1354 ,

1104 1366 1275 1401 secundum
1299 1367 1429 1407 Spinam
1453 1362 1676 1400 descendentis.
1694 1385 1706 1400 2
1737 1361 1957 1405 aneurysmate
1988 1372 2119 1411 crucia-

1106 1420 1158 1445 tus
1180 1410 1253 1443 illos
1275 1408 1367 1443 fuiss‘e
1388 1434 1397 1450 ,
1428 1411 1461 1443 δε
1484 1419 1523 1442 ex
1547 1403 1780 1448 aneurysmatis'
1799 1404 2001 1449 disruptione
2025 1407 2117 1455 subi-

1102 1464 1232 1488 taneum
1264 1454 1436 1487 interitum
1464 1454 1472 1483 .”
1510 1451 1609 1486 Alter
1643 1461 1720 1484 vero
1756 1450 1914 1499 Patricius
1951 1451 2014 1483 Vir
2046 1448 2117 1501 fuit

1097 1498 1241 1543 Jo-annes
1270 1497 1437 1531 Antonius
1458 1493 1642 1530 Corbiceus
1666 1520 1677 1535 ‚
1707 1502 1766 1537 qur
1787 1504 1862 1527 curn
1893 1493 1991 1543 fimrli
2014 1494 2116 1527 obitu.

1104 1552 1234 1585 ereptus,
1254 1541 1321 1580 est,
1346 1542 1455 1576 multo
1475 1539 1601 1574 mallem
1624 1550 1689 1572 non
1714 1535 1871 1587 abfuisse,
1896 1545 1933 1570 ut
1949 1536 2116 1587 *diss-ecan-

1103 1584 1138 1620 di
1168 1585 1332 1619 cadaveris
1354 1583 1544 1620 facul-tatem
1578 1582 1793 1617 obtinerem..
1829 1580 1882 1615 Sic
1906 1591 1991 1616 emm
2015 1591 2049 1613 m
2071 1591 2114 1614 eo

1105 1627 1290 1671 aneurysma
1314 1626 1474 1670 ejusmodi
1499 1626 1701 1669 suspicabar,
1725 1636 1762 1661 ut
1785 1623 1879 1659 fimul
1905 1635 2049 1663 vererer,
2074 1635 2115 1658 ne

1104 1673 1229 1706 vomica
1252 1672 1366 1706 lateret
1387 1674 1424 1705 in
1446 1671 1588 1714 jecinore
1608 1693 1618 1709 ,
1659 1680 1722 1713 qua
1744 1678 1858 1712 rupta,
1885 1679 1974 1702 mors
1998 1677 2126 1716 propessv

1103 1727 1138 1751 ra
1169 1716 1353 1758 sequeretur
1377 1740 1386 1749 .
1421 1716 1465 1750 Et
1491 1715 1562 1748 sane
1595 1714 1698 1747 multa
1722 1736 1733 1753 ,
1769 1725 1826 1748 nec
1859 1710 1993 1746 obscura
2019 1735 2032 1753 ,
2065 1711 2122 1745 afe.

1103 1758 1179 1794 festi
1203 1758 1333 1802 hepatis
1352 1768 1444 1793 erant
1467 1758 1590 1793 indicia
1614 1768 1626 1796 ζ,
1660 1756 1713 1791 sed
1735 1769 1809 1792 cum
1831 1756 1883 1791 his
1902 1765 2015 1790 tamen
2040 1756 2120 1789 ade.-¹

1101 1813 1194 1841 ran-t,
1219 1812 1315 1846 atque
1338 1802 1418 1836 adeo
1443 1812 1591 1845 magnam
1616 1810 1702 1835 certe
1723 1801 1865 1844 ipsorum
1881 1809 2007 1844 partem
2031 1811 2120 1843 prae*

1101 1847 1276 1885 edictam,
1300 1847 1333 1878 &
1357 1844 1488 1879 fortasse
1510 1845 1620 1879 omnia
1643 1866 1652 1882 ,
1687 1845 1713 1877 ii
1737 1845 1926 1891 lumborum
1950 1843 2078 1879 dolores
2101 1864 2121 1882 ς,

1101 1892 1161 1933 qui
1184 1901 1259 1924 cum
1281 1887 1438 1931 jecinoris
1458 1890 1586 1922 vomica
1608 1898 1681 1931 non
1698 1888 1800 1922 solent
1819 1890 1995 1931 conjungi.
2024 1889 2116 1930 Ope-

1101 1945 1144 1967 rae
1179 1934 1322 1977 pretium
1357 1931 1496 1966 fortassis
1528 1931 1569 1966 est
1601 1934 1710 1965 ‘totam
1743 1931 1911 1966 historiam
1936 1959 1945 1974 ‚
1977 1931 2117 1974 praeser«

1101 1978 1173 2011 tim,
1188 1978 1267 2010 alias
1289 1981 1298 2015 (
1322 1975 1343 2009 h
1364 1980 1375 2015 )
1400 1976 1462 2008 tibi
1497 1975 1685 2018 promissam
1706 1999 1718 2016 ,
1750 1975 1804 2009 hic
1826 1974 2003 2018 diligenter
2038 1985 2122 2018 per-,-

1101 2019 1259 2055 scribere.
1282 2021 1361 2053 Erat
1384 2019 1411 2052 is
1434 2029 1533 2055 annos
1557 2028 1652 2054 natus
1677 2020 1716 2053 ad
1741 2018 1926 2062 sexaginta,
1950 2030 2085 2063 procero
2095 2043 2110 2070 ἱ,

1098 2066 1214 2106 aniplo
1232 2087 1245 2104 ‚
1277 2063 1434 2097 lacertoso
1457 2074 1595 2106 corpore
1616 2085 1630 2102 ,
1661 2061 1744 2097 facie
1777 2064 1913 2098 rubente
1935 2076 1952 2098 a
1986 2066 2112 2099 venulis

1100 2108 1304 2142 subcutaneis
1327 2129 1337 2145 ‚
1372 2106 1481 2148 pa-ffim
1507 2128 1517 2144 ,
1561 2106 1612 2140 sed
1645 2109 1806 2150 praecipue
1837 2107 1877 2142 ad
1920 2108 1984 2142 nali
2028 2108 2115 2157 infe-

1099 2152 1207 2190 riora,
1231 2150 1415 2193 conspicuis
1439 2174 1448 2185 .
1484 2151 1655 2192 Sanguinis
1688 2162 1743 2193 per
1767 2149 2020 2188 haemorrhoides
2044 2155 2112 2188 flu-

1100 2204 1160 2228 xus
1183 2220 1193 2236 ‚
1223 2196 1283 2237 qui
1305 2194 1462 2229 innoxius·
1481 2217 1495 2235 ,
1531 2197 1562 2227 &
1586 2192 1769 2230 moderatus
1792 2196 1908 2243 ‘redire
1932 2208 1986 2241 per
2009 2198 2116 2234 inter*

1101 2239 1186 2272 valla
1212 2238 1423 2272 consueverat
1446 2261 1459 2279 ,
1489 2249 1566 2273 cum
1599 2239 1641 2273 ab
1665 2251 1753 2274 anno
1788 2251 1852 2281 jam
1875 2242 1968 2276 valde
1999 2242 2027 2276 se
2050 2245 2114 2278 im-

1102 2280 1271 2316 minuiffet
1303 2303 1315 2322 ‚
1356 2281 1558 2325 molesteque
1602 2283 1706 2317 animi
1739 2281 1929 2319 affectiones
1973 2288 2112 2322 acceffiss

1100 2325 1189 2364 sent3
1213 2324 1362 2359 nonnihil
1384 2327 1535 2360 emaciari
1558 2337 1675 2370 corpus
1704 2338 1847 2370 coeperat
1880 2339 1953 2364 ante
1976 2332 2114 2366 initium

1103 2371 1188 2404 veris
1221 2370 1263 2402 A.
1301 2379 1394 2412 1710.
1426 2370 1510 2404 Mox
1543 2369 1622 2405 dum
1655 2371 1751 2405 rheda
1775 2394 1788 2411 ‚
1820 2381 1856 2406 ut
1889 2384 1958 2409 turn
1993 2375 2111 2410 solitus

1102 2423 1172 2447 erat
1195 2437 1205 2453 ‚
1244 2412 1423 2447 ‘veheretur
1455 2435 1467 2453 ‚
1513 2412 1543 2448 se
1576 2414 1671 2461 dolor
1716 2415 1862 2459 prodidit
1896 2421 1930 2452 in
1966 2427 2112 2463 utroque

1097 2457 1213 2492 lumbo
1235 2478 1245 2494 ³
1291 2457 1453 2499 Spinaque
1488 2458 1658 2501 interjecta
1692 2472 1702 2493 .-
1744 2460 1862 2502 quibus
1895 2464 1929 2495 in
1963 2465 2108 2505 partibus

1096 2501 1163 2545 jam
1187 2513 1202 2533 a
1238 2500 1337 2542 longo
1361 2510 1508 2542 ternpore
1535 2526 1545 2541 ‚
1576 2502 1628 2536 sed
1651 2503 1806 2538 obscurus
1829 2526 1839 2543 ‚
1876 2504 1981 2540 fuerat
2008 2532 2017 2545 ‚
2051 2519 2108 2541 ne-

1096 2556 1158 2587 que
1182 2543 1316 2580 affidue,
1341 2542 1400 2577 sed*
1415 2542 1591 2586 aliquando
1615 2570 1624 2578 .
1659 2547 1759 2580 Nunc
1791 2557 1869 2582 vero
1901 2561 1965 2588 non
2001 2550 2108 2584 solum
2132 2548 2135 2551 ”

1095 2587 1258 2631 perstitit,
1285 2585 1335 2621 sed
1357 2588 1441 2621 circa
1465 2589 1596 2629 Aprilis
1620 2589 1753 2624 initium
1779 2593 1914 2632 auctus,
1939 2603 2014 2628 ante
2029 2595 2105 2628 Ma-

1094 2631 1163 2673 jum
1187 2640 1295 2665 autem
1318 2632 1425 2664 multo
1449 2632 1597 2666 acerbior
1619 2631 1721 2667 faetus
1744 2645 1867 2676 aegrum
1890 2660 1901 2674 ‚
1925 2638 2106 2680 psaesertim

1093 2676 1256 2709 sedentem
1276 2698 1284 2713 ,
1320 2684 1374 2708 aut
1397 2673 1557 2716 jacentem
1580 2701 1590 2716 ,
1624 2677 1705 2710 male
1727 2677 1885 2718 habebat,
1907 2694 2010 2724 eoque
2035 2694 2105 2716 ma..

1093 2719 1142 2761 gis
1168 2719 1223 2752 ubi
1250 2716 1279 2751 se
1302 2718 1352 2752 vel
1375 2718 1490 2753 leviter
1514 2730 1703 2754 convertere
1726 2722 1841 2760 vellet,
1865 2734 1920 2757 aut
1945 2725 2076 2760 fleaere
2092 2752 2103 2766 ,

1094 2771 1149 2796 aut
1175 2760 1281 2796 rursus
1304 2762 1425 2805 erigere
1448 2773 1644 2803 conaretur,
1667 2773 1721 2798 aut
1745 2763 1891 2807 surgere.
1919 2769 2034 2803 Visum
2060 2770 2104 2804 est

1093 2805 1138 2839 ob
1161 2817 1197 2839 ea
1219 2816 1291 2848 quae
1313 2805 1352 2838 de
1373 2804 1651 2841 haemorrhoidum
1676 2806 1770 2841 fluxu
1793 2809 1936 2845 diximus
1958 2835 1971 2852 ,
2004 2813 2102 2847 item-

1093 2861 1155 2893 que
1177 2849 1222 2883 ob
1245 2848 1431 2890 sanguinem
1452 2850 1510 2891 qui
1534 2849 1750 2891 superioribus
1773 2852 1932 2888 mensibus
1964 2866 2028 2889 non
2054 2859 2113 2891 se--

1094 2893 1156 2926 mel
1181 2904 1197 2925 e
1228 2893 1359 2925 naribus
1390 2890 1505 2933 sponte
1539 2892 1567 2926 se
1599 2893 1781 2927 ostenderat
1805 2920 1816 2936 ,
1852 2897 1957 2931 laxata
1980 2922 1993 2939 ,
2025 2912 2100 2943 (μω

1093 2945 1166 2969 tum
1190 2935 1338 2970 adstritffta
1362 2944 1451 2974 erat,
1475 2935 1549 2968 alvo
1566 2958 1578 2975 ‚
1603 2935 1789 2979 sanguinem
1812 2940 1852 2972 de
1875 2942 2010 2976 brachio
2034 2948 2099 2986 pri·

1094 2990 1184 3013 mum
1211 3001 1221 3017 ‚
1256 2988 1325 3012 turn
1359 2989 1397 3011 ex
1430 2978 1724 3015 haemorrhoidibus
1767 2982 1825 3016 effe
1867 2986 2062 3021 mittendum
2087 3012 2099 3021 ,

1095 3023 1183 3056 Cum
1217 3023 1281 3055 alvi
1318 3022 1441 3054 laxatio
1473 3023 1613 3055 multum
1637 3045 1646 3061 ‚
1687 3032 1763 3070 *turn
1798 3028 1902 3068 prima
1934 3029 2099 3073 sanguinis

1091 3065 1196 3099 millio
1228 3065 1405 3107 plurimum
1431 3063 1586 3106 profuit3
1621 3077 1657 3100 ut
1680 3078 1750 3109 jam
1783 3070 1924 3114 sublatus
1957 3077 2098 3109 omnino

1090 3108 1263 3143 diuturnus
1295 3107 1387 3141 dolor
1410 3106 1576 3142 videretur
1599 3135 1606 3143 .
1640 3111 1698 3144 Sed
1731 3124 1806 3146 cum
1840 3115 2023 3159 Chirurgus
2056 3119 2097 3154 ad

1090 3150 1369 3196 haemorrhoideS,
1392 3161 1469 3193 quas
1492 3153 1717 3195 turgidiffimas
1738 3155 1917 3191 offenderat
1938 3182 1947 3197 ‚
1972 3160 2099 3195 nihilo-⁸

1090 3197 1198 3229 minus
1220 3218 1229 3233 ,
1262 3195 1391 3228 Medico
1424 3196 1609 3231 inconsulto
1629 3222 1638 3237 ,
1669 3197 1836 3233 hirudines
1852 3201 2056 3237 ·adm0viffet
2079 3216 2094 3245 ,¹

1088 3248 1179 3272 tanta
1204 3241 1250 3272 vis
1275 3237 1438 3280 sanguinis
1459 3250 1587 3281 repente
1611 3239 1770 3283 profluxit
1792 3267 1804 3283 ,
1837 3253 1872 3277 ut
1904 3256 1970 3278 non
2008 3249 2095 3282 mul-

1086 3291 1125 3316 to
1158 3282 1225 3323 post
1248 3281 1368 3314 indicia
1396 3286 1603 3323 apparuerint
1628 3284 1757 3319 habitus
1794 3286 1827 3318 in
1854 3298 1990 3328 pravum
2025 3301 2092 3325 ver.

1086 3326 1192 3368 gentis
1217 3349 1225 3358 .
1259 3327 1373 3367 Itaque
1405 3335 1479 3358 curn
1502 3327 1608 3362 rursus
1643 3328 1766 3364 confilii
1797 3329 1888 3364 causa
1912 3333 2092 3368 accerseret

1085 3368 1156 3411 post
1184 3369 1277 3413 Junii
1309 3367 1451 3402 medium
1475 3391 1484 3406 ‚
1528 3380 1597 3404 tum
1628 3369 1696 3404 haec
1737 3382 1809 3413 quae
1844 3374 1942 3409 modo
1986 3377 2090 3416 dixi,

1085 3421 1157 3445 tum
1183 3412 1244 3450 alia
1278 3413 1383 3452 accepi
1409 3424 1419 3444 .·
1448 3412 1514 3446 dies
1538 3412 1603 3456 jam
1626 3413 1685 3447 ess'e
1709 3414 1780 3456 plus
1804 3417 1922 3458 viginti
1957 3430 1996 3452 ex
2018 3432 2088 3464 quo

1083 3457 1165 3497 regii
1200 3456 1305 3488 morbi
1340 3455 1425 3496 figna
1450 3477 1459 3492 ‚
1490 3468 1566 3490 cum
1610 3458 1728 3499 pedum
1767 3460 1927 3494 oedemate
1949 3484 1959 3499 ,
1995 3462 2026 3496 se
2057 3464 2088 3499 se

1084 3498 1285 3532 ostenderant
1310 3510 1319 3529 .·
1353 3501 1383 3530 &
1407 3500 1548 3540 primum
1571 3501 1702 3543 quidem
1725 3501 1855 3543 vigilias
1878 3526 1888 3541 ,
1921 3508 2086 3548 appetitus

1082 3542 1231 3576 ciborum
1254 3540 1501 3583 deje&i0nem·,
1533 3546 1563 3576 &
1589 3542 1710 3577 sensum
1733 3548 1894 3586 quendam
1917 3547 2009 3583 fuisse
2021 3551 2086 3585 sto..

1081 3583 1188 3618 machi
1213 3597 1229 3618 a
1253 3584 1388 3627 prandio
1412 3585 1558 3627 languidi
1582 3608 1591 3624 ‚
1622 3596 1740 3630 atque,
1764 3599 1799 3622 ut
1823 3601 1906 3632 aeger
1928 3591 2085 3635 loqueba-

1080 3637 1133 3661 tur
1148 3654 1157 3668 ,
1180 3629 1300 3665 diluti,
1323 3639 1404 3661 nunc
1417 3639 1492 3662 vero
1515 3629 1601 3664 hunc
1614 3629 1735 3666 sensum
1760 3633 1887 3674 prorsus
1900 3635 2083 3676 sublatum,

1081 3670 1315 3715 somnumque,
1337 3673 1367 3704 &
1390 3673 1568 3715 appetitum
1592 3684 1745 3717 quoque,
1767 3673 1818 3717 sed
1841 3675 1926 3711 hunc
1949 3689 1987 3712 ex
2010 3692 2083 3723 par.>

1680 3727 1697 3750 ²
1902 3730 1947 3756 τε
1970 3732 2039 3757 tan-

1148 3865 1163 3894 (
1176 3872 1188 3889 e
1205 3864 1215 3896 )
1232 3866 1262 3891 A.
1279 3870 1348 3895 1742.
1363 3863 1441 3891 Hebd.
1459 3872 1497 3892 ιο,
1513 3873 1538 3892 n.
1555 3873 1579 3896 3.
1637 3867 1648 3896 (
1663 3866 1681 3897 f
1692 3867 1707 3896 )
1722 3867 1856 3899 Paradigm.
1876 3876 1911 3900 ¹3·
