2498 4075
431 35 509 147 42⁴
1023 81 1181 134 Liber
1215 88 1248 134 Ι.
1288 81 1374 136 De

370 156 489 199 corde,
511 158 544 191 δε
564 156 737 201 unior-ibus
758 157 884 191 arteriis
902 165 1092 199 acceptum,
1114 161 1367 194 communicare:

369 201 451 244 quin
474 201 601 237 tandem
622 210 659 234 ut
682 201 787 244 minus
810 201 875 243 ipse
896 200 1028 234 idoneus
1050 200 1093 235 est
1114 201 1154 235 ad
1177 215 1248 237 eum
1270 205 1369 246 impe-

368 253 439 278 tum
453 243 698 286 concipiendum
707 266 719 283 ‚
729 243 763 275 in
775 244 870 286 paulo
880 245 1038 277 tenuiores
1048 246 1174 280 arterias
1188 259 1269 289 :egre
1279 258 1369 280 com-

370 287 501 330 pulsus,
523 287 632 320 multo
654 287 770 328 aegrius
793 286 897 328 potest
920 287 1093 321 ulteriores
1115 291 1270 331 angustia-s
1283 290 1371 333 supe-

366 341 457 368 rare,
480 328 568 370 quod
590 330 780 363 Anatomici
802 330 837 362 in
862 330 1029 373 liquorum
1053 330 1279 374 injectionibus
1301 357 1313 374 ‚
1346 332 1368 366 fi

368 372 456 405 forte
479 383 528 404 aer
550 371 739 406 interclusus
761 371 887 413 obstet,
908 375 1113 415 experiuntur
1128 399 1135 407 .
1162 377 1221 409 Ille
1251 379 1368 410 interea

365 414 442 449 dum
467 416 612 450 tenuiora
636 414 787 450 distendit
808 415 877 449 vasa
892 440 900 455 ‚
922 427 996 450 cum
1005 419 1125 461 attigua
1137 419 1196 452 alia
1207 422 1368 458 coarcftat,

357 467 438 491 ‘tum
446 466 555 492 eorum
567 471 637 502 quae
647 460 745 493 nimis
758 457 906 492 distendit
916 483 928 499 ,
938 461 1004 493 vim
1014 460 1044 494 -se
1055 462 1265 496 contrahendi
1276 463 1369 497 vehe-

359 501 756 544 .mente1-infirmat.Qae
770 513 843 538 cum
856 512 901 535 ita
913 503 998 544 sint,·
1015 515 1166 548 apparet,
1187 504 1210 538 si
1223 506 1369 550 pleraque

362 553 456 578 certae
467 544 629 589 cujusdam
642 549 739 588 partis
750 546 893 579 tenuiora
915 546 984 580 vasa
1001 559 1050 581 aer
1069 548 1252 589 obsederit,
1270 551 1304 582 in
1323 562 1358 583 ea

363 596 491 621 motum
510 590 670 631 sanguinis
679 591 815 631 ,&quae
827 588 865 624 ab
884 589 947 622 hoc
968 591 1125 632 pendent,
1145 592 1354 635 interrumpi.

362 632 425 664 Fac
439 632 541 673 igitur
550 655 559 670 ,
571 644 638 665 eam
655 641 780 674 partem
791 632 951 666 cerebrum
963 632 1020 667 ess‘e
1032 658 1043 673 ,
1052 637 1083 667 δε
1093 637 1251 668 continuo
1262 637 1358 669 intel-

360 674 440 715 liges
453 696 462 711 ,
473 686 530 708 cur
542 675 614 708 inde
626 677 747 709 oriatur
757 676 923 717 apoplexia
938 688 945 708 .-
959 677 1160 720 laudabisque
1171 678 1359 712 Hollerium

358 717 416 756 (l)
428 717 541 751 diserte
554 718 744 751 scribentem
755 741 766 758 ,
773 716 847 760 fieri
856 719 1037 762 apoplexias
1048 721 1144 754 etiam
1166 720 1220 754 ubi
1239 724 1360 756 arteriae

357 761 512 794 carotides
523 762 768 803 intercipiuntur
778 761 912 802 inplexu
925 761 1080 804 retiformi
1090 786 1102 802 ,
1118 762 1215 806 flatu,
1228 772 1286 798 aut
1295 765 1359 798 alia

365 803 513 844 quapiam
525 814 557 837 re
570 816 578 836 :
592 803 1005 847 magisqueI-Iippocratem
1024 804 1128 847 ipsum
1148 811 1245 848 (m),
1268 807 1357 851 cujus

359 844 428 878 haec
442 845 513 879 sunt
526 859 536 878 ι
541 846 570 888 fi
580 847 702 889 quidem
708 846 843 888 plurimi
857 845 958 889 flatus
978 858 1033 889 per
1051 849 1228 892 universum
1249 862 1358 893 corpus

358 889 536 929 discurrant
545 912 558 929 ‚
571 898 657 923 totus
670 889 757 922 homo
764 888 932 931 syderatur
944 904 952 923 z
959 892 987 933 si
996 902 1050 932 per
1059 900 1180 933 partem
1190 905 1203 933 ,·
1213 903 1290 935 pars
1301 894 1357 928 illa

350 931 531 971 percutitur
544 945 552 964 ι
564 935 599 966 &
612 933 708 975 paulo
720 931 851 966 inferius
863 957 875 974 ,
888 934 942 966 ubi
955 945 971 967 a
983 935 1110 968 flatibus
1123 937 1250 969 Sacrum
1260 939 1358 970 etiam

354 974 502 1010 morbum
512 974 654 1015 deducit,
666 976 785 1009 scilicet
798 986 891 1018 quum
900 976 1055 1019 plurimus
1060 977 1086 1019 s
1077 979 1197 1020 piritus
1204 990 1260 1021 per
1272 991 1358 1014 omne

352 1027 466 1059 corpus
486 1018 629 1060 universo
643 1019 793 1061 sanguini
804 1017 910 1061 fuerit
932 1022 1134 1062 permixtus:
1158 1032 1227 1057 tum
1252 1025 1356 1064 enim,

353 1061 467 1103 inquit
480 1084 493 1101 ‚
517 1062 622 1096 multae
636 1063 930 1105 oppilationesfiunt
950 1062 1162 1108 multifariam
1177 1076 1233 1107 per
1247 1077 1357 1100 omnes

354 1113 471 1138 venas:
496 1116 650 1147 quumque
661 1107 692 1139 in
706 1105 860 1148 craffiores
871 1129 883 1145 ,
896 1107 932 1140 (5
937 1106 1092 1148 pleniores
1098 1107 1250 1151 sanguine
1260 1120 1356 1143 venas

351 1157 405 1181 aer
412 1147 565 1189 prodierit
575 1172 584 1185 ,
603 1147 831 1192 progressusque
843 1150 963 1182 diutius
973 1158 1095 1183 maneat
1105 1173 1117 1190 ,
1134 1151 1356 1196 prohibetsan-

353 1190 458 1228 quinis
482 1190 627 1233 cursum,
650 1200 743 1233 atque
766 1191 828 1225 alio
855 1194 976 1234 quidem
999 1192 1063 1226 loco
1095 1193 1225 1236 consistit
1253 1220 1262 1234 ,
1292 1196 1354 1229 alio

363 1234 466 1265 entius
484 1242 650 1274 penetrat,
675 1234 794 1268 alicubi
817 1243 922 1268 autem
932 1236 1052 1269 citius.
1077 1237 1144 1271 Hic
1155 1249 1271 1280 quaeres
1284 1238 1353 1272 for-

351 1273 427 1309 tasse
443 1299 455 1315 ,
481 1288 542 1319 qua
567 1278 692 1312 ratione
716 1288 766 1310 aer
791 1289 829 1310 ex
853 1277 1014 1321 sanguinis
1037 1281 1201 1320 particulis
1234 1283 1351 1324 quibus

353 1317 396 1351 est
418 1320 634 1359 intermistus,
659 1320 688 1352 se
711 1321 870 1361 extricet,
892 1331 928 1355 ut
952 1321 1140 1357 hasturbas
1163 1322 1215 1357 det
1238 1350 1245 1357 .
1279 1327 1351 1359 Hac

350 1362 450 1396 etiarn
471 1362 511 1396 de
535 1375 565 1396 re
590 1362 667 1406 quid
688 1364 888 1405 conjiciam,
910 1364 1091 1407 proferam,
1113 1366 1137 1400 fi
1160 1368 1248 1409 prius
1272 1370 1352 1403 ulti·-

347 1416 434 1439 mam
459 1405 627 1440 historiam
651 1405 811 1447 subjecero
826 1430 835 1445 ,
860 1417 953 1451 atque
976 1410 1199 1452 explicavero,
1222 1411 1255 1444 in
1290 1424 1351 1454 qua

348 1459 398 1481 aer
420 1460 485 1482 non
509 1451 542 1482 in
567 1449 644 1483 vafis
667 1450 834 1483 dumtaxat
856 1463 925 1493 quae
939 1453 1024 1485 intra
1037 1455 1180 1488 cranium
1195 1453 1264 1488 sunt
1281 1454 1356 1492 ‚sed

345 1492 380 1527 in
404 1491 575 1531 omnibus,
603 1497 634 1527 &
658 1504 770 1536 magna
794 1494 924 1538 quidem
947 1497 1039 1537 copia
1054 1521 1067 1538 ,
1088 1507 1227 1539 repertus
1249 1498 1311 1533 est,

395 1545 442 1576 19.
469 1538 704 1572 PISCATOR
729 1538 869 1584 Venetus
888 1539 1355 1585 annum‘superansquadrage-

349 1578 465 1612 simum
481 1603 492 1620 ,
517 1590 690 1621 procerus,
705 1579 877 1615 herniosus
889 1605 900 1622 ‚
922 1584 1041 1616 ventris
1066 1582 1287 1619 affeftionibus
1298 1587 1354 1620 fla-

347 1621 480 1656 tulentis
507 1623 689 1663 obnoxius,
712 1635 786 1657 cum
811 1633 937 1667 repente
960 1625 1046 1659 hisce
1070 1627 1123 1661 sua
1146 1629 1180 1661 in
1204 1629 1350 1663 navicula

347 1675 514 1708 correptus
537 1665 634 1708 effer,
656 1668 748 1700 illico
772 1668 817 1700 ibi
841 1679 986 1703 mortuus
998 1669 1058 1703 est.
1195 1674 1351 1705 SECUI-

348 1709 447 1743 MUS
461 1709 636 1753 postridie,
662 1713 718 1754 qui
731 1710 797 1745 dies
809 1711 874 1745 fuit
887 1712 985 1755 paulo
998 1723 1069 1747 ante
1092 1713 1168 1749 Idus
1190 1715 1352 1749 Octobres

352 1753 394 1786 A.
410 1762 502 1796 1707.
514 1765 589 1788 curn
600 1753 709 1788 eodem
720 1778 731 1794 ,
741 1766 834 1798 quem
848 1756 939 1798 supra
951 1756 1356 1799 laudavimus,Amic0C1.

353 1798 532 1835 Santorino
543 1823 550 1830 .
686 1800 807 1832 Venter
817 1799 960 1833 tumebat
973 1812 986 1833 a
1001 1800 1144 1835 distentis
1153 1814 1221 1835 aere
1238 1804 1359 1835 ventri-

352 1840 427 1876 culo
440 1843 496 1880 ,ὃς
508 1841 666 1875 intestinis
680 1866 686 1873 .
702 1842 761 1875 Ille
773 1842 943 1876 subrubeus
963 1869 970 1881 ,
984 1855 1075 1877 venas
1086 1857 1155 1888 quae
1169 1847 1203 1878 in
1224 1845 1357 1879 (Rastro-

353 1884 548 1927 epiploicam
563 1885 705 1919 influunt
718 1908 730 1925 ,
754 1886 845 1918 valde
855 1886 999 1928 turgidas
1011 1887 1147 1922 habebat
1159 1913 1167 1920 .
1190 1887 1259 1931 Ipse
1281 1900 1357 1923 vero

350 1927 638 1971 Galiroepiploicae
653 1952 664 1969 ‚
684 1940 754 1972 quae
766 1941 825 1962 una
840 1931 873 1962 in
882 1929 1028 1964 cadavere
1039 1930 1100 1965 hoc
1115 1941 1181 1966 erat
1192 1956 1205 1972 ‚
1229 1942 1356 1966 truncus

352 1971 431 2009 adeo
441 1971 583 2007 tumidus
597 1970 665 2006 fuit'
676 1998 684 2012 ‚
699 1981 735 2005 ut
749 1972 802 2008 ubi
830 1984 867 2007 ue
878 1984 982 2007 meum
993 1975 1137 2018 digitum
1155 1974 1294 2009 indicem
1316 1988 1358 2009 ae-

348 2024 461 2058 quaret
475 2041 482 2047 .
500 2016 558 2050 Sed
572 2017 628 2048 vix
647 2015 765 2049 incisus
779 2040 787 2054 ‚
804 1985 967 2051 detumuit
977 2029 990 2058 ,·
1000 2019 1140 2052 multum
1152 2020 1237 2052 enirn
1256 2030 1358 2053 aerem

348 2069 421 2092 cum
435 2070 591 2102 perpauco
602 2058 752 2101 sanguine
766 2059 925 2103 spumoso,
939 2064 971 2095 ἃ
981 2063 1076 2105 nigro
1086 2062 1270 2095 continebat
1282 2088 1289 2096 .
1303 2065 1358 2095 In-

348 2102 539 2136 testinorum
551 2104 715 2136 Tenuium
728 2112 885 2138 extremus
899 2105 1019 2138 tractus
1030 2105 1070 2139 ad
1083 2105 1271 2146 spithamam
1283 2130 1296 2147 ,
1306 2117 1358 2139 rua-

348 2145 443 2178 bebat
458 2172 466 2185 ,
479 2145 536 2178 nisi
547 2145 634 2188 quod
654 2145 694 2179 ad
715 2155 778 2180 tres
801 2149 929 2180 circiter
950 2148 1137 2182 transversos
1152 2148 1278 2191 digitos
1296 2161 1357 2191 qua

350 2190 458 2231 exigui
483 2200 571 2222 arcus
592 2190 626 2221 in
650 2189 784 2223 modurn
806 2190 835 2224 se
859 2191 1055 2226 immittebat
1078 2193 1111 2225 in
1123 2191 1240 2226 herniae
1253 2192 1358 2226 saccu-

351 2233 419 2265 lum
434 2257 443 2272 ,
467 2232 676 2275 gangraenoso
697 2234 806 2266 colore
830 2234 1034 2275 foedabatur,
1056 2234 1227 2269 substantia
1251 2245 1358 2269 tamen

352 2276 456 2310 adhuc
473 2299 485 2315 ‚
509 2285 544 2309 ut
568 2284 679 2308 caetera
705 2277 851 2310 intestina
866 2302 874 2317 ‚
898 2277 972 2311 satis
995 2277 1105 2312 firma·
1130 2279 1255 2313 Eodem
1267 2279 1359 2312 colo-

349 2330 403 2359 re,
427 2319 476 2351 sed
501 2319 598 2360 paulo
621 2321 748 2360 minus,
772 2320 910 2354 infe&us
934 2332 999 2354 erat
1022 2321 1179 2362 sacculus,
1201 2323 1257 2365 qui
1290 2322 1359 2356 laxe

352 2361 561 2400 intestinum,
585 2373 658 2395 cum
681 2361 752 2404 ipso
775 2365 908 2396 minime
919 2364 1102 2405 cobaerens,
1125 2364 1359 2406 comple&eba-

352 2416 429 2445 tur,
454 2405 558 2444 factus
581 2417 619 2438 ex
644 2406 751 2437 laxato
773 2407 951 2449 peritonaeo
976 2411 1107 2449 propius
1129 2408 1283 2450 quidem,
1307 2408 1358 2441 sed

349 2460 455 2484 tamen
479 2457 568 2483 extra
591 2450 759 2490 vaginam,
781 2450 885 2492 qualis
907 2460 940 2482 ea
956 2461 1082 2493 cunque
1095 2449 1136 2484 est
1147 2452 1361 2493 Spermatico-

351 2504 422 2528 rum
446 2491 612 2525 vasorum.
639 2491 737 2525 Haud
762 2493 872 2534 procul
886 2491 976 2535 supra
988 2492 1127 2528 medi-um
1139 2493 1235 2529 ferme
1248 2495 1358 2528 ossium

350 2537 443 2581 pubis
458 2559 466 2573 ‚
491 2535 572 2568 alter
593 2543 658 2568 erat
671 2534 810 2569 sacculus
822 2547 885 2569 non
895 2536 997 2577 major
1010 2560 1023 2577 ,
1045 2548 1139 2580 quem
1151 2540 1268 2580 pariter
1279 2538 1356 2571 alias

355 2580 462 2614 subire
487 2577 671 2612 intestinum
695 2579 922 2619 consueverat,
945 2581 1249 2615 tuncinanis2Cava
1261 2581 1358 2624 hepa-

351 2626 397 2658 tis
419 2623 522 2657 facies*
539 2622 646 2664 paffim
669 2622 816 2663 livebat,
841 2622 891 2656 sed
914 2623 951 2656 ad
975 2625 1122 2667 exiguam
1135 2624 1357 2659 altitudinem.

353 2670 393 2704 In
417 2665 485 2710 ejus
510 2664 642 2699 veficula
653 2689 665 2706 ,
689 2665 764 2699 bilis
776 2678 814 2700 ex
824 2667 918 2709 nigro
929 2667 1029 2707 flava,
1052 2669 1130 2702 &in
1142 2666 1201 2701 hac
1210 2669 1361 2709 calculus,

353 2712 412 2754 qui
434 2709 624 2751 nigredine,
647 2709 777 2751 granosa
798 2709 963 2752 'superficie
976 2734 989 2750 ,
1012 2712 1281 2754 &magnitudine
1291 2724 1361 2744 mo..

353 2765 423 2789 rum
436 2751 589 2791 referebat
604 2764 612 2786 :
627 2754 655 2786 is
667 2751 789 2786 ardenti
800 2764 891 2786 cereo
901 2753 1008 2787 statim
1019 2753 1167 2789 admotus
1179 2778 1188 2793 ‚
1201 2756 1362 2789 flammam

353 2809 418 2832 non
429 2797 575 2838 concepit
588 2796 747 2838 ,Magnus
761 2797 826 2829 lien
840 2820 852 2837 ,
874 2807 931 2830 nec
952 2805 1057 2829 tamen
1080 2798 1187 2833 laxus.
1214 2801 1364 2832 Pancreas

354 2839 575 2876 duriusculum
589 2863 597 2871 .
609 2840 720 2872 Serum
732 2850 900 2873 cruentum
914 2839 979 2881 jam
992 2850 1162 2884 antequam
1173 2841 1289 2875 viscera
1315 2851 1365 2874 at-

353 2887 571 2927 tingeremus,
599 2884 633 2914 in
654 2883 773 2915 ventris
795 2894 874 2916 cavo
897 2883 1157 2927 conspexeramus
1170 2909 1181 2924 ,
1202 2897 1236 2918 ea
1248 2887 1364 2928 copia,

357 2938 394 2962 ut
419 2925 562 2969 spongiis
574 2924 670 2960 fuerit
680 2925 928 2960 exhauriendum
941 2952 948 2958 .
1083 2930 1123 2962 In
1135 2928 1365 2963 Thoracisau-

355 2981 420 3004 tem
432 2981 509 3004 cavo
521 2966 605 3002 nihil
617 2968 775 3011 ejusmodi
788 2995 794 3002 .
809 2968 867 3003 Sed
878 2970 1089 3012 pericardium
1109 2971 1202 3005 cordi
1224 2973 1364 3015 undique

356 3013 398 3048 fic
412 3012 590 3047 adhaerebat
602 3034 611 3049 ‚
625 3011 751 3046 utillud
762 3012 924 3047 avellendo
934 3037 945 3052 ,
956 3014 1016 3047 hoc
1029 3014 1145 3048 alicubi
1156 3016 1344 3050 laceraret-ur
1353 3041 1362 3048 .

356 3060 426 3091 Cor
448 3055 618 3091 flaccidum
632 3077 641 3093 ‚
665 3058 697 3089 &
715 3066 871 3101 magnum
886 3082 892 3089 .
906 3057 1013 3098 Niger
1027 3059 1059 3090 in
1068 3067 1205 3102 utroque
1215 3059 1279 3102 ejus
1289 3071 1365 3093 ven-

356 3101 497 3138 triculo,
522 3102 556 3134 &
579 3099 745 3142 spumosus
770 3100 917 3141 sanguis,
939 3103 995 3133 vix
1018 3102 1125 3144 aliqua
1148 3112 1235 3145 parte
1247 3105 1366 3136 nonni-

358 3143 407 3178 hil
430 3152 617 3176 concretus:
640 3143 746 3185 qualis
770 3143 804 3175 in
829 3143 970 3177 auricula
995 3144 1144 3187 dextera,
1163 3145 1217 3179 ,sed
1229 3156 1291 3179 non
1304 3146 1367 3180 fine

360 3188 466 3229 aliqua
489 3188 590 3228 magis
611 3186 778 3228 compae‘m
793 3208 803 3223 ‚
828 3188 941 3229 exigua
964 3197 1069 3222 tamen
1095 3211 1106 3227 ‚
1141 3191 1366 3223 concretione:

357 3241 457 3273 neque
480 3230 544 3263 ulla
567 3228 631 3263 suit
653 3238 728 3262 toto
748 3240 881 3272 corpore
904 3241 1000 3271 vena,
1025 3233 1205 3276 ubicunque
1228 3232 1369 3276 inspexi-

359 3285 455 3314 mus,
477 3284 547 3320 quae
571 3274 686 3314 nigro,
709 3272 920 3317 spumosoque
943 3274 1092 3316 sanguine
1102 3276 1235 3310 distenta
1249 3288 1312 3310 non
1323 3276 1381 3309 es-¹

360 3318 427 3352 set.
450 3319 553 3358 Cujus
577 3318 609 3349 &
631 3317 666 3348 in
688 3313 807 3359 Magna
831 3318 967 3356 arteria,
983 3320 1058 3351 &in
1071 3320 1368 3362 Carotidibus,per

362 3360 486 3397 collum
509 3357 767 3397 ascendentibus,
790 3361 969 3403 pauxillum
992 3360 1074 3396 fuit.
1100 3364 1366 3397 Truncusautem

361 3403 564 3438 Pulmonaris
587 3403 797 3437 arteriaenon
819 3414 858 3437 eo
879 3413 1027 3446 tantum,
1058 3405 1110 3440 sed
1140 3418 1207 3441 aere
1239 3418 1364 3450 quoque

1408 80 1613 136 Morbis
1645 82 1853 151 Capitis

1418 160 1508 194 valde
1531 159 1694 203 turgebat.
1719 164 1794 195 Sani
1840 162 2002 200 ulmones,
2023 158 2166 202 quamvis
2191 158 2319 203 Asperae
2343 170 2423 198 arte-

1419 206 1474 238 riae
1485 205 1673 237 interiorem
1684 203 1798 238 faciem
1822 206 1912 239 oedus
1925 202 2213 237 humorinficiebat
2221 227 2234 244 ,
2247 215 2284 238 ex
2293 206 2421 241 cinereo

1418 248 1562 281 colorem
1573 246 1695 281 tabacci
1707 248 1842 282 referens
1857 275 1863 281 .
1878 247 2000 281 Eadem
2014 248 2130 280 arteria
2143 247 2176 280 in
2187 247 2275 280 collo
2285 271 2298 287 ,
2310 248 2360 281 sed
2375 250 2421 283 la-

1419 302 1500 334 rynx
1509 291 1610 332 magis
1621 315 1630 332 ‚
1642 299 1707 323 erat
1716 292 1804 325 intus
1815 303 1853 325 ex
1862 293 1955 334 nigro
1965 288 2063 324 livida
2074 313 2087 331 ,
2099 292 2130 323 δι
2140 291 2342 332 gangraenosa
2358 292 2419 326 :fic

1419 337 1451 368 ἅτ
1473 334 1609 366 vicinia.
1633 335 1722 368 Dum
1745 334 1813 368 haec
1825 333 2068 377 inspiciebamus
2082 355 2092 371 ‚
2113 341 2292 375 pustenue,
2313 346 2370 369 ceu
2381 347 2421 370 ex
2474 369 2478 371 s

1419 386 1516 421 rupto
1526 374 1658 410 abscessu
1668 400 1682 417 ,
1705 389 1721 410 e
1734 377 1965 421 posterioribus
1978 375 2040 410 nasi
2050 375 2264 411 foraminibus
2285 378 2319 411 in
2339 377 2420 421 pha

1419 431 1552 463 ryngem
1564 419 1700 454 defluxit
1712 420 1869 455 mediocri
1880 422 1971 463 copia
1983 445 1991 457 .
2122 421 2159 453 In
2171 419 2326 456 Calvariae
2339 432 2420 455 cavo

1419 476 1493 498 curn
1506 465 1598 497 Sinus
1611 485 1621 501 ‚
1638 471 1707 498 tum
1717 474 1830 498 caetera
1840 464 2015 506 praesertirn
2025 461 2094 496 vasa
2115 474 2185 506 quae
2206 473 2260 504 per
2279 463 2420 498 Crassam

1419 509 1601 549 meningem
1623 505 1772 541 feruntur
1782 531 1795 548 ,
1817 509 1936 550 nigro,
1962 505 2172 549 spumosoque
2189 505 2334 547 sanguine
2345 517 2419 541 tur-

1405 552 1480 593 gida
1492 574 1503 591 ,
1526 549 1699 593 eodemque
1708 550 1777 584 vasa
1787 552 1895 584 omnia
1908 561 2124 592 ,quaecunque
2134 561 2187 592 per
2197 550 2343 583 Tenuem
2355 549 2418 585 five

1407 592 1440 629 in
1464 594 1526 628 bari
1541 618 1554 635 ‚
1575 593 1636 627 five
1659 596 1694 627 in
1718 594 1843 627 ambitu
1864 592 1989 636 reliquo
2010 594 2155 634 cerebri,
2177 595 2209 626 δε
2232 593 2381 626 cerebelli
2400 618 2414 635 ,

1409 639 1470 673 five
1493 648 1546 679 per
1567 637 1764 672 ventriculos
1787 635 1969 674 ducuntur,
1990 638 2086 670 etiam
2108 635 2245 670 exiliora
2270 659 2283 676 ,
2316 637 2414 679 longe

1411 680 1620 724 turgidiffima
1636 705 1644 712 .
1671 683 1762 724 Qn
1785 682 1884 714 etiam
1904 691 1943 712 ex
1964 678 2093 714 dissedia
2114 679 2252 718 cerebri,
2275 682 2308 713 &
2330 692 2417 714 cere-

1408 726 1483 759 belli
1508 724 1678 758 substantia
1702 725 1854 760 latiores,
1878 734 1974 765 quam
1998 734 2136 766 unquam
2159 722 2317 761 viderim,
2345 725 2416 758 san-

1409 770 1515 811 guinis
1539 776 1639 804 guttae
1662 767 1774 806 ultro,
1797 768 1949 809 omnique
1974 778 2012 800 ex
2035 775 2123 809 parte
2138 767 2345 801 emanabant.
2359 770 2416 800 In-

1407 823 1455 846 ter
1477 805 1644 854 utrimque
1666 812 1847 852 meningem
1869 821 2003 852 parurn,
2027 809 2085 843 sub
2107 811 2218 843 Tenui
2230 811 2328 853 paulo
2340 812 2412 854 plus

1409 857 1468 890 seri
1491 854 1578 893 fuit5
1602 853 1810 897 quamobrem
1834 853 1958 893 wasta,
1982 853 2074 886 nullo
2096 855 2229 895 negotio
2265 854 2416 898 sequeba-

1409 909 1479 933 tur.
1506 897 1657 941 Ejusdem
1682 897 1740 930 seri
1764 896 1936 930 mediocris
1959 898 2053 939 copia
2073 897 2108 930 in
2132 897 2416 932 Lateralibusven-

1409 942 1535 976 triculis
1558 941 1644 975 suit.
1672 941 1787 975 Plexus
1809 950 1918 973 tamen
1940 939 2148 979 Cboroidm,
2173 942 2320 983 quamvis
2343 942 2416 984 plu-

1409 989 1505 1020 rimas
1528 985 1676 1018 veficulas
1700 996 1778 1027 aqua
1800 985 1940 1018 maxime
1964 982 2110 1016 distentas
2132 984 2166 1015 in
2179 982 2349 1025 posteriore
2358 985 2416 1019 ha-

1407 1028 1634 1068 bebantvsede,
1658 1027 1828 1061 rubicundi
1852 1032 1961 1059 erant.-
1983 1027 2102 1073 cerebri
2135 1036 2240 1060 autem
2274 1026 2414 1062 substan-

1407 1075 1454 1106 tia
1479 1083 1545 1105 non
1570 1071 1667 1105 modo
1691 1082 1754 1103 non
1778 1071 1871 1110 laxa,
1895 1069 1946 1103 sed
1980 1069 2170 1103 firmiffirna.
2305 1072 2416 1106 Caete..

1408 1128 1479 1150 rum
1504 1116 1536 1147 in
1561 1115 1622 1148 hoc
1647 1114 1758 1147 eodem
1780 1114 1929 1147 cadavere
1952 1112 2017 1146 duo
2029 1112 2414 1158 animadvertimus,quae

1408 1161 1479 1194 sunt
1503 1160 1536 1191 in
1551 1157 1759 1191 ''Adversariis
1782 1161 1848 1197 (n)
1870 1156 2051 1197 descripta,
2073 1167 2200 1190 caveam
2232 1158 2318 1191 intra
2351 1161 2416 1193 ini-

1404 1205 1488 1237 tium
1514 1201 1651 1244 Spinalis
1675 1200 1822 1233 medullae
1845 1203 1878 1243 Q
1901 1199 2122 1241 magnitudine
2137 1225 2147 1241 ,
2179 1210 2214 1233 ut
2247 1211 2323 1234 cum
2355 1214 2414 1247 pa-

1404 1258 1471 1280 rem
1496 1268 1508 1286 ,
1538 1255 1593 1278 aut
1625 1255 1696 1287 quae
1727 1244 1838 1277 saltem
1870 1253 1908 1275 eo
1940 1241 2103 1276 accederet
2124 1268 2133 1282 ‚
2167 1244 2297 1278 alteram
2329 1257 2414 1280 nun-

1403 1301 1500 1334 quam
1523 1297 1635 1328 antea,
1662 1296 1716 1321 aut
1742 1285 1846 1329 postea
1868 1284 2103 1326 deprehendere
2125 1289 2288 1328 potuerim
2302 1314 2310 1329 ‚
2335 1299 2415 1324 tunc

1402 1333 1532 1376 quidem
1555 1343 1669 1375 praeter
1692 1339 1812 1364 naturae
1834 1329 1966 1362 modum
1977 1328 2093 1361 diserte
2105 1332 2312 1371 agnoverim,
2329 1343 2414 1368 nunc

1403 1388 1480 1409 vero
1489 1377 1529 1409 ab
1539 1388 1606 1409 aere
1630 1376 1658 1408 se
1682 1373 1951 1414 evolventelonge
1963 1372 2193 1415 amplificatam
2209 1372 2322 1416 fuisse,
2346 1387 2415 1411 non

1404 1419 1573 1454 dubitem:
1599 1422 1631 1452 ὅ(
1656 1418 1845 1451 interiorem
1870 1415 1967 1449 scroti
1995 1416 2239 1458 membranam,
2263 1429 2301 1451 ex
2324 1430 2415 1454 com.

1406 1463 1646 1498 manicantibus
1671 1460 1809 1504 undique
1832 1462 1917 1493 inter
1940 1458 1968 1491 se
1990 1460 2114 1493 cellulis
2126 1462 2349 1504 compacff'mm,
2374 1464 2415 1498 ab

1405 1506 1520 1541 eodem
1544 1517 1608 1540 aere
1631 1505 1833 1538 vehementer
1857 1503 2021 1536 inflatam.
2049 1505 2132 1541 Quae
2156 1505 2290 1546 quidem
2313 1506 2415 1541 infla-

1406 1552 1457 1584 tio
1479 1562 1516 1584 eo
1539 1549 1639 1592 magis
1663 1547 1728 1581 fuit
1753 1545 1943 1581 attendenda
1957 1569 1966 1583 ,
1988 1546 2075 1589 quod
2088 1546 2229 1582 scrotum
2239 1560 2313 1583 cum
2325 1552 2416 1593 prius

1404 1606 1501 1638 quam
1523 1593 1650 1627 cadaver
1673 1593 1923 1633 attingeremus,
1946 1590 2001 1622 vix
2024 1589 2098 1623 esset
2121 1592 2307 1634 tumidum,
2341 1604 2416 1628 tan-

1405 1638 1502 1680 tisper
1523 1638 1599 1670 dum
1623 1635 1722 1668 sectio
1745 1633 1856 1667 habita
1879 1631 1942 1680 est)
1966 1632 2005 1666 ad
2027 1645 2099 1667 eum
2110 1636 2243 1669 modum
2257 1636 2286 1670 se
2304 1647 2416 1671 exten-

1404 1681 1513 1714 derat.
1540 1682 1591 1713 Eo
1613 1687 1721 1712 autem
1744 1678 1842 1711 citius
1865 1675 2010 1709 absoluta
2034 1677 2101 1710 haec
2127 1677 2224 1712 sefflo
2244 1679 2306 1721 est,
2328 1681 2415 1724 quod

1408 1719 1631 1767 gangraeno‘sus
1653 1723 1771 1754 ventris
1794 1719 1895 1753 foetor
1911 1718 2040 1767 'diutius
2063 1719 2140 1753 ferri
2162 1733 2236 1756 cum
2258 1735 2275 1757 a
2298 1726 2413 1764 nobis,

1409 1762 1480 1801 tum
1503 1767 1542 1800 ab
1564 1769 1604 1799 iis
1624 1765 1680 1807 qui
1707 1765 1842 1798 secantes
1866 1763 2082 1811 adjuvabant,
2104 1773 2171 1798 non
2193 1768 2304 1808 potuit
2319 1792 2326 1798 .

1455 1823 1514 1844 zos
1529 1811 1618 1845 Huic
1641 1806 1824 1841 disseffioni
1848 1808 1881 1839 in
1906 1816 1994 1849 parte
2017 1807 2135 1841 similes
2160 1809 2289 1850 audivi,
2313 1814 2345 1844 δε
2370 1812 2416 1852 [e-

1406 1856 1438 1892 gi
1455 1879 1462 1886 .
1488 1856 1539 1887 Sic
1564 1852 1746 1887 Valsalvam
1770 1852 1904 1884 memini
1928 1848 2052 1891 dicere,
2075 1851 2110 1883 in
2129 1852 2270 1895 quodam
2284 1853 2415 1888 cadave-

1407 1892 1439 1931 re
1461 1896 1519 1930 fibi
1544 1899 1575 1929 &
1596 1906 1689 1929 venas
1711 1905 1821 1928 omnes
1835 1917 1844 1932 ‚
1868 1897 1900 1929 &
1923 1904 1979 1926 cor
1990 1904 2057 1927 aere
2070 1894 2203 1929 distenta
2220 1897 2415 1937 occurrisse5

1407 1952 1516 1974 verum
1540 1951 1639 1982 neque
1663 1938 1696 1971 id
1720 1938 1873 1980 scriptum
1896 1938 2045 1979 reliquit,
2069 1949 2126 1970 nec
2149 1950 2211 1981 qua
2236 1950 2340 1974 morte
2352 1941 2416 1975 ho-

1409 1997 1463 2018 mo
1489 1983 1628 2018 sublatu5
1651 1981 1723 2015 ess'e't
1737 2007 1745 2021 ,
1766 1981 1963 2015 memorabat
1986 2004 1993 2011 .
2020 1982 2071 2014 Sic
2083 1981 2273 2018 Pechlinum
2288 2007 2300 2023 ‚
2322 1984 2414 2028 cujus

1410 2038 1493 2061 nunc
1518 2026 1768 2059 Observationes
1790 2036 1854 2057 non
1878 2023 2011 2058 suntad
2036 2035 2168 2066 manus,
2191 2029 2230 2060 ex
2250 2028 2305 2060 Cl.
2330 2029 2415 2061 Ver-

1408 2069 1525 2104 driefio
1549 2069 1613 2111 (o)
1636 2068 1723 2108 scio,
1747 2069 1780 2100 in
1802 2068 1948 2101 cada-aere
1970 2066 2106 2101 hominis
2128 2080 2147 2101 a
2169 2070 2283 2104 multis
2293 2073 2418 2106 ventris

1409 2112 1587 2152 doloribus,
1606 2109 1799 2153 pet't'orisque
1823 2110 1971 2152 angustiis
1994 2111 2117 2144 tandem
2128 2113 2253 2156 oppreffi
2264 2136 2274 2151 ,
2294 2125 2354 2147 non
2361 2115 2416 2158 so-

1409 2156 1474 2190 lum
1497 2154 1645 2188 abdomen
1661 2180 1670 2194 ‚
1693 2154 1736 2187 &⁸
1757 2153 1969 2187 ventriculum
1990 2155 2111 2195 ingenti
2114 2153 2254 2196 flatuum
2267 2160 2355 2200 copia
2369 2169 2417 2193 re-

1410 2199 1550 2238 oletum,
1573 2196 1712 2239 utrisque
1734 2195 1827 2236 instar
1849 2196 2011 2230 dilientum
2034 2196 2162 2242 vidzffe,
2186 2209 2294 2234 verum
2319 2203 2356 2235 Θ

1404 2235 1509 2278 ⁴cordis
1531 2251 1685 2275 cameram
1709 2250 1780 2272 cum
1803 2240 1913 2273 dextra
1935 2239 2075 2274 auricula
2090 2267 2097 2274 .
2110 2267 2117 2275 .
2130 2265 2139 2274 .
2153 2268 2160 2275 .
2177 2254 2195 2276 cz
2221 2244 2339 2287 copioso
2356 2244 2419 2287 fla..

1410 2294 1444 2319 tu
1467 2285 1499 2318 in
1523 2283 1706 2325 immensum
1729 2283 1893 2317 adauttam
1909 2295 1919 2314 ε
1942 2281 2060 2330 distabas
2082 2286 2234 2320 nimirum
2260 2288 2417 2329 partibus

1409 2326 1549 2361 naturali
1569 2327 1741 2369 majorem,
1764 2332 1906 2358 caeterum
1929 2335 2012 2373 omn:
2036 2337 2142 2362 cruore
2172 2339 2305 2364 vacuam
2326 2354 2339 2371 ,
2375 2333 2419 2365 (θ’

1405 2378 1555 2412 praeterea
1580 2377 1647 2402 toto
1668 2378 1790 2411 corpore
1810 2377 1928 2407 venas,
1951 2375 2048 2401 ettam
2071 2373 2286 2412 corona-riam,
2307 2375 2418 2417 paffim

1403 2411 1536 2456 flatibus
1547 2411 1705 2451 distinctas
1715 2435 1729 2452 ,
1750 2412 1793 2445 Θ
1804 2409 2065 2453 mirificamfitcci
2071 2418 2221 2455 purpurei
2234 2438 2252 2458 ,Α
2261 2414 2417 2460 fluidique

1410 2455 1491 2489 aerei
1513 2454 1750 2489 alternationem
1763 2479 1771 2494 ‚
1793 2455 2046 2496 quemadmodum
2068 2458 2101 2489 in
2124 2456 2306 2499 quibufi‘lam
2319 2460 2417 2495 Ther-

1410 2506 1630 2532 mometrorum
1641 2496 1806 2540 generibus
1817 2497 1976 2539 observare
1988 2497 2064 2531 licet
2073 2522 2087 2539 ,
2098 2500 2196 2534 oculis
2209 2501 2394 2541 ostendentes
2405 2531 2414 2539 .

1407 2543 1459 2575 Sic
1481 2541 1534 2574 Cl.
1554 2542 1608 2586 Jo.
1633 2542 1793 2575 Henricus
1814 2540 1977 2574 Graetzius
1999 2544 2067 2582 (p)
2092 2542 2262 2579 foeminam
2275 2558 2419 2583 comme..

1408 2594 1513 2619 morat
1537 2583 1644 2627 misere
1667 2584 1858 2618 demortuam
1881 2594 1919 2619 ex
1940 2585 2098 2619 continuis
2116 2586 2337 2632 lipothymiis,
2362 2603 2418 2626 an-

1407 2639 1502 2672 gore,
1524 2629 1566 2662 &
1582 2626 1797 2671 suffocationis
1819 2626 2057 2665 anxietatibus,
2083 2630 2115 2662 in
2139 2632 2229 2675 cujus
2252 2635 2354 2668 cordis
2364 2647 2418 2670 ca-

1411 2669 1568 2705 vitatibus
1592 2682 1628 2706 ne
1646 2670 1776 2713 guttula
1781 2670 1943 2713 sanguinis
1952 2671 2255 2714 deprehendebatur,
2272 2677 2327 2719 sed
2337 2679 2418 2713 illud

1414 2723 1517 2748 totum
1539 2713 1618 2754 flatu
1641 2713 1804 2753 dlstenl'um
1813 2712 2336 2760 conspiciebatur,tympanjtjdgm
2349 2734 2418 2756 cor„

1413 2759 1462 2791 dis
1485 2757 1627 2801 dixzſjes.
1641 2758 1693 2791 Sic
1716 2754 2059 2807 denique-Ruyschius
2082 2762 2148 2801 (q)
2169 2762 2203 2794 in
2229 2764 2328 2796 altera
2349 2777 2416 2808 quae

1408 2799 1516 2843 subito
1541 2801 1689 2834 ultimum
1709 2800 1790 2833 diem
1813 2798 1950 2837 obterat,
1974 2800 2002 2833 se
2020 2802 2419 2848 invenisse,testatur,cor

1407 2843 1558 2886 stupendae
1581 2843 1807 2886 magnitudinis
1830 2842 1869 2875 ab
1891 2854 1981 2880 aere,
2005 2854 2063 2886 quo
2095 2846 2195 2882 lenum
2207 2851 2418 2894 erat‚absque

1415 2886 1479 2921 ullo
1493 2884 1564 2929 fere
1576 2887 1746 2930 sanguine,
1770 2886 1803 2919 id
1824 2887 1903 2929 quod
1920 2886 2029 2936 palam
2067 2889 2170 2925 atium
2193 2893 2316 2938 cuspide
2347 2896 2417 2929 cul-

1415 2929 1509 2970 telli,·
1531 2941 1565 2964 ea
1589 2932 1671 2965 enim
1694 2929 1824 2967 adath,
1849 2938 1915 2962 tam
1932 2929 2039 2971 subito
2056 2932 2233 2975 subfidebat
2264 2948 2315 2971 cor
2337 2960 2347 2976 ‚
2380 2950 2417 2971 ac

1415 2971 1512 3015 vesica
1536 2984 1605 3007 aere
1627 2973 1765 3015 repleta,
1790 2973 1832 3006 (⁴7⁹
1854 2972 1975 3015 cuspide
1997 2974 2120 3010 cultelli
2140 2979 2280 3012 anatra.
2309 2981 2370 3015 Sed
2380 2981 2416 3014 hi

1414 3027 1544 3056 ornnes,
1566 3016 1600 3050 id
1622 3017 1709 3059 quod
1732 3016 1797 3059 ipse
1821 3026 1884 3048 non
1907 3015 1995 3054 vidi,
2018 3029 2074 3051 cor
2096 3031 2162 3054 aere
2184 3022 2354 3057 distentum
2367 3036 2417 3058 re·-

1416 3069 1585 3102 pererunt.
1612 3062 1685 3093 Imo
1707 3058 1988 3102 Ruyschius·1·nde
2010 3072 2172 3099 mortuam
2195 3078 2264 3101 earn
2299 3070 2416 3105 mulie-·

1415 3114 1482 3136 rem
1506 3103 1649 3141 censuit,
1671 3105 1789 3147 quippe
1812 3104 1911 3136 nimia
1935 3106 2016 3139 aeris
2036 3109 2144 3149 copia,
2166 3110 2198 3144 in
2221 3111 2307 3146 corde
2322 3124 2416 3156 copu-

1417 3146 1505 3185 lata,
1520 3147 1685 3190 sanguinis
1706 3148 1826 3180 aditum
1849 3147 1881 3179 in
1903 3160 1954 3181 cor
1972 3152 2197 3192 praepediente,

1453 3200 1514 3225 21.
1538 3191 1678 3224 Videtur
1701 3189 1738 3223 ad
1760 3190 1847 3223 idem
1869 3193 1983 3225 mortis
2005 3204 2103 3236 genus
2127 3207 2212 3231 mors
2244 3198 2300 3232 illa
2331 3212 2415 3244 quo-

1416 3244 1480 3277 que
1503 3233 1682 3274 referenda,
1701 3245 1774 3277 quae
1797 3233 1936 3268 immisso
1957 3237 1991 3269 in
2014 3239 2251 3282 quadrupedum
2261 3253 2353 3278 venas
2363 3256 2415 3277 ae-

1418 3279 1658 3319 re,-eontingit
1672 3301 1680 3315 ,
1706 3279 1944 3320 experimento,
1968 3290 2005 3315 ut
2026 3282 2207 3317 Brunnerus
2230 3289 2287 3326 (r)
2321 3298 2417 3321 voca-

1417 3320 1473 3353 bat
1484 3345 1496 3361 ,
1519 3321 1728 3364 Wepferiano
1743 3345 1750 3353 .
1776 3322 1821 3354 Et
1844 3320 1914 3356 sane
1936 3324 2079 3359 laudatus
2104 3326 2300 3364 Verdriefius
2322 3331 2381 3374 (s)
2398 3343 2415 3365 a

1419 3363 1574 3407 Wepfero
1595 3364 1776 3412 institutum
1795 3364 1829 3398 id
1852 3369 2094 3409 experimentum
2104 3374 2319 3411 memoravit,
2341 3376 2415 3416 qui,

1416 3417 1466 3440 ore
1490 3406 1593 3451 solum
1623 3406 1730 3450 inflata
1758 3407 1900 3451 jugulari
1922 3421 2000 3446 vena
2018 3435 2029 3452 ,
2063 3412 2152 3455 vastae
2183 3416 2275 3459 moli-s
2303 3416 2415 3453 hovem

2032 3459 2033 3462 ’
2232 3460 2375 3502 aliquan-

361 3547 2413 3575 Ἣ

868 3580 873 3602 l

423 3627 463 3688 ξι
479 3627 492 3656 )
507 3628 638 3661 Comment
663 3629 688 3663 in
706 3631 822 3660 Hippon.
838 3633 861 3656 S.
881 3640 903 3662 3.
922 3631 986 3660 Aph.
1005 3639 1043 3662 ²3›

455 3667 467 3682 ο
483 3658 496 3686 )
512 3657 608 3681 Differ-t,
625 3660 694 3687 Epist.
713 3662 742 3685 de
758 3662 806 3686 infl.
828 3669 913 3688 ureter-

423 3689 440 3717 (
455 3697 466 3713 r
479 3688 496 3718 >
511 3687 573 3717 pr.
591 3690 624 3713 N.
641 3691 669 3715 C.
687 3692 745 3717 Dec.
764 3700 787 3722 3.·
803 3694 832 3716 Α.
851 3702 875 3723 4.
890 3691 948 3719 obs.
964 3701 1001 3723 73·
1062 3696 1076 3725 (
1087 3696 1129 3731 s>
1145 3697 1238 3722 Diss'ert.
1255 3696 1299 3722 cir.

1106 3636 1120 3665 (
1136 3644 1159 3659 m
1175 3635 1189 3665 )
1206 3637 1242 3659 De
1260 3634 1350 3658 Flatib.
1368 3642 1392 3658 n.
1411 3643 1447 3664 19.
1466 3635 1489 3660 ἃ
1504 3644 1541 3660 2¹.

974 3663 989 3692 (
1004 3670 1020 3693 p
1036 3665 1049 3693 )
1066 3665 1132 3694 Disp.
1150 3667 1178 3689 de
1195 3666 1262 3695 hydr.
1281 3665 1392 3693 peritam.
1411 3666 1436 3691 in
1452 3669 1558 3693 Prooem·

1602 3637 1616 3666 (
1632 3644 1647 3660 η
1664 3637 1678 3665 )
1695 3638 1737 3662 vl.
1755 3638 1837 3664 Anim.
1856 3648 1892 3671 14.
1911 3642 1932 3666 ἃ·
1949 3644 1992 3668 Iv.
2011 3642 2097 3668 Anim.
2117 3649 2137 3668 ι.

1619 3668 1633 3697 (
1649 3676 1662 3697 q
1678 3668 1691 3696 J
1708 3669 1775 3700 Resp.
1791 3672 1820 3696 ad
1837 3673 1909 3703 Epist.
1928 3673 2005 3699 Probl.
2024 3678 2060 3700 16.
