2498 4075
289 198 443 265 Epist,
480 198 642 252 Anat.
679 195 896 248 Medica
932 196 1016 249 LI.
1050 196 1175 249 Art.
1195 208 1271 258 49.
1291 206 1365 254 50.
1387 207 1461 255 ςι.
1488 208 1563 258 5²·
1584 195 1728 257 ηδε
1754 206 1829 258 54.

61 280 152 317 chii,
175 288 230 314 aut
252 279 355 313 cruris
378 276 509 312 alterius
532 275 711 315 musculis,
755 275 892 316 musculi
937 275 1067 317 brachii

62 321 228 366 oppositi,
252 332 307 364 aut
328 321 431 355 cruris
455 318 525 353 sunt
550 318 757 360 antagonistae
772 340 782 356 ‚
806 321 839 352 in
865 320 997 356 artubus
1010 332 1066 355 au-

63 375 128 406 tem
152 366 349 408 potiffimurn
373 364 438 397 111ae
458 370 632 397 occurrunt
656 359 694 395 de
717 363 835 404 quibus
868 361 921 395 hic
955 363 1065 407 loqui-

63 420 156 448 mur,
179 408 420 448 convulsiones.
446 406 520 439 Hoc
544 405 693 446 Thomas
714 414 845 448 quoque
856 405 1071 442 Bartholinus.

64 457 76 493 s
99 452 112 487 l
133 457 147 494 )
169 451 397 495 animadvertit
421 450 454 492 in
479 459 579 492 puero
601 450 653 481 cui
678 460 716 481 ex
747 449 876 489 vulnere
909 453 1066 493 temporis

60 497 186 538 dexteri
211 495 473 536 convellebantur
496 491 706 526 finistrorsum
729 502 794 524 non
821 491 918 532 modo
941 504 1030 527 nares
1052 516 1066 533 ‚

61 537 94 583 J&
117 551 177 583 os,
201 539 251 573 sed
276 539 375 579 etiarn
398 534 566 575 brachium
582 560 589 568 .
615 535 673 568 Ille
695 535 803 575 enim,
827 536 1066 580 qualiacunque

60 579 159 624 sunt,
183 581 351 624 adscripsit
376 590 446 624 quae
468 580 501 612 in
526 579 672 611 Section:
696 578 755 612 hac
780 578 978 621 Sepulchreti
1013 593 1069 614 ex-

60 634 201 661 tremum
226 624 395 659 Scholium
421 621 592 656 secundum
617 621 713 655 habet
736 621 773 655 ad
796 624 825 663 §.
853 633 880 655 2.
906 622 1068 656 Observa-

61 670 162 704 tionis
184 670 287 703 VIII.
311 666 460 712 quamvis
484 677 522 699 ex
545 676 612 707 quo
637 666 784 698 Auctore
807 663 889 705 lint,
913 667 959 699 ibi
992 669 1069 708 qui-

61 712 137 747 dem
160 723 225 746 non
249 720 415 755 appareat.
441 711 539 742 Certe
560 717 693 747 autem3
716 717 752 741 ut
775 707 837 742 hoc
862 720 992 751 quoque
1016 710 1070 743 ad.

60 755 215 799 jungam3
240 757 278 789 ad
303 753 460 798 paralyses
483 751 685 794 explicandas
706 762 778 794 quae
802 753 834 784 in
850 752 979 786 adverso
993 763 1071 786 con-

60 801 195 841 tingunt
219 799 340 839 latere,
365 807 554 830 nervearum
577 795 746 836 originum
758 795 1009 829 decussationem
1021 795 1070 829 vel

60 842 157 877 altius
179 854 277 884 quam
302 853 317 874 a
342 839 478 874 medulla
502 839 712 881 Oblongata,
738 848 877 880 repetere
900 840 1072 881 cogimur,

63 895 99 920 ut
126 886 203 920 alias
224 888 239 924 (
260 897 291 919 m
313 887 327 923 )
351 895 391 926 ex
415 881 571 925 oppositae
593 882 725 923 Retinae
749 884 881 915 tunicae·
902 882 1073 915 resolutio-

62 939 102 963 ne
123 928 282 971 ostensum
306 926 369 964 est,
393 926 489 968 idque
511 936 596 959 nunc
641 923 831 966 ‘confirmare
876 924 985 959 liceret
1033 936 1074 958 ex

62 971 217 1015 Peyronii
240 975 254 1011 (
275 982 294 1004 n
319 974 329 1009 )
355 969 595 1004 Observatione
619 968 703 1002 visus
726 969 760 1000 in
786 969 918 1003 alterius
963 968 1071 1001 lateris

62 1014 162 1049 oculo
184 1017 284 1049 toties
307 1012 430 1053 amiffi,
454 1022 507 1047 aut
532 1011 693 1052 restituti,
714 1013 843 1054 quoties
868 1013 900 1045 in
924 1009 1071 1053 oppofita

64 1067 153 1103 parte
177 1058 336 1093 vulnerati
360 1056 484 1091 cerebri
507 1056 563 1089 ubi
588 1055 685 1098 hujus
708 1053 884 1088 substantia
928 1055 1035 1088 deerat
1059 1077 1072 1094 ,

62 1113 122 1146 pus
145 1109 198 1135 aut
220 1102 443 1144 retinebatur,
465 1103 496 1133 &
519 1098 699 1140 subjetitum
744 1109 861 1140 corpus
902 1095 1073 1131 Callosum

61 1146 252 1189 premebat,
276 1155 330 1187 aut
355 1144 429 1178 inde
453 1142 676 1182 eximebatur,
702 1143 846 1183 itemque
891 1153 929 1181 ex
972 1141 1072 1174 altera

64 1189 120 1224 Cl.
147 1190 249 1223 Petzii
278 1193 288 1228 (
310 1200 328 1227 o
352 1192 387 1227 )‚
411 1187 470 1230 qui
493 1185 622 1226 sinistro
645 1186 767 1219 cerebri
779 1185 1004 1227 hemisphaerio
1026 1186 1072 1217 ita

48 1231 229 1273 sauciare,
255 1241 291 1272 ut
314 1230 495 1265 substantiae
522 1240 636 1272 magna
661 1239 732 1271 pars
767 1229 905 1263 lacerata
951 1227 1072 1261 secede-

60 1284 136 1316 ret,
158 1286 225 1309 non
249 1274 348 1308 modo
371 1282 547 1316 utrumque
581 1282 685 1306 artum
717 1271 886 1306 dexterum
919 1271 1071 1306 movendi

58 1319 215 1364 facultate
236 1328 423 1358 carentem,
448 1316 499 1350 sed
520 1320 550 1351 &
574 1317 781 1349 obscuratum
807 1315 910 1350 visum
935 1338 944 1354 ‚
979 1314 1071 1349 audi-

60 1373 133 1406 tum
158 1371 266 1397 autem
291 1364 348 1396 vix
369 1361 475 1403 ullum
499 1360 696 1403 superstitem
720 1359 760 1395 ab
784 1358 892 1393 eadem
937 1358 1072 1393 dextera

64 1415 156 1450 parte
180 1405 349 1440 adnotavit
365 1429 373 1438 .
398 1406 506 1448 Igitur
528 1406 624 1446 quam
648 1402 899 1437 decuffationem
922 1402 961 1437 ad
984 1413 1077 1445 para-

62 1449 160 1493 lysim
183 1451 216 1483 in
241 1450 341 1486 latere
362 1447 516 1491 opposito
537 1447 762 1488 explicandam
787 1446 958 1487 agnoscere
981 1445 1077 1479 debe-

60 1504 152 1532 mus,
174 1504 272 1535 quare
296 1491 336 1533 ad
359 1491 600 1532 convulsionem
625 1502 689 1524 non
714 1489 946 1532 agnoscamus?

57 1533 228 1579 Caeterum
253 1547 309 1570 cur
331 1537 367 1569 in
393 1547 433 1569 eo
456 1535 496 1569 de
518 1547 585 1578 quo
609 1533 776 1568 noviffime
797 1533 920 1567 dictum
931 1532 975 1569 est
989 1557 997 1572 ,
1017 1532 1078 1575 Ju-

58 1591 141 1621 wene
163 1580 321 1620 immanes
343 1579 395 1614 illi
418 1578 551 1618 assidui,
575 1580 607 1612 δι
630 1577 986 1611 diuturni‘convulsivi
1002 1587 1075 1608 mo-

62 1632 113 1657 tus
139 1624 305 1657 nonnullis
331 1632 403 1664 ante
425 1621 556 1656 obitum
588 1619 679 1654 horis
721 1619 872 1653 defierint
897 1645 907 1658 ‚
950 1619 1076 1653 causam

66 1666 216 1701 Valsalva
240 1667 388 1703 indicat,
413 1676 486 1700 cum
510 1665 576 1701 ait,
595 1663 706 1698 senfim
729 1664 805 1697 illos
851 1674 913 1702 prae
957 1664 1079 1695 virium

64 1711 220 1753 languore
243 1708 414 1744 defecisse.
440 1709 491 1742 Sic
515 1710 547 1741 δι
568 1707 617 1740 illi
653 1707 761 1741 multo
811 1706 1077 1740 vehementiffirni

62 1755 122 1796 qui
147 1752 239 1795 supra
266 1756 300 1787 in
324 1751 468 1796 quodam
491 1751 578 1785 Viro
601 1755 612 1791 (
633 1761 656 1794 p
677 1755 691 1791 )
714 1749 866 1793 descripti
892 1750 987 1790 sunt,
1033 1750 1081 1783 ul-

63 1798 144 1835 tima
168 1797 245 1830 vitae
269 1796 349 1831 hora
373 1797 630 1839 conquieverant
646 1819 654 1828 .
679 1794 867 1836 Eademque
891 1792 985 1827 fuisse
1030 1794 1080 1826 vi-

60 1839 156 1881 detur
177 1840 293 1880 causa,
319 1851 377 1874 cur
400 1840 502 1873 altero
526 1839 559 1870 in
582 1838 670 1871 Viro
704 1840 718 1876 (
740 1847 758 1879 q
780 1840 815 1876 )‚
862 1838 1008 1878 itemque
1046 1839 1081 1869 in

63 1884 207 1924 Muliere
224 1885 242 1922 ζ
265 1894 281 1915 ν
297 1882 317 1926 )
344 1882 499 1917 delirium
524 1880 654 1915 tandem
679 1882 713 1914 in
736 1879 890 1916 lethalem
936 1881 1081 1922 soporem

63 1927 327 1969 degeneraverit.
460 1924 523 1960 Sed
547 1924 623 1965 alias
644 1923 721 1959 fissae
744 1925 892 1959 calvariae
916 1922 1082 1958 Observa-

71 1972 178 2005 tiones
200 1972 363 2012 accipito,
635 1989 639 1993 Δ
955 1980 959 1984 ’

110 2027 165 2057 49.
187 2012 395 2058 JUVENIS
419 2013 541 2056 viginti
563 2022 724 2051 ,annorum
748 2011 781 2044 in
806 2011 927 2046 sinistra
952 2011 1078 2054 occipi—

65 2060 104 2093 tii
128 2066 218 2100 parte
240 2056 346 2091 caesim
370 2057 578 2091 vulneratur.
604 2056 751 2095 Nullum
775 2055 815 2097 ab
839 2056 904 2089 istu
940 2056 1076 2090 adnota-

64 2112 118 2137 tur
142 2101 352 2143 symptoma:
375 2101 408 2133 δε
431 2100 513 2134 felix
536 2100 637 2134 initio
660 2098 789 2133 videtur
809 2101 957 2133 curatio.
994 2101 1077 2135 Die-

65 2146 125 2180 bus
147 2154 258 2179 tamen
283 2142 568 2187 progredientibus
594 2152 698 2186 partes
720 2144 808 2180 circa
839 2144 954 2180 vulnus
984 2143 1075 2177 valde

64 2197 213 2224 tument.
239 2188 348 2225 Febris
371 2198 447 2227 cum
470 2189 600 2229 rigore,
624 2190 656 2226 &
678 2185 796 2227 delirio
806 2187 933 2229 ingruit
945 2186 982 2222 ad
994 2186 1076 2220 duo-

64 2233 227 2272 decimum
246 2230 365 2271 ¹diem3
389 2242 477 2264 mors
500 2240 607 2264 autem
629 2230 667 2263 ad
689 2230 855 2266 decimum
886 2240 1042 2271 quartum
1065 2255 1073 2262 .

193 2275 307 2310 DUM
351 2275 592 2314 CADAVER
634 2286 653 2313 e
696 2273 778 2307 letio
811 2273 960 2307 auferunt
978 2300 986 2314 ,
1012 2285 1079 2308 non

66 2329 166 2363 parva
190 2318 355 2361 sanguinis
377 2320 472 2361 copia
494 2315 601 2352 effluit
624 2329 641 2351 e
665 2317 817 2351 vulnere.
843 2317 989 2350 Seffione
1025 2318 1076 2351 au.

66 2372 132 2396 tem
156 2361 324 2400 instituta,
347 2371 417 2395 tota
440 2372 475 2396 ea
499 2372 569 2403 pars
591 2361 709 2402 capitis
740 2372 812 2403 quae
843 2361 1044 2398 intumuerat
1068 2386 1080 2401 Β

70 2405 224 2448 sanguine
247 2404 377 2447 turgida
399 2407 584 2445 invenitur.
608 2402 676 2438 Etsi
702 2415 777 2437 vero
800 2405 834 2438 in
858 2406 1015 2438 exteriore
1029 2405 1081 2438 os-

69 2450 109 2483 sis
131 2448 215 2483 facie
239 2448 362 2483 ferrum
385 2447 474 2491 quod
498 2448 613 2484 ,vulnus
635 2446 826 2488 inflixerat,
846 2448 951 2482 levem
984 2448 1080 2482 dum-

66 2501 159 2527 taxat
182 2491 372 2531 incisionem
396 2493 592 2535 reliquerat5
617 2490 655 2530 ad
700 2491 795 2533 hujus
843 2502 951 2528 tamen
995 2493 1081 2526 latus

63 2535 175 2571 fissura
199 2545 288 2573 erat,
311 2537 365 2576 cui
387 2534 581 2578 responden-s
603 2532 714 2573 Craffa
746 2536 882 2574 ,meninx
925 2535 1080 2577 purulen-

67 2590 135 2614 tam
160 2580 329 2614 materiam
354 2579 414 2613 fibi
438 2578 542 2614 valide
567 2576 780 2617 adhaerentem
803 2578 964 2616 habebat:
987 2578 1082 2613 huic.

67 2635 131 2666 que
155 2622 296 2666 subjecta
320 2622 442 2657 cerebri
467 2633 538 2665 pars
561 2622 739 2656 naturalem
773 2623 917 2657 colorem
962 2625 1081 2656 nonni-

68 2666 116 2701 hil
138 2666 173 2700 in
198 2678 306 2702 atrum
329 2675 529 2705 mutaverat.
558 2667 676 2700 Praeter
694 2666 762 2705 ,hoc
777 2688 791 2706 ‚
814 2666 899 2701 nihil
924 2666 1080 2701 adnotatu

69 2710 208 2752 dignum
231 2711 266 2743 in
291 2718 365 2743 toto
389 2710 518 2752 reliquo
539 2710 670 2748 cerebro
693 2709 777 2745 fuit.

116 2762 173 2794 50.·
194 2753 282 2790 VIR
307 2754 444 2795 triginta
468 2762 533 2792 tres
554 2755 684 2787 circiter
707 2764 806 2788 annos
831 2763 948 2792 natus,
973 2764 1011 2787 ex
1035 2753 1080 2787 al-

71 2802 109 2831 to
127 2797 166 2838 ⁴in
189 2805 308 2834 terram
331 2796 438 2830 cadit.
463 2796 545 2829 Non
567 2797 737 2839 loquitur:
761 2796 866 2832 sensus
887 2807 997 2830 omnes
1029 2798 1081 2830 in-

73 2840 208 2875 teriores
231 2839 372 2875 amittit.
398 2841 693 2878 Primum-vomit5
717 2840 831 2876 deinde
863 2850 998 2875 conatus
1033 2840 1082 2874 so-

74 2887 145 2919 lum
168 2882 322 2917 vomendi
345 2893 509 2917 remanet.-
532 2883 712 2917 convulsivi
736 2885 890 2918 accedunt
936 2893 1045 2917 motus
1072 2898 1079 2916 ι

62 2928 171 2964 »facies
195 2926 309 2967 rubet:
334 2925 443 2968 pulsus
464 2926 507 2960 est
529 2927 701 2970 turgidus:
726 2928 852 2971 sanguis
875 2939 891 2960 e
914 2928 1047 2961 naribus
1069 2952 1080 2968 ,

75 2974 107 3009 &
131 2968 253 3004 sinistra
276 2980 351 3003 aure
368 2971 536 3013 erumpit:
560 2969 733 3004 difficulter
756 2970 1077 3014 respiratzintraque

75 3014 198 3058 viginti
220 3022 363 3055 quatuor
384 3024 402 3046 a
424 3013 514 3056 lapsu
537 3013 632 3047 horas
656 3025 673 3051 e
696 3015 765 3053 vita
787 3015 914 3049 excedit
938 3040 946 3048 .

73 3057 263 3093 CAPITIS
285 3055 406 3089 sinistra
426 3067 500 3098 pars
522 3057 701 3092 musculum
725 3058 959 3101 Temporalem
983 3057 1079 3092 habe-

74 3103 132 3136 bat
154 3097 347 3136 contusum,
371 3101 559 3144 arteriaeque·
579 3100 788 3143 Temporalis
811 3113 916 3135 ramos
960 3103 1078 3141 lacera-

75 3155 148 3180 tos.
173 3143 237 3177 Illo
261 3141 387 3193 sublato
409 3141 574 3193 musculo,
598 3142 724 3178 duobus
753 3144 939 3179 *transversis
984 3145 1078 3187 supra

74 3199 184 3223 aurern
205 3186 340 3229 digitis,
363 3188 466 3223 cranii
489 3186 594 3222 fissura
619 3189 748 3222 inventa
771 3188 814 3223 est
839 3188 945 3223 forma
969 3200 1078 3223 arcus:

75 3235 108 3266 ει
130 3242 229 3275 prope
252 3230 332 3271 hanc
356 3228 499 3271 fissuram
521 3240 689 3265 concretus
712 3230 837 3274 sanguis
859 3233 898 3267 ad
921 3233 999 3267 duas
1023 3244 1081 3267 un-

76 3276 142 3309 cias
164 3275 249 3308 inter
272 3273 439 3311 cranium,
461 3275 493 3307 δι
515 3273 657 3315 Crassarn
681 3277 886 3317 meningem;
918 3288 989 3319 quae
1033 3286 1082 3310 ta-

76 3328 172 3357 nnen,
195 3327 232 3354 ut
255 3316 473 3359 &reliquum
493 3318 681 3355 cerebrum,
704 3317 775 3352 sana
810 3329 876 3353 erat
899 3346 907 3354 .
1042 3321 1081 3354 In

79 3363 226 3397 Venae,
250 3371 318 3394 aere
340 3359 490 3401 turgebat
515 3362 710 3401 ventriculus
725 3387 733 3403 ,
757 3372 791 3398 ut
816 3365 916 3397 etiam
940 3365 972 3397 in
985 3363 1080 3398 Tho-

79 3416 149 3440 race
172 3405 364 3447 pulmones,
386 3403 497 3437 dexter
506 3403 703 3446 praefertim:
726 3407 890 3449 qniambo
903 3408 1082 3448 rubebant,

79 3448 172 3482 nullo
195 3446 294 3481 modo
317 3447 493 3492 parietibus
514 3446 725 3490 adhaerentes.
752 3451 966 3485 Pericardium
980 3451 1061 3485 nihil
1076 3478 1085 3492 ,

82 3501 138 3525 aut
163 3502 306 3533 parum„
323 3490 403 3539 seri3
426 3490 535 3524 cordis
558 3493 731 3533 ventriculi
763 3495 968 3539 aliquantum
1013 3494 1084 3534 san-

81 3535 193 3578 guinis
208 3533 375 3578 „spumosh
398 3535 431 3570 ἃ
450 3533 547 3569 fluidi
562 3536 781 3576 „continebant
794 3563 803 3572 .

1955 210 2049 263 295

1161 286 1198 318 ,51
1227 276 1314 311 VIR
1341 277 1421 310 alter
1443 286 1601 311 annorum
1621 274 1660 309 ad
1683 272 1920 316 quinquaginta
1943 283 2118 312 acurrgnte

1116 319 1281 356 effraenato
1313 331 1400 362 equo
1424 318 1605 361 percuhus,
1628 321 1659 351 &
1682 317 1720 351 ad
1745 326 1861 353 terram
1895 314 2037 354 afflictus
2082 330 2119 351 eo

1114 366 1240 406 impetu
1263 362 1330 404 est,
1354 371 1390 396 ut
1412 374 1487 396 cum
1511 362 1549 396 ad
1575 361 1714 403 lapidem
1746 361 1942 403 occipitium
1989 359 2083 394 allisit
2106 382 2120 400 ‚

1115 406 1209 441 fracti
1234 406 1305 439 offis
1327 408 1468 449 crepitus
1490 406 1618 439 auditus
1642 404 1699 437 sit.
1727 404 1870 439 Primum
1893 400 2123 439 semimortuus

1116 449 1361 493 jacui-t:.paulo
1385 449 1476 491 post,
1501 449 1599 482 verba
1623 446 1803 487 nonnulla,
1828 445 1877 481 sed
1900 457 1970 489 quae
1994 447 2049 480 vix
2062 457 2121 487 po-

1116 502 1247 528 tuerunt
1271 493 1438 534 intelligi,
1461 491 1602 534 proferre
1625 500 1760 527 conatus
1782 489 1842 524 est.
1872 490 1923 533 Ex
1946 500 2021 524 aure
2044 489 2124 535 dex-

1116 548 1207 576 tera,
1231 547 1269 570 ex
1293 536 1444 575 naribus,
1468 547 1507 569 ex
1530 547 1585 570 ore
1596 535 1782 577 sanguinem
1795 530 2005 573 effundebat,
2028 542 2123 575 cujus

1117 581 1152 613 in
1177 578 1274 613 facies
1295 579 1449 613 confluxu
1473 578 1709 621 propemodum
1734 576 1885 610 suffocari
1918 577 2089 614 videbatur
2112 598 2122 608 .

1119 624 1263 656 Vomitu
1287 623 1385 658 etiam
1407 631 1550 655 tentatus
1573 621 1637 655 est:
1663 621 1720 663 qui
1745 631 1823 654 mox
1855 632 1891 654 ea
1924 618 2125 654 vehementia

1120 665 1241 707 rediit,
1264 675 1300 699 ut
1323 664 1577 706 animamagere
1600 664 1802 698 crederetur.
1828 663 1993 697 Semihora
2019 672 2128 697 autem

1122 722 1139 743 a
1160 709 1234 743 casu
1257 710 1366 743 exaesa
1382 734 1391 747 ‚
1415 708 1538 743 nullum
1563 708 1698 750 amplius
1724 706 1828 740 sensus
1865 707 2027 742 indicium
2072 706 2130 739 de-

1121 752 1172 787 dit
1189 776 1200 791 ,
1223 763 1260 787 ut
1283 764 1384 795 neque
1409 761 1538 792 motus,
1562 751 1619 784 nisi
1644 750 1732 793 quod
1757 748 1877 786 semel,
1909 759 1963 789 aut
2009 751 2128 783 iterum

1122 805 1219 839 caput
1241 796 1421 838 quassavit,
1446 797 1476 828 &
1498 794 1587 838 quod
1609 794 1747 828 naturali
1782 792 1884 828 adhuc
1917 792 2129 834 respiratione

1123 840 1292 873 utebatur.
1318 840 1428 873 Facies
1452 837 1613 872 interdum
1637 836 1832 874 livescabat3
1857 835 1908 870 sed
1941 836 2130 880 plerumque

1123 893 1190 917 erat
1215 883 1354 925 pallida.
1379 884 1528 924 Denique
1553 882 1640 915 horis
1664 879 1774 922 elapfis
1797 879 1968 913 duodecim
1984 902 1995 918 ‚
2040 877 2131 912 tarde

1123 926 1277 969 respirare
1301 926 1426 966 coepit3
1451 935 1486 958 ut
1509 924 1530 958 fi
1555 925 1642 966 quod
1668 925 1738 957 aliis
1750 922 1890 957 accidere
1903 923 2004 961 solet,
2026 931 2134 955 atten-

1121 970 1275 1009 deretur,
1292 970 1378 1004 credi
1402 969 1503 1010 poslet
1529 971 1612 1001 intra
1636 978 1734 1010 pauca
1766 968 1922 1009 temporis
1968 973 2134 1007 momenta

1122 1013 1333 1047 interiturus.
1360 1012 1431 1054 Ipse
1454 1022 1558 1046 tamen
1581 1011 1658 1045 duas
1681 1010 1775 1044 horas
1799 1022 1874 1045 cum
1897 1022 1933 1049 ea
1948 1010 2134 1053 respiratio-

1124 1069 1163 1090 ne
1185 1058 1287 1089 vitam
1312 1054 1459 1096 trahens,
1484 1055 1561 1088 hora
1583 1054 1668 1091 obiit
1692 1064 1708 1087 a
1731 1054 1851 1096 capitis
1876 1053 2020 1090 allisione
2043 1052 2134 1086 deci-

1125 1112 1176 1134 ma
1199 1109 1334 1142 quartat
1468 1097 1692 1135 MEDIUM,
1718 1096 1766 1131 sed
1792 1096 1889 1140 paulo
1912 1106 2019 1130 tamen
2039 1095 2136 1133 ,dex-

1102 1150 1105 1152 ’
1125 1144 1242 1182 terius,
1268 1139 1418 1176 diffiffum
1443 1150 1510 1174 erat
1534 1152 1569 1173 os
1592 1141 1744 1183 occipitis
1768 1141 1919 1181 ingenti,
1943 1143 1974 1173 δι
1998 1140 2063 1172 lata
2086 1137 2132 1172 fis-

1122 1188 1215 1224 sura,
1237 1197 1308 1229 quae
1333 1196 1386 1226 per
1407 1182 1476 1225 ejus
1499 1183 1599 1217 balim
1623 1184 1661 1218 ad
1687 1184 1846 1225 Magnum
1870 1182 2018 1221 foramen
2052 1193 2134 1225 pro-

1121 1229 1240 1269 ducta,
1266 1229 1326 1262 hoc
1349 1228 1483 1270 oblique
1510 1228 1636 1268 secans,
1661 1227 1699 1262 ad
1726 1227 1892 1260 Petrosum
1916 1226 2016 1269 usque
2061 1236 2138 1267 pro-

1123 1272 1241 1308 cessum
1265 1272 1486 1314 perveniebat.
1514 1270 1637 1312 Magna
1680 1280 1790 1304 autem
1838 1269 2002 1313 sanguinis
2043 1266 2135 1303 effusi

1124 1317 1219 1358 copia
1242 1316 1300 1349 sub
1322 1315 1443 1349 cerebri
1467 1313 1530 1348 bafi
1545 1338 1554 1354 ,
1577 1317 1608 1347 δε
1623 1315 1656 1347 in
1669 1315 1828 1348 anteriore
1840 1325 1971 1357 quoque
1982 1312 2051 1356 ejus
2064 1322 2140 1356 par-

1126 1371 1160 1395 te
1183 1361 1268 1393 inter
1288 1357 1455 1395 Craffam,
1475 1359 1690 1400 Tenuemque
1715 1361 1896 1399 meningem
1924 1366 2048 1399 reperta
2072 1356 2139 1391 est.

1174 1414 1222 1445 52.
1249 1404 1325 1442 Qua
1350 1404 1475 1435 ratione
1499 1400 1573 1435 fieri
1596 1404 1629 1434 in
1654 1400 1717 1434 hoc
1742 1402 1909 1443 potuerit,
1931 1410 1967 1435 ut
1988 1412 2065 1435 cum
2087 1398 2141 1435 fis-

1128 1447 1197 1481 sum
1219 1446 1295 1480 esset
1318 1447 1473 1489 occiput,
1496 1446 1590 1487 copia
1615 1454 1725 1478 tamen
1749 1444 1913 1486 sanguinis
1937 1446 1970 1478 in
1996 1444 2141 1480 anterio·

1129 1504 1163 1525 re
1186 1500 1318 1532 quoque
1340 1490 1455 1531 capitis
1480 1499 1567 1530 parte
1592 1489 1675 1521 inter
1701 1491 1864 1530 meninges
1897 1487 1996 1522 effusa
2024 1488 2145 1529 ,depre-¹²

1130 1533 1347 1572 henderetur‚
1370 1544 1407 1565 ex
1430 1533 1471 1565 iis
1493 1532 1650 1574 intelliges
1673 1543 1744 1573 quae
1770 1532 1914 1572 superius
1926 1532 2146 1567 indicavimus

1128 1577 1234 1621 (s):
1258 1587 1445 1619 quanquam
1466 1586 1540 1608 cum
1567 1576 1686 1608 multus
1710 1574 1835 1617 sanguis
1858 1574 1933 1608 esset
1957 1574 2020 1609 sub
2058 1585 2146 1609 cere-

1127 1622 1178 1655 bri
1206 1619 1299 1658 basi3
1324 1621 1399 1659 inde
1422 1616 1550 1652 fortasse
1574 1628 1644 1660 pars
1669 1617 1759 1654 illius
1782 1624 1930 1659 potuerat
1955 1617 2144 1659 antrorsum

1129 1675 1260 1707 quoque
1284 1673 1415 1705 pergere
1437 1663 1525 1695 inter
1550 1663 1732 1704 meninges.
1756 1659 1858 1698 Quod
1882 1660 1905 1693 fi
1930 1672 1996 1697 non
2043 1659 2109 1696 suit
2132 1682 2144 1698 2

1129 1708 1203 1740 vasa
1226 1709 1292 1739 non
1315 1706 1454 1743 desunt,
1478 1717 1536 1738 nec
1559 1717 1594 1739 ea
1619 1705 1759 1745 tenuia„
1782 1716 1853 1747 quae
1877 1705 1917 1738 ab
1941 1704 2060 1741 harum
2098 1704 2146 1737 als*-

1130 1761 1196 1785 tera
1220 1752 1253 1783 in
1279 1750 1412 1784 alteram
1437 1748 1591 1790 trajefta,
1615 1751 1650 1781 in
1674 1748 1800 1792 magnis
1822 1747 1982 1789 ejusmodi
2008 1747 2150 1782 coneus-2

1132 1795 1275 1829 sionibus
1300 1815 1313 1834 ³,
1358 1794 1380 1826 si
1404 1793 1586 1834 praesertim*
1604 1791 1789 1834 plurimum:
1808 1790 1943 1826 distenta
1967 1791 2052 1833 sint,
2074 1802 2144 1826 non

1131 1837 1262 1872 difficile
1286 1844 1495 1878 rumpantur.
1511 1835 1576 1873 ‚Sed
1600 1845 1700 1875 tunc,
1725 1835 1825 1872 etiam
1848 1844 1940 1869 extra
1962 1834 2149 1877 ipsamcale

1132 1882 1227 1915 variae
1250 1891 1379 1914 caveam
1402 1877 1531 1926 possunt
1554 1880 1616 1913 alia
1638 1878 1817 1919 disrumpi,
1839 1878 1921 1912 unde
1945 1877 2075 1922 sanguis
2090 1888 2152 1920 per

1133 1935 1220 1959 aures
1234 1946 1242 1962 ‚
1266 1935 1373 1963 nares,
1396 1934 1432 1956 os
1443 1922 1577 1957 effluat.
1601 1922 1686 1965 Qae
1709 1920 1843 1958 facil-ius.
1862 1920 2009 1959 accident
2024 1947 2034 1962 ,
2056 1921 2147 1960 sisis-

1129 1969 1199 2002 sura
1223 1968 1386 2010 perveniat
1409 1965 1448 1999 ad
1470 1964 1647 2009 processum
1674 1965 1865 2005 Petrosum‚
1888 1976 1924 2000 ut
1947 1967 1980 2002 in
2005 1966 2068 2003 hoc
2082 1965 2147 2000 vi-

1129 2024 1189 2050 ro,
1216 2021 1270 2046 aut
1296 2010 1317 2044 si
1341 2010 1468 2051 sanguis
1480 2034 1495 2051 „
1519 2020 1554 2044 ut
1578 2011 1612 2044 in
1640 2009 1824 2053 superiore,
1848 2009 1887 2043 sit
1925 2022 2031 2055 prope
2061 2021 2149 2045 nova

1128 2056 1300 2099 Tympani
1325 2052 1484 2088 foramina
1509 2056 1596 2089 inter
1618 2055 1766 2090 cranium
1780 2076 1790 2093 ,
1814 2053 2003 2091 &Crassarn
2019 2056 2151 2089 meniu:-

1122 2111 1198 2142 gem
1223 2098 1356 2133 effusus.
1383 2100 1439 2132 Per
1464 2098 1520 2132 illa
1544 2100 1629 2134 enim
1655 2099 1740 2133 viam
1764 2095 1824 2132 effe
1849 2098 1884 2131 in
1901 2099 2150 2143 Tympanicaz-

1128 2155 1217 2177 veam
1233 2166 1241 2182 ,
1266 2155 1306 2177 ex
1328 2141 1386 2177 hac
1411 2153 1487 2177 vero
1508 2154 1564 2186 per
1588 2142 1756 2178 Eustachii
1780 2141 1915 2176 Tabam
1939 2143 1974 2176 in
2019 2153 2110 2176 nares
2135 2167 2148 2184 ,

1128 2186 1318 2230 faucesque,
1342 2198 1408 2221 non
1431 2187 1475 2221 est
1498 2197 1556 2222 cur
1581 2185 1634 2222 hic
1660 2187 1858 2227 monstrem,
1880 2188 1938 2229 qui
1962 2185 2024 2221 hac
2036 2186 2075 2220 de
2090 2196 2145 2224 re,

1129 2241 1224 2274 atque
1247 2230 1328 2266 adeo
1351 2230 1390 2264 de
1414 2229 1579 2273 sanguinis
1602 2243 1619 2266 e
1641 2232 1754 2265 cranio
1776 2241 1832 2271 per
1854 2228 1909 2264 has
1935 2231 2002 2264 vias
2045 2231 2142 2264 exitu

1127 2275 1193 2319 jam
1216 2276 1298 2309 olim
1325 2274 1403 2308 alibi
1426 2277 1440 2313 (
1462 2275 1511 2316 t)
1537 2274 1611 2308 satis
1631 2274 1814 2317 scripserim
1829 2296 1843 2319 ·.

1177 2330 1227 2363 53.
1253 2316 1341 2352 VIR
1364 2318 1498 2360 quidam
1521 2317 1628 2352 caefim
1648 2320 1683 2352 in
1709 2317 1890 2354 anteriore,
1914 2317 2066 2360 itemque
2106 2319 2143 2351 in

1132 2364 1306 2406 posteriore
1330 2362 1446 2404 capitis
1470 2360 1593 2397 sinistra
1617 2370 1705 2404 parte
1728 2360 1935 2398 vulneratus,
1955 2363 1987 2394 δι
2021 2362 2058 2395 in<
2090 2360 2146 2395 fat,

1132 2409 1205 2450 pius
1230 2414 1445 2449 memoratum
1468 2405 1709 2441 Nosocornium
1732 2413 1887 2446 exceptu-s
1906 2427 1919 2443 ,
1961 2413 2081 2446 quarto
2124 2416 2144 2438 a

1133 2451 1320 2484 vulneribus
1341 2450 1392 2483 die
1416 2449 1506 2491 queri
1531 2449 1634 2491 coepit
1656 2448 1693 2482 de
1717 2445 1811 2480 saevis„
1829 2448 1868 2482 ad
1900 2447 2015 2483 vulnus
2048 2448 2144 2482 dolo-

1132 2494 1246 2534 ribus,
1270 2494 1327 2535 qui
1350 2494 1438 2525 intra
1462 2503 1580 2532 paucos
1604 2491 1670 2525 dies
1694 2489 1878 2525 universum
1914 2502 2033 2534 corpus
2076 2492 2143 2534 jam

1131 2537 1335 2580 occupabant
1350 2561 1357 2568 .
1386 2536 1447 2569 Die
1460 2534 1586 2569 decimo
1610 2535 1701 2569 sexto
1715 2532 1853 2576 aphonia
1866 2545 2033 2576 correptus
2044 2557 2054 2573 ‚
2068 2544 2140 2570 tum

1134 2580 1193 2615 usu
1238 2582 1388 2614 omniurn
1422 2578 1569 2613 sensuum
1595 2581 1796 2612 internorum
1822 2577 1933 2611 amislo
1957 2603 1964 2616 ,
2010 2581 2139 2613 tandem

1133 2623 1290 2667 vigesimo
1312 2623 1448 2666 quinem
1473 2624 1634 2656 moritur.
1772 2622 2059 2657 VULNERUM
2079 2635 2142 2666 ¹an-

1131 2669 1232 2701 terius
1251 2666 1292 2701 ad
1315 2668 1451 2701 initium
1474 2666 1572 2709 usque
1597 2665 1778 2700 substantiae
1802 2666 1925 2699 cerebri
1953 2666 2142 2701 medullaris

1131 2720 1340 2755 pervenerat,
1366 2709 1528 2744 ‘Posterius
1551 2722 1627 2744 vero
1651 2710 1742 2752 supra
1766 2708 1998 2745 Transversum
2021 2710 2140 2745 Craffiiz

1133 2756 1293 2797 meningis
1316 2753 1517 2797 processum,
1539 2754 1709 2787 cerebrum
1734 2753 1831 2795 usque
1855 2751 1893 2785 ad
1917 2753 2038 2786 sinistri-
2061 2765 2141 2788 ven..

1131 2800 1242 2833 triculi
1264 2809 1380 2832 cavum
1406 2797 1601 2831 sauciaverat
1618 2822 1625 2829 .
1652 2798 1700 2828 Eo
1725 2795 2137 2839 ventriculo·n'0rn1pa-rum

1130 2842 1188 2879 seri
1211 2843 1464 2880 continebatur,
1485 2840 1574 2883 quod
1597 2840 1716 2881 linguae
1740 2839 1929 2881 impositum
1950 2862 1962 2877 ‚
2003 2840 2142 2883 longam

1131 2887 1404 2920 mordicationem
1428 2884 1588 2926 reliquit3
1613 2892 1649 2917 ut
1671 2894 1711 2915 ex
1734 2883 1800 2924 ejus
1824 2884 2002 2916 acrimonia
2012 2885 2136 2919 nervosi

1129 2930 1255 2972 generis
1278 2928 1444 2968 irritatio,
1468 2926 1606 2970 indeque
1631 2927 1823 2960 universales
1845 2926 1893 2959 illi
1916 2929 2064 2969 corporis
2077 2928 2139 2962 do·

1127 2975 1209 3009 lores
1232 2972 1337 3006 forsan
1363 2970 1526 3011 repetendi
1551 2970 1720 3004 videantur
1735 2995 1744 3004 ,
1993 2995 1996 2998 »

1173 3028 1223 3060 54.
1248 3015 1503 3049 AGRICOLA
1527 3025 1683 3056 annorum
1707 3015 1837 3047 circiter
1860 3013 2072 3058 quadraginta
2090 3016 2138 3050 ab

1128 3061 1194 3094 alio
1230 3059 1385 3100 Agricola
1411 3058 1448 3090 ad
1471 3057 1638 3091 dexterum
1662 3056 1767 3099 ipsum
1790 3058 1874 3092 latus
1898 3058 2016 3091 mediae‘
2034 3056 2134 3093 ferme

1130 3104 1245 3138 suturae
1270 3101 1437 3144 Sagittal-is
1461 3104 1593 3135 runcina
1626 3099 1812 3135 vulneratur
1835 3125 1848 3141 ‚
1892 3100 1983 3143 hujus
2028 3101 2136 3136 rostro

1129 3157 1198 3181 tam
1222 3147 1285 3179 alte
1307 3145 1443 3183 adacto,
1466 3154 1501 3178 ut
1526 3147 1610 3178 intra
1633 3145 1800 3179 cerebrum
1830 3146 1995 3184 perveniat
2019 3169 2025 3175 .
2062 3146 2140 3187 ‘so-¹

1131 3191 1265 3225 tuni‘ab
1288 3189 1354 3221 ictu
1378 3189 1556 3221 contremit
1577 3199 1694 3230 corpus
1709 3212 1722 3229 ‚
1764 3189 1945 3222 intellectus
1990 3187 2134 3222 actiones

1130 3233 1283 3268 retardari
1309 3233 1496 3273 incipiunt,
1518 3241 1613 3275 atque
1633 3235 1667 3266 in
1691 3233 1840 3269 omnibus
1872 3229 1991 3263 sinistri
2022 3230 2136 3266 lateris

1133 3278 1279 3322 partibus
1323 3275 1474 3310 movendi
1520 3274 1662 3309 facultas<
1688 3274 1887 3309 labefactari
1926 3295 1937 3312 ,
1982 3273 2085 3309 donec
2124 3302 2133 3315 ,

1131 3326 1213 3355 circa
1236 3320 1320 3353 diem
1345 3328 1496 3360 quartum
1525 3341 1537 3358 ‚
1571 3317 1733 3361 superstite
1757 3318 1845 3352 sensu
1867 3340 1877 3355 ,
1910 3317 2047 3351 omnino
2083 3331 2140 3361 pe-

1132 3375 1221 3400 reat.
1244 3364 1351 3396 Facies
1374 3362 1513 3395 multum
1536 3362 1691 3395 rubebat:
1713 3364 1887 3396 interiores
1909 3359 2011 3395 sensus
2022 3362 2139 3397 obscu-

1132 3409 1309 3442 rabantur:
1335 3405 1501 3446 respiratio
1526 3409 1650 3447 gravis,
1674 3405 1783 3448 pulsus
1803 3404 1918 3439 debilis
1941 3403 2138 3439 fiebat.De-

1136 3453 1233 3491 nique
1258 3449 1437 3484 rubicunda
1461 3450 1592 3482 materia
1616 3458 1671 3490 per
1694 3459 1729 3482 os
1752 3447 1886 3490 niceta,
1912 3446 1963 3480 die
1997 3446 2136 3491 septimo

1134 3496 1222 3530 obiit
1241 3519 1249 3527 .
1381 3492 1412 3526 C
1437 3493 1467 3526 R
1490 3493 1521 3525 A
1548 3491 1581 3523 N
1607 3494 1621 3524 Ι
1647 3494 1662 3525 I
1708 3492 1833 3527 fornice
1874 3488 2004 3526 exseeto
2026 3517 2036 3533 ‚
2080 3495 2139 3534 qui

1136 3538 1266 3573 vulnere
1284 3548 1354 3570 non
1382 3536 1486 3570 -modo
1530 3533 1709 3579 perforatus
1752 3546 1818 3569 erat
1836 3559 1845 3575 ,
1877 3532 1930 3569 sed
1961 3534 2137 3611 &sciscam

2019 3590 2098 3621 qua-

146 3761 156 3792 (
172 3761 184 3786 Ι
199 3762 214 3791 )
230 3762 300 3786 Cent.
319 3769 342 3795 ξ
360 3762 421 3787 Hiss.
441 3765 514 3787 Anat.
531 3769 555 3786 2.
619 3763 626 3793 (
645 3771 669 3787 m
685 3763 699 3791 2
714 3761 788 3791 Epist.
805 3761 879 3790 indic.
896 3773 922 3790 n.
941 3766 976 3790 18.
997 3772 1032 3795 ις.
1049 3772 1086 3790 21.

155 3792 313 3822 (ἠθικα.
336 3793 551 3823 173⁶.flebd-34·
568 3800 634 3818 n.².
692 3792 761 3823 (p)
779 3801 803 3818 n.
821 3800 858 3823 3⁹-
919 3794 1024 3825 sq>n
1049 3804 1089 3826 35·

1147 3767 1162 3796 (
1177 3776 1193 3791 n
1209 3767 1217 3795 )
1233 3767 1372 3794 eommgre.
1389 3766 1476 3792 Litter.
1496 3768 1525 3790 Α.
1545 3773 1612 3795 ¹73¹«
1629 3765 1711 3789 Hebd.
1729 3772 1766 3794 3⁰·
1783 3773 1855 3796 prope
1872 3767 1913 3792 fin.

1153 3798 1167 3827 ζ
1182 3807 1192 3822 r
1214 3799 1218 3822 1
1235 3805 1261 3822 nu
1279 3806 1317 3826 34.
1380 3798 1441 3827 (s)
1459 3806 1527 3826 «μμυ
1589 3799 1598 3821 (
1616 3798 1651 3826 ι)
1668 3796 1741 3825 Epist.
1760 3798 1836 3822 Anat.
1851 3800 1876 3822 6.
1892 3805 1916 3823 n.
1928 3802 1956 3832 ‚5¹
1970 3800 1995 3834 βε
2008 3799 2072 3831 seqq.
