2498 4075
368 224 520 290 Epist.
559 224 718 276 Anat.
754 221 969 275 Medica
1005 219 1252 275 XLVIII.
1289 222 1411 276 Art.
1428 236 1507 287 42.
1530 222 1680 285 &43-

30 314 111 344 quos
134 305 227 338 nixus
250 304 330 338 utile
352 304 515 337 interdum
538 302 579 336 est
601 303 703 335 cautis
727 302 901 344 peritisque
923 302 1026 335 mani-

30 348 89 380 bus
113 352 216 381 ventri
241 348 399 391 impositis
422 345 571 380 nonnihil
595 345 763 386 adjuvare.
789 345 846 379 Sed
869 344 944 387 quia
969 356 1025 377 na-

30 402 101 426 tura
123 392 294 435 aliquando
319 401 373 425 aut
395 393 440 424 in.
454 392 493 423 iis
512 390 677 432 doloribus
701 389 867 430 movendis
900 389 1025 430 segnior

31 433 94 472 est,
116 444 169 468 aut
194 446 258 468 non
281 446 333 469 eos
355 446 436 477 quos
460 433 629 469 vellemus,
653 431 704 465 sed
726 431 926 465 convulsivos
969 442 1038 473 po·-

31 480 119 518 tius,
142 477 316 521 nostroque
339 478 509 520 proposito.
528 476 671 511 adversos
696 486 825 513 movet5
849 475 1026 508 nostrarum

31 523 91 555 erit
115 523 256 563 partium
282 522 339 554 hos
360 520 544 562 tempestive
569 519 694 559 sedare,
715 520 807 555 illos,
853 516 876 550 fi
922 517 1026 559 reapse

30 575 138 599 tamen
161 566 193 600 id
217 564 400 607 possumus,
425 574 615 605 promovere
630 588 638 596 .
768 561 825 596 Ad
849 563 1027 603 parturien-

29 619 96 644 tem
120 611 308 643 accersitum
332 608 389 642 effe
415 619 483 646 me,
508 607 663 645 memini,
685 616 755 648 quae
779 606 871 638 malis
893 629 902 642 ‚
945 615 1027 646 quos

30 654 122 690 dixi,
146 653 314 686 doloribus
337 651 401 694 jam
425 652 508 684 diem
533 660 632 682 unum
657 658 750 691 atque
774 649 909 681 alterum
934 659 1027 680 vexa-

28 705 84 737 ta,
108 706 209 739 neque
234 695 381 728 somnum
405 701 528 735 poterat
552 704 663 734 capere
687 717 695 731 ‚
742 703 840 733 neque
885 690 1029 724 alimenti

32 741 211 784 quidquam
235 741 391 776 retinere,
413 736 464 769 sed
487 738 615 769 vomitu
638 736 747 768 omnia
773 734 948 776 cogebatur
978 745 1028 766 re-

31 784 148 826 jicere.
173 783 214 815 Ei
238 783 340 823 igitur
363 780 546 822 priusquam
571 782 653 812 vires
677 777 803 821 prorsus
834 777 1029 811 collaberen-

33 837 109 863 tur,
131 833 205 859 cuni
227 825 435 858 dimidiatum
457 824 525 865 opii
549 832 684 863 granum
707 820 858 855 dedissem
882 835 892 857 ·,
938 819 1030 852 simul

35 870 163 904 retineri
188 870 375 901 alimentum
398 869 498 908 coepit
513 889 523 904 ,
543 866 640 899 >simul
666 864 738 898 sunt
760 865 888 898 dolores
913 865 963 897 illi
988 864 1032 897 se-

35 914 125 953 dati,·
148 920 183 945 ut
206 923 284 944 mox
306 911 462 952 legitimis
473 909 639 942 doloribus
652 907 918 944 advenientibus,
942 906 1036 940 oscu-

36 958 133 999 loque
157 957 263 996 uteri,
286 954 373 995 quod
398 956 521 994 priores
544 951 753 985 constrictum
776 951 963 989 servabant,
985 961 1036 983 re-

36 998 149 1037 cluso,
173 1009 252 1041 puer
274 997 414 1032 feliciter
437 997 540 1029 editus
565 994 602 1028 fit
617 1020 624 1027 .
649 996 700 1028 Sic
724 1005 831 1027 autem
876 993 1001 1037 agendo
1024 1015 1034 1030 ,

36 1054 102 1077 non
127 1042 318 1075 Deventerii
344 1042 396 1083 (q
419 1043 429 1078 )
452 1040 553 1072 solum
568 1061 577 1076 ‚
602 1038 688 1080 quod
712 1047 787 1071 tunc
811 1037 967 1075 sciebam,
990 1035 1041 1070 sed

38 1089 69 1120 3<
92 1086 203 1119 eximii
226 1085 347 1126 Medici
371 1082 529 1116 Richardi
553 1081 677 1115 Meadii
710 1081 794 1123 (r)
816 1104 825 1118 ,
873 1081 905 1114 id
948 1079 1037 1122 quod

38 1140 124 1163 nunc
148 1128 261 1165 video,
287 1129 373 1161 viam
395 1125 525 1160 tenuisse
550 1137 621 1165 me,
643 1124 794 1167 gaudeo.
832 1126 878 1157 At
911 1123 1039 1166 segnior

39 1182 154 1207 natura
178 1174 212 1205 in
236 1172 336 1205 altero
358 1170 488 1212 quidem
502 1194 511 1208 ‚
536 1169 573 1202 de
595 1178 662 1210 quo
686 1167 859 1207 dicebam,
881 1168 954 1201 casu
968 1193 977 1206 ,
1002 1166 1041 1200 ad

40 1216 74 1250 id
99 1216 350 1249 accommodatis
373 1213 566 1255 clysteribus
580 1222 676 1254 atque
687 1212 1041 1245 abdominisinunctio.

39 1259 136 1294 nibus
160 1256 303 1301 primum
326 1256 434 1300 quoad
458 1255 525 1298 ejus
547 1254 618 1288 fieri
640 1256 685 1288 sic
709 1254 828 1297 potest,
862 1254 1044 1297 adjuvanda

45 1303 114 1342 est,
135 1311 207 1336 tum
231 1301 252 1335 fi
276 1302 344 1336 haec
368 1302 441 1333 satis
465 1311 527 1332 non
555 1297 696 1335 saciant,
721 1299 826 1341 aliqua
850 1298 888 1332 de
935 1298 1045 1333 eodem

43 1356 157 1389 genere
181 1344 384 1388 propinando
405 1355 473 1386 quae
500 1351 646 1375 naturam
670 1342 808 1375 invitent
832 1342 1046 1384 potiusquam

44 1391 166 1427 acrius,
189 1390 247 1422 nec
272 1387 336 1422 fine
359 1386 501 1431 periculo
524 1386 707 1422 stimulent,
730 1394 783 1419 aut
806 1394 889 1418 certe
906 1388 1048 1427 agitent.

45 1433 166 1467 Rideas
189 1430 343 1472 fortasse,
363 1430 386 1464 fi
410 1429 443 1464 id
466 1440 592 1462 narrem
615 1427 704 1471 quod
730 1429 764 1461 in
787 1429 861 1461 vico
885 1431 954 1471 agri
989 1431 1047 1462 Pa-

44 1475 149 1509 tavini
176 1477 266 1518 annis
290 1473 508 1517 superioribus
531 1470 698 1510 accidisse,
725 1472 763 1505 de
785 1474 881 1505 certis
904 1472 1044 1504 aufflori-

45 1521 107 1555 bus
130 1520 294 1561 cognovi.
324 1521 432 1552 Parere
455 1527 518 1550 non
543 1525 668 1558 poterat
692 1516 825 1549 mulien·
863 1514 1047 1557 Chirurgus

50 1563 121 1606 ejus
142 1564 206 1596 vici
225 1563 334 1596 oleum
358 1561 473 1596 leucoii
497 1560 574 1592 lutei
601 1558 742 1600 vulgaris
765 1558 803 1592 ad
827 1559 935 1592 uncias
968 1571 1046 1600 qua-

47 1617 123 1641 tuor
145 1607 271 1646 mittit‚
292 1617 358 1648 quo
382 1605 531 1638 videlicet
546 1627 553 1640 ‚
578 1612 613 1635 ut
637 1602 738 1638 solet,
766 1601 926 1636 abdomen
950 1603 1048 1635 inun-

48 1659 146 1689 gant.
172 1649 315 1684 Rustica?
337 1660 409 1689 quae
431 1646 596 1680 adstabant
613 1670 621 1684 ‚
646 1646 807 1688 imperitae
834 1646 985 1679 mulieres
1012 1645 1051 1678 ad

49 1688 163 1736 potum
183 1692 317 1727 creduut
341 1689 399 1724 effe
421 1689 572 1724 miss‘um:
596 1689 707 1730 itaque
730 1689 890 1722 continuo
911 1689 986 1722 dant
1001 1689 1052 1722 bi-

49 1736 213 1770 bendum*-
238 1737 288 1769 Sic
312 1734 367 1767 illa
391 1737 493 1776 parit.
520 1733 598 1765 Hoc
620 1732 693 1766 casu
716 1731 848 1766 edoctus
862 1732 1050 1774 Chirurgus

49 1778 189 1822 ejusdem
212 1779 381 1821 cheyr,ini‚
406 1787 443 1811 ut
466 1778 499 1809 in
520 1775 659 1809 officinis
697 1786 815 1809 vocant
843 1801 851 1815 ,
886 1777 949 1808 olei
982 1786 1053 1809 tan-

50 1824 184 1857 tundem
207 1823 331 1858 tribus,
357 1830 411 1854 aut
434 1829 574 1862 quatuor
599 1820 669 1852 aliis
692 1830 771 1861 quas
816 1830 871 1861 par
916 1820 1049 1860 urgebat

49 1866 244 1904 difficultas,
269 1865 383 1898 eodem
411 1866 502 1897 exitu
526 1863 735 1905 propinavit.
759 1863 848 1897 Hinc
866 1863 990 1895 Patavii
1000 1874 1055 1895 no-

50 1919 93 1944 tae
117 1908 199 1943 mihi
221 1908 366 1943 foeminae
387 1907 500 1941 datum
523 1906 584 1945 est,
604 1917 676 1948 quae
699 1915 865 1940 mortuum
886 1905 1060 1948 ejicerein-

49 1953 174 1988 fantem
197 1963 262 1985 non
287 1960 437 1994 poterat,
460 1952 491 1983 &
515 1949 556 1982 fic
578 1950 711 1990 quidem
735 1949 870 1983 infantis
892 1958 989 1991 caput
1001 1950 1061 1982 ali-

50 2006 177 2040 quanto
200 1996 302 2037 magis
324 1992 509 2028 descendit:
530 1994 718 2035 'quanquam
741 1993 785 2026 ob
810 1993 945 2026 nimiam
989 2004 1055 2025 ma-

50 2040 259 2076 enftudinem
282 2039 334 2071 cui
359 2038 459 2079 pelvis
480 2037 564 2069 imus
590 2036 731 2070 ambitus
757 2048 810 2078 par
844 2048 907 2069 non
954 2046 1020 2069 erat
1045 2059 1058 2076 ,

51 2079 117 2118 sine
140 2083 299 2124 Chirurgi
323 2081 445 2114 auxilio
468 2080 596 2122 prodite
620 2090 684 2112 non
697 2080 1058 2121 potuit.Leucoiiqui-

52 2128 128 2161 dem
152 2126 240 2159 illius
264 2125 365 2158 flores
387 2123 425 2158 ad
448 2123 569 2157 menses
589 2147 598 2162 ,
622 2122 660 2156 ad
686 2122 827 2162 foetum,
851 2123 888 2156 acl
912 2123 1059 2156 secundas

54 2168 291 2213 promovendas
313 2179 330 2200 a
354 2166 491 2201 Medicis
512 2166 605 2199 datos
629 2165 687 2200 ess'e
706 2192 716 2207 ,
739 2166 937 2200 notissimum
982 2168 1025 2199 est
1050 2190 1058 2199 .

53 2213 114 2248 Sed
137 2214 245 2247 oleum
267 2212 302 2244 in
325 2221 392 2252 quo
414 2210 513 2243 iidem
537 2208 630 2242 flores
655 2210 806 2243 macerati
831 2209 1060 2251 fuerint,pro-

53 2259 204 2300 pinatum
227 2252 306 2293 esse,
332 2265 398 2286 non
421 2253 577 2287 memini.-
602 2264 657 2286 nec
682 2256 824 2294 mirum,
840 2265 921 2287 >cum
937 2262 987 2286 tot
1000 2255 1060 2286 rni-

54 2312 113 2333 nus
136 2298 313 2342 injucunda
334 2305 441 2330 extare
463 2298 497 2329 in
521 2297 657 2329 eundem
679 2297 772 2331 usum
797 2307 969 2338 putentur.
996 2299 1059 2330 At-

53 2353 161 2377 tamen
188 2341 272 2376 haud
298 2339 425 2383 prorsus
447 2339 564 2373 inutile
589 2339 688 2372 fuerit
714 2340 776 2373 hoc
799 2353 928 2384 quoque
939 2351 1061 2373 memo-

53 2385 153 2424 rasse,
180 2386 200 2419 si
225 2385 310 2418 forte
332 2383 407 2417 oleo
428 2384 502 2425 quis
523 2383 631 2416 credat
656 2392 709 2415 aut
734 2384 850 2417 leucoii
873 2386 960 2421 vim,
985 2396 1060 2426 qua-

54 2431 96 2465 lis
119 2442 153 2463 ea
176 2439 302 2470 cunque
325 2425 387 2466 sit,
412 2428 604 2469 temperari,
629 2437 683 2460 aut
721 2430 829 2467 potius
874 2439 948 2461 cum
993 2427 1060 2461 haec

55 2474 219 2512 exeritur,
242 2480 427 2512 opportune
450 2469 544 2503 simul
567 2469 684 2510 leniri,
703 2470 729 2503 si
752 2470 854 2512 quid,
879 2481 914 2504 ut
939 2474 971 2503 in
983 2481 1061 2504 con-

54 2515 185 2551 vulfivis
207 2514 375 2549 doloribus
399 2513 501 2556 paulo,
517 2521 589 2546 ante
611 2513 804 2549 ostendimus
827 2538 840 2555 ‚
875 2514 1061 2549 leniendum

56 2560 98 2596 est
122 2585 130 2592 .
386 2574 389 2576 -

98 2614 152 2646 42.
177 2600 277 2640 Qod
300 2601 391 2644 supra
416 2600 495 2644 (s)
519 2601 681 2643 expectari
704 2602 788 2644 posse
810 2602 953 2637 diximus
976 2627 987 2643 ,
1011 2602 1061 2635 ni-

56 2646 81 2680 fi
104 2646 185 2689 quid
210 2653 322 2686 urgeat
349 2665 359 2682 ,
395 2644 436 2677 sic
471 2645 669 2687 potiffimum
715 2647 851 2690 accipias
873 2668 885 2686 ,
925 2647 1022 2681 velim
1050 2672 1058 2685 ,

55 2691 119 2723 nisi
143 2688 354 2731 putrescentis
378 2685 477 2721 foetus
500 2700 647 2731 apparere
672 2687 758 2731 signa
782 2691 967 2732 incipiant,
989 2701 1060 2732 quae

58 2733 156 2766 citius
179 2732 352 2766 adveniunt
377 2732 432 2764 ubi
457 2732 520 2773 jam
545 2743 634 2774 aquae
658 2731 762 2773 eje&ae
787 2734 857 2767 sunt
879 2744 892 2772 ,·
915 2745 972 2776 per
995 2733 1061 2767 dis-

59 2783 176 2817 ruptas
201 2776 286 2808 enirn
308 2775 518 2814 membranas*
540 2776 578 2809 ad
622 2785 788 2810 mortuum
832 2777 1058 2819 corpusculum

59 2830 110 2853 aer
156 2817 241 2851 subit
263 2840 273 2855 ,
305 2820 551 2861 corruptionem
597 2820 687 2853 illam
732 2818 863 2853 afferens
885 2842 897 2859 ,
929 2830 1000 2861 quae
1025 2830 1061 2855 ut

59 2861 160 2895 serius
185 2862 396 2904 plerumque,
420 2865 450 2895 δι
473 2861 536 2895 sine
560 2864 660 2897 acutis
683 2864 824 2904 parentis
849 2862 993 2897 febribus
1028 2877 1061 2897 ea

59 2905 202 2940 foetuum
228 2903 379 2938 cadavera
401 2905 533 2939 invadat
556 2918 627 2949 quae
650 2914 740 2939 extra
765 2908 843 2939 aeris
875 2908 1061 2941 contactum

58 2947 133 2982 sunt
153 2971 163 2987 ,
198 2960 237 2982 ex
261 2947 401 2983 historiis
422 2950 581 2992 intelliges
602 2960 673 2992 quae
697 2948 753 2983 diu
775 2960 864 2983 antea
888 2961 1064 2993 concepto-

55 3001 133 3027 rum
155 2992 295 3026 foetuum
317 2990 445 3025 officula
468 2993 611 3027 referunt
634 2991 695 3025 five
718 3003 772 3035 per
797 2993 978 3027 abdominis
994 2995 1064 3028 abs-

57 3035 159 3069 cessus
186 3056 196 3073 ,
237 3034 300 3067 {ive
321 3045 377 3075 per
401 3046 495 3069 anum
518 3035 622 3078 ejecta
645 3057 654 3072 ,
679 3045 778 3069 matre
802 3046 839 3071 ut
875 3038 1060 3080 plurimum

60 3078 145 3112 salva
170 3104 178 3110 .
212 3078 297 3120 Quae
322 3076 461 3112 historiae
485 3091 522 3112 ex
544 3091 611 3122 quo
634 3079 721 3113 suam
766 3079 931 3114 Albucafis
976 3085 990 3120 (
1012 3089 1026 3114 t
1047 3085 1061 3121 )

61 3123 201 3163 protulit
227 3143 237 3158 ‚
272 3121 310 3154 ad
333 3132 404 3154 eum
427 3132 595 3157 numerum
627 3133 836 3157 excreverunt
860 3147 870 3163 ‚
904 3134 939 3157 ut
986 3136 1060 3158 cum

60 3165 133 3198 illas
156 3176 220 3198 nou
245 3174 325 3198 unus
361 3164 526 3207 collegerit
546 3191 554 3205 ‚
601 3167 763 3200 nonnullae
807 3166 1024 3202 desiderentur
1044 3191 1057 3208 ,

59 3220 132 3251 quae
154 3208 225 3242 addi
251 3217 423 3249 poterant,
447 3210 550 3251 plures
574 3220 680 3244 autem
703 3209 832 3250 desint,
863 3222 934 3253 quae
979 3221 1056 3246 tunc

60 3262 127 3285 non
152 3251 308 3284 extabant
332 3275 340 3284 .
372 3251 425 3283 Ex
446 3252 511 3286 illis
533 3253 574 3286 est
590 3276 599 3291 ,
625 3264 659 3287 ut
683 3255 801 3294 opinor
825 3276 833 3290 ‚
878 3265 974 3296 quarn
1017 3267 1057 3288 ex

51 3299 193 3338 'propria
216 3294 455 3329 observatione
478 3295 586 3330 habita
609 3299 651 3330 A.
679 3300 772 3340 1667.
808 3297 955 3339 vulgavit
987 3300 1058 3332 Do-

61 3339 201 3372 miniffls
224 3338 264 3371 de
290 3338 430 3371 Masinis
451 3339 468 3381 s
488 3349 508 3371 u
532 3343 564 3378 )‚
588 3340 680 3381 cujus
704 3341 802 3375 foetus
834 3343 979 3375 cranium
1004 3354 1058 3384 per

61 3384 176 3416 matris
199 3382 371 3423 podicem,
398 3391 435 3414 ut
457 3383 578 3425 reliqua
599 3383 687 3425 offa,
710 3394 872 3418 excretum
885 3383 1058 3419 asservabat

62 3426 248 3471 Guilelmus
270 3425 353 3458 Riva
380 3450 385 3456 .
421 3426 473 3458 Ex
494 3424 545 3459 his
567 3436 675 3460 autem
697 3438 778 3470 quas
808 3431 964 3462 memoria
1000 3441 1059 3463 no-

61 3468 124 3503 stra
148 3469 197 3502 vel
222 3468 286 3502 iola
313 3468 405 3502 italia
429 3470 572 3510 obtulit,
596 3469 667 3504 sunt
690 3481 775 3504 certe
818 3483 882 3505 non
917 3472 1061 3515 pauciffi-

148 3511 314 3554 Morgagni
324 3512 358 3546 de
370 3513 436 3546 sed.
449 3517 491 3549 ἴαν
503 3516 589 3556 ΜΨ.
603 3513 816 3548 MorhsTom.
831 3517 885 3550 II.⁷

1914 235 2003 284 24¹

1075 313 1134 336 mae
1157 327 1166 334 .
1198 301 1287 342 Nam
1310 313 1320 343 5
1353 312 1389 336 ut
1412 303 1531 336 foetum
1555 312 1741 344 praeteream
1764 312 1861 343 quem
1905 312 1921 333 e
1966 301 2072 334 Recio

1076 344 1219 379 mulieris
1242 344 1395 379 intestino
1418 358 1433 379 a
1460 347 1489 378 se
1513 347 1693 379 extra<ftum
1714 367 1725 384 ‚
1762 345 1799 378 ad
1823 356 1873 378 me
1898 366 1907 381 ,
1942 353 1978 376 ut
2022 344 2072 374 in-

1077 389 1229 431 spicerem
1252 410 1263 425 ,
1301 389 1385 422 misit
1408 389 1590 430 Chirurgus
1616 388 1791 422 industrius
1829 389 1973 421 Venetus
2006 385 2072 417 Ni-

1076 434 1183 465 colaus
1204 433 1328 466 Patuna
1343 454 1352 469 ‚
1375 445 1440 475 quo
1462 432 1501 465 de
1525 433 1608 466 foetu
1631 431 1697 474 ipse
1722 435 1732 470 (
1754 442 1775 464 x
1796 434 1828 471 )‚
1872 434 1903 464 δε
1930 429 2073 463 Santori-

1077 487 1135 509 nus
1157 478 1210 517 (y
1230 476 1247 517 )
1272 475 1487 517 scripserunt,
1509 476 1594 509 idem
1618 475 1805 510 Santorinus
1837 478 1851 513 (
1872 474 1930 517 z)
1964 471 2073 505 foemi-

1077 530 1170 556 nam,
1196 520 1231 551 in
1258 519 1414 552 Patavino
1438 530 1515 561 agro
1539 517 1670 552 fortasse
1692 518 1788 551 etiam
1834 528 1918 551 nunc
1962 516 2073 548 viven—

1078 571 1167 601 tem,
1191 562 1486 601 commemoravit,
1509 574 1580 604 quae
1605 563 1704 595 foetus
1737 559 1802 594 offa
1845 572 1899 603 per
1944 559 2074 592 eandem

1078 604 1254 639 excluserat
1278 607 1388 645 viam,
1410 614 1482 638 tum
1506 606 1568 638 Vir
1589 606 1641 638 Cl.
1665 605 1846 638 Franciscus
1880 604 1993 637 Seraus
2026 612 2077 634 me

1079 660 1134 692 per
1157 648 1277 682 litteras
1302 648 1443 690 Neapoli
1465 648 1554 682 datas
1579 649 1636 683 sub
1658 647 1755 681 finem
1781 650 1820 680 A.
1843 657 1933 689 1739.
1960 646 2080 678 certio-

1079 704 1146 725 rem
1169 691 1265 730 fecit,
1290 693 1434 726 indidem
1458 700 1583 725 excreta
1605 689 1696 724 fuiffe
1721 691 1760 724 ab
1783 691 1845 723 alia
1869 692 2000 723 muliere
2013 698 2078 721 nori

1078 737 1125 769 ita
1148 735 1272 777 pridem
1293 734 1427 769 infantis
1448 734 1597 768 officula.
1624 736 1673 767 Ex
1697 733 1880 767 abdominis
1891 742 1996 766 autem
2009 729 2081 763 abs-

1080 778 1210 815 ceslibus
1241 779 1303 812 hoc
1327 777 1436 812 nostro
1459 778 1575 812 saeculo
1597 777 1708 812 educta
1732 778 1870 815 Brixiae,
1893 779 1923 809 &
1947 773 2082 809 Vercel-

1082 824 1120 856 lis
1143 821 1284 855 soetuum
1309 823 1447 855 aliorum
1469 820 1534 855 offa
1558 820 1771 854 Vallisnerius
1795 819 1898 853 noster
1925 823 1936 858 (
1959 829 1978 851 a
1994 818 2030 861 )‚
2053 818 2085 848 δε

1083 865 1155 898 Cel.
1179 867 1341 899 Fautonus
1365 870 1375 903 (
1399 864 1417 898 b
1441 868 1454 905 )
1476 863 1698 898 tradiderunt.
1723 865 1824 896 Facile
1861 863 1929 895 aliae
1961 861 2083 894 fuerint

1085 918 1180 942 aetate
1204 908 1264 950 hac*
1286 908 1369 951 apud
1392 908 1541 941 nostrates
1566 907 1795 950 ejusdemmodi
1811 906 2086 941 Observationes,

1087 962 1223 995 quarum
1247 961 1300 985 aut
1325 953 1441 985 notitia
1465 952 1502 985 ad
1529 962 1579 983 me
1603 962 1667 984 non
1713 951 1915 992 pervenerit,
1958 957 2013 982 aut
2060 945 2086 979 si

1090 996 1257 1039 pervenit,
1280 996 1313 1026 in
1338 993 1502 1035 praesentia
1524 1004 1589 1027 non
1614 994 1838 1028 meminerim.
1863 992 1921 1026 Sed
1935 990 2092 1033 quoniam

1092 1038 1175 1072 nihil
1199 1040 1234 1071 in
1258 1039 1308 1071 Re
1332 1037 1460 1071 Medica
1484 1037 1584 1070 ferme
1608 1036 1649 1070 est
1672 1036 1760 1079 quod
1770 1036 2013 1077 exceptionibus
2024 1043 2091 1067 non

1093 1084 1131 1115 sit
1155 1081 1357 1119 obnoxium,-
1381 1080 1454 1114 ideo
1476 1092 1547 1123 quae
1570 1080 1608 1113 de
1633 1080 1802 1122 putredine
1826 1079 1922 1121 paulo
1947 1086 2018 1110 ante
2040 1076 2090 1109 di-

1090 1127 1147 1165 xi,
1169 1125 1192 1157 fi
1216 1135 1267 1157 aer
1292 1135 1355 1156 non
1381 1124 1511 1163 subeat,
1536 1122 1652 1162 serius,·
1674 1122 1695 1156 fi
1720 1134 1798 1156 vero
1819 1122 1948 1161 subeat,
1970 1122 2092 1158 citius,

1091 1173 1122 1203 &
1146 1168 1352 1210 periculosius
1376 1168 1589 1206 adveniente,
1613 1179 1648 1200 ea
1669 1165 1869 1208 plerumque,
1905 1175 1968 1197 non
2014 1162 2095 1196 sern-

1094 1223 1168 1257 pe1·‚
1193 1223 1266 1245 vera
1291 1209 1350 1244 effe
1377 1211 1493 1254 posui,
1518 1219 1588 1244 tum
1612 1210 1704 1247 aliis,
1727 1219 1799 1243 turn
1822 1207 1944 1242 duabus
1975 1206 2097 1239 Obser-

1095 1255 1284 1291 vationibus
1308 1254 1487 1295 addtietus,
1509 1265 1574 1289 uno
1596 1253 1773 1296 eodemque
1797 1263 1880 1285 anno
1893 1250 1987 1284 editis
2011 1252 2024 1289 (
2045 1248 2097 1297 c)

1098 1312 1114 1334 a
1139 1300 1230 1332 Viris
1252 1299 1305 1331 Cl.
1331 1297 1494 1332 Reusnero
1511 1324 1520 1339 ‚
1542 1299 1574 1332 &
1602 1298 1742 1332 Nebelio
1760 1321 1767 1329 .
1794 1296 1889 1329 Alter
1913 1296 2000 1328 enim
2034 1291 2099 1326 foe-

1101 1354 1171 1378 tum
1196 1344 1351 1385 proponit
1375 1342 1670 1386 quinquemestrem
1693 1344 1727 1376 in
1761 1350 1853 1375 utero
1898 1346 2065 1371 mortuum
2089 1358 2103 1376 ,

1101 1397 1262 1429 eumque,
1288 1385 1343 1419 etsi
1365 1388 1410 1419 ob
1433 1396 1572 1421 retentas
1597 1386 1688 1420 simul
1713 1384 1873 1419 Secundas
1901 1407 1909 1423 ἢ
1946 1384 1977 1414 &
2007 1389 2104 1422 aquas

1100 1432 1164 1465 aeri
1190 1429 1295 1463 aditus
1319 1440 1382 1462 non
1408 1431 1561 1471 patebat,
1583 1440 1691 1465 tamen
1716 1430 1785 1472 post
1821 1427 1941 1470 viginti
1965 1449 1977 1467 ,
2021 1421 2107 1457 haud

1099 1473 1234 1516 amplius
1248 1497 1257 1513 ,
1280 1472 1498 1507 hebdomadas
1523 1474 1684 1507 exclusum
1707 1473 1866 1507 teterrimo
1889 1483 1959 1505 cum
1975 1467 2108 1517 foetore..

1097 1519 1189 1552 Alter
1214 1528 1289 1549 vero
1313 1525 1478 1550 maturum
1505 1516 1625 1550 foetum
1649 1518 1801 1559 legitimo
1828 1526 1973 1557 tempore
1998 1509 2110 1561 prodi-

1098 1575 1131 1596 re
1154 1571 1347 1599 conantem,
1371 1558 1423 1593 sed
1446 1559 1515 1602 post
1538 1572 1695 1602 aquarum
1720 1559 1899 1597 effluxum,
1925 1558 1971 1591 sui
1995 1559 2110 1589 interi-

1100 1615 1152 1638 tus
1175 1604 1262 1645 ligna
1286 1613 1379 1637 tanto
1403 1604 1541 1636 certiora
1565 1604 1783 1645 praebentem,
1819 1601 1907 1643 quod
1954 1600 2113 1644 proximis

1101 1647 1314 1683 hebdomadis
1349 1643 1485 1688 foetidus
1531 1646 1573 1679 Θ
1611 1644 1867 1689 sanguinolentus
1912 1644 1997 1677 ichor
2040 1653 2112 1676 cum

1103 1689 1374 1728 membranarum,
1394 1688 1605 1731 fibrarumque
1630 1689 1829 1731 ramosarum
1866 1686 2015 1732 frustulis
2057 1696 2114 1728 per

1103 1732 1265 1769 muliebria
1291 1731 1460 1776 effluebat,
1480 1732 1618 1775 denique
1642 1735 1675 1766 in
1702 1732 1841 1767 sceleton
1866 1733 2059 1770 abeuntem,
2083 1739 2118 1763 ut

1103 1779 1243 1820 crepitus
1268 1778 1381 1810 offium
1406 1777 1574 1809 audiretur
1599 1775 1855 1818 quotiescunque
1882 1776 1997 1808 mulier
2043 1785 2133 1807 cor-⁴

1105 1833 1163 1864 pus
1189 1820 1371 1854 antrorsum
1385 1841 1393 1856 ,
1421 1829 1475 1853 aut
1501 1820 1675 1853 retrorsum
1690 1818 1840 1855 flectebat
1853 1842 1862 1857 ,
1885 1819 1972 1852 nulla
1986 1828 2095 1851 tamen
2109 1838 2119 1853 ,

1109 1876 1182 1907 quae
1229 1871 1424 1896 memoretur
1440 1886 1451 1903 ,
1478 1861 1564 1896 febre
1581 1886 1589 1900 ‚
1638 1873 1691 1896 aut
1735 1862 1825 1903 gravi
1875 1863 1938 1895 alio
1988 1865 2119 1895 intona<

1110 1908 1209 1941 modo
1232 1906 1441 1946 conflictata,
1464 1907 1533 1939 imo
1552 1907 1621 1948 jam
1641 1916 1696 1947 per
1720 1913 1783 1939 tres
1809 1916 1904 1939 annos
1926 1905 1989 1939 offa
2013 1907 2066 1939 illa
2085 1906 2118 1937 in

1112 1961 1205 1985 utero
1250 1950 1371 1992 gestans
1415 1950 1496 1983 citra
1513 1951 1667 1992 sanitatis
1689 1947 1898 1991 dispendium.
2033 1950 2119 1981 Uti-

1109 2006 1183 2028 nam
1208 2005 1286 2044 verq
1307 1992 1401 2026 sicuti
1425 1995 1565 2027 emortui
1590 2002 1878 2043 ton-praeterens
1901 2003 1985 2035 quos
2029 2004 2120 2026 com-

1110 2048 1381 2077 memoravimus,
1406 2046 1515 2079 partus
1540 2047 1622 2070 intra
1647 2046 1788 2070 Vlventis
1815 2047 1927 2070 matris
1971 2047 2118 2070 ventrem

1109 2083 1166 2115 diu
1192 2081 1402 2123 Sepulchrum
1425 2080 1629 2118 habuerunt3
1655 2081 1702 2112 ita
1726 2080 1833 2121 plures
1857 2081 1927 2112 vivi
1963 2079 2023 2122 ipsi
2058 2091 2120 2113 una

1111 2137 1185 2160 cum
1209 2135 1338 2158 mortua
1363 2133 1461 2157 matre
1485 2134 1550 2157 non
1574 2124 1807 2159 humarentur,
1833 2133 1889 2157 aut
1912 2122 1986 2157 satis
2033 2134 2119 2157 tem-

1110 2181 1187 2211 pore
1212 2181 1252 2202 ex
1276 2167 1344 2209 ejus
1367 2168 1517 2201 cadavere
1541 2176 1748 2202 eruerentur.
1773 2168 1898 2201 Verum
1930 2168 2008 2202 dum
2042 2170 2121 2201 Pro·

1110 2213 1213 2246 sector
1235 2212 1416 2254 quaeritur,
1439 2212 1517 2246 dum
1542 2211 1734 2251 accerfflur,
1756 2210 1835 2245 dum
1860 2212 1947 2244 venit
1961 2237 1969 2253 ‚
1993 2211 2072 2253 saepe
2093 2213 2120 2244 ii

1111 2257 1169 2299 qui
1191 2256 1363 2293 vivebant,
1390 2255 1562 2289 debiliores
1587 2254 1782 2299 praesertim,
1807 2253 1947 2288 infantes
1972 2256 2120 2288 moriun-

1114 2310 1166 2333 tur
1182 2321 1190 2337 ‚
1217 2298 1334 2333 frustra
1359 2300 1558 2333 mulierculis
1581 2321 1594 2339 ,
1636 2299 1752 2332 virisve
1795 2299 1891 2333 etiam
1937 2299 2086 2340 plurimis
2110 2324 2120 2339 ,

1114 2354 1203 2386 :eque
1230 2355 1262 2375 ac
1287 2341 1360 2385 ipsae
1378 2366 1388 2381 ,
1409 2343 1564 2381 rudibus,
1588 2346 1619 2376 δι
1643 2341 1782 2377 inscitiae
1817 2342 1919 2385 plenis
1944 2367 1953 2383 ‚
1999 2344 2120 2377 interea

1115 2388 1194 2420 dum
1217 2387 1272 2420 ille
1297 2388 1429 2426 veniat,
1453 2396 1489 2420 ut
1514 2388 1626 2421 matris
1649 2398 1683 2420 os
1709 2395 1856 2429 apertum
1883 2386 2023 2421 servetur
2064 2398 2120 2420 cu-

1112 2432 1285 2469 rantibus,
1308 2430 1438 2472 quando
1463 2432 1573 2473 potius
1604 2441 1678 2464 cum
1715 2431 1822 2472 aliqua
1868 2430 2022 2464 utilitatis
2067 2430 2119 2473 spe

1111 2474 1213 2510 danda
1235 2485 1331 2515 opera
1355 2472 1445 2510 esset,
1470 2483 1505 2507 ut
1531 2477 1650 2507 interea
1675 2477 1813 2515 parentis
1838 2485 1975 2516 corpus,
1997 2476 2119 2508 &ven-

1113 2527 1162 2551 ter
1185 2517 1382 2560 potiffimum
1394 2532 1414 2556 ‚v
1427 2517 1532 2550 calens
1555 2518 1751 2554 servaretur,
1776 2520 1900 2551 ratione
1913 2517 1945 2550 id
1958 2529 2119 2560 praemon..

1113 2562 1252 2598 stranoe,
1275 2563 1305 2593 &
1329 2561 1494 2603 Stalpartii
1518 2560 1579 2595 filii
1604 2562 1668 2601 (d)
1692 2562 1725 2594 in
1750 2562 1837 2595 canis
1861 2561 2000 2595 foetibus
2023 2573 2117 2604 expe-

1110 2607 1252 2639 rimento
1277 2604 1527 2646 comprobante.
1552 2604 1749 2638 Membranis
1770 2606 2031 2639 eniminvolutos
2045 2617 2120 2639 cum
2168 2638 2171 2639 γ
2208 2646 2210 2648 ¹

1114 2650 1149 2682 in
1175 2659 1289 2690 aquam
1314 2647 1455 2689 tepidam
1480 2646 1685 2688 immisisset,
1709 2649 1805 2683 etiam
1830 2649 1898 2690 post
1922 2649 2117 2691 aliquotho-

1113 2703 1163 2725 ras
1187 2691 1293 2734 pulsus
1317 2703 1426 2725 eorum
1451 2692 1598 2724 invenit.
1623 2692 1716 2732 Qin
1741 2704 1781 2725 ex
1804 2693 1919 2727 illustri
1944 2695 1977 2725 iu
2011 2692 2116 2727 Silelia

1115 2737 1268 2769 Matrona
1293 2736 1342 2777 (e
1366 2739 1397 2774 ),
1423 2745 1496 2768 ante
1520 2735 1613 2769 horas
1636 2745 1776 2778 quatuor
1798 2734 1861 2777 jam
1886 2747 2034 2773 mortua,
2059 2737 2116 2770 ad-

1114 2780 1244 2812 veniens
1266 2779 1394 2812 tandem
1421 2778 1609 2818 prosector,
1632 2777 1742 2811 inciso
1767 2778 1938 2812 abdomine
1961 2804 1970 2819 ,
2003 2789 2117 2813 utero-

1111 2835 1192 2866 que,
1218 2823 1380 2855 viventem
1404 2823 1543 2855 extraxit
1568 2822 1732 2864 puellum,
1755 2832 1828 2855 cum
1851 2823 1972 2856 interea
2017 2823 2128 2864 usque⁸

1114 2867 1262 2900 ad²illius
1287 2865 1457 2898 adventurn
1482 2863 1601 2906 jugiter
1616 2862 1741 2906 fotibus
1768 2865 1967 2908 soiriruofis,
2012 2865 2116 2908 balsa-

1113 2921 1162 2944 mo
1185 2908 1380 2950 embryonum
1390 2927 1407 2947 ,r
1424 2909 1556 2949 vinoque
1575 2907 1714 2949 generoso
1738 2909 1908 2942 aromatico
1929 2920 1996 2943 cum
2019 2910 2114 2943 culci-

1115 2954 1177 2987 tris
1199 2952 1309 2986 calidis
1333 2952 1483 2984 extinecae
1508 2962 1650 2985 ventrem
1675 2951 1783 2985 fovere
1808 2962 1871 2985 non
1902 2953 2078 2987 omisissent
2105 2978 2114 2993 ,

1117 2997 1192 3030 inde
1217 2996 1347 3028 minime
1370 2994 1515 3028 deterriti
1539 2994 1627 3037 quod
1651 2994 1775 3029 nullum
1800 2996 1831 3028 in
1857 3006 1950 3029 utero
1984 3007 2112 3031 motum

1116 3041 1316 3082 perciperent
1334 3063 1342 3078 ,
1365 3047 1401 3071 ut
1423 3038 1542 3079 opinor
1557 3063 1571 3076 ,Α
1592 3037 1708 3080 Neque
1732 3039 1816 3071 enim
1864 3039 2113 3075 Observationis

1115 3084 1252 3126 scriptor
1276 3081 1343 3114 haec
1367 3082 1524 3122 continuo
1547 3080 1746 3123 subjecisset,
1783 3094 1852 3123 quae
1898 3082 2113 3125 saepenumero

1111 3127 1183 3161 sunt
1207 3136 1295 3158 vera:
1318 3125 1408 3157 Vivit
1432 3125 1511 3157 enim
1535 3132 1570 3157 ut
1590 3125 1761 3166 plurimum
1778 3125 1898 3170 foetus,
1936 3137 2112 3169 quanquam

1111 3181 1169 3204 non
1187 3169 1307 3211 semper
1333 3175 1437 3210 aperte
1460 3176 1643 3203 moveatur.
2124 3169 2128 3173 '

1149 3225 1203 3256 43.
1226 3214 1308 3259 Satis
1331 3211 1368 3244 de
1393 3212 1645 3252 parturientibus
1669 3238 1676 3246 .
1722 3214 1823 3248 Nunc
1866 3225 2023 3257 perpauca
2069 3216 2108 3249 de

1107 3258 1269 3300 puerperis
1313 3265 1442 3297 quoque
1490 3255 1640 3289 addamus
1673 3282 1681 3289 .
1730 3257 1875 3291 Pertinet
1926 3258 1989 3291 huc
2033 3259 2110 3292 Ob-

1107 3301 1245 3334 servatio
1268 3309 1364 3341 quam
1389 3297 1492 3339 pridie
1516 3297 1591 3331 Idus
1617 3300 1752 3341 Augusti
1798 3302 1843 3334 A.
1894 3311 1989 3343 1707,
2034 3313 2109 3335 cum

1107 3343 1305 3378 Doctiffimis
1351 3341 1477 3374 Amicis
1523 3342 1662 3375 Venetis
1693 3365 1705 3382 ,
1751 3345 1924 3377 Santorino
1968 3346 2000 3377 in
2043 3347 2110 3386 pri-

1109 3388 1168 3421 mis
1192 3409 1200 3425 ‚
1248 3384 1441 3421 habuimus,
1465 3386 1494 3417 δε
1536 3384 1574 3419 de
1618 3397 1680 3427 qua
1724 3397 1788 3419 non
1812 3387 1907 3421 semel
1929 3388 1962 3420 in
1983 3388 2111 3422 Adver-

1111 3430 1202 3465 sariis
1226 3431 1289 3464 IV.
1313 3426 1399 3470 (f)
1422 3429 1622 3461 mentionem
1645 3428 1834 3471 injecimus.
1860 3431 1958 3467 Nunc
2004 3438 2110 3467 totam

1112 3476 1240 3517 accipe.
1630 3516 1665 3549 H
1688 3516 1710 3550 h
1894 3527 1936 3560 44
1971 3518 2053 3552 MU

69 3623 2105 3642 Q

118 3705 132 3732 (
148 3705 191 3734 q)
208 3704 223 3727 l.
243 3703 309 3732 supra
326 3702 356 3726 ad
372 3709 396 3725 nr
415 3709 451 3731 3¹·
468 3702 512 3727 cit.
527 3709 549 3727 c.
570 3711 604 3733 ¹7·
622 3705 659 3728 25.
677 3712 716 3734 50·

121 3735 136 3764 (
152 3744 167 3758 u
183 3736 193 3765 J
210 3734 302 3758 Differ-t.
320 3730 350 3757 de
367 3739 391 3756 re
407 3733 536 3757 monstrosa
552 3742 592 3763 per
609 3736 702 3760 urinam
717 3743 824 3763 excreta.

121 3766 136 3793 (
149 3773 166 3793 z
181 3767 194 3793 )
213 3765 249 3789 lb.
270 3773 293 3788 n.
313 3772 351 3793 3¹-
413 3764 428 3791 C
443 3773 457 3787 a
473 3764 488 3792 2
505 3764 588 3790 lstoria
605 3767 666 3790 della
683 3769 801 3793 Generaz.
819 3771 846 3793 Ρ.
862 3777 885 3794 2.
904 3778 924 3795 c.
944 3778 978 3797 17.
997 3777 1023 3793 n.
1042 3777 1077 3798 ¹7-

120 3796 134 3823 (
149 3803 161 3818 a
179 3810 186 3825 s
204 3797 263 3829 Epi).
282 3797 314 3819 N.
331 3797 361 3819 C·
378 3795 476 3822 Cenns.
493 3795 595 3822 Obitu.
612 3799 632 3821 ὅ(
650 3798 743 3824 Genus.
761 3799 860 3829 obfisz.

123 3825 189 3854 (f)
206 3826 335 3851 Animadv.
353 3829 389 3849 26.
407 3827 444 3855 27.'
462 3833 501 3855 39.
517 3835 554 3856 43.
571 3836 608 3857 45.

778 3705 788 3735 (
803 3715 815 3732 ν
829 3707 844 3737 )
859 3708 950 3733 Monit.
968 3707 1061 3731 Medic,
1078 3717 1100 3733 c.
1118 3718 1156 3740 ις.
1176 3711 1236 3737 sest.
1255 3719 1277 3741 ς.

887 3741 894 3769 ς
913 3747 927 3764 x
946 3740 953 3768 )
970 3739 1055 3763 Relaz.
1072 3739 1117 3764 int.
1134 3741 1158 3765 al
1173 3744 1253 3766 cadav.
1272 3741 1338 3765 d'un
1356 3743 1414 3764 Feto
1429 3742 1451 3765 δι
1468 3748 1521 3767 caet.

922 3801 935 3829 ζ
950 3801 966 3824 d
983 3801 996 3829 )
1014 3801 1119 3826 Exercit.
1135 3803 1165 3826 de
1181 3804 1273 3829 Nutrit.
1291 3805 1354 3828 Foet.
1371 3803 1386 3833 §
1398 3811 1435 3832 41.
1453 3804 1479 3829 in
1495 3804 1558 3829 fine.

1339 3711 1353 3740 (
1365 3706 1404 3739 s)
1422 3717 1446 3734 n.
1462 3719 1499 3740 4¹·
1561 3712 1575 3741 (
1591 3717 1601 3734 t
1614 3710 1628 3738 )
1646 3710 1758 3739 Chirurg.
1775 3708 1791 3734 r.
1810 3719 1832 3733 2.
1850 3717 1871 3734 c.
1887 3710 1928 3739 76.

1582 3742 1594 3770 (
1609 3748 1624 3771 y
1641 3748 1649 3769 )
1668 3742 1721 3768 lnst.
1739 3741 1803 3764 d'un
1819 3741 1878 3765 Feto
1895 3743 1917 3766 ει
1935 3745 1989 3765 eaet.

1139 3773 1152 3800 (
1168 3772 1182 3795 b
1197 3772 1211 3802 )
1228 3776 1263 3798 De
1279 3772 1337 3796 Obs-
1354 3773 1423 3797 Med.
1441 3775 1464 3796 δι
1482 3776 1554 3797 Anat.
1571 3772 1641 3802 Epist.
1660 3783 1684 3802 7.

1620 3804 1628 3834 (
1649 3813 1659 3829 ε
1678 3805 1686 3837 )
1704 3801 1766 3832 Eph-
1784 3803 1817 3827 N.
1836 3806 1865 3829 C.
1882 3802 2052 3834 Cant-3.0bs.
2064 3812 2100 3834 57.
