2498 4075
421 221 574 287 Epist.
612 220 776 273 Anat.
812 217 1032 272 Medica
1068 216 1222 272 XIX.
1260 217 1671 283 Art.47.48.49.
1697 217 1845 279 δζςο.

2020 217 2113 281 ι89

109 307 285 340 quaeremus
308 308 346 331 ex
368 299 481 332 matris
504 296 668 339 praegreffis
682 319 696 336 ,
717 306 771 331 aut
786 295 996 340 praesentibus
1006 297 1119 330 etiam·
1167 304 1280 334 terna,
1303 303 1357 328 aut
1379 305 1508 330 externa
1529 295 1602 335 vis,
1628 294 1731 329 adhuc
1753 292 1873 328 viventi
1887 292 1987 326 illatae
2002 317 2012 331 ,
2036 293 2183 330 indicias

112 350 184 375 turn
218 341 339 374 morbis
361 365 374 382 ‚
404 354 443 375 ex
475 350 583 382 partus
612 338 806 374 difficultate
831 363 843 380 ,
876 350 915 374 ex
958 339 1118 374 cadaveris

112 384 211 427 ipsius
235 383 371 418 infantis
393 383 627 418 constitutione
649 407 661 423 ,
685 384 818 427 aliisque
851 381 1086 425 ejusdemmodi
1109 396 1119 417 .·

113 439 256 471 quorum
281 427 303 461 si
328 428 415 462 nulla
440 427 523 467 sint,
544 438 644 469 neque
668 427 754 461 aliud
778 425 903 466 obstet,
925 429 1005 471 quin
1032 437 1119 459 mor-

113 481 187 506 tuus
210 470 337 506 emissus
361 469 481 510 fuerit,
506 482 571 503 non
593 469 832 505 dubitabimus.
970 469 1031 503 Sed
1043 481 1121 504 con-

112 524 162 549 tra
184 513 313 548 evidens
337 516 422 555 erit,
445 525 509 546 non
533 513 617 556 posse
642 525 699 547 nos
721 514 816 550 fidere
848 515 939 557 signo
974 513 1122 556 propoli-

112 569 170 596 το,
193 556 347 602 siquando
370 558 538 601 pulmones
564 567 629 589 non
652 557 707 591 illa
744 559 885 591 naturali
907 581 920 598 ,
954 560 988 591 δε
1021 557 1120 592 foetus

109 603 264 646 propria,
289 601 340 635 sed
362 600 510 636 morbosa
533 601 689 642 gravitate
711 601 864 644 praeditos
889 600 1120 635 animadverte-

111 657 204 684 mus5
228 646 276 678 vel
299 643 389 688 quod
414 643 587 684 scirrholi,
610 645 661 678 vel
685 644 775 688 quod
808 645 1004 679 inflammati
1026 669 1037 685 ,
1069 646 1118 678 vel

109 690 200 736 quod
224 688 365 723 infaretu
387 698 581 731 quocunque
604 689 678 720 alio·
693 689 789 731 usque
812 688 891 723 adeo
917 687 1023 721 asl'effiti
1039 688 1124 731 sint,

110 744 148 769 ut
173 734 222 768 vel
244 732 267 767 fi
290 731 395 767 adulti
420 729 563 764 hominis
587 731 708 772 essent,
731 743 796 765 non
823 730 947 774 possent
970 736 1124 767 tamenin

111 778 233 813 summa
256 788 272 809 a
299 787 337 809 ua
360 774 547 815 consistere,
571 775 662 818 quod
685 774 851 818 plerique,
887 778 921 809 &
953 787 1010 808 nos
1040 789 1125 820 quo-

110 834 172 864 que
194 823 277 854 inter
302 830 355 852 um
378 820 501 861 experti
527 818 632 853 sumus
648 843 655 850 .
682 819 772 852 Nam
797 822 830 855 δε
854 820 888 852 in
914 818 1050 854 foetibus
1072 822 1125 854 in-

110 866 230 901 farctus
253 862 410 906 ejusmodi
436 863 563 906 aliquos
585 862 643 896 esse
667 861 776 905 posse,
808 874 884 896 cum
917 864 1003 896 ratio
1037 864 1126 898 indi·

109 914 184 949 cat,
209 917 279 942 tum
311 906 496 940 observatio
526 906 702 940 confirmat
726 931 738 947 ,
773 915 809 940 ut
843 906 927 949 apud
962 907 1125 941 Zellerum

108 955 125 992 (
146 963 166 985 n
190 954 201 989 )
226 951 282 985 illa
306 951 340 985 in
363 950 470 984 vitulo
492 949 624 987 habita,
648 951 705 993 qui
728 951 851 983 vixerat
876 949 914 982 ad
949 949 1127 985 dimidium

110 995 201 1029 horae
223 1020 232 1028 .
369 993 472 1037 Quod
505 993 528 1027 fi
559 994 629 1036 ipsa
663 993 802 1036 denique
834 991 1005 1026 suffocatio
1037 995 1130 1037 poffit

110 1048 341 1081 nonnunquam
364 1038 500 1071 infantis
524 1038 691 1080 pulmones
713 1046 803 1071 tanta
842 1036 1003 1080 sanguinis
1037 1039 1131 1082 copia

107 1081 272 1121 obruere,
294 1090 412 1124 quanta
436 1081 572 1117 obrutos
606 1082 640 1114 in
673 1080 875 1127 strangulatis
911 1080 1029 1115 adultis
1062 1094 1128 1115 me-

111 1126 310 1159 moravimus
333 1128 347 1164 (
370 1137 385 1158 o
408 1129 421 1165 )
444 1136 483 1158 ex
506 1125 671 1165 aliorum,
710 1128 743 1158 &
774 1124 911 1158 Harveii
943 1126 978 1157 in
1015 1127 1127 1168 primis

114 1169 359 1208 observatione;
381 1179 446 1202 non
471 1168 500 1202 se
523 1178 628 1202 tamen
653 1169 719 1210 ipsa
745 1167 801 1202 sub
834 1168 1003 1211 propofito
1034 1168 1126 1213 signo

113 1213 278 1246 occultare
301 1214 424 1255 poterit
450 1211 638 1246 suffocatio.
662 1212 816 1254 Namque
838 1222 874 1245 ut
900 1211 995 1255 hujus
1019 1224 1126 1246 exter-

113 1267 154 1289 na
178 1258 289 1289 omnia
309 1254 448 1290 deessent
471 1255 613 1293 indicia3
638 1264 671 1288 at
692 1265 778 1289 certe
802 1255 864 1288 alia
888 1267 923 1289 ac
955 1256 1054 1292 soleat
1067 1256 1125 1291 esse

113 1300 148 1332 in
172 1298 279 1339 stetu,
303 1299 497 1342 pulmonum
509 1300 724 1338 constitutio,
748 1301 781 1332 ἃ
796 1300 1030 1341 amplificatum
1045 1312 1127 1342 prae..

108 1343 221 1378 sertim
245 1344 397 1377 volumen
420 1344 630 1380 admonerent
644 1365 653 1380 ‚
679 1354 717 1376 ne
739 1342 864 1377 tametsi
888 1341 974 1380 forte
996 1346 1029 1378 in
1043 1344 1127 1377 sum-

107 1398 160 1420 ma
184 1398 264 1431 aqua
289 1398 353 1420 non
377 1389 582 1428 innatarent,
607 1386 682 1424 huic
715 1385 805 1430 signo
837 1396 955 1420 temere
989 1386 1129 1421 credere-

107 1442 199 1466 mus.
225 1433 381 1466 Praeterea
405 1435 439 1465 in
470 1433 511 1465 iis
543 1432 602 1475 qui
637 1441 738 1464 aerem
770 1431 923 1467 duxerint
945 1454 958 1471 ,
994 1431 1129 1465 difficile

106 1475 171 1515 est,
193 1486 231 1507 ne
254 1475 374 1518 aliquae
398 1474 591 1518 pulmonum
627 1474 796 1517 particulae
832 1483 960 1508 tantum
993 1487 1033 1508 ex
1067 1475 1129 1508 illo

106 1520 286 1557 retineant,
313 1527 349 1552 ut
373 1517 635 1553 descendentibus
657 1519 805 1559 caeteris,
829 1517 905 1561 ipsae
938 1530 1003 1551 non
1039 1519 1130 1554 inna—

105 1571 201 1597 tent:
225 1573 298 1605 quae
321 1563 489 1605 particulae
513 1572 585 1599 tum
608 1562 723 1601 aliter,
747 1571 818 1597 tum
843 1560 973 1608 discisso
997 1562 1030 1594 in
1056 1573 1130 1604 par-

105 1615 154 1640 tes
180 1606 357 1648 pulmone,
381 1609 413 1639 &
435 1605 567 1649 fingulis
592 1607 626 1639 in
651 1605 961 1648 aquamconjeffis,
986 1605 1129 1648 diligen-

105 1660 155 1684 ter
178 1649 250 1685 sunt
274 1661 291 1682 a
316 1649 410 1682 nobis
434 1651 468 1683 in
491 1649 580 1688 hoc,
603 1651 637 1682 &
669 1649 705 1681 in
745 1647 965 1690 superioribus
998 1649 1127 1685 duobus

107 1693 230 1729 casibus
254 1692 480 1735 inquirendae,
503 1704 541 1729 ne
565 1691 661 1729 facile
684 1704 701 1728 a
725 1691 900 1726 subfidente
924 1693 1079 1739 pulmone
1091 1695 1126 1730 in

104 1748 242 1772 errorem
265 1735 455 1772 trahamur.

147 1793 202 1823 47.
227 1780 280 1813 N·
306 1791 383 1814 vero
404 1779 546 1823 eiusdem
570 1780 700 1814 visceris
732 1788 860 1814 natatus
892 1780 1027 1815 viciffim
1061 1783 1126 1815 im—

106 1833 231 1867 ponat3
256 1823 339 1858 illud
364 1825 508 1867 primum
533 1823 710 1866 cavendum
733 1822 800 1865 est,
822 1835 865 1857 ne
885 1824 1008 1858 tametsi
1023 1826 1125 1859 Doffi

105 1869 182 1902 Viri
205 1878 272 1900 non
298 1867 463 1902 defuerint
486 1870 544 1911 qui
568 1866 713 1903 foetuum
748 1868 917 1911 pulmones
952 1868 1127 1911 conspexe-

103 1913 171 1948 rint
189 1912 294 1946 etiam
317 1911 387 1954 post
410 1912 565 1946 summam
589 1911 795 1954 putredinem
817 1911 859 1945 ad
881 1911 1022 1953 fundum
1035 1924 1128 1947 ruen-

105 1966 176 1996 tes;
199 1965 270 1989 vera
293 1964 401 1991 tamen
423 1967 477 1990 eos
499 1954 675 1999 scripsisse,
698 1967 873 1999 negemus,
910 1958 966 2000 qui
1000 1966 1128 1991 contra—

108 2002 195 2035 rium
217 1997 330 2033 vidisse
355 1998 406 2036 se,
429 1999 610 2034 affirmant:
636 2011 717 2041 quos
742 2002 827 2032 inter
850 2000 1052 2034 Clarissimus
1085 1999 1128 2034 est

106 2041 266 2080 Professor
290 2042 458 2079 Weiffius.
483 2043 588 2086 Cujus
611 2041 728 2086 filegas
741 2043 1013 2078 Observationem
1037 2047 1126 2086 (p);

106 2088 197 2122 ultro
220 2086 351 2135 fatearis
377 2110 389 2127 ,
422 2088 481 2131 qui
506 2099 681 2130 numquam
705 2088 832 2122 haurire
855 2099 959 2123 aerem
983 2090 1128 2131 potuerit

107 2132 229 2178 foetus,¹
247 2141 314 2172 ejus
326 2130 522 2172 putescentis
534 2132 703 2174 pulmones
714 2142 779 2165 non
790 2132 886 2166 aliam
899 2132 942 2165 ob
951 2132 1078 2165 causam
1091 2131 1130 2167 ad

106 2176 231 2211 taQum
256 2173 347 2211 §uisse
373 2174 553 2218 spongiosos
568 2200 578 2214 ,
602 2178 635 2208 δε
660 2176 695 2207 in
718 2186 835 2218 aquam
860 2175 998 2216 injectos
1014 2174 1129 2216 super-

104 2216 246 2262 natasse,
269 2217 329 2250 nifi
353 2218 446 2261 quod
467 2218 658 2259 putredine,
695 2228 799 2250 aerem
829 2218 995 2251 evolvente
1018 2240 1031 2257 ,
1059 2217 1129 2260 jam

106 2260 218 2305 infesti
241 2269 332 2297 erant
350 2285 359 2293 .
382 2259 572 2303 Eodemque
596 2258 743 2304 spectasse
775 2260 968 2295 crediderim
992 2285 1001 2300 ,
1037 2259 1126 2294 Frid.

105 2302 314 2347 Ruyschium
337 2306 353 2343 (
375 2314 394 2345 q
416 2306 451 2343 ),
475 2314 550 2337 cum
574 2302 722 2346 scripsit,
748 2314 907 2346 nunquam
928 2304 1046 2349 liquori
1069 2304 1128 2347 su-

106 2355 355 2393 pernataturnm
371 2346 554 2388 pulmonem
575 2344 649 2381 bene
670 2345 876 2386 constitutum
891 2370 903 2386 ‚
923 2347 952 2389 fi
967 2345 1070 2389 foetus
1095 2349 1129 2380 in

108 2400 196 2425 utero
220 2398 362 2427 materno
385 2390 565 2430 moriatur,
586 2388 644 2423 ubi
668 2389 707 2424 de
730 2389 797 2423 illis
819 2389 947 2432 questus
970 2390 1014 2423 est
1038 2414 1047 2429 ,
1069 2391 1129 2433 qui

110 2432 169 2467 fibi
194 2435 276 2470 olim
300 2445 335 2466 ea
358 2434 392 2466 in
424 2443 457 2465 re
490 2431 742 2466 adversabantur
766 2456 778 2473 ,
808 2445 880 2475 quae
913 2432 1129 2467 controversia

108 2477 193 2513 haud
217 2477 283 2510 scio
306 2487 344 2511 an
369 2487 403 2508 ea
428 2476 526 2510 fuerit
548 2500 561 2516 ,
597 2475 691 2519 cujus
715 2476 833 2510 alicubi
867 2479 880 2516 (
904 2488 919 2509 r
942 2479 955 2519 >
987 2478 1129 2510 mentio-

107 2532 182 2555 nem
203 2519 313 2563 injicit
338 2518 558 2554 Boerhaavius
576 2544 583 2552 .
607 2521 695 2553 Cum
717 2531 794 2562 ergo
817 2520 1004 2562 pulmonem
1039 2518 1128 2554 haud

107 2564 181 2599 bene
202 2562 427 2603 constitutum5
453 2561 504 2596 sed
530 2562 698 2606 putredine
721 2562 881 2597 infeffmm
904 2562 1127 2605 deprehende-

109 2609 236 2645 rimus,-
260 2605 385 2639 etiamfi
409 2608 443 2639 in
467 2617 546 2649 aqua
572 2616 687 2646 natet;
709 2618 773 2640 non
798 2615 969 2650 propterea
1003 2605 1125 2641 foetum

105 2649 163 2688 esse
184 2650 296 2684 vivum
317 2650 441 2684 editum
462 2674 475 2691 ,
510 2650 815 2692 pronunciabimus.
950 2650 1126 2694 Multoque

109 2697 208 2729 etiam
229 2695 359 2731 minus,
382 2693 637 2738 quandocunque
661 2694 839 2736 probabilis
862 2693 1005 2739 suspicio
1027 2695 1090 2729 erit
1113 2717 1128 2735 ,

107 2740 191 2775 inter
215 2737 305 2781 ipsos
342 2736 544 2772 difficilioris
578 2748 690 2780 partus
721 2747 886 2778 conatus,
920 2739 1026 2781 ruptis
1061 2737 1127 2781 jam

108 2782 305 2817 membranis
328 2780 464 2823 potuisse
488 2793 589 2815 aerem
612 2781 725 2817 ducere
747 2781 932 2826 priusquam
956 2784 993 2815 in
1013 2793 1046 2814 ea
1057 2793 1129 2815 mo-

110 2838 145 2860 ra
168 2823 272 2869 postea
297 2835 468 2865 mortuus,
491 2825 658 2864 ederetur,
680 2825 956 2868 quemadmodum
975 2824 1128 2860 Palfinius

109 2880 241 2913 quoque
263 2872 277 2908 (
293 2868 320 2912 s
333 2871 343 2907 )
368 2869 452 2902 inter
475 2878 606 2905 caeteros
630 2868 821 2904 admonuit:
846 2881 1033 2912 quanquam
1056 2868 1126 2904 fieri

108 2911 316 2955 vixrpotest,
338 2920 375 2945 ut
397 2913 431 2945 in
455 2911 543 2954 hoc,
565 2915 598 2947 δε
621 2913 775 2956 proximo
799 2912 960 2955 superiore
970 2913 1042 2947 casu
1055 2925 1127 2947 rnu-

108 2955 254 2992 .1ierculae
277 2954 391 2990 astutia
414 2955 589 2997 fallamur,
611 2968 685 2991 cutn
710 2956 880 3001 adjutrices
903 2968 1016 2991 manus
1039 2966 1124 2992 uter-

112 3011 175 3044 que
198 3000 364 3043 requirat,
388 3010 489 3043 neque
512 3000 587 3034 satis
611 3001 742 3041 occuli,
764 3009 820 3034 aut
844 2999 924 3042 fingi
960 3012 1033 3043 quae
1068 3011 1122 3036 aut

118 3043 330 3085 praecedunt,
352 3051 408 3077 aut
429 3045 654 3082 comitantur,
679 3054 734 3078 aut
758 3042 1018 3087 subsequuntur,
1040 3043 1123 3078 faci-

112 3086 142 3119 le
166 3086 302 3128 poffint.
439 3087 497 3122 Sed
522 3097 635 3122 contra
657 3088 779 3123 nullius
802 3089 929 3130 negotii
952 3086 1024 3122 esset
1043 3111 1052 3127 ,
1082 3089 1125 3122 il-

115 3130 174 3165 lud
197 3130 353 3166 ultimum
377 3130 545 3167 mulierem
567 3131 801 3172 comminisci,
824 3130 854 3165 se
879 3140 1013 3165 mortuo
1035 3131 1126 3168 edito

114 3172 260 3215 infanti,
282 3185 356 3209 cum
379 3173 566 3215 semivivum
588 3175 782 3210 existimaret
797 3202 806 3216 ‚
831 3187 954 3216 aerem,
977 3176 1011 3209 in
1024 3187 1061 3212 os
1073 3188 1126 3210 va·-

115 3217 234 3251 lentius
258 3216 417 3253 sufflando
438 3240 451 3258 ,
482 3230 550 3261 quo
582 3220 620 3253 ad
651 3219 870 3263 respirandum
901 3220 1121 3260 excitaretur,

115 3258 278 3299 immisisse
298 3273 306 3296 .·
331 3272 368 3293 eo
391 3261 494 3303 igitur
517 3273 584 3297 aere
606 3264 795 3306 pulmones,
830 3265 865 3297 in
898 3275 980 3307 aqua
1012 3275 1125 3301 natan-

115 3315 187 3345 tes,
209 3304 363 3339 distentos
386 3303 444 3340 effe
464 3330 472 3338 .
506 3305 598 3347 Qin
630 3309 728 3341 etiam
761 3316 797 3345 ut
830 3309 864 3341 in
897 3319 995 3341 omne
1027 3307 1127 3344 scelus

115 3358 218 3392 prona
241 3347 442 3391 quorundam
466 3347 633 3391 hominum
656 3350 729 3385 sunt
754 3352 906 3395 ingenia,
929 3350 1031 3395 posset
1063 3353 1127 3386 ini..

116 3394 205 3440 mico
227 3393 262 3425 in
285 3393 455 3428 mulierem
479 3393 589 3428 animo
611 3394 792 3438 quispiam,
818 3405 873 3429 aut
898 3396 1129 3439 quaepiam,in

116 3447 207 3478 cujus
230 3446 342 3471 manus
364 3435 493 3476 infans,
515 3447 661 3474 mortuus
672 3438 804 3480 editus,
827 3439 1129 3482 pervenisset‚clam

117 3479 269 3518 omnibus
291 3479 324 3513 id
348 3479 452 3515 fecisse
472 3502 485 3519 ,
516 3489 553 3514 ut
586 3482 809 3518 immerentem
838 3484 1093 3518 calumniaretur
1114 3508 1128 3525 ,

116 3522 203 3567 quasi
227 3523 401 3569 spirantem
422 3520 587 3559 occidisset
611 3548 618 3557 .
653 3526 777 3562 Verum
799 3526 824 3562 fi
857 3528 946 3562 nulla
980 3526 1042 3560 fint
1074 3529 1127 3561 in-

1170 338 1231 371 alia
1256 339 1342 371 enim
1365 338 1437 372 sunt
1462 351 1496 372 ac
1521 347 1677 378 mortu0,
1706 340 1739 371 &
1768 336 1944 380 praesertim
1975 346 2042 369 non
2074 336 2182 369 statim

1171 394 1187 414 a
1213 390 1337 418 morte,
1363 382 1486 422 illatae;
1509 381 1586 417 hinc
1620 381 1817 414 calumniam
1852 381 1929 414 licet
1959 379 2147 412 convincere
2169 391 2181 418 ς

1172 426 1268 459 matri
1293 434 1400 459 autem
1423 438 1495 468 quae
1513 436 1621 459 aerem
1647 422 1808 458 immisisse
1832 423 1882 460 se,
1906 422 1994 456 dicat
2014 445 2023 462 ,
2045 434 2085 455 eo
2114 433 2182 455 ma-

1170 470 1221 512 gis
1244 477 1322 503 tunc
1343 469 1491 508 credere,
1513 481 1587 503 cum
1609 468 1791 503 adversatur
1814 468 1900 500 nulla
1926 479 1964 500 ex
1986 466 2076 500 rebus
2089 475 2183 499 caete-

1173 514 1217 546 ris
1239 512 1545 552 circumstantibus,
1565 523 1666 554 neque
1690 512 1882 555 pulmonum
1906 510 2059 544 distentio
2081 508 2183 551 major

1171 556 1217 589 est
1238 566 1336 598 quam
1356 568 1430 599 quae
1462 567 1495 589 ea
1517 555 1649 599 quidem
1673 556 1796 590 ratione
1818 554 1901 586 effici
1926 555 1961 586 in
1985 564 2109 599 recens,
2130 561 2184 586 aut

1176 601 1282 633 minus
1316 610 1421 632 recens
1455 608 1586 633 mortuo
1619 598 1704 633 foetu
1722 622 1734 639 ,
1765 597 1993 639 experimentis
2018 595 2127 630 sedulo
2149 597 2184 628 in

1172 654 1243 676 eam
1277 654 1343 676 rem
1373 641 1495 677 habitis
1515 666 1526 682 ,
1561 642 1684 685 possit:
1716 652 1900 685 quanquam
1923 639 1992 674 haec
2025 641 2125 683 magis
2149 649 2186 671 ne

1175 687 1337 728 Medicis,
1350 685 1568 730 acJudicibus
1589 684 1650 723 fint
1660 685 1787 729 prorsus
1797 685 1964 727 incognita
1975 705 1985 723 ,
2000 681 2185 732 attingenda.

1174 742 1191 763 a
1220 731 1313 764 nobis
1332 729 1443 772 censeo
1458 753 1469 770 ,
1491 741 1589 773 quam
1612 738 1648 762 ut
1671 731 1705 762 in
1728 730 1843 771 vulgus
1864 737 2031 768 emanent,
2052 738 2117 762 non
2129 726 2188 761 all-

1175 785 1225 808 ter
1249 772 1348 813 ferme
1368 785 1402 807 ac
1424 785 1496 816 quae
1518 772 1557 806 de
1579 775 1706 806 venenis
1730 771 1900 805 necessario
1926 771 2128 805 scribuntur.

1217 818 1272 861 48.
1298 818 1408 851 Habes
1431 829 1495 861 qua
1519 817 1647 852 ratione
1669 826 1785 855 caute,
1818 818 1851 849 δε
1876 814 2051 858 prudenter
2084 814 2184 847 utaris

1175 861 1345 904 proposito
1367 862 1612 903 experimento.
1636 859 1741 902 Qod
1764 858 1785 892 si
1810 870 1868 892 nos
1895 858 2019 902 pressius
2044 856 2112 891 haec
2137 859 2188 889 vi-

1174 905 1287 938 demur
1311 904 1512 946 exposuisse5
1534 903 1681 937 conferre
1704 911 1796 946 potes
1818 914 1894 936 cum
1916 902 1957 935 iis
1982 913 2052 947 quae
2087 900 2188 934 fufius

1176 948 1301 990 scripsit
1325 949 1390 982 Vir
1412 948 1465 982 Cl.
1492 946 1634 981 Michael
1658 948 1790 982 Alberti
1815 950 1829 986 <
1851 955 1867 980 t
1887 951 1923 987 ),
1948 947 2030 989 qui,
2056 954 2092 979 ut
2103 944 2189 977 Hei-

1181 992 1278 1026 sterus
1301 1003 1430 1035 quoque
1452 994 1466 1030 (
1488 990 1565 1033 u),
1589 991 1819 1034 circumspecte
1843 989 2061 1025 adhibendum
2093 998 2190 1029 expe-

1181 1037 1382 1075 rimentum,
1404 1046 1469 1069 non
1494 1034 1710 1076 abjiciendum
1725 1059 1736 1075 ,
1758 1034 1953 1068 existimavit
1967 1058 1974 1065 .
2003 1034 2075 1072 Nec
2099 1030 2190 1065 aliud

1182 1079 1345 1121 intelliges
1370 1076 1461 1111 fuisse
1484 1076 1646 1119 judicium
1672 1077 1883 1112 Prudentium
1906 1076 2117 1110 Medicorum
2129 1075 2192 1107 Be·-

1180 1121 1314 1156 herenfii
1336 1125 1349 1160 (
1372 1132 1393 1154 x
1414 1123 1450 1162 ),
1471 1123 1504 1155 &
1529 1122 1655 1155 Trewii
1678 1124 1734 1163 (y
1757 1125 1795 1161 ),
1820 1122 2021 1163 aliorumque
2042 1141 2055 1158 ,
2087 1121 2119 1152 δε
2151 1128 2192 1151 ne

1180 1168 1266 1209 Iuris
1301 1163 1481 1198 Consultos
1524 1162 1652 1207 prorsus
1684 1163 1820 1198 omisisse
1855 1164 2053 1202 videamur,
2092 1161 2192 1195 etiarn

1173 1206 1374 1252 'Schoepfferi
1399 1211 1412 1247 (
1434 1219 1459 1251 z
1479 1211 1517 1248 ),
1551 1220 1692 1251 quorum
1725 1208 1850 1241 versans
1883 1206 2051 1250 Opuscula
2071 1228 2084 1246 ,
2116 1215 2193 1239 cum

1176 1256 1259 1289 alios
1281 1253 1338 1296 qui
1362 1261 1589 1294 argumentum
1614 1251 1677 1285 hoc
1687 1253 1890 1291 tractarunt,
1911 1249 2191 1292 cognosces,tum

1179 1297 1355 1341 praesertim
1377 1307 1448 1338 quae
1472 1294 1510 1328 ad
1533 1307 1579 1328 res
1604 1298 1742 1329 attinent
1765 1293 2024 1333 circumstantes,
2058 1291 2121 1326 five
2152 1291 2196 1326 ad

1177 1341 1267 1385 figna
1290 1349 1404 1374 caetera
1428 1338 1634 1373 Infanticidii
1655 1364 1665 1380 ,
1688 1339 1881 1382 perspicies,
1905 1341 1945 1377 &¹
1960 1349 2023 1381 qua
2038 1345 2104 1369 arte
2126 1334 2195 1369 haec

1180 1396 1312 1429 quoque
1336 1382 1417 1420 sint,
1443 1394 1481 1416 ne
1503 1382 1724 1425 decipiamur,
1748 1382 1959 1416 examinanda
1974 1406 1982 1413 .
2008 1381 2080 1414 Sive
2104 1381 2193 1413 enirn

1180 1429 1304 1469 absint,
1327 1425 1388 1461 five
1412 1426 1533 1464 adfint,
1558 1428 1625 1460 vim
1647 1426 1792 1467 addunt,
1817 1435 1871 1461 aut
1892 1423 2067 1459 detrahunt
2100 1434 2197 1466 expe-

1182 1475 1347 1507 rimento:
1371 1469 1458 1514 quod
1482 1471 1630 1515 alioquin
1654 1470 1824 1513 respondet
1849 1470 2061 1513 plerumque,
2082 1476 2119 1501 ut
2143 1467 2196 1501 vel

1182 1517 1267 1550 mihi
1293 1525 1392 1560 nuper
1414 1516 1448 1546 in
1473 1515 1576 1547 vitula
1591 1536 1600 1551 ‚
1625 1515 1780 1557 geminis,
1802 1522 1840 1548 ut
1861 1514 1993 1556 capite,
2015 1515 2048 1545 &
2081 1511 2196 1552 collo,

1180 1564 1213 1594 v&
1237 1559 1353 1598 corde,
1377 1555 1420 1592 fic
1444 1559 1543 1591 etiam
1565 1558 1776 1600 pulmonibus
1800 1556 1954 1600 praedita.
1981 1557 2035 1589 Ex
2045 1552 2096 1602 his
2110 1557 2198 1589 enim

1181 1603 1384 1638 contr-estis,
1408 1600 1532 1641 denfis,·
1556 1613 1595 1634 ex
1620 1601 1719 1635 rubro
1740 1602 1818 1636 atris
1834 1625 1844 1641 ,
1869 1603 1902 1634 &
1926 1611 2001 1634 cum
2024 1600 2058 1632 in
2082 1598 2198 1642 justam

1177 1659 1270 1691 ,aquae
1294 1646 1448 1688 copiam3
1475 1646 1589 1687 exigua
1614 1647 1702 1678 enim
1728 1644 1831 1688 potest
1854 1644 2019 1678 interdum
2053 1642 2161 1677 fallere
2185 1654 2199 1682 ;

1180 1692 1230 1724 vel
1257 1688 1462 1724 frustillatim
1486 1689 1597 1733 injecti
1625 1688 1744 1729 essent,
1768 1689 1863 1721 illico
1886 1687 2026 1723 fundum
2058 1687 2201 1730 petenti-

1185 1735 1267 1775 bus,
1291 1733 1459 1774 intellexi,
1483 1742 1646 1769 mortuam
1671 1732 1728 1766 esse
1740 1732 1881 1773 editam,
1904 1743 2000 1775 quam
2018 1740 2127 1765 natam
2140 1730 2201 1764 ste-

1184 1776 1278 1819 tisse,
1301 1780 1331 1810 ἅ·
1358 1776 1452 1810 horas
1478 1777 1605 1819 aliquot
1630 1775 1764 1814 vixisse,
1791 1776 1996 1819 scripserant.
2023 1776 2073 1809 Re
2097 1775 2200 1818 igitur

1181 1822 1220 1857 ab
1245 1835 1282 1855 eo
1306 1822 1363 1864 qui
1388 1821 1493 1863 partui
1519 1819 1674 1861 affuerat,
1698 1819 1888 1862 diligentius
1905 1844 1913 1858 ,
1938 1829 1976 1854 ut
1999 1820 2108 1861 petii,
2143 1830 2200 1853 ex-

1177 1865 1294 1909 quifita
1309 1887 1317 1902 ‚
1344 1865 1454 1898 alteris
1479 1865 1598 1897 litteris
1621 1866 1743 1900 certior
1765 1863 1870 1898 faetus
1883 1863 1974 1903 sum,
1997 1874 2100 1896 revera
2112 1874 2200 1896 mor-

1181 1919 1271 1943 tuam
1296 1907 1466 1951 prodiisse.
1493 1909 1619 1942 Verum
1642 1909 1679 1943 de
1702 1909 1825 1941 caeteris
1847 1919 1919 1951 quae
1943 1909 1977 1940 in
2000 1906 2099 1949 ipfius
2131 1906 2199 1941 dis-

1179 1953 1321 1995 sectione
1345 1952 1520 1994 conspexi,
1552 1952 1614 1985 erit
1649 1953 1725 1986 alias
1757 1954 1771 1991 (
1798 1955 1852 1991 a)
1884 1950 2043 1998 scribendi
2076 1951 2195 1985 locus'.

1314 1997 1415 2030 Nunc
1440 1995 1569 2029 tandem
1592 1995 1631 2032 ad
1655 1996 1793 2029 alterum
1816 2006 1915 2038 genus
1939 1995 2197 2029 Suflocationum

1177 2044 1193 2081 (
1215 2040 1234 2074 b
1256 2045 1292 2082 ),
1315 2038 1406 2084 quod
1427 2039 1579 2076 videlicet
1605 2040 1643 2073 ab
1666 2040 1803 2074 internis
1826 2037 1935 2073 caufis.
1947 2037 2011 2080 est,
2033 2038 2199 2073 transeun-

1181 2095 1230 2119 tes
1242 2108 1255 2125 ,
1280 2096 1318 2117 eo
1340 2084 1502 2119 breviores
1525 2085 1559 2117 in
1582 2082 1646 2118 hoc
1669 2085 1813 2125 erimus,
1835 2093 1903 2127 quo
1925 2082 1960 2117 in
1990 2082 2099 2127 primo
2129 2081 2198 2117 fui-

1183 2139 1255 2164 mus
1279 2128 1496 2171 prolixiores.
1634 2137 1643 2147 ³

1225 2184 1278 2218 49.
1304 2172 1454 2212 ANUS‚
1478 2173 1531 2208 cui
1555 2184 1688 2213 cancer,
1722 2173 1847 2209 finistro
1880 2174 2045 2210 labrorum
2077 2173 2198 2218 angulo

1182 2215 1379 2257 absumpto,
1402 2217 1476 2250 inde
1500 2217 1635 2252 ulterius
1659 2220 1693 2251 in
1716 2231 1752 2252 os
1784 2218 1842 2252 sub
1875 2219 1988 2262 lingua
2020 2219 2162 2262 serpebat
2184 2242 2198 2260 ,

1180 2270 1255 2295 curn
1278 2258 1422 2293 thoracis
1448 2258 1674 2296 affectionibus
1698 2273 1775 2305 quas
1797 2261 1993 2296 catarrhales
2016 2262 2085 2307 ipsa
2107 2263 2197 2297 dice-

1180 2302 1260 2339 bat,
1284 2303 1426 2336 obnoxia
1450 2302 1543 2342 esset,
1570 2303 1720 2339 suffocata
1741 2314 1872 2340 mortua
1907 2305 1950 2339 est
1970 2332 1977 2338 .
2114 2304 2214 2341 CA->

1179 2346 1350 2381 DAVER
1374 2358 1447 2381 cum
1470 2347 1673 2390 inciderem,
1696 2349 1885 2392 laryngem,
1909 2352 1942 2383 ἅτ
1966 2351 2121 2384 viciniam
2145 2352 2197 2384 in-

1183 2398 1312 2431 tegras,
1336 2392 1368 2423 &
1393 2392 1604 2432 purulentum
1631 2402 1737 2426 tamen
1763 2393 1909 2426 ichorem
1934 2394 1989 2428 sub
2012 2393 2162 2436 ,glottide
2181 2417 2197 2435 ‚

1181 2434 1214 2465 ὃς
1239 2434 1273 2465 in
1298 2434 1448 2475 proxima
1471 2435 1592 2477 Aspera
1616 2438 1733 2470 arteria
1757 2435 1976 2479 deprehendi.-
1999 2437 2195 2482 eundemque

1182 2477 1269 2525 intra
1303 2476 1459 2511 summam
1493 2489 1618 2520 partem
1650 2479 1763 2513 sinistri
1800 2480 1972 2523 superioris
2001 2482 2196 2524 pulmonum

1183 2519 1277 2556 lob1‚
1301 2522 1339 2569 δι’
1359 2520 1437 2553 alibi
1461 2522 1494 2553 in
1519 2520 1614 2564 ipfis.
1641 2523 1725 2556 Lobi
1763 2533 1869 2558 autem
1903 2523 2070 2560 inferiores
2103 2526 2196 2560 vehe-

1181 2571 1305 2596 menter
1328 2563 1437 2597 mflati
1461 2575 1574 2599 erant.
1601 2565 1810 2610 Ubicumque
1835 2568 2002 2610 pulmones
2025 2569 2160 2604 secarem
2183 2595 2195 2611 ‚

1177 2606 1305 2639 cinereo
1327 2607 1436 2640 colore
1460 2609 1684 2650 inveniebam,
1707 2623 1802 2654 quem
1826 2614 1926 2654 nigrae
1950 2613 2064 2654 lineae,
2087 2617 2120 2648 δε
2145 2626 2194 2648 ra-

1178 2649 1337 2687 musculi,
1361 2650 1562 2686 vasculorum
1585 2653 1735 2687 videlicet
1759 2657 1794 2688 in
1816 2656 1935 2698 quibus
1953 2656 2115 2700 stagnabat
2127 2658 2197 2693 san-

1178 2695 1276 2744 gnis,
1298 2694 1406 2737 paffirn
1429 2695 1689 2739 distinguebant.
1725 2700 1795 2732 Cor
1828 2711 1957 2742 quoque
1993 2702 2089 2744 nigro
2122 2702 2193 2736 san-

1180 2749 1278 2780 guine
1300 2738 1455 2780 plenum,
1478 2750 1542 2773 non
1569 2743 1705 2774 omnino
1728 2743 1789 2775 illo
1799 2741 1932 2786 quidem
1945 2754 2118 2784 concreto,
2134 2757 2193 2780 nec

1180 2790 1289 2815 tamen
1312 2779 1375 2815 fine
1399 2783 1563 2825 polyposis
1596 2786 1860 2820 concretionibus
1888 2809 1898 2824 ‚
1929 2798 2065 2829 quarum
2096 2800 2157 2823 una
2179 2814 2193 2832 ‚

1180 2823 1307 2864 forma,
1332 2834 1428 2867 atque
1448 2826 1597 2861 albedine
1619 2828 1782 2862 lumbi-ico
1804 2829 1942 2870 similis,
1963 2831 1998 2864 in
2022 2832 2192 2874 pulmona-

1178 2878 1212 2901 re
1234 2880 1287 2902 vas
1312 2870 1511 2913 pertinebat.
1536 2870 1639 2905 Valde
1661 2875 1759 2905 etiarn
1780 2882 1869 2906 erant
1893 2873 2044 2917 sanguine
2075 2875 2194 2910 disten-

1178 2920 1220 2945 tae
1243 2914 1438 2947 Coronariae
1461 2925 1573 2956 venae,
1596 2917 1628 2948 ἃ
1647 2916 1819 2960 Jugulares
1842 2928 1955 2951 omnes
1975 2942 1987 2958 ,
2012 2919 2191 2964 harumque

1176 2967 1232 2998 per
1263 2957 1387 2990 collum
1419 2959 1501 2990 rami
1531 2982 1539 2990 .
1576 2959 1704 3002 Magnae
1739 2969 1846 2994 autem
1877 2962 1999 2994 arteriae
2031 2963 2191 2999 valvulam

1175 3010 1271 3049 unam
1296 2998 1498 3034 ossescentem
1521 3002 1649 3035 inveni:
1676 3001 1826 3046 idemque
1848 3005 2014 3039 crebrisin
2038 3006 2119 3041 locis
2140 3009 2192 3041 vi-

1174 3051 1259 3077 tium
1281 3044 1434 3086 conspexi
1458 3046 1492 3078 in
1516 3043 1597 3079 facie
1628 3046 1768 3089 ejusdem
1799 3050 1922 3082 arteriae
1960 3050 2118 3085 interiore
2150 3051 2190 3087 ad

1176 3087 1294 3121 Iliacas
1316 3086 1414 3130 usque
1428 3113 1436 3120 .

1223 3141 1274 3173 50.
1301 3131 1426 3180 Mulier
1448 3131 1516 3168 haec
1540 3133 1660 3176 redigit
1684 3136 1721 3169 in
1744 3137 2073 3176 memoriamvirum‚
2096 3137 2187 3182 cujus

1176 3176 1310 3224 cadaver
1331 3185 1414 3208 circa
1438 3175 1524 3210 idem
1548 3186 1672 3220 tempus
1694 3179 1838 3221 ibidem,
1862 3180 1926 3214 hoc
1948 3179 1992 3214 est
2016 3183 2050 3214 in
2074 3182 2189 3215 Bono-

1176 3219 1274 3252 nienlr
1298 3219 1531 3254 Incurabilium
1552 3221 1757 3257 Nosocomio
1791 3222 1994 3259 diffecuimus
2010 3247 2020 3256 .-
2044 3226 2134 3259 Nam
2153 3228 2188 3260 δε

1178 3260 1375 3313 ἱρῇιῄευε,
1400 3262 1451 3297 sed
1473 3266 1507 3297 in
1531 3265 1745 3308 penitioribus
1768 3277 1833 3301 erat
1856 3269 1923 3301 oris
1948 3268 2116 3310 partibus,
2147 3269 2188 3302 fi-

1178 3307 1363 3357 mihterqne
1386 3307 1540 3351 larynge,
1563 3312 1595 3343 &
1618 3312 1767 3351 proxima
1791 3312 1905 3345 arteria
1925 3311 2053 3352 illaefis,
2076 3312 2187 3347 eadem

1154 3362 1249 3393 „quae
1273 3360 1307 3383 1n
1330 3351 1489 3392 muliere,
1511 3353 1634 3395 pessime
1657 3353 1767 3388 affecta
1792 3365 1858 3388 erat
1882 3355 2045 3398 pulmonis
2068 3355 2151 3390 sedes
2176 3368 2185 3389 .·

1181 3396 1214 3444 ὃς
1236 3394 1302 3436 ipse
1324 3405 1450 3444 quoque
1473 3395 1620 3430 suffocati
1643 3397 1740 3431 instar
1762 3397 1947 3433 decesserat.
1975 3399 2034 3433 Sed
2057 3411 2096 3432 ex
2118 3398 2187 3442 ejus

1179 3436 1312 3471 historia
1334 3439 1492 3481 quidquid
1515 3440 1627 3480 restat,
1650 3441 1691 3473 ad
1714 3442 1954 3484 Deglutitionis
1977 3443 2056 3476 laesae
2067 3445 2187 3478 tracta-

1178 3482 1304 3515 tionem
1326 3481 1509 3530 servamus}
1532 3496 1605 3518 nam
1628 3495 1741 3518 caetera
1762 3497 1832 3528 quae
1855 3486 1955 3520 modo
1978 3488 2148 3529 attigimus
2171 3510 2185 3528 ‚

1178 3528 1210 3560 &
1235 3537 1298 3569 qua
1322 3527 1449 3560 ratione
1472 3538 1539 3569 ejus
1561 3528 1730 3572 pulmones
1751 3539 1816 3563 non
1839 3529 1925 3565 secus
1960 3538 2055 3573 atque
2089 3530 2185 3575 hujus

2032 3575 2149 3609 mulie-

117 3656 2190 3683 ——·-—·—-———-—-—-—--——---—-==-=---———-—-——-—--—=-..-

177 3717 188 3749 (
204 3728 222 3744 η
236 3719 248 3750 )
263 3720 359 3751 Disput.
374 3720 440 3752 qmd
456 3722 531 3752 pulm.
547 3721 636 3747 infant.
653 3722 678 3746 in
695 3731 732 3753 aq.
750 3724 797 3750 Ere.
813 3725 871 3751 vid.
887 3727 949 3752 Hist.

176 3748 193 3778 (
206 3758 222 3779 q
238 3751 247 3781 j
263 3752 334 3786 Tires-
352 3754 428 3779 Anat.
445 3755 475 3778 V.
491 3760 514 3779 n.
523 3761 563 3783 40.
624 3754 639 3783 (
656 3762 667 3778 ν
684 3755 697 3789 )
713 3756 821 3781 Praelest.
838 3757 867 3782 ad
885 3756 965 3782 Instit.
984 3758 1007 3789 §.
1024 3762 1079 3788 691.

176 3779 185 3806 (
203 3787 215 3804 3
229 3781 244 3811 )
259 3783 354 3808 Differt.
371 3783 400 3808 de
416 3786 494 3813 pusm.
513 3783 596 3810 subfid.
613 3791 731 3814 experim.
747 3788 814 3814 prud.
831 3788 919 3818 applie.

179 3806 224 3871 (cyb
235 3813 253 3873 Ξ
264 3815 369 3871 iilos-und.
387 3816 462 3841 Tem.
478 3818 501 3841 8.
520 3815 546 3840 in
563 3815 640 3844 Sdml.
657 3816 687 3841 ad
704 3817 811 3846 append.
827 3827 851 3845 n.
867 3827 889 3849 3.

280 3851 353 3875 upra,
370 3852 393 3872 n.
410 3853 432 3870 2.

1011 3727 1165 3757 (o)n.9.

981 3792 995 3818 (
1011 3798 1027 3813 u
1043 3790 1057 3818 )
1073 3788 1169 3814 Differ-t.
1189 3790 1274 3820 supra,
1290 3790 1319 3814 ad
1336 3799 1361 3814 n.
1377 3793 1416 3819 46.
1434 3791 1477 3814 cit.
1495 3799 1521 3816 n.
1538 3799 1577 3816 22.

949 3817 960 3850 (
977 3828 995 3849 z
1010 3823 1021 3851 )
1039 3820 1132 3845 Differt.
1150 3820 1230 3850 Jurid.
1248 3821 1277 3846 de
1294 3821 1369 3852 pulm.
1388 3820 1476 3846 infant.
1494 3827 1585 3849 natant.
1604 3826 1649 3851 &a

1230 3729 1244 3758 (
1256 3736 1274 3760 p
1290 3729 1304 3758 )
1321 3729 1345 3752 in
1364 3727 1455 3752 Medic.
1472 3726 1583 3758 Behling.
1602 3727 1652 3757 sup.
1668 3727 1713 3752 cas.
1732 3727 1796 3758 rupti
1813 3729 1838 3753 in
1856 3734 1926 3759 partu
1944 3730 2021 3756 uteri.

1139 3757 1206 3789 (s)
1222 3764 1254 3784 tr.
1271 3768 1292 3790 3.
1311 3758 1378 3788 supra
1393 3759 1423 3782 ad
1439 3767 1463 3784 n.
1479 3768 1519 3789 44.
1536 3760 1580 3784 cit.
1599 3766 1619 3783 c.
1638 3767 1659 3788 9.

1653 3791 1697 3822 (Χ
1712 3793 1726 3823 )
1742 3794 1797 3818 Ast.
1816 3794 1848 3817 N.
1867 3794 1894 3816 C·
1911 3794 1984 3818 Tom.
2002 3800 2023 3816 2.
2041 3793 2101 3818 Obs.
2120 3793 2161 3817 28.

1712 3826 1726 3854 (
1742 3833 1757 3849 a
1776 3827 1784 3856 )
1802 3826 1859 3850 Vid.
1877 3826 1950 3855 Epish
1968 3827 2009 3855 48.
2027 3834 2052 3851 n.
2070 3828 2107 3856 5‘7.
