2498 4075
557 165 709 230 Epist.
750 165 908 216 Anat.
945 164 1160 218 Medica
1195 164 1347 215 XXI.
1384 165 1502 217 Art.
1528 179 1604 229 47.

69 254 138 276 rum
161 243 345 284 apostemata
367 254 476 286 magna
499 250 607 278 erant’,
631 251 734 275 tamen
759 241 824 276 haec
850 243 993 285 superius
1008 254 1072 274 nnn

72 288 267 326 memoravi,
291 289 449 323 incertus,
473 299 510 319 an
545 284 700 327 ejusmodi
734 296 846 327 magna
882 287 1072 328 apostemata

71 329 108 362 ad
131 342 164 361 ea
189 330 382 371 spectarent,
407 330 444 362 de
468 330 583 373 quibus
609 329 762 370 agebam,
796 341 833 361 an
866 332 976 371 potius
997 355 1003 368 ,
1039 338 1074 362 ut

70 375 103 405 in
127 372 314 406 Florentino
338 374 397 407 illo
418 373 455 407 de
478 386 543 416 quo
568 373 712 408 dicebat,
737 372 775 404 ad
799 374 958 407 musculos
982 374 1079 405 ctiam

69 418 236 458 proximos
259 419 473 459 occupantia,
499 416 638 458 frigida,
662 417 791 457 antiqua
819 441 828 455 ,
876 420 908 449 ὃς
955 417 1074 449 multos

69 469 165 492 annos
189 469 339 503 perpetua
365 460 528 500 tuscula,
553 460 585 492 &
608 468 764 501 gravante¹
779 459 892 492 dolore
917 460 1073 501 permole-

69 501 111 535 sta
133 527 142 537 .
273 506 368 546 Opus
415 506 517 546 igitur
562 501 604 534 eli:
650 501 768 542 sienis,
784 514 850 544 vper
875 502 1073 536 diffestiones

66 546 308 587 comprobatis,
332 557 367 581 ut
392 547 535 580 morbum
560 545 742 587 dignoscere
766 569 778 585 ,
825 548 855 579 δε
904 549 1074 580 accelerata

67 591 260 624 auxiliorum
285 589 562 623 administratione
586 599 692 621 curare
718 589 809 630 pallis
833 613 843 628 ,
869 600 921 622 aut
956 589 977 622 li
1013 589 1074 621 hoc

66 642 128 664 non
154 633 270 673 liceat,
294 634 401 667 saltem
428 633 464 665 de
487 634 575 674 gravi
600 634 744 673 pniculo
780 644 904 665 monere
926 658 937 672 ,
971 636 1002 665 86
1036 644 1072 666 ne

66 675 215 718 deceptus
240 678 362 710 videare
386 704 392 713 ,
416 676 493 718 quid
519 678 550 707 in
577 676 723 708 cadavere
747 675 783 707 sit
810 677 1036 709 inveniendum
1058 699 1070 716 ,

66 720 254 761 praedicere.
282 723 466 762 Utrumque
492 729 596 752 autem
618 719 710 759 quod
734 718 824 752 simul
849 721 994 761 requiri,
1018 719 1070 751 di-

65 763 174 797 cebam
194 787 203 801 ‚
226 763 364 798 ostendet
390 763 535 797 Medicus
560 761 849 804 praestantissimus,
875 764 1000 802 Salius,
1023 763 1071 794 vi-

66 807 158 841 cinus
182 820 267 841 meus
290 806 393 850 (f).
419 808 486 843 Qui
511 818 584 839 curn
609 806 718 847 junior
743 807 776 838 in
803 805 987 840 mediastino
1021 809 1071 838 in-

67 849 319 886 flammatorium
343 862 504 884 tumorem
523 873 528 883 .
552 860 606 881 nec
619 861 748 891 parvum
764 852 902 891 jprimus
925 852 1072 882 omnium

66 893 210 933 vidisset,
235 908 304 937 quae
328 905 436 928 autem
469 894 683 936 symptomata
717 895 748 925 in
786 905 872 934 :extro
908 892 1036 926 suilli-*nt
1062 916 1074 932 ,

66 935 235 980 diligenter
260 938 432 972 adnotasset
457 950 467 976 3
499 937 601 979 postea
626 948 689 969 non
713 935 838 970 cessavit
863 948 1002 980 unquam
1041 948 1075 968 ea

65 992 137 1014 cum
162 982 228 1016 illis
247 994 317 1024 quae
341 984 373 1016 in
402 982 493 1023 aegris
517 982 590 1013 aliis
614 979 729 1013 similia
753 990 954 1014 occurrerent
976 1004 987 1019 ,
1024 979 1074 1013 so-

65 1025 159 1057 lerter
182 1026 351 1058 conferre:
375 1026 485 1068 itaque
511 1027 541 1057 &
568 1024 677 1057 morbi
701 1022 784 1066 signa
808 1023 977 1057 constituit
993 1045 1001 1057 ‚
1035 1022 1073 1055 de

65 1079 166 1111 eoque
188 1069 280 1102 doetc
306 1070 465 1111 periteque
491 1067 641 1110 scriptam
668 1068 804 1109 primam
827 1079 922 1109 quam
948 1066 1072 1100 Medici

64 1111 253 1150 habuerint,
281 1114 439 1154 integram
461 1112 689 1145 metationem
714 1110 879 1154 vulgavit.
909 1110 1073 1143 Observa-

63 1156 212 1196 tionem,
235 1168 306 1198 quae
331 1156 536 1189 tractationis
560 1154 648 1188 causa
674 1153 739 1187 fuit
762 1179 774 1195 ,
812 1156 844 1186 in
884 1154 942 1186 hac
978 1154 1073 1187 habes

65 1199 193 1239 Qarta
219 1198 420 1242 Sepulchreti
445 1200 591 1231 sectione
615 1201 669 1240 (g
690 1200 726 1236 ).·
761 1200 794 1231 in
833 1199 981 1231 Sel—*tione
1018 1209 1074 1230 au-

62 1251 127 1274 tem
153 1244 257 1276 Primi
279 1243 372 1285 hujus
397 1242 471 1275 libri
498 1244 544 1275 ΙΙ.
570 1242 700 1274 alteram
723 1244 736 1280 (
760 1241 779 1274 l)
801 1246 814 1282 )
839 1242 942 1283 leges,
976 1253 1075 1285 quam

60 1285 240 1329 insequenti
265 1288 379 1321 saeculo
402 1287 519 1320 litteris
544 1285 705 1318 mandavit
731 1286 1075 1327 Panaralusspraeter-

60 1329 161 1363 visam
185 1331 225 1364 iis
248 1342 328 1374 quos
351 1331 390 1364 de
413 1329 474 1363 hoc
499 1329 614 1362 morbo
641 1327 809 1371 scripfisse,
833 1328 922 1361 vidi.-
947 1330 979 1361 in
1013 1339 1076 1371 qua

63 1375 191 1415 utinam
237 1376 298 1407 alia
325 1399 335 1414 ‚
380 1386 451 1417 quae
500 1372 631 1414 defuisie
677 1383 741 1404 non
775 1382 862 1417 putor
878 1394 887 1409 ,
933 1370 1079 1414 sympto-

65 1427 151 1450 mata
187 1416 346 1459 adscripta
393 1417 489 1450 essent
514 1440 524 1456 ,
571 1420 601 1449 &
648 1416 917 1449 inflammationis
961 1415 1043 1448 sedes
1067 1438 1089 1457 ,s

63 1472 134 1503 qua:
185 1461 314 1496 fortasse
360 1459 574 1503 pericardium
621 1459 800 1501 attingebat
815 1482 827 1499 ‚
860 1458 1000 1494 dilucide
1036 1458 1086 1491 cs-'

61 1504 106 1538 set
156 1504 317 1539 indicata.
354 1506 504 1540 Quorum
530 1504 665 1535 alterum
689 1513 753 1535 non
786 1502 991 1536 defiderabis‘
1008 1505 1081 1545 qui-

64 1547 198 1581 demj‘in
222 1549 365 1583 Heurnii
391 1548 452 1581 filii
479 1546 736 1584 Observatione,
761 1547 881 1588 pariter
904 1547 936 1578 in
969 1547 1081 1588 Sepul-

64 1591 213 1625 chretum
237 1594 250 1631 (
272 1593 319 1632 i>
344 1592 465 1630 relata;
501 1600 532 1622 at
565 1589 726 1631 signorum
761 1601 831 1631 quae
867 1587 996 1623 fuissent
1032 1590 1082 1621 in-

64 1635 298 1669 flammationis
322 1634 419 1677 hujus
445 1634 618 1674 ptculiaria
652 1631 836 1674 priusquam
869 1634 902 1666 in
934 1633 1075 1665 vomicas

61 1679 185 1719 abiret,
209 1680 276 1711 imo
301 1680 349 1711 vel
377 1676 542 1718 postquam
568 1676 707 1713 abierat,
726 1676 854 1715 Anullum
891 1676 1076 1709 adnotatum

60 1724 201 1755 invenit-5
226 1747 232 1753 .
370 1722 420 1754 Ut
445 1720 736 1759 inflammationis,
760 1722 792 1752 δε
816 1719 970 1754 abscessus
1003 1722 1078 1753 Me-

58 1765 189 1798 diastini
205 1789 216 1805 ,
238 1763 279 1797 sic
304 1767 337 1797 Sc
364 1764 538 1796 Pericardii
565 1772 731 1806 quotquot
764 1765 935 1797 memorari
968 1775 1075 1797 exem-

58 1810 111 1851 pla
134 1809 298 1848 vidimus,
323 1819 355 1839 ea
381 1807 469 1846 tibi,
494 1816 529 1839 ut
553 1807 713 1849 perlegere
749 1808 848 1841 citius
883 1806 974 1850 possis
992 1831 1001 1846 ‚
1040 1809 1074 1840 in

59 1851 274 1894 Sepulchreto
299 1850 537 1885 indicabimus.
563 1851 709 1884 Primum
733 1851 835 1893 igitur
869 1851 999 1885 eandem
1031 1852 1074 1883 il-

58 1896 123 1929 lam
145 1908 243 1939 quam
266 1896 344 1928 Salii
370 1893 450 1930 esse,
477 1893 641 1932 diximus,
668 1894 936 1928 Observationem
972 1894 1074 1938 inspi-

58 1941 142 1979 cies,
165 1950 201 1974 ut
226 1951 301 1981 quae
326 1938 618 1971 inflammatorium
642 1947 801 1972 tumorem
837 1938 967 1972 exhibet
991 1963 1003 1979 ,
1036 1940 1071 1971 in

58 1993 146 2026 parte
169 1984 267 2016 etiam
288 1983 329 2015 ad
353 1980 564 2024 pericardium
589 1982 800 2020 attinentem5
825 1993 1022 2025 quapropter
1033 1982 1072 2015 de

58 2026 226 2069 utriusque
250 2025 441 2059 membranae
464 2025 720 2059 inflammatione
745 2025 847 2059 Salius
871 2027 963 2068 egit,
988 2035 1071 2059 certe

61 2079 231 2112 antequam
267 2068 456 2104 Rondeletii
490 2067 762 2102 Observationem
796 2068 883 2110 (k)
915 2071 1071 2112 inspicere

58 2114 228 2157 potuisset,
253 2114 373 2156 quippe
398 2111 548 2154 Lugduni
572 2111 692 2145 editam
715 2112 826 2146 eodem
840 2115 878 2145 A.
899 2114 1070 2156 1583.quo

58 2158 160 2191 Salius
184 2155 410 2191 Praefationem
446 2155 557 2189 Idibus
591 2156 722 2189 Martiis
757 2155 912 2188 scribebat
947 2158 1068 2190 Faven-

57 2203 134 2241 tiae,
157 2201 242 2234 libro
266 2201 322 2234 suo
347 2198 572 2243 praefigendam
589 2221 596 2229 .
631 2198 795 2232 Historias
840 2208 946 2232 autem
991 2211 1067 2241 quas

58 2246 213 2286 proximo
238 2243 352 2278 saeculo
375 2241 596 2283 conscriptas,
619 2241 839 2279 exHildano,
862 2243 1004 2284 itemque
1028 2255 1067 2276 ex

59 2289 183 2322 Zacuto
207 2288 301 2320 citari
324 2286 463 2323 videris5
487 2286 600 2321 binas;
627 2295 665 2316 ne
688 2283 773 2317 forte
797 2283 942 2325 fallaris,·
964 2297 1068 2319 exeo-

58 2342 129 2365 rum
154 2330 286 2373 singuiis
309 2331 429 2368 citari,
452 2328 552 2361 scito.
578 2327 717 2360 Hildani
739 2330 825 2361 enim
849 2331 985 2371 primam
1022 2341 1069 2363 re-

58 2376 161 2416 peries
185 2376 219 2406 in
243 2372 452 2415 Sepulchreto
476 2371 522 2414 (l
545 2375 558 2410 )
582 2370 666 2405 haud
692 2371 853 2413 proculab
864 2383 896 2404 ea
910 2371 1069 2406 Rondele-

58 2420 122 2458 tii,
144 2429 213 2460 quae
239 2415 339 2449 modo
361 2424 613 2449 commemorata
638 2413 700 2453 est,
728 2416 859 2447 alteram
884 2424 988 2448 autem
1013 2417 1068 2449 Se-

57 2463 166 2494 ‹Stione
190 2460 247 2493 hac
271 2461 332 2492 IV.
357 2463 371 2498 ζ
393 2471 424 2492 m
445 2462 478 2498 ).
507 2458 573 2490 Ubi
597 2459 694 2491 etiarn
720 2457 761 2491 est
786 2460 899 2492 Zacuti
934 2462 1066 2501 propria

56 2508 70 2544 (
93 2515 113 2537 n
136 2508 170 2543 ),
194 2515 250 2536 nec
275 2512 380 2545 tamen
404 2513 442 2533 eo
465 2512 561 2543 quem
586 2501 629 2534 ibi
655 2513 672 2535 a
695 2502 906 2546 typographo
939 2504 1063 2537 indica-

57 2558 127 2581 tum
151 2546 295 2585 videbis,
319 2545 407 2578 Libro
431 2544 518 2578 illius
543 2556 572 2576 2.
600 2544 650 2578 sed
667 2544 696 2580 ,fi
720 2545 864 2579 conferre
885 2545 971 2579 forte
1004 2560 1064 2580 vo-

56 2592 176 2629 lueri53
201 2593 231 2623 &
257 2590 325 2623 sane
349 2588 444 2632 paulo
469 2589 564 2621 aliter
586 2590 714 2623 Auctor
748 2589 911 2631 scripserat
934 2602 944 2629 3
978 2591 1064 2624 libro

61 2645 86 2667 1.
115 2632 341 2678 perquirenda.
367 2633 482 2665 Zacuti
507 2641 612 2665 autem
646 2635 744 2667 altera
779 2633 819 2667 ad
851 2634 1064 2676 pericardium

57 2688 142 2711 certe
166 2688 230 2710 non
255 2677 392 2714 attinet3
418 2677 485 2708 imo
508 2675 565 2709 illa
589 2676 632 2710 est
655 2678 851 2710 Avenzoaris
875 2679 980 2711 morbi
1016 2679 1063 2713 sui

57 2721 251 2763 descriptio.
277 2721 307 2753 A
327 2732 392 2762 quo
415 2729 450 2754 ut
474 2719 674 2760 mediastini,
698 2720 739 2754 fic
763 2722 859 2754 etiam
894 2722 1065 2764 pericardii

59 2764 375 2804 inflammationem,
396 2766 425 2796 δὲ
451 2761 621 2797 abscessum
645 2764 702 2798 effe
736 2775 910 2798 memorata
935 2790 943 2803 ‚
991 2778 1065 2800 cum

58 2806 229 2842 Freindius
252 2807 535 2853 (0),.admoneat;
560 2808 728 2850 quomodo
753 2809 895 2848 Salium,
920 2813 951 2842 δε
973 2812 1066 2844 Ron-

58 2851 213 2885 deletium
236 2851 475 2887 exculabirnus,
500 2851 618 2883 nullam
640 2850 707 2893 ejus
731 2854 930 2885 mentionem
945 2853 1065 2886 facien-

60 2894 132 2929 tes?
156 2892 329 2937 praesertim
350 2906 425 2927 cum
448 2893 502 2927 hic
528 2891 709 2936 scripserit,
732 2908 804 2929 eum
829 2895 975 2939 affecfinm
1010 2908 1064 2930 ne-

60 2941 198 2978 minem,
221 2938 301 2980 quod
317 2936 434 2979 sciret,
456 2937 629 2982 adnotasse,
654 2942 686 2973 &
719 2940 822 2973 Salius
846 2965 854 2979 ,
888 2941 1065 2974 mirandum

61 2982 141 3027 effe,
164 2992 224 3024 qua
248 2982 367 3014 ratione
385 2982 514 3022 praxim
536 2983 695 3021 docentes,
721 2993 890 3026 utrumque
915 2982 1064 3018 affeetum

62 3028 109 3061 ita
130 3023 324 3068 neglexerint
339 3046 348 3061 ‚
373 3032 410 3057 ut
434 3034 470 3057 ne
493 3024 605 3059 horum
626 3027 750 3068 quidem
782 3028 950 3061 minimum
975 3026 1064 3070 fece—

63 3076 130 3103 rint
150 3066 303 3101 verbnm.-
327 3079 506 3116 quanquam
530 3070 584 3102 hic
606 3081 687 3112 quos
710 3070 930 3113 intelligeret,
963 3071 1070 3115 novis-

56 3112 153 3156 simos
175 3109 327 3143 videlicet
350 3111 511 3151 Medicas,
536 3112 588 3146 sua
614 3113 689 3146 satis
714 3113 907 3148 Praefatione
931 3113 1070 3149 declara-

53 3156 136 3193 1νίῖ,
160 3156 194 3188 in
218 3153 332 3197 suaque
357 3152 549 3187 Praefatione
576 3156 736 3193 ostendit,
760 3163 826 3192 ‘cur
861 3159 1035 3192 Avicermae
1059 3184 1072 3201 ‚

63 3209 100 3233 ut
117 3199 266 3244 Jacotius
290 3209 354 3230 non
377 3196 454 3230 dum
480 3199 665 3233 morborum
688 3204 837 3236 omnium
848 3204 1072 3244 curationem,

64 3241 143 3277 ficut
166 3242 325 3275 ordinarii
346 3239 488 3287 ‘Pru-{sici
498 3264 510 3280 ,
531 3241 683 3285 doceret,
707 3244 758 3279 sed
781 3245 859 3280 dum
872 3247 995 3279 Coacas
1021 3249 1073 3280 in-

66 3295 320 3329 terpretaretur,
344 3286 530 3325 censuerat,
552 3287 747 3322 inflammati
794 3289 972 3324 mediastini
1016 3302 1072 3323 co-

66 3330 247 3373 gnitionem
270 3327 335 3371 ipse
357 3328 489 3372 quidem
513 3330 651 3364 tribuere
675 3343 739 3366 non
774 3335 916 3376 potuerit
940 3359 948 3373 ,
980 3343 1073 3366 tanto

67 3373 222 3407 libentius
247 3373 430 3407 tributurus
455 3372 637 3409 Avenzoari
655 3401 663 3414 ‚
688 3376 776 3418 quod
798 3377 913 3411 vetusti
938 3378 1074 3420 alicujus

66 3416 214 3459 Medici,
239 3426 275 3452 ut
299 3427 369 3451 tum
393 3414 558 3457 solebant,
582 3419 774 3453 austoritate
799 3420 851 3455 sua
875 3420 960 3464 figna
974 3423 1079 3465 plera-

1969 180 2067 231 223

1123 255 1183 286 que
1208 240 1248 275 lic
1269 241 1500 277 confirmasset.
1528 244 1651 277 Verum
1673 264 1689 286 ξ
1720 241 1808 284 quod
1841 252 1901 283 pro
1934 240 2134 274 Rondeletio

1125 297 1252 329 quoque
1297 285 1421 318 dietum
1469 287 1563 320 velim
1586 309 1597 325 ,
1629 290 1719 317 tanta
1756 296 1818 325 prae
1841 286 1966 321 caeteris
1992 284 2136 317 Arabicae

1133 329 1254 362 Scholae
1281 327 1418 374 Medicis
1444 331 1618 362 Avicenuae
1643 327 1727 361 sarna
1752 328 1953 367 invaluerat,
1977 337 2012 360 ut
2047 324 2137 369 quod

1132 375 1165 405 in
1191 383 1308 413 magno
1331 382 1396 412 ejus
1422 375 1526 411 Opere
1554 383 1616 405 non
1640 381 1785 407 extaret,
1808 370 1919 405 frustra
1946 369 2028 411 apud
2063 370 2136 402 reli·-

1132 427 1211 458 quos
1238 416 1378 457 perquiri
1404 414 1486 457 posse
1520 415 1712 448 videretur.
1751 415 1860 456 Longe
1894 412 2062 447 difficilius
2093 412 2135 444 est

1128 457 1333 491 Ludovicum
1346 458 1525 492 Mercatum
1549 458 1693 493 excusare
1708 480 1721 497 ,
1744 469 1761 491 a
1782 469 1847 500 quo
1871 457 1986 498 scripta
2011 456 2048 490 de
2071 453 2135 488 his-

1111 514 1160 535 ,ce
1183 500 1347 535 affectibus
1371 504 1384 539 (
1404 511 1427 542 p
1448 505 1482 542 )‚
1507 502 1528 534 si
1552 513 1626 536 cun]
1652 501 1755 541 Salii,
1793 512 1886 543 quem
1912 512 1948 533 n:
1981 502 2129 533 nominat

1127 545 1277 588 quidem,
1303 546 1495 577 tractatione
1519 545 1717 582 contuleris,
1740 543 1779 577 ab
1804 544 1891 577 Salio
1914 544 2024 577 omnia
2051 542 2135 575 sum-

1127 586 1237 629 psisse,
1263 587 1371 620 statim
1395 588 1587 629 cognosces.
1612 589 1658 621 At
1683 596 1806 630 quanto
1830 598 1935 620 minus
1969 598 2042 627 erga,
2080 587 2136 618 Sa-

1126 634 1207 665 lium
1232 632 1345 674 grati,
1368 641 1404 665 ut
1429 631 1505 674 saepe
1529 631 1565 664 fit
1595 656 1604 671 ,
1637 632 1739 673 aliqui
1773 629 1902 665 fuerunt
1934 631 1992 673 qui
2026 628 2137 662 eodem

1124 677 1273 708 vivebant
1298 684 1442 716 tempore
1460 701 1467 712 ‚
1492 683 1585 708 tanto
1608 676 1761 717 gratior,
1786 676 1945 715 aequiorve
1970 672 2034 705 fuit
2071 671 2134 704 hoc

1125 718 1232 752 nostro
1257 718 1516 757 saeculornobilis
1539 719 1685 760 Scriptor
1712 718 1879 751 Freiniius
1902 719 1915 755 (
1938 727 1956 758 q
1978 720 2014 756 ),
2036 716 2139 758 grati-

1122 774 1182 804 que
1209 763 1324 803 pariter
1348 762 1477 795 fuerunt
1501 761 1672 795 Archiatri
1696 761 1760 794 duo
1784 759 1982 802 Ampliffirni
1997 782 2004 795 ,
2030 770 2133 802 quos,

1128 806 1195 838 haec
1221 805 1402 844 recensens,
1426 816 1487 847 qua
1512 815 1600 847 parte
1625 805 1664 837 de
1691 804 1741 837 his
1766 805 1892 837 Morbis
1918 801 2138 843 scripserunt,

1127 851 1307 890 nuperrime
1331 848 1495 890 legebam?
1521 850 1589 881 imo
1612 850 1690 881 alter
1714 847 1954 880 Observatione
1980 846 2031 880 sua
2057 846 2138 878 Salii

1127 892 1397 925 Observationem
1431 891 1546 924 diserte
1579 890 1785 924 confirmavit
1819 904 1829 929 3
1877 890 1955 923 alter
2000 900 2138 932 quomo-

1129 935 1194 975 do,
1216 938 1247 968 δε
1273 935 1401 977 quando
1427 947 1441 967 a
1466 934 1658 977 praesrigido
1682 933 1940 977 aereinspirato,
1964 943 2017 966 aut
2044 945 2060 965 a
2083 944 2142 975 ge-

1128 978 1194 1012 lida
1218 981 1353 1020 potione
1377 976 1624 1017 mediastinum,
1647 981 1767 1021 quippe
1791 990 1805 1010 a
1831 978 2039 1020 pulmonibus
2087 978 2139 1009 in-

1131 1032 1306 1065 terceptum
1331 1045 1339 1057 ,
1383 1022 1491 1063 gulam
1539 1032 1642 1055 autem
1691 1022 1923 1064 intercipiens,
1949 1031 2012 1053 non
2056 1018 2143 1053 diffi-

1130 1067 1191 1099 cile
1237 1066 1434 1099 inflammari
1482 1065 1571 1107 poffit
1619 1064 1758 1098 ostendit
1779 1089 1785 1096 .
1829 1066 1901 1098 Nec
1945 1074 2052 1097 tamen
2087 1065 2143 1095 Sa-

1131 1111 1179 1142 lio
1198 1110 1363 1151 ingratum
1389 1107 1479 1142 fuiffe
1495 1131 1503 1145 ,
1529 1108 1716 1141 crediderim
1742 1109 1862 1140 Virum
1887 1108 2030 1149 alioquin
2067 1109 2140 1140 Do-

1128 1155 1240 1192 Ctum,
1264 1155 1318 1194 qui
1346 1163 1419 1185 cum
1445 1162 1527 1183 anno
1552 1151 1718 1194 postquam
1743 1152 1883 1184 Freiudii
1910 1151 2055 1184 Historia
2071 1151 2143 1183 Me-

1132 1197 1250 1230 dicinoe
1275 1196 1461 1237 prodierat,
1486 1194 1614 1228 decimo
1639 1196 1803 1237 Scriptum
1835 1195 1982 1235 vulgaret
2017 1193 2105 1226 suum
2132 1215 2141 1229 ,

1131 1239 1255 1284 questus
1277 1239 1341 1279 est,
1365 1239 1553 1271 Mediastini
1577 1238 1865 1272 inflammationem
1888 1236 1978 1270 fuisse
1990 1237 2027 1269 ab
2039 1237 2147 1269 omni-

1131 1285 1191 1318 bus
1216 1283 1253 1316 ad
1277 1282 1310 1315 id
1331 1281 1433 1325 >usque
1457 1291 1583 1324 tempus
1608 1281 1851 1324 praetermissam
1868 1304 1875 1318 ,
1901 1281 1991 1322 cujus
2009 1281 2144 1312 interim

1133 1328 1218 1370 ligna
1242 1327 1387 1369 quaedam
1412 1325 1589 1368 produxit,
1613 1327 1696 1358 inter
1718 1337 1750 1358 ea
1784 1337 1854 1368 quae
1888 1325 1990 1358 Salius
2026 1335 2145 1366 propo-

1132 1372 1260 1410 suerat,
1284 1371 1507 1408 occurrentia3
1535 1381 1634 1412 neque
1659 1371 1743 1403 enim
1777 1368 1830 1402 hic
1865 1369 1913 1400 vel
1949 1367 2109 1410 syncopen
2131 1391 2144 1408 ,

1133 1415 1190 1448 ubi
1218 1413 1435 1447 inflammatio
1460 1413 1676 1455 pericardium
1701 1415 1898 1455 attingeret,
1923 1409 2144 1454 praetermisit.

1134 1461 1217 1492 Eam
1240 1458 1342 1500 igitur
1367 1458 1528 1500 querelam
1560 1457 1634 1490 inde
1658 1458 1766 1500 potius
1791 1466 1898 1489 ortam
1932 1456 2111 1497 putaverim
2132 1476 2146 1492 ³

1134 1501 1223 1545 quod
1249 1511 1303 1534 nec
1327 1512 1436 1534 omnes
1459 1502 1567 1533 omnia
1600 1502 1722 1543 legere,
1747 1512 1802 1533 nec
1835 1511 1904 1541 q-uae
1939 1498 2110 1543 legerimus
2135 1520 2146 1535 ,

1135 1546 1282 1578 omnium
1308 1543 1470 1587 possumus
1486 1544 1682 1578 meminisse.
1817 1545 1985 1588 Caeterum
1999 1541 2145 1575 animad-

1136 1588 1222 1621 versa
1248 1589 1286 1621 ab
1311 1589 1397 1622 Salio
1420 1587 1505 1629 signa
1531 1588 1692 1630 relegens,
1717 1586 1798 1620 illud
1833 1584 1962 1619 fortasle
2009 1586 2148 1618 mirabe-

1140 1636 1184 1666 ris
1200 1657 1212 1672 ,
1235 1643 1307 1665 cum
1332 1631 1512 1665 molestiam
1538 1631 1576 1664 ad
1607 1632 1743 1665 ster-num
1778 1628 2036 1663 animadverterit
2064 1655 2072 1671 ,
2107 1628 2147 1662 ad

1132 1675 1215 1710 dorsi
1242 1676 1395 1708 vertebras
1430 1687 1492 1707 non
1527 1673 1687 1708 adnotasse
1709 1698 1720 1715 ,
1767 1682 1818 1708 aiit
1863 1684 1938 1707 cum
1972 1674 2059 1706 illius
2095 1685 2147 1706 ra-

1133 1723 1255 1753 tionem
1282 1717 1362 1751 hanc
1388 1717 1530 1751 redderet
1545 1744 1552 1756 ,
1576 1719 1662 1760 quod
1690 1717 1913 1752 mediastinum
1937 1717 1978 1751 ad
2002 1717 2141 1751 sternum

1133 1765 1284 1805 alligatur
1310 1773 1319 1799 3
1354 1774 1416 1795 non
1443 1762 1631 1803 arzendisst·,
1654 1763 1691 1796 ad
1715 1762 1876 1795 vertebras
1908 1773 2036 1804 quoque
2073 1761 2146 1793 alli-

1131 1810 1224 1851 gari:
1252 1815 1305 1839 aut
1333 1805 1451 1838 saltem*
1468 1818 1532 1839 non
1559 1804 1753 1840 admonuisse
1780 1805 1837 1848 (id
1884 1805 1973 1848 quod
2018 1802 2146 1838 fortasse

1129 1855 1221 1889 erat)
1247 1851 1379 1892 propius
1403 1849 1562 1889 sternum,
1587 1862 1684 1892 quam
1710 1850 1866 1883 vertebras
1889 1873 1901 1889 ,
1935 1846 2024 1882 fuisse
2071 1849 2145 1881 illas

1128 1895 1427 1929 inflammationes:
1452 1894 1539 1937 quod
1563 1893 1733 1927 discrimen
1766 1894 1800 1926 in
1838 1893 1920 1926 locis
1953 1891 2145 1935 quibusdam

1131 1939 1382 1980 Hippocraticis
1406 1936 1443 1970 cle
1465 1936 1636 1979 plenrit'ide
1659 1939 1697 1970 ad
1720 1936 1844 1979 dorsum
1862 1960 1873 1976 ,
1897 1936 1990 1969 aliter
2025 1938 2057 1969 in
2094 1939 2147 1970 Se-

1133 1980 1305 2024 pulchreto
1328 1984 1341 2020 (
1365 1992 1379 2013 r
1402 1984 1415 2020 >
1438 1982 1632 2023 explicatis,
1657 1983 1791 2024 attingit
1815 1980 1867 2014 Cl.
1895 1982 2002 2014 Verna
2036 1981 2141 2022 <s):

1131 2036 1315 2068 quanquam
1339 2023 1484 2068 Epistola
1509 2025 1669 2068 superiore
1694 2029 1706 2065 (
1730 2034 1744 2059 t
1768 2029 1777 2065 )
1803 2024 1863 2057 alia
1888 2036 2018 2068 quoque
2043 2036 2058 2056 a
2093 2035 2144 2057 me

1126 2072 1213 2102 ratio
1239 2068 1382 2101 indicata
1407 2067 1472 2108 est,
1496 2080 1553 2102 cur
1576 2070 1766 2103 mediastino
1809 2066 1926 2102 affeeto
1944 2091 1955 2109 ,
2001 2066 2144 2102 accidere

1127 2112 1293 2145 interdurn
1319 2112 1435 2154 possit,
1459 2121 1494 2146 ut
1519 2111 1683 2153 sternum,
1708 2115 1841 2156 potius,
1866 2124 1961 2155 quarn
1972 2112 2146 2154 vertebrae,

1127 2157 1368 2197 compatiatur.
1505 2155 1564 2189 Sed
1589 2158 1804 2192 vertebrarum
1829 2155 1913 2190 ίζιᾶει
1949 2158 2110 2190 mentione
2136 2183 2146 2198 ,

1128 2198 1162 2231 id
1186 2200 1284 2244 etiam
1308 2200 1421 2247 mirari
1446 2199 1550 2239 subit,
1574 2212 1648 2234 cum
1675 2200 1752 2244 saepe
1776 2200 1856 2234 adeo
1879 2201 1996 2243 capitis
2018 2200 2145 2236 dolores

1125 2253 1181 2284 per
1204 2244 1366 2284 sanguinis
1391 2244 1548 2285 impetum
1575 2254 1627 2277 aut
1653 2256 1778 2277 moram
1804 2246 1836 2277 in
1860 2245 1980 2277 cerebri
2020 2247 2144 2279 menin-

1123 2286 1243 2326 gibus,
1265 2294 1319 2318 aut
1344 2297 1400 2329 per
1425 2287 1518 2319 aliam
1541 2287 1682 2330 aliquam
1708 2286 1823 2321 harum
1848 2288 2008 2322 laelionem
2033 2314 2042 2329 ‚
2068 2291 2144 2323 irri-

1123 2330 1321 2361 tationemve
1344 2330 1566 2372 explicentur,
1589 2342 1646 2365 cur
1669 2330 1708 2364 ad
1731 2331 1813 2365 dorii
1839 2332 1989 2373 dolores,
2012 2333 2050 2367 de
2071 2335 2144 2377 qui·

1123 2372 1184 2404 bus
1208 2373 1405 2406 nominatim
1441 2375 1474 2406 in
1511 2375 1568 2406 hac
1596 2375 1796 2418 Sepulchreti
1822 2376 1969 2409 Seetione
2002 2378 2108 2420 agitur
2131 2401 2141 2417 ,

1122 2415 1330 2457 explicandos
1356 2428 1484 2459 perraro
1508 2417 1604 2451 soleat
1628 2421 1899 2453 commemoratio
1923 2420 1992 2453 fieri
2017 2424 2142 2455 menin-

1121 2470 1199 2501 gum
1226 2461 1389 2506 Spinalem
1416 2461 1588 2494 medullam
1614 2463 1883 2497 convestientium
1905 2487 1917 2503 ,
1951 2477 2021 2506 quae
2053 2465 2139 2499 nihil

1121 2503 1253 2536 demum
1279 2504 1335 2535 nili
1360 2504 1423 2537 illae
1450 2505 1627 2546 superiores
1651 2508 1813 2549 meninges
1839 2507 1909 2540 sunt
1952 2509 1989 2540 *in
2038 2520 2141 2543 verte-

1119 2546 1246 2580 brarum
1291 2558 1405 2581 cavum
1451 2548 1613 2590 prociuetae
1638 2572 1646 2580 .
1782 2553 1820 2584 In
1868 2550 1926 2583 hac
1971 2552 2038 2594 ipsa
2084 2556 2138 2587 Se-

1120 2591 1230 2623 &tione
1262 2592 1406 2632 exempla
1439 2593 1535 2625 etiam
1579 2590 1753 2628 afferuntur
1799 2594 1951 2628 dolorum
1996 2597 2140 2632 thoracis

1120 2634 1163 2666 ab
1197 2633 1418 2675 aneurysmate
1452 2638 1709 2678 provenientium
1733 2662 1740 2669 .
1778 2639 1966 2681 Qorum,
2000 2639 2056 2674 etfi
2103 2644 2137 2676 in

1118 2678 1182 2727 alia
1226 2677 1373 2720 Epistola
1417 2678 1455 2712 de
1500 2681 1791 2723 Aneurysmatibus
1817 2684 1907 2724 plura
1934 2684 2139 2727 scripserim,

1119 2722 1244 2763 aliaque
1267 2723 1300 2755 in
1324 2722 1387 2756 alia
1411 2723 1468 2756 sim
1493 2722 1681 2764 additurus3
1706 2737 1804 2760 unum
1827 2751 1835 2765 ‚
1860 2735 1955 2769 atque
2003 2728 2141 2764 alterum*

1120 2765 1305 2807 exemplum
1329 2766 1470 2800 seorsum
1496 2766 1550 2800 hic
1600 2768 1771 2809 roferam,
1816 2771 1959 2812 primum
2005 2770 2142 2814 quidem

1122 2819 1290 2850 propterea
1314 2812 1390 2852 quia
1416 2813 1471 2843 vix
1496 2781 1596 2845 aliucl³
1607 2811 1672 2854 ejus
1709 2813 1940 2855 aneurysmatis
1976 2813 2138 2851 indicium

1120 2852 1233 2885 rescire
1258 2855 1426 2895 potuimus
1449 2879 1461 2895 ,
1494 2867 1589 2897 quam
1616 2857 1760 2890 dolorem
1805 2858 1890 2890 intra
1935 2858 2098 2892 thoracem
2125 2874 2136 2899 3

1120 2897 1256 2930 alterum
1272 2907 1413 2937 autem,
1437 2901 1513 2941 quia
1538 2910 1602 2931 non
1627 2899 1728 2934 solum
1753 2902 1792 2933 ab
1816 2901 2061 2943 aneurysmate,
2085 2904 2136 2938 sed

1119 2943 1218 2973 etiam
1241 2941 1278 2973 ab
1302 2940 1455 2983 jecinoris
1480 2941 1619 2984 pandere
1642 2944 1668 2976 is
1702 2943 1845 2978 thoracis
1880 2944 1976 2980 dolor
2007 2947 2136 2982 videtur

1119 2985 1324 3028 repetendus.
1913 3009 1916 3012 .

1164 3041 1216 3070 47.
1237 3029 1436 3079 ιΜΕΠᾸΙΞΚ
1461 3029 1647 3064 consistente
1671 3041 1784 3071 aetate,
1809 3045 1879 3076 quae
1906 3034 1982 3068 alias
2006 3036 2041 3068 in
2064 3037 2139 3070 No-

1123 3073 1268 3107 socomio
1292 3074 1448 3105 Patavino
1473 3072 1575 3107 fuerat
1600 3075 1644 3109 ob
1666 3076 1813 3110 dolorem
1838 3079 1871 3110 in
1904 3076 2024 3112 sinistra
2056 3081 2137 3114 inti-

1126 3129 1177 3152 ma
1201 3116 1342 3149 thoracis
1368 3126 1480 3158 parte,
1505 3120 1538 3150 in
1564 3119 1649 3152 idem
1674 3120 1768 3153 rediit
1801 3130 1874 3153 ante
1907 3123 2049 3157 medium
2077 3125 2136 3169 Ja-

1126 3162 1275 3195 nuarium
1299 3161 1340 3192 A.
1370 3171 1461 3203 1717.
1497 3160 1535 3194 de
1567 3162 1678 3198 eodem
1710 3165 1769 3198 illo
1815 3164 1928 3197 dolore
1969 3178 2099 3208 querens
2125 3193 2137 3208 ,

1126 3217 1209 3239 nunc
1234 3215 1346 3245 magna
1369 3215 1441 3250 cum
1467 3203 1552 3238 febre
1576 3206 1752 3250 conjuncto
1773 3233 1780 3240 .
1817 3208 1927 3241 Pulsus
1960 3219 2062 3242 erant.
2084 3212 2135 3244 vi-

1126 3249 1232 3282 brati:
1259 3248 1450 3294 morbusque
1474 3251 1610 3284 omnino
1635 3251 1803 3285 videbatur
1827 3253 1954 3292 gravis,
1978 3252 2029 3285 sed
2053 3263 2138 3288 noto

1100 3315 1102 3321 ,
1125 3292 1225 3331 adeo,
1248 3301 1283 3324 ut
1307 3303 1391 3323 mors
1414 3303 1480 3332 Jam
1505 3296 1654 3336 proxima
1680 3294 1736 3327 esse
1759 3294 1959 3328 crederetur.
1986 3297 2063 3330 Fuit
2087 3307 2138 3331 ta-

1125 3348 1218 3373 men,
1243 3346 1314 3368 nam
1338 3335 1489 3383 postridie
1512 3349 1608 3379 quam
1633 3340 1668 3372 in
1701 3338 1939 3372 Nosocomium
1976 3351 2103 3375 venerat
2125 3366 2139 3383 ,

1129 3380 1431 3427 mulier-improwso
1446 3391 1572 3414 mortua
1585 3382 1645 3415 est.
1783 3382 2023 3417 THORACE
2047 3396 2138 3427 aper-

1128 3434 1164 3458 to
1175 3448 1188 3465 ‚
1211 3424 1305 3467 huius
1328 3424 1413 3465 quasi
1438 3423 1581 3467 hydrops
1606 3437 1622 3458 a
1644 3426 1751 3468 primo
1774 3426 1926 3489 apparuit
1948 3451 1957 3461 .
1981 3427 2140 3505 3⁶³1·ssme

67 3575 2124 3593 mmm

127 3673 344 3734 ἓζὲιέξὺῗῖειῗῖ
359 3676 501 3742 gatii-⁶⁰¹⁸(
514 3684 538 3731 fm'
553 3678 689 3737 i'obsff
705 3680 718 3709 ³
736 3681 794 3739 ‘ibri‘
803 3681 966 3741 5'0bc‘22.'
983 3682 1051 3742 Oisia
1059 3690 1086 3740 's
1090 3693 1117 3738 ³1}

130 3736 138 3796 ἓ
156 3737 365 3800 ?))n¹?c1{,m⁰d⁰
382 3739 491 3764 indicato
511 3756 516 3761 .
579 3739 593 3769 <
609 3748 619 3763 r
635 3740 648 3769 )
665 3740 730 3797 SeC’t¹¹
742 3741 785 3767 hac
801 3752 825 3772 4.
845 3745 952 3773 Append.
971 3747 1000 3770 ad
1018 3744 1075 3768 Obs.
1093 3754 1128 3775 39-

1121 3714 1126 3718 ,
1176 3686 1190 3715 (
1208 3687 1217 3710 ι’
1233 3688 1246 3716 )
1262 3688 1323 3713 ςεεὶ.
1340 3697 1364 3718 4.
1381 3688 1438 3712 obs.
1456 3695 1494 3716 27.
1557 3688 1570 3716 c
1587 3687 1602 3711 k
1618 3688 1632 3716 7
1648 3688 1709 3711 sest.
1725 3688 1747 3711 8.
1764 3686 1783 3708 ι.
1800 3683 1872 3712 huius
1887 3691 1911 3707 2-
1927 3682 1987 3708 Obs.
2002 3692 2027 3714 4.
2044 3684 2068 3715 §·
2085 3690 2121 3708 n.

1121 3715 1156 3739 ¹st-
1175 3719 1196 3741 8:
1212 3720 1243 3741 Α-
1263 3721 1305 3743 cit.
1373 3719 1414 3747 (ρ
1427 3719 1441 3748 )
1459 3722 1496 3743 De
1514 3720 1604 3742 Intern.
1623 3718 1706 3742 Morb.
1726 3719 1816 3742 Curat.
1832 3714 1849 3738 1.
1866 3722 1890 3739 2.
1906 3721 1928 3738 e.
1946 3717 1969 3738 6.

1191 3748 1257 3778 (s)
1276 3753 1303 3775 Ρ.
1322 3758 1341 3779 3.
1359 3757 1379 3773 c.
1398 3752 1421 3773 8.
1440 3757 1463 3773 n.
1483 3759 1505 3779 9.
1521 3752 1542 3774 8<
1563 3757 1595 3774 12.
1615 3749 1670 3774 libri
1687 3749 1729 3774 cit.
1749 3749 1815 3778 supra
1828 3761 1835 3774 ³
1852 3745 1881 3770 ad
1898 3752 1923 3769 n·
1940 3753 1981 3775 43.
