2498 4075
386 171 445 209 10

472 240 2116 347 EPISTOL‘AJANATOMICO-MEDICA
2165 247 2256 312 ΙΙ.

439 388 626 439 Sermo
670 387 910 451 primum
942 377 1004 431 fit
1047 376 1113 430 de
1148 375 1468 446 Apoplexia
1514 378 1575 449 iu
1602 376 1909 437 universum

1065 459 1186 511 quae
1222 448 1291 497 est
1326 447 1369 500 a*
1392 445 1675 511 sanguine.

444 586 512 618 Uas
545 593 645 624 nuper
674 581 712 615 de
735 579 851 621 capitis
885 576 1000 611 dolore
1032 576 1074 610 ad
1107 585 1142 609 te
1166 574 1309 610 misimus
1334 602 1345 617 ‚

456 636 560 666 gratas
583 623 674 660 fuisse
699 620 1011 660 Litteras‚scribis;
1037 618 1088 653 sed
1113 629 1206 653 tanto
1225 622 1348 662 gratio-

457 666 510 705 *res
546 669 668 704 futuras
698 678 776 711 quas
793 666 831 699 de
853 665 1033 708 Apoplexia
1056 663 1224 706 expectas,
1255 666 1288 697 ἃ
1310 662 1349 696 de

311 724 433 749 caeteris
454 715 601 753 deinceps
628 712 747 746 morbis
772 733 783 749 ‚
818 717 940 751 quanto
972 708 1089 741 horum
1119 705 1253 748 quisque
1276 717 1345 748 gra-

308 760 382 791 vior
403 758 464 795 est,
480 761 510 791 &
538 756 670 799 periculi
694 754 835 797 plenior.
861 751 962 784 Simul
975 750 1103 794 quaeris,
1113 759 1151 782 an
1161 748 1345 791 Apoplexia

309 812 415 834 revera
438 800 503 835 hoc
528 800 642 834 saeculo
663 797 808 831 crebrior
829 793 1031 840 fit,quando
1054 792 1199 826 Medicos
1222 792 1343 827 Erudi-

307 853 359 877 tos
381 843 462 878 duos
486 848 519 878 in
545 840 665 875 diversa
688 840 775 873 vides
797 837 853 871 esse
889 838 1045 879 opinione
1062 860 1076 878 ,
1112 837 1145 868 &
1169 835 1257 878 quod
1280 837 1342 869 mi-

306 898 379 920 rum
402 888 544 921 videatur
568 910 579 926 ,
614 884 652 917 ad
676 882 810 917 eundem
832 880 872 914 ab
905 889 1041 923 utroque
1062 879 1240 914 Austorem
1263 891 1341 923 pro-

303 931 437 970 vocari,
459 929 649 963 Cornelium
672 926 823 960 Celsum.

360 985 390 1007 2.
417 976 467 1007 Ut
491 972 566 1006 hine
591 972 771 1014 incipiam3
792 968 900 1010 negari
924 977 989 1000 non
1012 966 1134 1008 potest,
1159 966 1242 1010 apud
1262 966 1340 1000 Cel-

307 1017 376 1052 sum
399 1021 441 1057 (a
463 1021 477 1057 )
510 1016 577 1050 haec
602 1016 683 1060 legi:
711 1012 884 1047 Attonitos
916 1021 1033 1053 quoque
1058 1021 1130 1044 raro
1160 1011 1303 1044 videmus
1325 1033 1338 1050 ,

308 1073 440 1103 quorum
461 1062 504 1094 Θ
528 1070 639 1101 corpus
653 1081 665 1099 ,
687 1058 730 1092 Θ
751 1066 837 1090 mens
850 1053 956 1097 stupet
977 1080 984 1087 .
1020 1053 1074 1086 Fit
1095 1053 1250 1087 interdum
1272 1052 1337 1087 ie‘t'u

294 1105 452 1151 fulminis
473 1129 480 1143 ‚
513 1103 667 1137 interdum
689 1097 795 1135 morbo
817 1121 827 1137 ,
849 1097 929 1132 hune
949 1100 1138 1139 α’ποπληξὶαν
1163 1096 1262 1130 Graeci
1282 1105 1338 1138 ap-

304 1149 450 1191 pellant.
476 1146 535 1179 Sed
558 1157 658 1187 neque
681 1143 806 1178 inficias
828 1142 869 1174 iri
893 1141 1018 1184 potest,
1041 1143 1098 1173 vix
1121 1139 1267 1183 perbrevi
1290 1148 1340 1172 at.

307 1193 492 1225 tonito1·um
514 1191 679 1223 curatione
704 1183 867 1230 proposita
882 1208 895 1225 ,
928 1184 995 1217 haec
1018 1181 1130 1225 subjici
1177 1182 1221 1223 b)
1242 1194 1250 1215 :
1282 1185 1338 1216 ‚At

311 1245 343 1268 re
360 1234 460 1269 olutio
485 1242 650 1267 nervorum
666 1227 819 1273 frequens
842 1226 954 1270 ubique
976 1225 1101 1261 morbus
1121 1237 1136 1260 e
1172 1249 1180 1258 .
1208 1226 1267 1259 Sed
1288 1227 1337 1260 in·

307 1279 430 1312 tercium
456 1284 524 1310 rota
547 1285 674 1309 cornera
694 1298 701 1312 ‚
737 1271 892 1305 interdum
912 1278 1019 1313 partes
1043 1267 1167 1313 infestat
1182 1295 1189 1301 .
1216 1269 1338 1303 Veteres

304 1321 453 1358 authores
481 1319 562 1353 illud
585 1316 772 1354 ,ἔποπληξὶαν
792 1326 803 1354 5
834 1313 890 1347 boc
911 1319 1069 1356 παράλυσιν
1101 1315 1304 1347 nominarunt
1328 1324 1336 1346 :

298 1375 384 1398 nunc
408 1371 561 1405 utrunque
596 1366 756 1401 παράλυσιν
793 1357 948 1400 appellari
981 1358 1071 1391 video
1097 1380 1105 1388 .
1141 1356 1196 1389 Ne
1229 1365 1334 1389 autem

301 1405 648 1450 credas,apoplexiam
672 1404 753 1436 hanc
775 1412 869 1444 quam
892 1399 1090 1444 frequentem
1111 1399 1229 1443 ubique
1252 1399 1332 1433 fuis-

301 1449 333 1484 se
357 1451 460 1490 dicit,
484 1453 516 1484 &
541 1445 708 1492 paralysim
731 1455 803 1479 tum
823 1446 932 1478 vocari
963 1444 1092 1479 solitam
1111 1467 1124 1484 ,
1157 1441 1328 1486 paralysim

301 1495 413 1539 potius
436 1492 527 1527 fuisse
549 1492 654 1526 totius
676 1489 819 1532 corporis
831 1511 843 1528 ‚
865 1498 962 1531 quam
981 1498 1087 1521 veram
1110 1487 1326 1530 apoplexiam3

301 1538 447 1573 attendas
469 1543 620 1581 oportet,
653 1543 718 1567 non
751 1530 848 1565 modo
881 1542 997 1573 corpus
1027 1530 1208 1566 universum
1230 1530 1328 1564 resol-

302 1581 398 1623 visse,
429 1590 465 1614 ut
499 1578 680 1622 paraplexia
704 1578 784 1622 (f)
818 1573 1013 1621 dici-posset
1041 1600 1050 1614 ,
1086 1585 1196 1616 verum
1230 1575 1327 1608 etiam

302 1626 421 1665 mentis
445 1623 539 1657 usum
560 1619 781 1662 intercepisse3
815 1620 849 1652 in
870 1629 939 1660 ejus
960 1619 1046 1652 enim
1067 1619 1231 1659 curatione
1254 1629 1332 1651 mox

302 1682 317 1701 a
352 1667 448 1702 Celso
471 1667 539 1709 (d)
563 1663 795 1708 pronunciatur
814 1685 826 1703 ,
854 1661 921 1705 post
946 1661 1111 1705 sanguinis
1132 1660 1298 1704 mzffionem
1319 1683 1330 1700 ,

297 1712 326 1755 fi
348 1723 406 1746 non
430 1711 512 1745 rcdic
537 1710 574 1743 Θ
596 1715 701 1743 motus
723 1728 735 1746 ‚
767 1706 809 1739 Θ
831 1716 939 1746 mens,
961 1705 1043 1739 nihil
1057 1704 1129 1747 spei
1143 1705 1255 1748 supere
1281 1715 1296 1738 e
1317 1716 1330 1744 3

301 1767 340 1789 ne
363 1755 446 1788 illud
469 1763 594 1796 quoque
619 1749 732 1791 addam
752 1774 762 1790 ‚
795 1748 874 1791 saepe
907 1748 1123 1791 paraplexiam
1145 1751 1206 1788 (e)
1243 1759 1330 1782 ucce-

301 1801 371 1834 dere
395 1797 561 1841 apoplexiae
577 1817 586 1832 ‚
606 1803 643 1829 ut
678 1791 701 1827 fi
735 1793 792 1839 illa
803 1791 948 1834 frequens
978 1801 1045 1825 erat
1066 1814 1076 1830 ,
1101 1790 1170 1825 haec
1202 1802 1330 1834 quoque

302 1854 369 1875 non
394 1853 462 1875 rara
486 1838 609 1879 fuerit,
633 1835 747 1870 necesse
770 1834 827 1869 iit.
852 1836 947 1876 Qid
969 1846 1047 1878 ergo
1071 1845 1160 1876 erat,
1183 1836 1334 1877 inquies,

302 1887 358 1919 illa
384 1886 492 1928 primo
516 1884 590 1917 loco
615 1880 779 1924 proposita
812 1891 829 1912 a
864 1879 958 1912 Celso
982 1879 1150 1921 apoplexia
1178 1877 1194 1911 ἒ
1215 1879 1248 1911 in
1271 1890 1333 1921 qua

301 1933 336 1963 δι’
359 1940 498 1972 corpus,
533 1929 566 1960 ἃ(
590 1935 730 1958 mentem
754 1922 873 1965 stupere
890 1947 902 1964 ,
933 1923 979 1957 ait
1003 1946 1016 1962 ,
1051 1921 1103 1956 sed
1136 1933 1208 1955 raro
1231 1921 1335 1955 videri

302 1970 497 2007 consuevisse
519 1996 525 2002 .
560 1967 636 2003 Nili
658 1966 862 2005 Mercurialis
884 1978 971 2000 meus
993 1961 1070 2007 (f)
1104 1967 1242 2007 Virique
1278 1965 1335 1998 alii

305 2027 379 2050 ante
398 2041 411 2058 ‚
443 2018 475 2049 &
510 2012 580 2057 post
603 2012 708 2056 ipsum
740 2009 953 2044 Eruditiffimi
986 2019 1090 2042 veram
1124 2006 1181 2043 esse
1205 2009 1336 2051 apople-

306 2063 394 2096 xiam
427 2056 614 2092 censuissent
635 2079 647 2096 ,
677 2065 774 2097 quam
806 2053 853 2087 ibi
887 2052 998 2087 Celsus
1031 2051 1173 2086 morbum
1213 2055 1335 2085 anoni-

305 2114 375 2138 tum
399 2102 600 2142 nominarit,
622 2102 816 2142 (quanquam
839 2098 1025 2136 attonitos,
1057 2107 1092 2129 ut
1118 2095 1248 2129 Rubeus
1271 2098 1336 2138 (g)

305 2146 560 2184 animadvertit,
584 2142 732 2176 homines
756 2140 862 2177 dixit,
884 2151 948 2173 non
971 2138 1245 2178 morbum)ausus
1268 2137 1338 2171 for.

305 2190 381 2225 tasse
413 2190 478 2234 jam
507 2186 632 2231 pridem
663 2182 757 2218 essem
779 2183 817 2217 de
846 2194 924 2217 voce
947 2183 1003 2216 illa
1036 2185 1219 2224 ἐποπληξίαν
1251 2184 1334 2216 inte-

306 2247 359 2271 gra
375 2258 384 2274 ‚
410 2246 447 2267 an
482 2229 631 2266 mendosa
652 2228 714 2268 fit,
736 2227 884 2261 dubitare
905 2251 912 2258 .
954 2225 1121 2259 Interdum
1151 2228 1238 2259 enim
1260 2237 1334 2259 cum

304 2275 437 2313 ultimas
471 2279 505 2309 in
540 2268 670 2307 Celsum
704 2270 864 2312 Epistolas
901 2269 1087 2304 'scribet-em„
1108 2291 1121 2308 ‚
1161 2268 1334 2312 suspicatus

305 2324 398 2362 sum,
424 2320 571 2355 morbum
598 2317 697 2349 alium
721 2314 859 2356 aliquem
893 2312 939 2345 ibi
965 2312 1145 2347 indicatum
1169 2312 1207 2345 ab
1228 2324 1266 2345 eo
1288 2313 1335 2346 es-

306 2367 335 2401 se
359 2390 371 2406 ,
402 2375 439 2398 ut
475 2371 550 2407 puta
575 2356 785 2400 catalepsirn,
821 2366 875 2389 aut
899 2355 993 2398 hujus
1025 2356 1160 2389 fimilem
1180 2379 1193 2394 ‚
1224 2367 1335 2399 nempe

306 2421 401 2454 quern
426 2419 498 2441 raro
519 2405 682 2437 videamus
696 2424 707 2440 ,
729 2401 763 2433 in
786 2411 851 2442 quo
875 2402 906 2433 &
929 2410 1047 2441 corpus
1062 2422 1075 2439 ,
1107 2400 1140 2431 δε
1162 2409 1248 2432 mens
1270 2399 1336 2433 stu-

309 2463 379 2497 peat
398 2476 408 2492 ,
432 2454 463 2484 &
487 2450 542 2493 qui
568 2446 624 2480 fiat
648 2443 811 2478 interdum
833 2443 900 2476 istu
925 2441 1075 2476 fulminis
1091 2469 1098 2480 ,
1132 2441 1216 2475 unde
1238 2444 1336 2476 etiam

308 2497 442 2541 proprie
473 2492 606 2528 attoniti
638 2489 718 2522 dieti
745 2486 814 2519 sunt
837 2488 851 2525 <
873 2485 953 2526 h).
990 2487 1034 2519 Et
1073 2485 1232 2527 sperabam
1265 2488 1337 2529 qui-

309 2541 407 2580 dem,
440 2536 652 2578 suspicionem
677 2541 777 2564 meam
801 2528 982 2562 confirmari
1005 2553 1013 2567 ‚
1045 2531 1077 2562 δι
1102 2530 1258 2563 rationem
1282 2531 1338 2562 ali-

308 2595 405 2618 cuam
438 2577 672 2613 emendationis
705 2586 744 2607 ex
773 2573 881 2606 Caelio
902 2572 1076 2606 Aureliano
1108 2570 1230 2606 hauriri
1265 2572 1337 2616 pos.

311 2621 340 2663 se
366 2650 379 2668 ‚
411 2626 466 2668 qui
493 2621 589 2657 fusius
612 2630 707 2665 quam
733 2618 892 2650 Veterum
911 2639 922 2656 ,
952 2618 1007 2658 qui
1033 2614 1185 2658 supersint
1209 2639 1218 2653 ‚
1250 2616 1338 2659 quis..

310 2683 405 2706 cuam
426 2696 434 2709 ‚
468 2667 505 2699 de
532 2662 692 2703 Catalepsi
723 2660 814 2693 verba
840 2659 957 2692 faciens
980 2662 994 2699 (
1016 2660 1028 2693 i
1049 2662 1062 2699 )
1084 2682 1096 2699 ,
1118 2659 1252 2698 docuit,
1276 2661 1332 2703 qui

313 2708 409 2756 primi
433 2712 516 2745 olim
539 2709 577 2743 ab
607 2707 678 2740 aliis
712 2705 833 2737 morbis
857 2702 939 2736 huuc
972 2702 1180 2744 separaverint
1199 2727 1212 2743 ,
1243 2705 1274 2736 &
1298 2703 1332 2737 id

313 2757 455 2791 neminis
488 2751 698 2796 imposuerint
717 2772 729 2789 ,
762 2750 794 2780 &
830 2758 895 2789 quo
919 2745 1049 2788 quisque
1065 2788 1066 2791 Ἴ
1083 2745 1182 2779 modo
1205 2758 1333 2779 curave-

315 2804 381 2835 rint
406 2826 411 2831 .
449 2797 506 2832 Sed
539 2793 687 2831 angustiis
722 2792 876 2832 temporis
898 2789 1040 2823 exclusus
1058 2795 1078 2831 ‚⁸
1103 2793 1135 2822 ὃ(
1159 2789 1338 2823 inconstan-

315 2847 363 2878 tia
394 2841 548 2886 quadam,
576 2834 715 2871 librariis
749 2833 854 2867 forsan
889 2833 1075 2875 imputanda
1099 2857 1111 2874 ,
1153 2833 1295 2866 tardatus
1329 2857 1338 2872 ‚

315 2900 389 2923 cum
415 2881 636 2926 Asclepiadem
666 2876 832 2919 catalepfin
865 2875 1064 2921 appellavisse
1084 2900 1096 2917 ,
1130 2886 1336 2909 meaerautem

317 2940 429 2965 novum
452 2937 509 2960 uon
535 2921 643 2967 dedisse
666 2931 773 2955 nomen
789 2943 801 2959 ,
837 2919 977 2961 legamus
1001 2945 1010 2960 ,
1050 2918 1101 2953 sed
1121 2919 1187 2963 ejus
1205 2919 1339 2963 ses't'ato-

318 2986 367 3009 res
404 2968 568 3011 catalcpfin
590 2962 773 3008 vocauiffe3
807 2963 964 3004 longioris
995 2974 1098 3006 operae
1131 2962 1187 2997 effe
1219 2962 1339 2996 credidi

318 3029 386 3051 rem
408 3014 563 3048 discutere
584 3034 595 3050 ‚
629 3018 683 3041 nec
704 3004 788 3040 Celsi
812 3008 1006 3039 curationem
1038 3007 1126 3040 volui
1151 3018 1224 3046 cum
1247 3004 1341 3039 The-

319 3057 542 3099 misonis,qui
566 3063 665 3095 nuper
687 3053 1010 3095 vixerat,curatione
1031 3061 1232 3092 comparare.
1257 3050 1340 3085 Quae

319 3115 356 3138 tu
380 3103 476 3136 facias
499 3097 610 3131 censeo
635 3117 643 3132 ‚
676 3106 739 3128 non
763 3103 830 3126 tam
852 3105 918 3126 mea
957 3094 1130 3135 suspicione
1153 3093 1306 3127 adductus
1330 3117 1342 3133 ‚

319 3158 415 3190 quam
439 3142 559 3178 Summi
585 3139 661 3172 Viri
694 3138 847 3181 opinione
879 3147 1043 3179 permotus
1076 3137 1212 3170 Gerardi
1246 3136 1342 3169 Swie-

321 3192 403 3224 tenii
426 3212 438 3228 ‚
471 3186 690 3219 Cael‘arcorum
723 3181 973 3214 Archiatrorum
1004 3182 1148 3214 Comitis
1184 3180 1341 3213 merituii-

322 3235 388 3267 mi.
421 3229 523 3271 Cujus
546 3227 866 3260 Commentariorum
889 3224 956 3264 (k)
980 3225 1142 3257 Volumen
1166 3226 1230 3257 III.
1246 3222 1342 3263 mihi,

322 3277 403 3311 hanc
427 3272 607 3316 Epistolam
633 3270 807 3312 relegenti,
838 3267 971 3310 benigne
994 3267 1122 3301 missum
1144 3279 1216 3300 curn
1242 3266 1343 3299 versa-

322 3332 412 3360 rem,
434 3315 556 3360 gavisus
579 3314 665 3350 sum,
680 3312 810 3346 eandem
833 3311 994 3354 utriusque
1017 3310 1156 3345 nostrum
1181 3310 1344 3354 conjeffiiu-

321 3375 386 3399 ram
410 3359 508 3394 fuisse.
522 3359 631 3399 Qam
654 3357 709 3390 nili
734 3357 881 3397 sequaris3
907 3354 1043 3397 aliquam
1067 3355 1159 3387 nobis
1182 3357 1344 3396 excogita-

325 3409 373 3441 bis
408 3406 586 3442 rationem,
619 3412 678 3443 qua
704 3411 800 3432 unum
823 3397 1015 3439 eundemque
1038 3397 1187 3431 morbum
1219 3402 1250 3430 δε
1275 3409 1344 3430 raro

325 3450 451 3487 videri,
476 3450 507 3479 ὃς
532 3446 728 3487 frequentem
750 3443 865 3484 ubique
890 3440 944 3474 esse
959 3464 966 3476 ‚
991 3443 1224 3483 intelligamus.

383 3502 413 3534 3.
449 3490 507 3522 Sed
532 3492 563 3521 &
584 3496 653 3521 ante
677 3485 832 3525 Celsum,
856 3488 887 3517 ἃ
910 3484 978 3526 [ost
1000 3484 1129 3518 Celsum
1150 3483 1345 3526 frequentem

480 3640 517 3662 De
534 3637 655 3662 Medicina
672 3638 689 3660 l.
709 3645 731 3666 3.
749 3644 768 3661 c.
786 3639 823 3660 26.
889 3635 896 3664 (
915 3632 953 3663 b)
970 3635 1045 3659 Initio
1060 3635 1105 3665 seq.
1121 3643 1142 3660 c.
1159 3642 1199 3664 ²⁷·

481 3669 550 3697 Apud
565 3670 688 3692 Gorraeum
704 3670 751 3692 loc.
770 3667 814 3691 eit.
875 3664 913 3697 (f
928 3667 936 3696 )
952 3666 1059 3690 Praelest.
1078 3668 1159 3691 Patav.
1175 3667 1216 3690 Lx.
1233 3672 1254 3690 e.
1273 3673 1308 3695 19.

473 3701 545 3730 ᾼωῐ.
561 3697 646 3722 Morb.
664 3699 683 3721 l.
701 3707 725 3721 2.
741 3705 755 3720 e
780 3705 819 3720 lo.
839 3703 874 3720 ιι.
894 3704 929 3720 1².
948 3696 971 3719 δι
987 3696 1102 3722 Chi-onie.
1120 3697 1136 3721 l.
1153 3702 1176 3720 2.
1193 3703 1214 3726 ς.
1232 3706 1253 3726 5·

461 3730 475 3759 )
493 3728 554 3753 ibid.
570 3729 634 3757 Aph.
651 3735 687 3756 ²3·
749 3728 763 3756 <
779 3735 795 3750 n
810 3727 824 3755 )
840 3728 877 3750 De
894 3726 977 3751 Morb.
996 3728 1044 3752 lut.
1061 3728 1077 3751 l.
1099 3734 1116 3751 1.
1134 3734 1154 3751 e.
1173 3734 1198 3754 7.
1216 3726 1242 3750 in
1259 3726 1341 3754 Schol-

458 3765 464 3789 )
484 3759 537 3784 Vid.
554 3758 609 3783 init.
625 3765 646 3782 c.
665 3766 685 3786 9.
702 3759 799 3783 comm.
818 3757 842 3780 in
864 3756 917 3780 Ras.
978 3757 992 3785 (
1008 3766 1022 3787 q
1040 3758 1053 3786 “)
1068 3757 1141 3786 Epist.
1160 3759 1207 3783 111.
1225 3765 1250 3781 n.
1269 3764 1306 3786 13.
1325 3763 1364 3786 ²9.

421 3638 465 3668 a)

417 3670 464 3729 :2³

390 3641 406 3789 *rs-*rm

421 3740 444 3755 m

416 3769 434 3792 P

1258 3636 1272 3664 (
1287 3642 1299 3658 c
1316 3635 1325 3665 )
1340 3634 1397 3660 vid.
1413 3636 1498 3660 Galen.
1514 3634 1576 3664 apud
1593 3636 1720 3661 Gortaeum
1736 3636 1816 3662 Defin.
1833 3637 1903 3663 Med.
1921 3633 1952 3660 τιν’
1969 3640 2003 3663 Π.

1317 3697 1332 3726 ζ
1346 3695 1362 3721 k
1378 3696 1393 3727 )

1937 416 1955 440 ,
2001 387 2117 432 tum
2160 379 2227 433 de
2258 399 2319 438 ea.

1397 576 1489 613 fuisse
1510 575 1715 620 apoplexiam
1732 596 1747 614 ,
1784 586 1860 609 cum
1880 574 2099 616 Hippocrates
2126 576 2284 612 indicavit
2305 599 2315 615 ‚
2346 587 2420 614 tum

1398 622 1457 655 alii
1478 617 1910 655 confirmaruntmorborum
1927 616 2176 653 Observatores:
2198 621 2255 655 ille
2275 621 2419 665 quiderm

1400 676 1474 699 nam
1514 663 1537 697 fi
1560 676 1633 698 raro
1655 659 1816 695 accidisset
1836 684 1848 702 ‚
1883 670 1949 698 non
1972 661 2058 695 inter
2079 663 2208 704 morbos
2231 665 2420 700 numerasset

1396 711 1455 752 qui
1478 709 1510 742 in
1528 707 1714 750 pluviarum
1730 704 1936 738 multitudine
1957 703 2122 748 (l)&qui
2143 708 2221 743 item
2243 708 2349 751 hyeme
2358 712 2420 749 (m)

1395 763 1512 794 magna
1534 762 1574 785 ex
1597 758 1686 794 parte
1705 746 1776 780 fieri
1798 747 1900 784 solent
1918 758 1933 788 ;
1965 746 2002 781 hi
2024 759 2098 782 vero
2120 761 2131 789 ς
2160 760 2233 785 nam
2264 752 2332 786 haec
2353 750 2421 794 ejus

1393 795 1546 839 dogmata
1560 799 1772 828 memorantes
1782 813 1795 831 ‚
1805 801 1870 824 non
1880 789 1980 824 modo
1990 792 2025 824 in
2036 791 2173 831 dubium
2181 805 2245 828 non
2256 806 2422 837 vocarunt,

1392 839 1445 873 sed
1475 842 1508 872 &
1531 838 1593 872 suis
1616 833 1890 870 observationibus
1910 835 2162 877 comprobarunt
2186 864 2193 870 .
2224 838 2277 871 Sic
2301 839 2420 872 Holle-

1389 884 1456 917 rius
1478 885 1545 922 (n)
1568 879 1750 923 complures
1774 877 1928 926 recensuit
1951 878 2165 920 apopletf'ticos
2186 881 2221 914 in
2234 879 2359 924 frigida
2377 885 2420 919 &-

1388 925 1523 966 austrina
1543 925 1625 958 aeris
1646 921 1860 962 constitutione
1903 932 1922 954 a
1944 920 1974 954 se
1999 920 2102 955 visos.
2127 923 2180 957 Sic
2188 935 2203 964 ,¹
2226 935 2265 957 ne
2286 925 2419 968 longior

1388 968 1468 1008 fim5
1492 967 1634 1003 Forestus
1656 968 1723 1006 (o)
1746 963 1814 998 suas
1838 964 2019 1007 producens
2042 960 2302 1008 observationes,
2325 976 2418 1007 tota,

1390 1013 1498 1056 inquit
1509 1010 1613 1052 ‚vcoeli
1633 1009 1812 1049 constitutio
1834 1016 1910 1041 tunc
1929 1007 2099 1052 pluviosa,
2113 1010 2158 1043 Θ
2177 1009 2315 1049 austrina
2336 1019 2418 1052 erat,

1391 1057 1434 1089 Θ
1457 1057 1504 1089 ita
1526 1054 1565 1089 ab
1588 1053 1683 1088 initio
1704 1051 1892 1085 Decembris
1915 1051 1954 1085 ad
1980 1052 2028 1085 18.
2052 1051 2138 1086 diem
2157 1075 2167 1091 ,
2186 1054 2321 1096 plurimi
2342 1064 2419 1097 apo-

1383 1098 1535 1141 pleffici,
1559 1098 1603 1130 Θ
1625 1093 1759 1137 convulsi
1780 1096 1988 1128 interierunt:
2010 1097 2090 1138 quin
2113 1098 2211 1130 etiam
2233 1097 2268 1130 in
2290 1099 2420 1131 univer-

1390 1141 1460 1176 sum
1482 1139 1623 1174 tradidit
1638 1164 1646 1180 ,
1671 1139 1735 1172 suis
1757 1136 1890 1181 quidem
1907 1162 1918 1178 ,
1938 1138 2069 1173 Batavis
2090 1150 2123 1174 re
2144 1139 2269 1175 ionibus
2282 1137 2420 1185 frigidis

1386 1186 1431 1219 Θ
1452 1183 1588 1219 humidis
1612 1192 1671 1215 non
1694 1191 1799 1216 raram
1822 1205 1831 1221 ‚
1865 1181 1928 1215 imo
1941 1151 2225 1226 frequentzffimam
2255 1183 2310 1230 effe
2342 1194 2419 1227 apo-

1381 1228 1549 1271 plexiam5
1571 1224 1773 1269 frequentem
1797 1234 1914 1266 quoque
1937 1226 1970 1257 in
2002 1225 2079 1259 locis
2095 1226 2233 1271 frigidis
2265 1227 2303 1261 ob
2318 1227 2418 1271 fitum

1389 1279 1500 1309 terrae,
1524 1278 1562 1304 ut
1586 1269 1749 1302 Florentiae
1766 1292 1776 1308 ,
1808 1268 1850 1300 Θ·
1874 1271 1984 1308 Lucae,
2005 1268 2047 1301 Θ
2069 1270 2232 1309 Bononiae,
2267 1270 2323 1305 ubi
2345 1280 2416 1306 erat

1387 1315 1454 1357 ipse
1476 1310 1767 1348 studiorumrcausa
1789 1320 2007 1344 commoratus
2025 1333 2038 1351 ‚
2069 1311 2122 1347 vel
2143 1309 2181 1345 ob
2203 1313 2337 1355 regionis
2360 1325 2418 1348 na-

1386 1365 1515 1397 turam,
1542 1366 1579 1391 ut
1601 1355 1767 1390 Germanis
1780 1377 1789 1393 ,
1809 1356 1852 1388 Θ
1874 1354 2060 1393 Britannis.
2083 1355 2135 1388 Hi
2156 1365 2233 1389 vero
2255 1354 2322 1391 duo
2343 1357 2418 1391 Me,-

1382 1402 1604 1438 dicicentum
1639 1398 1874 1442 quinquaginta
1908 1399 1998 1432 annis
2018 1399 2151 1432 circiter
2169 1421 2184 1438 ‚
2215 1408 2287 1432 ante
2320 1398 2418 1444 hujus

1383 1446 1519 1488 initium
1537 1444 1644 1479 saeculi
1669 1441 1735 1476 haec
1757 1440 1983 1475 adnotaverant
2005 1452 2013 1473 :
2039 1451 2093 1475 aut
2117 1441 2297 1477 fiForestus
2319 1440 2419 1486 paulo

1377 1489 1499 1524 tardius
1520 1501 1531 1528 3
1563 1499 1628 1522 non
1652 1485 1774 1520 tardius
1795 1493 1879 1517 certe
1904 1484 2073 1527 sacchinus
2095 1487 2109 1524 (
2119 1495 2142 1528 p
2162 1489 2177 1525 )
2199 1486 2284 1520 unde
2312 1487 2418 1529 plera,

1377 1544 1440 1574 que
1464 1532 1597 1566 istorum
1619 1528 1810 1567 verborum,
1848 1523 2043 1563 diffimulato
2076 1529 2218 1564 auetoris
2247 1530 2381 1564 nomine
2401 1553 2417 1573 ‚

1381 1574 1548 1619 descripsit
1574 1572 1719 1609 forestus
1734 1596 1742 1604 .
1939 1604 1943 1606 a
2417 1610 2419 1612 ,

1438 1633 1471 1662 4.
1492 1620 1580 1654 Noli
1602 1625 1709 1651 autem
1743 1613 1868 1649 credere
1887 1637 1900 1654 ‚
1919 1612 2030 1661 ‘haecsa
2051 1626 2101 1649 me
2121 1615 2187 1651 dici
2198 1640 2212 1657 ,
2229 1625 2267 1650 ut
2289 1616 2417 1652 inficiet

1380 1664 1469 1709 quod
1483 1663 1581 1707 probe
1605 1657 1963 1701 memini‚circahu1us
1987 1660 2093 1693 iaeculi
2116 1660 2213 1694 initia
2236 1660 2416 1704 frequentes

1381 1709 1461 1742 adeo
1484 1706 1584 1741 fa&as
1607 1702 1666 1737 esse
1689 1712 1808 1736 mortes
1829 1702 2033 1743 repentinas,
2056 1712 2093 1736 ut
2117 1704 2162 1736 rei
2176 1705 2321 1738 novitate
2344 1716 2418 1748 per-

1379 1752 1485 1787 culsus
1506 1749 1644 1794 populus
1654 1756 1833 1780 terreretur.
1854 1744 1915 1778 Sed
1937 1743 2001 1778 hoc
2023 1744 2221 1790 dic0:quod
2239 1747 2355 1782 nostris
2366 1759 2416 1782 ac-

1383 1796 1468 1829 cidit
1490 1791 1715 1837 temporibus,
1737 1789 1825 1823 idem
1838 1788 1909 1827 aliis
1927 1799 2054 1832 quoque
2065 1789 2214 1824 accidisse
2229 1791 2328 1825 modo
2348 1791 2418 1834 post

1383 1840 1554 1876 breviora,
1581 1834 1680 1870 modo
1692 1833 1917 1876 postlongiora
1930 1833 2120 1876 intervalla,
2143 1843 2180 1870 ut
2193 1834 2419 1878 tempestatum

1386 1893 1499 1918 natura
1516 1881 1595 1915 tulit
1608 1903 1620 1920 ,
1644 1888 1709 1911 non
1722 1888 1827 1911 earum
1854 1884 1981 1909 tantum
1996 1888 2066 1919 quae
2077 1889 2167 1912 exem
2193 1877 2217 1910 li
2240 1878 2331 1913 causa
2351 1889 2419 1912 me*

1386 1935 1519 1960 moratae
1531 1924 1602 1958 sunt
1617 1946 1626 1960 ‚
1648 1921 1698 1955 sed
1712 1924 1744 1954 &
1757 1921 1910 1959 aliarum,
1923 1928 1959 1960 ut
1980 1918 2038 1953 suo
2048 1920 2169 1956 declara
2195 1922 2262 1957 itur
2272 1923 2347 1955 loco
2356 1924 2419 1964 (q),

1386 1969 1482 2013 idque
1502 1969 1629 2010 magis,
1652 1963 1793 1998 minusve
1807 1975 1867 2006 pro
1875 1964 2046 2005 regionum
2057 1963 2118 1999 fitu
2129 1989 2142 2006 ,
2166 1967 2197 1999 &
2213 1964 2420 2000 constitutio-

1386 2025 1445 2053 ne,
1469 2016 1501 2046 &
1524 2011 1629 2044 vietus
1642 2007 1872 2041 consuetudine
1891 2008 2013 2053 tnagis,
2036 2008 2179 2043 minusve
2200 2020 2275 2043 cum
2297 2017 2421 2052 tempe·

1386 2056 1518 2089 statibus
1538 2053 1774 2087 consentiente.
1800 2051 1892 2089 Qin
1904 2050 1970 2083 luit
1982 2050 2156 2094 aliquando
2166 2063 2244 2087 curn
2263 2054 2348 2087 inter
2357 2064 2420 2086 cae-

1386 2110 1474 2133 teros
1497 2097 1673 2141 pestilentes
1695 2094 1826 2127 morbos
1851 2116 1865 2133 ,
1896 2094 2032 2128 noxium
2043 2093 2172 2129 fortasse
2192 2095 2421 2139 circumjeeto-

1388 2154 1459 2177 rum
1474 2143 1622 2176 locorum
1634 2148 1735 2172 aerem
1746 2160 1758 2177 ,
1780 2144 1864 2170 certe
1886 2146 1995 2170 autem
2005 2139 2081 2171 vitae
2093 2140 2308 2174 mutationem
2319 2151 2360 2173 ex
2372 2140 2420 2173 la-

1383 2186 1514 2220 boriosa
1531 2185 1564 2217 in
1580 2181 1757 2218 desidem&
1779 2180 1997 2223 voluptariam
2016 2181 2229 2224 consecutos,
2250 2182 2419 2225 apoplexiae

1385 2229 1510 2264 morbus
1529 2228 1699 2265 acerrimus
1718 2224 1839 2257 saeviret
1855 2249 1865 2264 ‚
1888 2223 2158 2266 quemadmodum
2169 2237 2209 2259 ex
2217 2226 2361 2265 Agathia
2374 2229 2420 2266 (r)

1385 2272 1555 2315 cognosces
1567 2294 1575 2303 .
1599 2270 1669 2309 Qu
1680 2268 1811 2301 alteram
1831 2278 1961 2310 quoque
1973 2267 2088 2303 saeculo
2098 2268 2213 2303 eodem
2222 2264 2314 2304 seicto
2322 2268 2420 2317 pesti-

1387 2316 1520 2350 lentiam
1538 2312 1715 2347 describens
1724 2312 1767 2350 (s)
1777 2333 1790 2351 ,
1812 2320 1887 2343 cum
1901 2311 1967 2359 *alia
1987 2322 2144 2346 memorat
2155 2313 2271 2347 mortis
2291 2324 2419 2357 genera,

1387 2370 1459 2394 tum
1477 2355 1628 2399 interiiffe
1639 2379 1652 2396 ‚
1673 2357 1719 2387 ait
1738 2376 1749 2392 ‚
1788 2360 1948 2395 repentina
1970 2362 2072 2388 morte
2094 2366 2187 2398 quam
2209 2356 2326 2390 multos
2346 2365 2418 2390 tan÷

1387 2412 1481 2445 quam
1497 2399 1663 2442 apoplexiae
1679 2397 1774 2441 gram·
1789 2395 1893 2430 morbo
1915 2404 2073 2438 correptos
2086 2423 2093 2429 .
2107 2397 2230 2431 Deinde
2244 2397 2306 2432 hoc
2321 2399 2418 2440 adde,

1388 2456 1453 2478 non
1472 2453 1582 2477 omnes
1602 2443 1687 2475 circa
1700 2439 1798 2473 nostri
1812 2440 1945 2473 initium
1967 2440 2071 2474 saeculi
2093 2442 2272 2481 repentinas
2297 2454 2417 2476 mortes

1389 2488 1427 2522 ab
1447 2486 1616 2530 apoplexia
1636 2482 1742 2524 fuisse,
1753 2483 1803 2517 sed
1817 2484 1922 2525 plures
1934 2485 2031 2517 etiam
2048 2494 2064 2516 a
2079 2483 2217 2527 syncope
2229 2508 2238 2522 ‚
2264 2485 2417 2527 quasdam

1387 2543 1406 2565 a
1427 2529 1641 2564 suffocatione.
1652 2527 1855 2566 Noviffime(
1866 2526 1900 2560 id
1916 2526 2003 2570 quod
2018 2528 2136 2569 pariter
2152 2538 2207 2570 per
2217 2527 2418 2564 disseffiones

1390 2572 1642 2609 animadversum
1655 2599 1664 2613 ,
1689 2572 1841 2605 recreavit
1853 2570 1966 2613 populi
1984 2571 2107 2604 animos
2119 2571 2157 2604 ab
2167 2571 2333 2610 incognita
2345 2585 2417 2615 quae

1389 2619 1545 2655 lateretin
1562 2628 1647 2654 aere,
1673 2616 1836 2649 communi
1846 2614 1983 2657 quadam
1994 2613 2081 2647 causa
2102 2623 2223 2648 tantam
2243 2610 2419 2651 subitarum

1390 2663 1548 2696 mortium
1570 2659 1779 2702 frequentiam
1801 2657 1895 2692 facile
1917 2658 2088 2699 repetentis
2107 2661 2122 2698 )
2141 2658 2302 2692 noviffime
2323 2683 2332 2699 ,
2367 2661 2420 2693 in·

1386 2717 1493 2749 quam,
1506 2705 1568 2738 hoc
1578 2701 1629 2745 ajo
1644 2704 1718 2745 :qui
1737 2702 1904 2745 apoplexia
1914 2701 1962 2733 vel
1973 2700 2089 2734 eodem
2100 2700 2224 2743 mense,
2235 2711 2266 2735 at
2291 2714 2328 2736 ue
2341 2702 2419 2738 adeo

1387 2750 1438 2782 die
1451 2749 1554 2791 plures
1574 2747 1763 2779 interierunt
1778 2770 1786 2785 ,
1810 2755 1875 2778 non
1894 2755 2002 2777 omnes
2022 2744 2194 2778 eandemin
2210 2757 2276 2779 cere
2305 2758 2340 2779 ro
2357 2758 2419 2780 no-

1388 2804 1485 2831 xam,
1508 2790 1559 2825 sed
1583 2791 1663 2823 alios
1685 2790 1778 2831 longe
1794 2788 1912 2827 aliam,
1935 2790 1966 2820 δε
1981 2787 2019 2820 ab
2030 2788 2091 2820 alia
2112 2788 2202 2822 causa
2223 2790 2418 2831 profectam,

1391 2847 1446 2868 nec
1467 2834 1586 2877 semper
1606 2835 1721 2866 recenti
1743 2854 1752 2869 ,
1774 2831 1824 2865 sed
1845 2831 1972 2872 antiqua
1994 2831 2154 2865 interdurn
2175 2855 2185 2870 ‚
2217 2832 2382 2868 ostendiss'e
2407 2846 2416 2868 ,·

1388 2877 1475 2922 quod
1498 2881 1530 2911 &
1555 2875 1713 2919 praegressa
1737 2871 2231 2919 incommodasignificaverant.

1449 2932 1477 2963 ς.
1504 2919 1574 2954 Etsi
1597 2922 1684 2953 enim
1707 2919 1881 2961 apoplexiae
1903 2920 2053 2959 ctljulque
2074 2918 2165 2951 causa
2188 2919 2244 2952 illa
2290 2922 2417 2957 roxima.

1393 2968 1424 2998 δε
1448 2976 1518 3008 quae
1541 2963 1689 2997 morbum
1711 2964 1855 2995 continet
1866 2984 1885 3008 ,ἦ
1901 2971 1960 2993 una
1984 2958 2041 2994 esse
2064 2961 2222 3004 videtur,
2245 2965 2254 2996 i
2301 2964 2344 2998 est
2365 2968 2418 2999 in-

1391 3010 1548 3041 timorum
1579 3009 1636 3050 qui
1660 3009 1694 3039 in
1717 3006 1842 3039 cerebro
1864 3005 1945 3037 hunt
1969 3013 2118 3038 motuum
2136 3029 2148 3046 ‚
2171 3018 2242 3040 cum
2264 3007 2417 3044 videlicet

1392 3062 1557 3085 movemus
1576 3075 1587 3091 ‚
1619 3051 1768 3084 sentimus
1787 3073 1800 3089 ,
1832 3048 2012 3091 cogitamus
2030 3071 2043 3088 ,
2067 3048 2170 3082 subita
2192 3050 2382 3086 imminutio
2403 3078 2417 3096 ‚
2452 3074 2457 3075 ν

1394 3104 1480 3128 tanta
1505 3093 1667 3128 interdum
1685 3117 1697 3133 ,
1730 3102 1766 3127 ut
1790 3093 1935 3135 proxime
1959 3090 1995 3123 ad
2029 3091 2230 3128 cessationem
2255 3096 2382 3129 accedat
2403 3120 2418 3139 ‚

1393 3148 1446 3172 aut
1469 3140 1502 3171 in
1525 3136 1729 3171 cessationem
1759 3137 1914 3169 continuo
1947 3135 2103 3175 transeat5
2126 3147 2195 3169 eam
2226 3147 2331 3172 tamen
2355 3141 2418 3174 im-

1393 3182 1608 3216 minutionem
1631 3181 1743 3214 multae
1767 3178 1838 3212 sunt
1862 3181 1893 3211 &
1916 3179 2011 3212 variae
2036 3190 2106 3221 quae
2128 3178 2282 3215 inducant
2301 3208 2310 3222 ‚
2342 3195 2418 3219 cau-

1393 3229 1431 3259 iae
1453 3249 1464 3265 ‚
1498 3224 1672 3271 harumque
1694 3222 1830 3266 ipsarum
1862 3221 1930 3254 aliae
1962 3221 2063 3256 sensus
2083 3223 2217 3257 omnino
2250 3224 2381 3269 fugiunt
2405 3251 2416 3268 ,

1394 3270 1464 3302 aliae
1489 3268 1543 3302 iub
1566 3267 1625 3301 hos
1648 3267 1785 3300 cadunt.
1823 3266 1970 3301 Quarum
1992 3266 2063 3299 illas
2081 3288 2093 3305 ‚
2124 3267 2179 3300 ubi
2202 3278 2247 3301 res
2270 3280 2417 3305 nonnun-

1394 3324 1489 3354 quam
1513 3312 1652 3354 coegerit
1672 3333 1680 3347 ‚
1713 3310 1760 3343 ibi
1782 3309 1958 3352 conjicere,
1989 3309 2093 3352 quoad
2115 3307 2181 3352 ejus
2204 3311 2336 3351 licebit,
2360 3326 2417 3347 co-

1392 3356 1564 3388 nabimur.
1590 3356 1639 3388 De
1663 3353 1714 3387 his
1738 3361 1840 3386 autem
1857 3376 1865 3391 ‚
1889 3364 1958 3396 quae
1981 3351 2150 3385 manifestae
2172 3365 2336 3388 occurrere
2358 3368 2417 3390 no-

1394 3399 1444 3431 bis
1467 3402 1551 3430 intra
1574 3399 1716 3430 cranium
1739 3396 1839 3430 solent
1856 3420 1868 3437 ,
1899 3396 2043 3430 dabimus
2065 3407 2193 3438 operam
2216 3409 2251 3433 ut
2274 3399 2417 3434 dilucide

1397 3453 1432 3474 ac
1454 3443 1568 3483 partite
1592 3440 1779 3481 scribamus.

1442 3487 1473 3516 6.
1498 3485 1560 3517 Hae
1582 3485 1766 3527 plerumque
1788 3491 1843 3517 aut
1864 3483 1899 3516 in
1920 3482 2088 3526 sanguine,
2112 3490 2166 3517 aut
2190 3485 2225 3517 in
2246 3483 2315 3559 fero
2335 3497 2415 3520 con-

2260 3528 2372 3569 1stunt‚

1371 3665 1379 3695 <
1394 3674 1420 3721 ³1
1429 3667 1439 3697 )
1453 3667 1546 3696 Annot.
1564 3666 1589 3690 in
1607 3666 1650 3690 cit.
1669 3667 1732 3692 cufi
1749 3676 1769 3692 c.
1786 3671 1825 3692 26.
1884 3669 1900 3698 (
1914 3669 1929 3693 h
1941 3669 1958 3698 ).
1971 3636 2263 3701 sexvius(a'il)v.‘¹i}2‘.³i2
2274 3647 2413 3704 ξῗᾶξηεῐα.

1404 3697 1702 3756 (ἵξοὲἓῑεῶῗῖἑὲάῗε.
1712 3706 1792 3754 '15²⁰ss
1808 3698 1879 3754 oss!
1893 3699 1985 3753 ³2⁵²&
2001 3707 2024 3730 ³·
2041 3698 2106 3729 ⁵⁹¹¹·
2123 3703 2164 3725 ¹⁶·

1432 3759 1467 3788 (α
1481 3757 1499 3788 ).
1512 3759 1549 3783 De
1564 3758 1633 3789 Bello
1650 3760 1737 3786 Gorth.
1755 3760 1772 3785 l.
1791 3767 1812 3784 ι.
1874 3738 1915 3790 (7ι
1929 3759 1943 3789 )
1958 3762 1977 3785 1.
1994 3770 2016 3792 5·
