2498 4075
357 166 570 278 adjungssus
592 239 603 269 3
634 224 712 259 dum
734 224 869 258 inferior
892 223 1023 259 illorum
1047 233 1116 264 pars
1139 224 1254 259 assidue
1273 246 1283 262 ‚
1308 231 1352 257 at.

357 287 421 319 que
444 275 562 309 arfiius
595 269 713 313 premit
735 267 893 311 quidquid
931 265 1111 312 abdominis
1132 268 1218 301 inter
1242 267 1352 310 ρεξὶο-

358 320 403 357 sis
427 318 526 357 fines,
550 318 581 350 ὃ(
604 312 725 348 summa
747 312 842 346 ilium
865 308 930 345 ossa
953 310 1151 353 interjicitur
1177 333 1186 348 ,
1211 310 1352 353 proclive

357 361 404 398 tst
435 360 616 399 intelligere
648 355 728 400 quid
752 353 914 403 *obstaculi
960 362 1030 388 tum
1063 353 1204 396 lymphae
1227 376 1236 391 ,
1281 362 1352 388 tum

358 404 522 446 sanguinis
554 400 659 437 motui
683 400 716 433 in
749 399 790 431 iis
812 407 941 438 quoque
979 394 1055 443 vasis
1079 408 1151 438 quae
1174 399 1259 430 inter
1283 407 1350 429 mu.

359 447 463 485 sculos
486 445 557 479 sunt
577 465 589 482 ,
621 444 653 475 δε
676 441 885 485 peritonaeum
906 459 916 476 ‚
947 438 1121 483 objiciatur
1144 466 1152 478 ‚
1177 438 1355 482 praesertim

357 492 415 527 ubi
439 485 635 527 ventriculus
655 510 663 525 ,
696 487 726 517 δι
750 481 896 516 intestina
917 503 926 518 ‚
951 480 973 515 fi
997 492 1063 515 non
1087 482 1189 522 cibis,
1212 484 1354 525 potioni-

354 534 501 577 busque,
525 541 556 565 at
579 537 664 565 certe
687 527 817 563 flatibus
840 524 972 560 distenta
993 547 1002 563 ‚
1028 526 1068 559 ab
1090 525 1242 560 interiore
1265 535 1353 568 parte

355 585 489 619 urgeant
513 598 525 616 ,
560 576 589 606 &
613 573 650 606 ad
674 569 819 607 thoraces
853 568 926 602 illos
950 570 1132 611 apprimant
1156 594 1163 602 .
1196 568 1295 609 Qod
1330 567 1352 602 fi

355 632 422 658 uon
446 627 615 661 propterea
640 612 775 658 lympha
798 638 807 652 ,
840 622 893 647 aut
919 610 1022 645 serum
1054 624 1087 644 ea
1111 622 1206 654 quam
1230 612 1353 645 indica-

353 658 460 700 'vimus
484 669 497 702 (
518 673 534 700 r
557 664 567 699 )
593 660 716 695 ratione
740 658 772 690 in
796 665 869 690 eam
887 655 1157 697 intercapedinem
1171 653 1354 689 effundatur

351 710 387 745 in
411 708 451 740 iis
474 703 672 748 potiffimum
694 710 832 742 quarum
856 697 984 736 fluidae,
1010 707 1064 731 aut
1078 697 1178 733 firmae
1201 708 1303 740 partes
1317 698 1355 731 ad

350 751 388 793 jd
423 760 487 793 prae
519 748 640 782 caeteris
673 743 734 777 sint
765 741 963 785 dispositae5
1005 750 1037 774 at
1069 741 1210 776 accidere
1240 741 1354 775 iisdem

353 792 479 840 potest,
503 800 538 827 ut
562 788 730 823 retardatae
754 783 918 828 lymphae‚
942 794 995 819 aut
1023 784 1184 827 sanguinis
1206 792 1276 827 pars
1299 785 1353 817 ali.

352 850 417 882 qua
443 857 453 873 ‚
490 834 584 867 initia
608 832 654 865 ibi
678 828 826 866 efformet
850 837 1018 861 tumorum
1044 851 1057 868 ,
1080 829 1137 870 qui
1161 828 1261 870 longo
1285 826 1354 870 post

353 889 498 922 tempore
522 875 629 915 aucti,
653 873 695 908 sic
719 872 932 914 peritonaeutn
958 882 974 904 a
1000 870 1151 916 musculis
1173 871 1353 908 diducant,

354 934 391 962 ut
417 920 532 957 avulsae
547 943 556 958 ‚
580 918 794 959 disruptaeque
816 913 965 948 vasorum
1000 913 1141 958 lymphae
1164 916 1354 957 propagines

353 978 427 1004 eum
459 965 639 1008 hydropem
663 959 785 995 faciant
820 969 916 1001 quem
940 969 994 1000 per
1028 959 1056 992 se
1078 958 1264 993 constriffio
1287 969 1353 991 non

352 1009 522 1049 effecerat,
546 1005 711 1047 iidemque
736 1002 773 1036 ad
797 1000 1062 1043 suppurationem
1086 1003 1214 1036 demum
1238 1001 1354 1044 perdu-

351 1046 419 1095 cti,
444 1051 624 1096 purulentis
646 1046 811 1084 ichotibus
827 1045 1010 1088 hydropem
1034 1055 1190 1088 augeant.
1217 1046 1281 1077 Eos
1294 1055 1355 1086 ego

352 1107 498 1135 tumores
528 1104 645 1137 parvos
669 1091 772 1126 adhuc
796 1114 805 1128 ,
844 1097 937 1131 atque
959 1088 1109 1132 disje&os
1141 1089 1175 1120 in
1200 1088 1354 1122 Matrona

352 1136 586 1185 generofiffima
610 1147 706 1179 quam
730 1146 746 1168 a
770 1132 905 1175 puellari
931 1132 1026 1176 usque
1057 1140 1149 1165 aetate
1173 1143 1211 1164 eo
1235 1131 1353 1165 3τᾶίο-

353 1186 462 1222 ribus,
487 1186 517 1217 &
541 1180 753 1221 rigidioribus
778 1175 966 1210 thoracibus
989 1177 1038 1209 uti
1062 1184 1232 1216 coegerant
1253 1197 1261 1212 ‚
1286 1185 1353 1215 quo

351 1229 455 1271 magis
490 1237 529 1259 ne
543 1219 685 1259 distorta
720 1220 839 1256 fieret,
873 1220 1060 1254 metuebant
1082 1242 1092 1258 ,
1125 1228 1221 1254 manu
1246 1218 1355 1259 epiga-

352 1273 463 1311 strium
487 1266 686 1311 explorando
707 1286 715 1301 ‚
751 1263 876 1305 percepi
899 1287 908 1302 ,
930 1271 1027 1305 atque
1050 1272 1084 1296 ut
1110 1261 1296 1295 thoracibus
1320 1273 1353 1294 a·

353 1317 426 1353 liis,
452 1313 607 1354 aliterque
632 1316 799 1345 uteretur,
821 1308 980 1339 continuo
1006 1303 1081 1340 suasi
1107 1329 1115 1337 .
1247 1305 1353 1349 Iidem

351 1370 460 1398 autem
484 1365 628 1391 tumores
643 1378 651 1392 ,
674 1352 743 1396 jam
767 1348 900 1391 grandes
923 1349 1002 1383 faeti
1029 1371 1038 1386 ‚
1061 1360 1123 1393 qua
1147 1348 1181 1380 in
1206 1348 1353 1381 abdomi-

351 1396 555 1443 nisiegione
587 1396 683 1431 essent
706 1394 841 1428 duarum
865 1393 1037 1427 mulierum
1060 1402 1198 1434 quarum
1222 1391 1351 1424 noviffi-

352 1442 405 1488 vgne
429 1443 580 1488 proposui
602 1439 750 1476 historias
773 1435 827 1478 (s
843 1438 872 1475 )‚
898 1435 1006 1470 videre
1030 1434 1182 1478 potuisti.
1207 1435 1280 1468 Nec
1303 1446 1357 1467 ve-

352 1503 393 1528 1¹0
424 1491 457 1527 in
482 1487 542 1520 alia
576 1486 704 1527 regione
727 1490 870 1514 tumores
892 1489 983 1513 erant
1006 1503 1019 1520 ,
1054 1478 1117 1517 five
1143 1476 1297 1512 abscessus
1320 1490 1359 1511 o-

353 1534 469 1572 mnino
492 1530 545 1566 sex
577 1538 658 1572 quos
682 1524 826 1572 Laubius
849 1527 860 1563 (
885 1531 899 1557 t
922 1526 933 1562 )
953 1546 962 1561 ,
993 1533 1050 1557 nec
1084 1520 1201 1572 major·
1217 1520 1255 1555 de
1278 1532 1360 1564 qua-

355 1570 432 1613 tuor
468 1575 533 1608 illis
560 1595 568 1611 ‚
605 1581 686 1614 quos
712 1566 863 1601 Mothius
890 1587 899 1604 ‚
931 1576 968 1600 ut
993 1566 1137 1608 superius
1170 1564 1293 1598 dietum
1317 1563 1359 1598 est

355 1613 410 1666 (u
430 1619 467 1661 )‚
492 1617 580 1651 sacco
605 1615 736 1648 adnatos
760 1612 908 1643 invenere
930 1635 937 1642 .
974 1610 1032 1643 Sed
1055 1612 1086 1642 δι
1119 1609 1176 1651 qui
1201 1607 1359 1642 inferiora

357 1664 438 1706 sacci
471 1659 673 1702 occupabant
706 1656 740 1687 in
765 1653 873 1687 eadem
905 1653 1061 1692 Mothis,
1093 1662 1149 1685 aut
1174 1652 1207 1685 in
1232 1651 1360 1687 Nuckii

356 1714 367 1750 ς
390 1711 406 1727 ⁴<
428 1697 462 1745 '),
485 1709 516 1745 δι
541 1701 657 1736 Littrii
683 1703 692 1738 (
717 1708 738 1732 x
759 1700 773 1738 )
798 1695 1093 1729 observationibus
1117 1695 1285 1738 quomodo
1320 1694 1361 1727 ab

356 1755 398 1790 ijs
432 1747 620 1785 thoracibus
643 1739 773 1777 fortasse
809 1740 975 1783 potuerint
999 1740 1163 1787 originem
1197 1737 1325 1771 trahere
1349 1760 1362 1777 ,

357 1790 423 1836 non
446 1787 619 1826 difficulter
644 1785 804 1827 intelliges
825 1805 835 1821 ‚
871 1783 927 1817 ubi
950 1783 1071 1816 insimae
1096 1779 1268 1814 thoracum
1291 1791 1362 1821 par-

357 1851 404 1879 tes
428 1862 436 1876 ‚
468 1839 497 1870 ὃ(
529 1834 597 1879 ejus
630 1838 780 1873 praeterea
813 1838 884 1869 quae
921 1827 1061 1860 anterius
1097 1824 1269 1859 secundum
1294 1824 1364 1856 lon-

358 1871 541 1929 gitudinem
586 1877 619 1909 in
653 1871 760 1907 medio
802 1870 941 1912 ipsarum
986 1868 1141 1912 adjicitur
1174 1892 1184 1908 ,
1228 1866 1331 1915 aslulze
1354 1889 1366 1906 ,

357 1915 462 1974 'quarn
495 1929 628 1965 urgeant
656 1941 664 1956 ‚
701 1914 828 1948 sedente
853 1914 984 1947 muliere
1010 1938 1019 1952 ‚
1056 1911 1238 1946 abdominis
1260 1920 1368 1959 ragio-

360 1965 458 2010 nem,
484 1969 513 2000 &
537 1976 608 2007 quae
632 1961 707 1995 huic
731 1956 852 1992 subsint
867 1966 937 1990 tum
962 1955 1127 1999 lymphae,
1152 1963 1225 1988 tum
1241 1952 1369 1996 sangui-

363 2015 414 2055 nis
439 2010 533 2049 vasa,
557 2010 592 2041 in
616 2003 809 2039 memoriam
834 2000 1020 2048 revocabis.

406 2048 569 2103 56.*Cum
594 2051 680 2085 inter
705 2045 863 2089 hydropis
888 2043 984 2089 hujus
1008 2040 1113 2077 causas
1146 2050 1369 2089 tumores-pe·

361 2089 502 2139 ritonaeo
525 2098 655 2131 innatos
680 2090 896 2132 acceperimus
920 2112 929 2127 ‚
962 2088 1019 2129 qui
1043 2096 1107 2119 non
1141 2085 1243 2118 solum
1266 2082 1371 2116 divel-

363 2143 480 2179 lendo‚
505 2149 540 2173 ut
565 2136 633 2180 post
657 2136 737 2171 alios
760 2131 859 2166 modo
880 2130 1063 2166 dicebamus
1074 2152 1096 2178 ,ι
1110 2137 1164 2160 aut
1187 2125 1332 2170 lymphae
1355 2149 1369 2167 ,

364 2192 395 2223 δι
420 2182 568 2227 sanguini
592 2180 721 2214 obicem
745 2174 895 2219 ponendo
918 2197 927 2213 ‚
960 2172 1064 2208 facere
1088 2172 1181 2220 illum
1206 2171 1334 2214 poslunt
1357 2192 1368 2208 ‚

363 2222 413 2267 sed
438 2232 468 2262 &
494 2227 550 2260 ubi
572 2221 736 2266 suppurati
760 2218 832 2253 sunt
853 2241 861 2256 ‚
899 2218 1007 2261 pravis
1029 2214 1195 2249 ichoribus
1219 2224 1333 2256 augere
1357 2225 1368 2251 3

364 2265 443 2316 hinc
466 2270 561 2305 facile
585 2265 668 2300 illud
691 2265 789 2298 etiam
814 2261 925 2305 sequi,
950 2260 1171 2301 intelligitur,
1194 2267 1230 2291 ut
1255 2256 1292 2291 ad
1317 2268 1370 2289 ex-

367 2315 515 2364 plicanda
539 2323 610 2356 quae
644 2320 678 2342 in
862 2350 868 2355 -
919 2350 924 2354 1
1330 2343 1336 2349 ·

369 2373 442 2396 nem
464 2382 473 2398 ‚
509 2357 663 2391 foetorem
685 2376 693 2391 ,
717 2350 870 2384 erodendi
895 2359 985 2388 Vim,
1008 2350 1038 2379 δε
1060 2345 1186 2380 dolores
1210 2342 1338 2379 creandi
1362 2367 1371 2382 ,

368 2397 455 2445 haud
480 2402 599 2440 semper
633 2392 748 2430 necesse
773 2392 811 2426 sit
844 2391 1035 2424 diuturnam
1059 2401 1156 2436 aquae-
1180 2387 1275 2430 ipfius
1301 2398 1372 2419 mo-

368 2440 438 2489 sam
460 2442 626 2482 incusare,
649 2439 694 2472 ob
716 2447 811 2480 quam
836 2434 975 2477 denique
999 2433 1104 2466 salinae
1126 2442 1196 2473 ejus
1214 2452 1223 2467 ‚
1249 2441 1282 2463 ac
1307 2428 1370 2476 sul7

369 2492 498 2537 phureae
531 2484 695 2529 particulae
721 2482 760 2514 ab
794 2479 865 2512 aliis
892 2477 919 2511 se
943 2476 1115 2519 expediant
1138 2496 1148 2511 ,
1180 2484 1281 2515 eaque
1305 2471 1372 2505 essi-

368 2538 478 2571 ciant.
502 2528 603 2570 Quod
626 2527 647 2561 si
670 2536 760 2559 mora
785 2522 906 2564 semper
929 2521 962 2555 id
985 2517 1103 2562 posset3
1125 2527 1211 2551 certe
1225 2516 1293 2558 post
1318 2526 1375 2565 an-

371 2572 432 2615 iios
456 2584 615 2620 quatuor,
641 2569 710 2613 post
733 2568 841 2603 decern
857 2588 865 2602 ‚
891 2565 960 2606 post
985 2563 1090 2596 multo
1112 2563 1218 2604 plures
1237 2581 1250 2610 Ι,
1280 2569 1317 2593 ut
1341 2569 1374 2590 in

370 2619 552 2658 Camerarii
577 2615 676 2658 patris
697 2610 812 2654 (y),
833 2609 877 2658 in.
891 2606 1060 2641 Schr'ockii
1082 2610 1095 2645 (
1113 2617 1142 2655 ,ζ
1157 2603 1174 2647 ,l
1200 2630 1209 2644 ‚
1234 2614 1268 2636 in
1283 2603 1376 2652 Mee-

371 2657 496 2704 ckrenii
521 2666 535 2701 (
557 2671 575 2692 a
596 2663 610 2700 )
645 2651 944 2690 Observationibus
974 2661 1008 2684 ea
1030 2660 1141 2683 omnia
1175 2656 1209 2681 ut
1236 2657 1376 2680 maiorne

372 2701 530 2746 attulisset
553 2727 565 2745 ‚
594 2710 735 2744 quorum
758 2706 812 2730 aut
847 2694 929 2728 nihil
954 2692 1017 2730 fuit
1038 2718 1048 2734 ,
1083 2701 1137 2727 aut
1161 2687 1226 2724 fere·
1259 2689 1341 2723 nihil
1365 2713 1373 2722 .

372 2754 436 2789 Sed
460 2760 561 2792 neque
585 2755 695 2779 tumor
710 2767 719 2782 ,
743 2739 805 2773 sive
830 2737 984 2773 abscessus
1015 2736 1138 2771 fuerat.
1271 2734 1379 2766 Caete-

376 2786 615 2832 rum-tumores
640 2787 751 2830 saepius
777 2792 927 2825 apparent
960 2790 1014 2816 aut
1038 2792 1077 2815 ex
1101 2776 1286 2821 glandulosa
1312 2788 1380 2808 ma-

377 2829 480 2875 teria·
504 2845 556 2870 aut
581 2835 614 2866 in
626 2830 814 2865 cellularum
829 2851 836 2865 ,
862 2825 1057 2863 vesicarum,
1080 2821 1288 2865 globulorum
1313 2818 1380 2853 for-

378 2863 660 2920 marn’disposita‚
683 2875 732 2907 uti
758 2871 797 2904 ab
809 2868 971 2903 Acholzio
994 2872 1008 2908 (
1030 2866 1049 2901 b
1067 2866 1106 2908 ),
1131 2863 1381 2914 Hoechstettero

377 2928 398 2969 (
417 2938 431 2958 c
454 2915 494 2965 ),’
514 2919 670 2962 Bogdano
691 2919 705 2956 (
728 2916 747 2947 d
768 2917 803 2954 )‚
828 2912 976 2946 Kniselio
1000 2916 1010 2953 (
1036 2922 1050 2944 e
1075 2913 1108 2948 )‚
1132 2906 1267 2959 Mothio
1290 2903 1378 2951 (f),

376 2969 504 3004 Littrio
527 2967 540 3004 <
559 2963 632 3005 g),
655 2958 855 3000 Respingero
878 2959 891 2995 (
910 2966 952 2999 gg
972 2959 1009 2996 )‚
1034 2953 1199 3004 Mediavia
1225 2955 1235 2993 (
1259 2949 1279 2983 h
1303 2950 1378 3000 lad-

378 3006 539 3047 notatum>
555 3005 699 3040 videbis,
725 3004 811 3043 iique
838 3010 892 3033 aut
916 3000 1105 3034 creberrimi
1131 3022 1139 3036 ,
1165 3005 1201 3030 ut
1224 3007 1239 3028 a
1265 3004 1377 3037 primis

379 3064 522 3100 quatuor
543 3074 552 3088 ‚
588 3057 641 3083 aut
666 3047 764 3082 etiam
791 3043 909 3076 alicubi
933 3044 966 3075 in
990 3052 1091 3076 unum
1116 3040 1193 3074 adeo
1216 3047 1383 3086 coacerva-

380 3102 409 3133 ti
457 3107 493 3131 ut
517 3092 683 3132 Acholzio
715 3086 906 3121 observante
928 3109 937 3123 ‚
972 3085 1070 3118 latam
1094 3094 1220 3119 manum
1253 3079 1383 3123 craffitze

378 3123 567 3185 aeqioeaverint
582 3162 589 3170 .
614 3136 659 3173 Et
685 3129 888 3173 Malpighius
910 3128 1039 3175 quidem
1063 3127 1110 3171 (i
1134 3130 1144 3166 )
1168 3126 1223 3159 ubi
1247 3125 1383 3157 Littii'a-

378 3198 429 3221 11ae
453 3179 662 3226 explicationi
686 3174 907 3219 quadantenus
931 3173 1059 3215 praeivit
1081 3193 1090 3208 ‚
1121 3171 1168 3203 ibi
1191 3167 1320 3209 insuper
1344 3179 1382 3200 ex

379 3237 495 3263 natura
520 3220 706 3268 glandulosa
731 3217 922 3255 membranae
948 3215 1117 3257 pei-itonaei
1141 3211 1222 3246 illud
1245 3211 1382 3245 deduce-

378 3273 437 3310 bat
481 3268 567 3312 quod
593 3270 626 3298 in
651 3264 711 3298 hoc
735 3261 852 3297 morbo
874 3269 932 3292 non
954 3258 1085 3298 obstante
1100 3256 1282 3291 dilatatione
1296 3277 1304 3291 ,
1325 3265 1380 3287 na-

382 3293 483 3352 turcili
506 3309 629 3353 craffius
645 3307 708 3351 fiat
732 3317 743 3345 ;
765 3316 835 3339 earn
858 3304 944 3336 enim
968 3301 1024 3335 esse
1047 3302 1270 3342 proprietatem
1285 3295 1380 3340 folli-

380 3358 519 3397 culorum
548 3349 800 3396 glandulosorum
822 3345 926 3383 morbo
958 3344 1136 3390 affefforum
1162 3356 1172 3376 .-
1205 3346 1236 3377 &
1260 3341 1333 3376 sane
1356 3339 1380 3375 si

702 2307 836 2342 collefta
860 2316 942 2348 aqua
976 2304 1055 2346 saepe
1080 2303 1153 2336 sunt
1180 2326 1189 2341 ,
1221 2299 1371 2343 putredi-

914 145 1070 205 Liber
1104 147 1190 203 111.
1224 146 1307 199 De
1343 144 1547 199 Morbis
1579 139 1788 198 Ventris

1405 221 1619 258 Schrockium
1643 225 1654 262 (
1676 222 1751 264 Ις),
1772 223 1928 257 Laubium
1951 225 1965 263 (
1987 223 1999 257 l
2020 227 2056 264 )‚
2083 223 2237 266 sponium
2261 224 2326 268 (m
2347 226 2362 265 )
2388 246 2398 260 =

1404 267 1662 301 Drelincurtium
1685 268 1699 306 (
1720 267 1797 310 n),
1822 266 1990 301 Nuckium
2014 270 2027 306 (
2050 267 2126 310 o),
2151 268 2305 302 Litttium
2327 268 2394 308 (p)

1405 311 1489 352 leges
1516 332 1525 346 ,
1556 318 1679 352 quanto
1702 310 1827 343 craffius
1861 309 1900 344 sit
1922 311 2090 343 inventum
2118 335 2126 349 ,
2149 312 2338 352 cognosces,
2364 319 2396 342 at

1405 353 1514 386 multo
1537 363 1585 385 ma
1613 355 1660 391 is,
1685 349 1707 384 fi
1733 352 1917 387 Kniselium
1940 356 1954 393 (
1976 364 1996 396 q
2019 357 2030 392 )
2053 354 2111 396 qui
2134 354 2253 386 alicubi
2271 352 2395 386 dimidii

1406 396 1499 438 digiti
1520 406 1570 428 cra
1593 396 1650 428 ztie
1674 394 1754 428 vidit
1778 418 1788 434 ‚
1821 397 1988 439 multoque
2013 396 2115 431 adhuc
2139 398 2238 438 magis
2260 419 2272 437 ‚
2294 396 2316 428 si
2341 408 2397 428 eo-

1407 451 1476 473 rum
1499 450 1569 479 quae
1592 450 1631 472 ex
1654 439 1779 480 Tulpio
1801 440 1851 481 (r
1866 439 1887 482 )
1909 441 2025 477 retuli,
2049 443 2081 473 &
2107 440 2263 482 Bogdano
2284 437 2365 481 (s)
2389 463 2398 477 ‚

1407 481 1644 516 recordaberis.
1670 481 1778 523 Igitur
1802 482 1825 516 si
1848 482 2087 517 crasfitudinem
2111 480 2192 517 hanc
2215 494 2289 516 cum
2313 482 2398 514 Mal-

1404 524 1520 569 pighio
1543 526 1702 567 explicare
1727 525 1893 565 malueri53
1916 538 1957 560 ex
1980 526 2120 560 adauffls
2146 525 2322 560 secretoriis
2344 536 2399 557 or-

1404 569 1495 611 ganis
1526 578 1684 610 quantum
1708 568 1755 600 ibi
1789 579 1939 610 augeatur
1959 567 2101 603 conclusi
2134 568 2279 603 humoris
2302 567 2401 600 secre-

1406 613 1476 649 tio,
1501 611 1660 654 intelliges
1682 633 1691 648 ,
1716 611 1892 652 praesertim
1915 624 1989 646 cum
2014 623 2164 654 magnam
2188 612 2336 646 vasorum
2361 612 2400 643 ad

1407 655 1473 697 ipsa
1506 653 1717 689 sedentium
1749 654 1975 689 dilatationem
2006 656 2182 690 attenderis
2204 680 2211 688 .
2245 654 2400 688 Praeclare

1408 699 1496 732 enim
1543 700 1572 730 ic
1596 697 1680 731 vidit
1702 698 1876 740 Bogdanus
1898 710 1992 732 venas
2013 700 2214 742 epigastricas
2236 700 2400 733 internas,

1404 752 1576 783 earumque
1595 741 1812 775 extremitates
1836 764 1846 780 ‚
1877 741 2036 776 tubercula
2051 743 2171 785 similia
2193 741 2265 776 nuci
2285 738 2406 773 avella-

1405 796 1448 818 ηας
1471 782 1617 817 hahentes
1629 808 1641 824 ‚
1664 796 1701 816 ac
1717 783 1745 827 fi
1764 783 1890 827 papillae
1905 782 2036 827 forent,
2059 786 2156 819 etiam
2173 783 2265 829 sciffiz
2277 807 2289 825 ,
2313 783 2403 817 Kni-

1406 827 1499 862 selius
1523 831 1533 866 (
1556 826 1603 869 t)
1634 836 1742 860 autern
1764 837 1861 861 venas
1882 827 2021 871 extensas
2044 829 2206 863 admodum
2232 851 2244 867 ‚
2277 826 2316 860 ad
2334 824 2403 868 glo-

1405 870 1490 905 bulos
1513 871 1736 904 terminantes.
1759 871 1970 913 Eandemque
1992 871 2217 905 dilatationem
2240 895 2249 910 ‚
2284 878 2402 912 praeter

1407 913 1533 947 Mothii
1557 911 1721 947 historiam
1736 912 1877 955 superius
1899 917 1913 953 (
1936 925 1956 947 u
1977 917 1990 952 )
2014 914 2208 955 propositam
2223 938 2232 953 ,
2256 913 2403 947 indicant

1406 969 1493 991 vente
1518 958 1736 994 rnamrnariae,
1758 961 1789 990 ὃ(
1813 956 2044 1000 hypogastricae
2067 961 2080 998 (
2102 969 2138 990 an
2162 958 2355 1000 epigastricae
2370 958 2407 994 ?)

1406 1001 1443 1034 ad
1467 1000 1652 1034 auricularis
1684 1000 1784 1043 digiti
1816 1000 2050 1034 craffitudinem
2082 999 2288 1043 amplificatae
2320 997 2406 1041 apud

1407 1044 1581 1077 Palfinium
1605 1047 1618 1082 (
1640 1054 1662 1078 x
1683 1047 1696 1084 )
1719 1069 1726 1075 .
1754 1044 1926 1080 Quantum
1949 1055 2024 1078 vero
2049 1046 2134 1077 inter
2158 1045 2261 1087 ipsum
2285 1044 2406 1085 perito-

1406 1098 1530 1123 naeum.
1553 1089 1582 1120 &
1607 1086 1787 1121 abdominis
1807 1087 1967 1121 ‘musculos
1989 1087 2121 1121 dilatare
2145 1087 2173 1121 se
2197 1087 2311 1130 possint
2330 1085 2405 1118 vasa

1406 1130 1588 1172 sanguisera
1611 1153 1621 1168 ,
1656 1131 1737 1164 nihil
1762 1133 1862 1172 magis
1885 1131 2027 1164 ostendit
2049 1156 2057 1170 ‚
2081 1142 2181 1172 quam
2204 1133 2288 1164 inter
2312 1127 2370 1162 hos
2393 1150 2404 1166 ‚

1405 1174 1552 1215 illudque
1577 1174 1717 1206 inventae
1743 1172 1905 1216 sanguinis
1928 1175 2096 1216 nigerrimi
2121 1176 2212 1208 librae
2234 1174 2404 1215 oetoginta

1406 1218 1447 1251 ab
1470 1218 1621 1250 Antonio
1644 1216 1681 1250 de
1706 1218 1822 1253 Pozzis
1844 1217 1932 1261 (y)
1956 1219 1989 1251 in
2004 1216 2206 1261 plethorica,
2231 1218 2405 1259 eademque

1404 1260 1583 1304 hydropica
1608 1260 1765 1302 Virgine.

1450 1315 1501 1346 57.
1525 1304 1659 1344 His·ita
1683 1302 1823 1345 additis,
1844 1314 1940 1346 atque
1964 1305 2134 1347 explicatis
2165 1302 2311 1338 humoris
2333 1302 2407 1337 fon-

1404 1348 1515 1388 tibus,
1541 1347 1646 1382 mir'ius
1669 1348 1855 1382 admiranda
1879 1348 2004 1381 accidet
2027 1349 2176 1382 immanis
2200 1359 2289 1390 aquae
2312 1347 2410 1388 copia

1401 1404 1475 1435 quae
1507 1393 1541 1425 in
1575 1391 1744 1435 peritonaei
1776 1391 1923 1434 hydrope
1955 1404 1970 1425 a
2005 1391 2151 1434 pluribus
2184 1401 2310 1434 reperta
2342 1390 2408 1423 est:

1408 1436 1500 1478 cujus
1522 1435 1576 1469 hic
1601 1437 1775 1469 maximam
1799 1440 1952 1469 summam
1977 1446 2040 1468 non
2064 1434 2263 1474 indicamus,
2288 1434 2410 1473 veriti,

1410 1491 1448 1514 ne
1473 1480 1541 1512 alite
1565 1479 1646 1520 apud
1672 1479 1747 1511 alias
1772 1478 1893 1512 Gentes
1917 1478 2071 1512 mensurae
2093 1501 2102 1516 ‚
2126 1479 2159 1511 in
2183 1488 2325 1512 errorem
2350 1477 2409 1510 ali-

1410 1535 1508 1566 quem
1533 1533 1590 1555 nos
1623 1521 1802 1556 adducant.
1934 1523 2148 1564 Organorum
2172 1533 2279 1556 autem
2311 1520 2412 1554 secere

1410 1568 1556 1601 nentium
1581 1566 1678 1600 variae
1702 1588 1712 1603 ‚
1735 1566 1854 1608 quippe
1878 1564 2065 1600 affec‘torum
2089 1575 2204 1608 praeter
2228 1574 2376 1598 naturam
2398 1586 2412 1604 ‚

1409 1608 1653 1653 dispositiones,
1676 1620 1750 1643 curn
1774 1610 1860 1642 varia
1884 1608 2044 1651 sanguinis
2076 1609 2310 1642 constitutione
2332 1619 2414 1642 con-

1411 1654 1530 1698 junfftae
1551 1676 1560 1690 ‚
1594 1652 1844 1686 admirationem
1868 1654 2042 1690 minuent,
2069 1651 2091 1685 si
2116 1664 2175 1695 pro
2198 1651 2358 1694 limpido,
2382 1653 2413 1684 &

1412 1695 1517 1731 fluido
1543 1695 1610 1730 sero
1643 1696 1742 1729 alium
1765 1695 1799 1727 in
1831 1694 1901 1729 aliis
1924 1694 2096 1729 humorem
2121 1695 2200 1737 saepe
2224 1694 2277 1728 hic
2300 1695 2414 1736 depre-

1413 1738 1550 1774 hensum
1572 1739 1733 1781 legemus,
1756 1739 1825 1771 imo
1851 1738 1885 1771 in
1910 1737 2097 1778 nonnullis,
2121 1747 2156 1771 ut
2181 1750 2198 1771 a
2220 1735 2416 1779 Gahrliepio

1414 1786 1429 1823 (
1453 1795 1478 1827 z
1499 1787 1533 1823 ),
1557 1784 1589 1815 &
1611 1782 1799 1815 camerario
1822 1780 1892 1814 filio
1916 1783 1932 1824 (
1951 1793 1969 1814 a
1992 1786 2002 1821 )
2024 1804 2034 1819 ‚
2054 1781 2197 1824 gelatinae
2219 1781 2337 1821 instar,
2359 1789 2415 1813 aut

1417 1827 1554 1869 glutinis
1577 1839 1584 1858 :
1620 1835 1674 1859 aut
1701 1824 1722 1858 si
1747 1826 1780 1858 in
1804 1824 1874 1858 aliis
1897 1826 2003 1858 minus
2027 1836 2184 1867 pravum,
2207 1825 2240 1857 in
2267 1824 2338 1858 aliis
2363 1834 2418 1858 au-

1417 1881 1484 1903 tern
1509 1869 1645 1911 pessimae
1667 1878 1788 1902 naturae
1812 1866 1983 1901 humorem
2004 1891 2015 1908 ,
2041 1867 2204 1901 ichoresve
2228 1866 2266 1901 ad
2289 1867 2419 1901 exulce-

1419 1912 1575 1950 randum,
1600 1921 1695 1953 atque
1718 1910 1796 1945 adeo
1819 1912 1858 1944 ad
1883 1920 1986 1953 partes
2010 1910 2092 1954 ipsas
2115 1910 2322 1945 absumendas
2346 1911 2420 1943 ido-

1419 1967 1516 1989 neum
1538 1979 1547 1994 ,
1586 1956 1607 1987 si
1631 1954 1764 1998 quidem
1795 1965 1903 1988 revera
1926 1957 1959 1988 in
1984 1953 2139 1988 Acholzii
2170 1956 2185 1996 (
2205 1953 2224 1987 b
2245 1957 2259 1994 )
2281 1950 2420 1988 foemina

1419 1999 1503 2033 nulli
1541 1998 1640 2032 ferme
1662 2007 1751 2032 erant
1785 1998 1921 2040 amplius
1955 1996 2139 2032 abdominis
2161 1996 2329 2038 musculi,
2364 2008 2421 2031 nec

1419 2043 1528 2085 potius
1551 2044 1584 2074 in
1608 2043 1703 2076 aliam
1728 2043 1814 2084 quasi
1838 2039 1978 2075 formam
2002 2040 2145 2075 conversi
2171 2063 2180 2079 ‚
2205 2050 2260 2074 aut
2286 2043 2386 2075 macie
2407 2062 2421 2079 ‚

1418 2095 1455 2120 ut
1479 2085 1562 2128 apud
1585 2085 1758 2119 Nuckium
1781 2088 1791 2123 (
1816 2085 1891 2128 c),
1915 2094 1971 2119 aut
1995 2086 2094 2118 nimia
2119 2084 2184 2127 ipsa
2207 2084 2423 2124 distentione,

1420 2138 1456 2164 ut
1479 2128 1562 2170 apud
1586 2128 1815 2170 Gahrliepium
1839 2130 1923 2167 (d),
1947 2131 1979 2162 &
2001 2140 2040 2162 ex
2063 2139 2153 2172 parte
2166 2128 2247 2172 apud
2262 2128 2421 2163 Littrium

1422 2178 1433 2215 (
1458 2184 1472 2207 e
1497 2176 1508 2211 )
1533 2171 1680 2208 videtur,
1706 2173 1892 2206 extenuati.

1468 2216 1518 2256 58.
1543 2215 1596 2249 Ad
1620 2214 1687 2250 haec
1709 2226 1781 2257 quae
1805 2216 1888 2249 circa
1911 2213 2005 2256 huius
2029 2214 2134 2248 morbi
2160 2213 2287 2252 causas,
2310 2216 2340 2248 &
2363 2225 2426 2249 na-

1423 2269 1529 2293 turam
1563 2257 1681 2292 cursim
1704 2258 1873 2299 attigimus
1895 2280 1903 2295 ‚
1935 2257 2062 2300 praestat
2084 2258 2229 2301 quaedam
2265 2258 2302 2292 de
2329 2258 2425 2300 signis

1424 2302 1558 2337 addere.
1583 2301 1638 2334 Ab
1662 2300 1774 2335 Ascite
1796 2314 1851 2345 per
1875 2302 2169 2335 haecinternoscesz
2196 2302 2335 2344 primum
2348 2303 2426 2345 quia

1423 2345 1529 2379 multo
1552 2345 1671 2378 lentius
1693 2355 1789 2388 quam
1812 2346 1869 2378 illa
1888 2368 1901 2384 ,
1925 2345 2047 2387 primisv
2063 2345 2240 2386 praesertirn
2265 2347 2426 2388 tempori-

1423 2391 1504 2428 bus,
1529 2388 1717 2430 plerumque
1739 2389 1914 2425 increscit,
1938 2397 1974 2422 ut
1996 2387 2097 2421 ferme
2120 2389 2230 2421 omnia
2252 2388 2426 2423 ostendunt

1427 2432 1591 2474 exempla,
1614 2443 1685 2474 quae
1708 2433 1791 2465 inter
1803 2432 1909 2466 nescio
1931 2442 1989 2465 cur
2012 2430 2065 2465 hic
2089 2432 2301 2473 spefiaverint
2326 2432 2427 2474 aliqui

1427 2473 1525 2510 Blafii
1548 2471 1629 2517 (f')
1653 2475 1947 2513 Observationem,
1970 2474 2009 2508 de
2031 2483 2177 2516 tempore
2200 2473 2283 2508 nihil
2307 2475 2429 2509 haben-

1427 2528 1514 2552 tem:
1540 2518 1727 2561 plerumque
1752 2528 1858 2552 autem
1882 2517 1951 2551 dixi
1972 2539 1981 2554 ‚
2006 2529 2045 2551 ne
2068 2528 2172 2551 errare
2196 2518 2259 2551 tibi
2285 2519 2393 2553 videar
2418 2540 2429 2555 ‚

1426 2563 1448 2595 si
1472 2561 1559 2595 forte
1583 2560 1645 2594 huc
1669 2563 1803 2595 attinere
1826 2572 1889 2594 non
1915 2560 2041 2594 dubites
2067 2562 2177 2594 Amici
2191 2561 2319 2595 Nuckii
2343 2565 2429 2604 (g),

1429 2607 1462 2638 δε
1492 2604 1659 2639 Chomelii
1681 2608 1695 2645 (
1717 2604 1773 2644 h)
1806 2603 1954 2638 historias
1973 2629 1981 2644 ‚
2017 2616 2158 2645 quorum
2193 2604 2247 2637 illa
2279 2606 2429 2644 menstruo

1420 2649 1552 2695 Jpatio,
1575 2647 1629 2682 hic
1654 2649 1703 2682 vel
1726 2649 1873 2682 breviore
1895 2646 1963 2690 jam
1986 2648 2122 2683 nimium
2148 2648 2274 2682 auitum
2308 2650 2429 2682 ventris

1430 2701 1592 2725 tumorem
1616 2692 1767 2726 viderunt
1783 2717 1790 2723 .
1817 2691 1942 2726 Deinde
1967 2693 2121 2725 naturalis
2143 2689 2196 2725 hic
2221 2691 2355 2734 persistit
2383 2692 2431 2725 fa—

1430 2736 1491 2768 ciei
1514 2736 1627 2773 color,
1651 2745 1686 2769 ut
1703 2735 1916 2768 Drelincurtii
1940 2733 1987 2776 (i
2012 2737 2043 2772 )‚
2067 2737 2099 2767 δε
2114 2735 2228 2768 Littrii
2250 2738 2263 2775 (
2285 2734 2303 2775 k
2324 2739 2335 2775 )
2359 2736 2431 2769 Ob-

1430 2778 1626 2815 servationes
1647 2778 1786 2816 docent,
1810 2777 1977 2813 Chomelii
2002 2781 2012 2816 (
2036 2776 2081 2820 l)
2106 2787 2213 2812 autem
2237 2778 2431 2813 alteraindi-

1431 2831 1484 2855 cat
1508 2834 1515 2856 :
1551 2823 1631 2865 quin
1657 2822 1809 2856 Nuckius
1833 2825 1843 2861 (
1869 2832 1898 2855 m
1920 2825 1933 2861 )
1955 2820 2069 2854 diserte
2103 2822 2164 2855 hoc
2189 2823 2312 2865 primus
2345 2825 2431 2858 inter

1432 2864 1519 2908 signa
1542 2864 1736 2908 proposuit3
1758 2876 1941 2909 quanquam
1966 2865 2005 2897 ab
2019 2864 2188 2899 Dodonaeo
2213 2865 2268 2908 (n
2289 2868 2303 2904 )
2326 2867 2408 2900 olim
2424 2891 2434 2908 ‚

1432 2909 1548 2948 video,
1573 2907 1665 2943 fuisse
1688 2908 1882 2952 descriptam
1907 2909 2081 2950 Virginem
2106 2910 2157 2943 cui
2181 2916 2249 2942 toto
2272 2919 2331 2951 quo
2356 2920 2433 2942 ven-

1433 2954 1492 2986 tris
1513 2962 1678 2986 tumorem
1701 2952 1813 2995 gessit,
1835 2959 1992 2993 tempore,
2008 2949 2110 2994 facies
2139 2960 2289 2994 perpetuo
2309 2952 2432 2995 elegan-

1433 2996 1477 3028 tis
1499 2996 1542 3029 ό*
1563 2995 1669 3031 vividi
1691 3021 1700 3035 ‚
1733 3003 1771 3028 ut
1794 2995 1826 3028 in
1842 2994 1980 3037 sanitate
2004 3018 2013 3033 ,
2032 2994 2171 3038 perstitit
2202 2994 2313 3030 coloris
2335 3008 2345 3033 5
2379 3005 2432 3029 tu..

1434 3050 1505 3077 mor
1530 3048 1637 3073 tamen
1663 3050 1678 3071 a
1702 3040 1784 3073 lotio
1809 3047 1875 3071 erat
1898 3060 1909 3075 ,
1932 3037 2019 3080 quod
2044 3038 2170 3081 pertusa
2195 3039 2353 3075 ulceribus
2376 3051 2431 3072 ve-

1433 3083 1495 3117 sica
1518 3083 1552 3116 in
1578 3083 1698 3116 ventris
1734 3093 1848 3116 cavum
1872 3079 2028 3115 effuderat
2050 3106 2058 3116 .
2093 3083 2215 3115 Tertio
2250 3084 2334 3115 vires
2355 3104 2364 3119 ‚
2398 3085 2430 3120 &

1435 3126 1575 3160 affiones
1597 3137 1671 3159 cum
1695 3126 1803 3159 colore
1827 3124 2053 3163 consentiunt,
2077 3125 2188 3161 eodem
2211 3124 2343 3160 testante
2355 3125 2433 3159 Nu-

1433 3168 1531 3209 ckio,
1553 3172 1584 3203 &
1607 3169 1895 3212 comprobantibus
1919 3169 2073 3210 exemplis
2094 3190 2105 3205 ‚
2127 3179 2191 3202 non
2215 3168 2279 3202 illis
2302 3169 2431 3202 dumta-

1433 3222 1488 3245 xat
1523 3213 1629 3246 tribus
1652 3224 1723 3256 quar:
1757 3212 1855 3245 modo
1877 3211 2023 3245 dicebam
2045 3237 2054 3251 ,
2088 3211 2139 3245 sed
2162 3215 2193 3245 &
2226 3213 2296 3245 aliis
2330 3213 2431 3254 pluri-

1433 3256 1491 3289 bus
1515 3279 1525 3295 ,
1558 3257 1737 3290 Meekrenii
1774 3255 1857 3298 (o)
1881 3256 1914 3287 in
1939 3256 2070 3297 primis,
2094 3256 2275 3297 agilitatem
2297 3265 2369 3289 curn
2391 3266 2430 3287 eo

1433 3299 1572 3340 pondere
1616 3311 1715 3342 prope
1760 3297 1982 3332 incredibilem
2027 3298 2210 3333 adnotantis
2235 3323 2247 3339 ,
2290 3299 2358 3331 imo
2381 3306 2429 3330 et-

1431 3344 1496 3377 iarn
1532 3342 1614 3376 uteri
1638 3341 1848 3391 gestationem
1870 3366 1880 3383 ,
1910 3344 1941 3375 δι
1964 3351 2094 3385 partum
2116 3363 2126 3380 2
2155 3354 2252 3386 quern
2285 3341 2426 3417 διδ-[Λιι-

2337 3394 2384 3417 ius

435 3560 596 3588 (r)n.54.
657 3553 914 3585 (s)n-5¹·&5²·
978 3550 1200 3581 (t)cit.n.50.
1265 3549 1438 3587 (u)n.49.'
1497 3546 1807 3581 (⁸)(x)cit,n,50‚
1867 3548 2104 3582 (y)(z)1bidv
2161 3549 2336 3581 (ae)n.49.

440 3592 446 3618 l
465 3587 479 3624 b*
495 3591 508 3617 )
523 3592 528 3605 A
548 3596 558 3611 c
575 3589 591 3641 2-
602 3592 627 3610 η’
641 3594 696 3620 47“’
722 3634 727 3640 .
742 3587 756 3614 (
772 3585 787 3609 d
805 3585 817 3611 )
835 3592 858 3607 n*
874 3592 914 3638 4-9.
952 3583 1087 3639 &sess-n·
1106 3591 1157 3642 55¹7<
1175 3610 1184 3641 J
1199 3578 1366 3639 ((Ιῖῗῖινῆίψ)Ι
1378 3611 1393 3641 (
1407 3580 1657 3641 nr3g()⁰()5,}gp))n-(
1668 3589 1716 3640 ⁵¹10.)
1731 3585 1774 3635 citt.
1791 3579 1932 3639 Zd)nl¹'5{>l⁸
1951 3587 1994 3639 5²n(
2011 3618 2022 3635 r
2038 3610 2052 3640 )
2070 3610 2134 3640 ss)
2151 3611 2179 3635 ad
2195 3619 2221 3636 τι.
2238 3619 2280 3640 49-

440 3621 481 3676 {³2
497 3623 507 3674 'j
522 3617 592 3671 Riesg'
606 3617 643 3676 fig·
655 3615 720 3674 Epi?
731 3617 773 3676 ude}
790 3614 950 3674 {iecgf'tisaest
981 3643 1021 3672 (χ
1037 3644 1049 3672 )
1065 3642 1095 3667 ad
1111 3650 1134 3667 n.
1153 3650 1189 3672 50.
1249 3641 1263 3670 ζ
1277 3645 1294 3670 y
1312 3641 1319 3670 )
1335 3641 1396 3670 Eph.
1416 3643 1451 3666 N.
1469 3643 1498 3666 C.
1517 3642 1575 3665 Dec.
1597 3647 1616 3664 i.
1635 3643 1662 3664 A.
1680 3649 1703 3669 4-
1719 3641 1777 3666 obs.
1795 3649 1832 3677 41..
1897 3641 1910 3668 ζ
1927 3648 1945 3669 z
1960 3640 1970 3669 )
1985 3640 2028 3665 cit·
2047 3641 2076 3665 ad
2093 3650 2116 3665 n.
2130 3650 2178 3675 50..
2227 3640 2236 3670 (
2252 3650 2268 3666 a
2283 3642 2294 3676 )
2310 3642 2340 3671 ,d
2355 3651 2427 3677 Min

441 3674 1112 3744 versatasabft‘212‘t23“.12·23·.
1139 3671 1357 3735 {dmm
1420 3670 1719 3706 <⁸³<⁶³³⁰¹ffi⁵2
1783 3670 2097 3706 <¹2<k³<¹><m
2118 3674 2126 3703 ›
2144 3671 2204 3697 Μ-
