2498 4075
545 203 697 269 Epist.
733 192 1151 254 Anat.'Medica
1187 195 1363 251 XVII.
1402 197 1637 261 Art2,·27.

103 279 252 316 morbum
275 290 376 323 neque
397 279 583 314 decumbere
601 302 614 318 ,
646 289 747 320 neque
770 277 993 312 intestinorum
1015 300 1027 317 ,
1060 284 1114 311 aut

104 323 208 358 vesicae
232 335 312 357 onus
335 322 490 364 deponere
512 348 520 362 ‚
558 333 655 364 neque
680 320 758 354 adeo
781 321 932 354 alimenta
956 320 1115 363 deglutire

104 376 255 412 poterat,
278 368 356 409 quin
372 366 435 399 fere
460 365 769 421 pffiroxysmusillico
792 366 1004 404 excitaretur,
1030 376 1112 406 prce-

104 412 222 445 sentem
248 407 514 446 suffocationem,
541 408 704 451 ipsamque
728 408 960 450 propemodum
974 418 1112 441 mortem

105 452 278 497 aliquando
301 454 483 486 intentans.
512 452 601 485 Nam
614 459 739 494 repente
762 452 915 484 exsiliree
939 451 1035 491 sella,
1058 452 1110 485 cui

103 506 279 541 perpetuO,
302 506 429 531 motum
452 506 581 528 omnem
603 506 736 534 cavens,
760 494 934 532 insidebat,
959 494 997 528 ad
1023 493 1111 527 fene-

101 541 196 575 stram
222 540 272 583 spe
306 541 417 573 melius
442 538 617 580 respirandi
654 549 813 571 accurrere
836 562 847 578 ,
878 550 952 572 cum
984 537 1112 572 stertore

102 583 318 618 nihilominus
354 582 503 624 spiritum
527 582 636 615 ducere
664 607 672 620 ,
704 590 774 615 tota
797 580 878 615 facie
911 582 1006 615 livere
1029 581 1113 628 ,⁸10-

101 630 209 668 tium,
231 630 261 660 &
287 635 399 661 caetera
425 634 613 658 recrementa
647 634 761 667 praeter
784 637 792 653 x
816 625 982 658 ›luntatem
1018 625 1112 668 ejice-

101 684 134 705 re
153 696 164 712 ,
199 671 266 704 haec
289 695 297 709 ‚
330 679 423 711 atque
447 669 509 702 alia
543 667 699 710 ejusmodi
725 668 863 702 crebrius
896 667 1078 702 accidebant
1103 691 1112 700 .

103 717 350 755 Nonnunquam
374 722 479 745 autem
504 711 645 751 angustia
670 711 766 754 usqne
779 711 854 744 adeo
879 711 1111 747 invalescebat,

101 770 138 793 ut
163 759 278 802 spiritu
301 756 477 788 intercluso
510 750 695 788 ne‘stertere
727 754 856 799 quidem
881 755 1017 797 amplius
1042 754 1131 797 pos-⁴

102 804 168 842 set3
194 800 242 835 sed
271 798 456 833 moribundi
480 799 610 840 prorsus
634 797 747 831 similis
759 798 938 831 antrorsum
962 797 1115 832 concide'-

101 856 149 880 ret
173 844 262 887 super
286 841 418 875 brachia
442 842 682 877 sustentantium
701 840 850 884 utrinque
875 841 1059 882 servorum,
1081 845 1114 876 ὅ(

101 901 176 923 cum
201 888 336 929 denique
360 898 398 918 ex
421 895 513 918 tanto
539 886 684 929 periculo
706 884 833 918 evadere
857 885 1013 928 inciperet
1037 910 1045 924 ‚
1077 896 1112 920 ac

102 933 186 967 forte
211 929 371 964 interdum
396 929 553 963 matulam
578 928 742 971 posceret,
766 927 878 964 frustra
902 937 1034 971 propter
1059 939 1113 970 pe-

101 987 196 1015 nem,
219 972 442 1007 incredibilem
466 972 566 1015 prope
589 975 622 1004 in
659 972 794 1006 modurn
817 971 993 1005 introrsum
1014 974 1115 1004 retra.

104 1020 213 1055 etum,
241 1017 379 1057 mingere
403 1026 480 1049 tunc
516 1016 648 1059 quidem
671 1019 911 1059 connitereturi
933 1018 1026 1056 AEgre
1050 1015 1113 1048 tuli

105 1061 294 1104 priusquam
318 1061 345 1093 is
367 1059 548 1093 inevitabili
576 1058 646 1092 fato
671 1059 911 1098 succumberet,
935 1057 1028 1093 fuisse
1052 1060 1114 1091 rni-

99 1105 136 1140 hi
161 1101 329 1138 necessario
352 1115 367 1135 e
394 1105 500 1137 Patria
525 1103 706 1136 Bononiam
740 1101 935 1138 redeundum
956 1127 964 1142 ‚
998 1111 1033 1135 ut
1057 1114 1115 1145 pu-

100 1149 190 1182 blico
207 1171 215 1185 ‚
238 1149 293 1190 qui
322 1148 442 1188 primus
465 1148 611 1180 omnium
629 1146 756 1180 habitus
779 1145 821 1181 est
837 1168 846 1183 ‚
868 1146 1053 1179 Conventui
1068 1147 1113 1179 11-

100 1192 207 1227 lustris
229 1189 409 1225 Academiae
433 1216 440 1228 ‚
465 1201 547 1223 nunc
574 1188 719 1223 Instituti
744 1190 957 1227 Scientiaruin
982 1188 1077 1223 dietae
1100 1200 1113 1230 ,⁴

99 1249 139 1269 ex
161 1234 271 1268 officio
296 1231 474 1277 praeessem.
501 1235 552 1266 Sic
577 1235 663 1267 enim
688 1232 882 1267 haudlicuit
905 1245 1000 1276 quem
1024 1244 1113 1265 mor-

100 1281 177 1314 bum
199 1289 273 1312 cum
299 1278 406 1319 paucis
429 1277 606 1320 cogitando
629 1278 867 1311 internoveram
890 1300 902 1317 ,
934 1275 1114 1313 dissecando

99 1324 228 1367 penitus
252 1322 453 1360 examinare3
480 1332 543 1354 non
567 1322 645 1364 quin
669 1321 805 1355 dubium
819 1320 940 1360 fuerit,
964 1320 1114 1362 aneurys-

99 1379 151 1401 ma
174 1364 301 1399 hoedini
325 1365 446 1407 capitis
463 1364 684 1408 magnitudine
707 1363 746 1398 ad
769 1366 892 1399 arteriae
907 1366 1018 1398 Aortae
1041 1375 1114 1406 cur-7

99 1419 248 1445 vaturam
272 1420 326 1451 per
350 1418 521 1442 anatomen
546 1408 604 1442 esse
628 1407 882 1452 deprehensum,
904 1418 971 1450 quo
993 1407 1077 1450 gulae
1095 1408 1113 1447 ',

104 1457 136 1487 &
161 1452 275 1495 magis⁴
297 1454 419 1486 arteriae
453 1451 582 1494 Asperae
614 1452 736 1487 canales
770 1459 1016 1494 premerentur3
1048 1449 1116 1483 hocv

98 1499 186 1531 enim
208 1497 256 1530 vel
283 1495 338 1528 ille
362 1494 477 1529 diserte
510 1493 602 1529 fassus
627 1495 668 1529 est
699 1494 901 1529 Nobiliffimi
935 1495 1012 1527 Viri
1038 1495 1112 1527 Me..

101 1539 218 1579 dicus,
242 1540 439 1582 caeteroquin
463 1538 577 1572 doctus
601 1561 609 1575 ,
643 1540 700 1581 qui
723 1549 812 1572 antea
844 1549 920 1572 cnm
950 1537 1111 1580 plerisque

99 1583 256 1620 referebat
280 1582 318 1616 ad
341 1581 558 1617 convulfiones
580 1582 741 1626 quidquid
765 1593 885 1625 aegrum
907 1581 989 1614 male
1014 1580 1111 1614 habe-

100 1627 156 1662 bat
176 1649 185 1664 ‚
219 1627 262 1659 ob
284 1637 351 1659 earn
379 1625 573 1668 potiffimum
598 1626 758 1659 rationem
777 1648 792 1666 ,
821 1636 891 1668 quae
911 1647 927 1668 ,
956 1633 992 1658 ut
1015 1636 1031 1657 a
1053 1624 1109 1658 Cl.

100 1671 186 1706 Pasta
209 1673 276 1711 <m
298 1673 312 1711 )
337 1667 587 1702 demonstratum
604 1668 668 1709 est,
694 1668 908 1712 saepenumero
920 1668 991 1702 aliis
1015 1669 1114 1704 etiam

101 1712 278 1757 imposuit,
301 1720 356 1745 aut
379 1713 545 1753 imponere
571 1712 724 1752 potuisset
745 1736 754 1750 ,
789 1723 852 1745 non
877 1711 979 1745 videri
995 1721 1020 1744 'a
1043 1723 1113 1752 per-

98 1767 193 1802 petua
217 1754 306 1790 causa
327 1778 340 1795 ,
371 1756 477 1800 qualis
500 1755 684 1797 aneurysma
707 1755 749 1790 est
771 1779 785 1797 ,
816 1754 945 1790 effefims
968 1753 1026 1789 esse
1049 1767 1114 1791 non

98 1809 273 1845 perpetuos
299 1797 383 1841 posse
405 1813 414 1832 .-
448 1798 508 1833 Sed
531 1799 620 1842 quod
652 1799 755 1833 sedem
779 1798 844 1840 ejus
881 1799 1112 1842 aneurysmatis

102 1845 206 1887 magis
230 1843 393 1887 perspicue
418 1841 601 1886 designare,
624 1844 657 1882 δε
682 1842 720 1877 ad
742 1842 916 1886 simplicem
940 1843 1051 1876 Aortae
1062 1841 1113 1876 di-

98 1888 287 1922 latationem
301 1909 313 1926 ,
336 1898 375 1919 an
396 1886 438 1921 ad
462 1886 587 1921 saccum
612 1887 809 1930 pertineret,
831 1889 863 1920 &
887 1886 921 1920 id
931 1897 1027 1930 genus
1051 1887 1114 1922 alia

99 1943 161 1975 pro
184 1939 271 1968 certo
294 1930 372 1964 scire
398 1928 591 1973 potuissem.

142 1985 193 2017 27.
219 1975 337 2016 Neque
371 1975 455 2008 enim
468 1973 595 2019 >dubito
615 1999 627 2015 ,
661 1976 740 2020 quin
775 1977 957 2012 memineris
977 2000 989 2018 ,
1022 1975 1113 2011 fuisse

99 2018 180 2051 olim
207 2017 260 2059 (n
281 2020 554 2061 >¹2aiieurylmata
579 2031 593 2051 a
618 2030 667 2053 me
688 2020 789 2055 divisa
814 2024 848 2055 in
875 2033 908 2055 ea
932 2033 1002 2064 quae
1026 2032 1078 2054 vas
1100 2045 1114 2062 ,

97 2073 185 2105 aeque
210 2063 242 2093 in
265 2072 544 2105 oninempartem
569 2063 741 2105 expansum
762 2088 772 2103 ‚
799 2064 943 2106 format,
966 2067 999 2097 δέ
1022 2067 1056 2098 in
1079 2077 1114 2098 ea

97 2117 169 2148 quse
202 2103 282 2138 sacci
304 2104 399 2138 instar
422 2118 438 2138 e
469 2105 546 2139 vasis
571 2107 667 2139 latere
698 2109 881 2142 excrescunt
904 2133 914 2148 ‚
948 2120 1113 2151 meamque

101 2149 159 2183 esse
184 2148 374 2182 divisionem
395 2150 434 2182 ab
456 2149 658 2184 Doffiffiffimis
670 2152 759 2184 Viris
785 2150 973 2184 Schreibero
998 2154 1011 2190 (
1035 2164 1050 2184 ο
1073 2156 1107 2191 ),

97 2195 129 2226 ὃ(
152 2190 379 2234 Valcarengho
403 2195 457 2233 (p
479 2196 494 2232 )
516 2192 684 2234 probatam
712 2206 719 2226 .·
757 2193 862 2236 posito
885 2203 993 2227 autern
1017 2194 1108 2227 sacco

99 2234 137 2268 ad
161 2234 270 2275 hunc,
292 2236 341 2268 vel
365 2234 459 2268 illurn
481 2234 636 2274 modurn,
661 2236 755 2270 facile
778 2237 819 2269 ab
843 2238 968 2271 Littrio
992 2240 1006 2277 <
1028 2249 1047 2279 q
1070 2241 1107 2277 ),

100 2281 133 2311 δε
157 2290 173 2310 a
198 2278 399 2311 Boerhaavio
422 2280 435 2317 <
457 2288 473 2310 r
494 2282 507 2318 )
533 2280 693 2311 rationem
726 2277 818 2312 fuisse
842 2280 1001 2314 redditam
1025 2291 1108 2314 nunc

98 2321 201 2353 animi
226 2319 446 2354 definitionum
469 2345 477 2360 ,
513 2331 595 2354 nunc
629 2320 876 2356 suffocationum
896 2347 906 2361 ‚
939 2337 955 2357 a
980 2334 1108 2357 mutato

100 2365 246 2405 corporis
279 2363 341 2397 situ
364 2365 583 2406 ingruentium
606 2389 616 2404 ‚
650 2364 800 2408 sanguine
824 2367 978 2403 videlicet
1012 2367 1111 2400 modo

99 2409 134 2441 in
158 2407 238 2441 sacci
264 2406 421 2445 fundum,
443 2406 650 2440 decliviorem
675 2407 797 2442 factum
821 2406 836 2447 ‚‘
855 2421 887 2441 ea
911 2411 1006 2451 copia
1032 2410 1110 2442 rela-

101 2452 194 2484 bente
218 2473 231 2491 ,
264 2459 301 2484 ut
326 2449 389 2491 iarn
424 2460 488 2482 non
512 2450 603 2483 restet
636 2452 669 2482 in
694 2453 807 2485 arteris
840 2454 926 2495 quod
952 2452 1108 2486 servandae

100 2495 304 2531 circulationi
329 2494 404 2526 satis
426 2491 465 2525 fit
488 2515 497 2530 ,
533 2494 631 2527 modo
654 2495 688 2527 in
721 2494 903 2538 oppositam
929 2496 1009 2530 sacci
1040 2508 1112 2539 par-

97 2547 164 2571 tem
186 2539 231 2569 ita
253 2536 433 2576 recidente,
457 2545 494 2568 ut
518 2536 700 2578 bronchia,
723 2538 841 2572 siforte
864 2540 1086 2582 proxitnasint
1100 2561 1109 2576 ‚

81 2580 266 2619 varffiffime
288 2581 544 2622 comprimantur
559 2606 567 2619 ‚
591 2581 679 2623 quod
702 2585 735 2614 in
761 2582 921 2625 proposita
945 2583 1110 2617 accidebat

96 2625 233 2659 muliere
254 2648 261 2655 .
295 2625 459 2657 Caeterum
492 2624 526 2657 in
552 2625 727 2659 Pauluccio
751 2625 811 2658 sive
834 2636 900 2660 erat
917 2649 927 2665 ‚
957 2626 1019 2660 five
1044 2638 1109 2661 non

91 2674 169 2710 serat
191 2668 305 2702 Aortae
328 2668 458 2706 saccus,
483 2677 516 2699 ea
539 2677 624 2701 certe
647 2678 712 2702 erat
723 2669 899 2711 dilatatio,
922 2679 959 2704 ut
983 2673 1108 2705 arteriae

98 2712 229 2755 Asperae
253 2710 428 2752 imposita,
452 2709 486 2743 id
508 2710 595 2753 quod
619 2711 805 2755 resupinato
827 2726 962 2757 corpore
985 2713 1106 2756 fiebat,

99 2755 181 2790 hanc
206 2755 322 2787 arftius
346 2760 520 2797 premeret,
543 2754 639 2799 idque
662 2768 700 2789 eo
724 2758 848 2800 magis,
872 2769 939 2801 quo
963 2758 1034 2800 plus
1045 2758 1113 2792 san-

101 2801 209 2842 guinis
233 2798 302 2830 illic
325 2798 520 2836 subsisteret,
546 2799 768 2841 expansionem
793 2800 908 2837 simul,
933 2804 965 2834 &
985 2803 1112 2844 pondus

102 2842 248 2886 augenti-s
266 2865 273 2872 .
309 2841 411 2887 lfacile
435 2850 541 2876 autem
575 2842 613 2876 ad
635 2845 780 2887 quamvis
805 2845 854 2877 vel
879 2845 981 2877 levem
1005 2856 1111 2880 muta,

101 2889 225 2923 tionem
250 2882 405 2919 subsistere
427 2887 460 2918 &
483 2887 516 2918 in
540 2885 630 2927 ipso,
655 2890 688 2920 δε
710 2888 745 2920 in
769 2900 803 2921 ea
825 2890 958 2922 muliere
979 2889 1110 2924 consue-

102 2929 201 2969 viffe,
225 2928 371 2974 alimenti
394 2929 571 2971 deglutitio
594 2930 783 2972 indicabat,
806 2944 868 2974 qua
891 2932 975 2975 gulae
996 2936 1109 2976 proxi-

102 2984 193 3008 mum
215 2973 397 3014 aneurysma
417 2974 474 3006 vix
496 2974 597 3015 premi
623 2974 776 3008 nonnihil
793 2985 942 3018 poterat,
967 2987 1021 3010 aut
1038 2980 1108 3021 agi..

103 3017 183 3050 tari.
210 3017 261 3049 Sic
284 3017 428 3057 perpetui
452 3016 581 3060 quidem
602 3039 612 3054 ‚
644 3016 697 3052 sed
719 3029 784 3052 non
809 3019 926 3062 semper
947 3031 1034 3063 aeque
1056 3022 1108 3057 di-

103 3060 220 3099 latati,
244 3069 299 3092 aut
323 3061 450 3100 gravis,
475 3061 705 3103 aneurysmatis
727 3061 836 3096 effeeta
867 3063 1014 3106 quaedam
1039 3067 1110 3109 pof-

105 3104 177 3138 sunt
200 3113 265 3135 non
288 3101 347 3134 effe
370 3112 536 3145 perpetua.
564 3106 616 3138 Sic
639 3107 737 3140 etiam
760 3107 921 3150 intelligis
943 3130 952 3145 ‚
985 3107 1008 3141 fi
1031 3109 1109 3145 levis

105 3147 266 3191 quaepiam
291 3145 417 3178 accedat
441 3148 563 3180 interna
586 3148 700 3190 causa,
723 3159 777 3183 aut
801 3151 884 3191 alia,
910 3154 1015 3185 minus
1039 3156 1110 3187 ani-

105 3190 265 3224 madversa
287 3212 298 3228 ‚
332 3197 369 3222 ut
394 3190 487 3223 flatus
510 3202 564 3233 per
586 3193 695 3234 gulam
717 3194 849 3228 elucffiari
872 3196 1008 3229 nitentes
1030 3219 1039 3234 ,
1072 3208 1108 3233 ut

105 3233 256 3268 fortuitae
278 3233 517 3275 compressiones
541 3245 686 3276 artuum,
713 3240 745 3270 &
768 3238 855 3281 quod
878 3239 1085 3282 consequitur
1100 3266 1110 3283 ,

106 3277 254 3311 vasorum
277 3277 416 3319 aliquae,
438 3277 594 3312 obstantes
617 3280 785 3324 sanguini,
806 3282 965 3325 ipsiusque
979 3294 1110 3327 propte-

106 3333 159 3356 rea
183 3330 310 3354 motum
333 3322 368 3353 in
392 3329 511 3354 trunco
533 3322 668 3365 Aortae,
691 3327 724 3358 &
748 3326 967 3369 aneurysmate
989 3329 1109 3369 paulis-

108 3375 164 3408 per
186 3363 346 3398 tardantes
366 3375 376 3403 3
410 3363 496 3407 posse
518 3365 553 3399 in
575 3366 754 3401 istiusmodi
784 3370 917 3412 quidem
939 3372 1033 3412 aegris
1055 3384 1110 3406 ve-

108 3407 340 3443 hementiffimo
363 3407 558 3450 paroxysmo
585 3411 782 3445 occasionem
805 3414 939 3456 praebere
964 3427 972 3447 ι
1006 3418 1038 3449 &
1060 3417 1109 3449 vi-

108 3452 207 3486 cissim
226 3476 235 3491 ,
257 3450 280 3484 fi
304 3459 430 3486 artuum
452 3450 522 3485 vasa
544 3455 726 3497 tempestive
748 3456 917 3496 laxentur,
939 3469 1013 3494 curn
1036 3459 1110 3493 sub-

2015 215 2106 264 ¹59

1689 272 1874 317 Utrumque
1896 273 2013 308 horum
2035 276 2069 308 in
2095 278 2179 310 Pau-

1165 318 1271 352 luccio
1298 315 1477 351 accidebat.
1505 315 1669 350 Interdum
1693 317 1778 348 enim
1799 317 1889 352 causa
1903 317 2075 361 apparebat
2098 320 2174 352 nul-

1163 362 1191 395 la
1207 385 1214 399 ‚
1235 371 1292 394 cur
1316 361 1509 402 paroxysmo
1524 368 1691 402 correptus
1714 358 1787 392 esset
1806 384 1813 391 .
1845 362 1943 396 ,Alias
1968 369 2078 394 autem
2109 364 2174 395 im.

1163 405 1321 439 minentes
1353 402 1416 444 jam
1439 427 1448 442 ,
1480 414 1573 445 atque
1598 402 1675 436 adeo
1709 401 1855 436 inchoati
1889 404 2073 447 paroxysmi
2106 413 2173 438 arte

1163 276 1213 308 tio
1235 272 1375 307 feliciter
1398 273 1621 316 intercipiatur
1644 299 1651 303 .

1141 468 1143 470 -
1164 448 1224 482 hac
1248 447 1548 490 supprimebantur.
1569 448 1646 491 Jam
1669 447 1744 479 inde
1769 445 1807 478 ab
1829 448 1928 481 initio
1960 459 2035 482 cum
2059 447 2174 482 obscu-

1163 503 1215 525 rus
1240 490 1344 525 adhuc
1368 489 1497 528 morbus
1521 490 1577 525 sub
1600 490 1682 522 larva
1709 489 1832 523 falleret
1867 491 2069 526 redeuntium
2091 502 2175 536 quo-

1164 534 1298 569 rundam
1321 533 1477 567 dolorum
1509 544 1564 575 per
1586 532 1755 566 humerum
1787 531 1970 575 sinistrum,
1993 535 2174 577 vicinasque

1164 587 1267 621 partes
1292 577 1478 619 vagantium
1500 598 1509 612 .
1535 577 1673 609 levamen
1696 586 1779 618 aeger
1800 586 2038 619 expertusserat
2063 589 2079 609 a
2102 577 2176 612 sub-

1163 622 1254 664 jeftce
1278 631 1410 660 manus,
1433 618 1619 662 brachiique
1641 618 1843 653 immersione
1866 622 1900 655 in
1923 632 2040 664 aquam
2063 620 2105 654 fic
2129 620 2176 656 sa-

1163 667 1206 698 tis
1228 665 1403 699 calentem.
1429 664 1482 697 Ex
1503 674 1570 706 quo
1594 671 1699 698 autem
1724 662 1854 698 morbus
1878 664 1951 697 aliis
1975 666 2082 698 minus
2106 675 2175 697 am-

1163 709 1271 751 biguis
1295 706 1425 742 indiciis
1444 730 1456 746 ,
1491 709 1524 739 δε
1549 707 1588 739 iis
1622 705 1800 749 praesertim
1823 706 1860 740 de
1895 707 2013 750 quibus
2046 706 2174 743 dictum

1165 752 1227 789 est,
1252 750 1452 794 paroxysmis
1475 748 1672 783 suffocativis
1696 749 1725 782 se
1750 750 1883 792 prodere
1895 752 2081 794 inceperat,
2105 749 2177 785 sub-

1165 795 1239 828 inde
1262 797 1295 827 in
1329 793 1447 827 horum
1480 791 1644 836 progressu
1665 816 1677 833 ,
1713 802 1766 826 aut
1799 793 2014 828 declinatione
2047 793 2178 829 eandem

1166 838 1314 881 poscebat
1339 848 1476 880 aquarn,
1499 846 1535 871 ut
1559 848 1669 871 manus
1693 835 2012 879 dumtaxatlavaret,
2035 849 2069 872 ac
2085 837 2178 871 fron-

1165 892 1254 922 tem,
1278 880 1415 924 hincque
1439 880 1469 914 se
1492 880 1644 914 nonnihil
1670 880 1789 922 semper
1803 883 1903 923 magis
1928 882 2054 922 levari,
2077 893 2175 926 quarn

1164 926 1232 960 ullo
1257 926 1322 958 alio
1346 923 1479 958 remedii
1503 935 1636 966 genere,
1658 923 1863 959 asseverabat.
1892 927 1989 958 Tunc
2014 937 2072 968 ego
2087 949 2098 966 ,
2119 925 2178 969 qui

1165 980 1285 1011 aegrum
1309 967 1351 1001 iis
1375 970 1516 1010 primum
1539 967 1650 1002 diebus
1673 966 1837 1008 viderem,
1861 970 1893 1001 &
1918 967 1985 1002 haec
2010 970 2177 1009 audirem,-

1165 1014 1243 1055 quin
1270 1013 1379 1054 potius
1399 1035 1412 1052 ,
1447 1013 1580 1054 inquam
1603 1034 1613 1050 ,
1649 1012 1790 1051 venienti
1815 1012 2008 1054 paroxysmo
2031 1011 2087 1047 ista
2111 1013 2180 1054 ipsa

1167 1057 1292 1088 ratione
1317 1053 1541 1088 occurrimus?
1565 1065 1676 1088 manns
1700 1064 1806 1088 tamen
1831 1066 1893 1089 non
1920 1065 2047 1090 tantum
2070 1056 2180 1090 lavam

1165 1100 1232 1139 do,
1258 1097 1307 1131 sed
1332 1101 1365 1130 &
1387 1097 1492 1140 ipsas,
1515 1099 1547 1130 ὃς
1570 1097 1699 1139 brachia
1727 1097 1765 1130 ad
1787 1099 1940 1132 cubitum
1973 1100 2071 1143 usque
2095 1111 2181 1133 mer-

1165 1142 1195 1176 sa
1220 1144 1253 1175 in
1284 1140 1390 1174 eadem
1415 1152 1430 1174 a
1457 1150 1494 1174 ua
1521 1163 1534 1179 ,
1566 1139 1588 1174 si
1613 1151 1659 1173 res
1691 1141 1779 1173 votis
1803 1141 1917 1175 nostris
1954 1142 2143 1185 respondeat
2170 1154 2183 1185 ‚·

1164 1186 1277 1219 tandiu
1300 1184 1427 1219 detinen
1454 1196 1474 1217 0
1495 1183 1573 1217 dum
1598 1183 1734 1217 indicia*
1753 1186 1863 1217 omnia
1887 1186 2091 1220 imminentis
2124 1198 2182 1228 pa·

1164 1228 1309 1271 roxysmi
1334 1228 1462 1271 prorsus
1485 1226 1623 1268 abeant,
1646 1237 1743 1271 atque
1767 1229 1949 1263 evanescant
1974 1255 1982 1264 .
2009 1231 2090 1263 Non
2113 1229 2181 1264 dis.

1165 1272 1374 1308 sentientibus
1397 1272 1519 1305 caeteris
1534 1294 1546 1311 ,
1569 1282 1658 1314 aegro
1682 1280 1789 1306 autem
1811 1272 1962 1315 inprimis
1987 1282 2145 1307 annuente
2168 1297 2182 1315 ‚

1164 1328 1211 1350 res
1236 1325 1357 1351 tentata
1380 1314 1422 1348 est
1444 1326 1481 1348 eo
1503 1315 1594 1348 exitu
1618 1337 1628 1354 ‚
1653 1324 1690 1350 ut
1714 1326 1788 1350 curn
1811 1316 1997 1358 paroxysmi
2023 1318 2077 1350 alii
2101 1328 2191 1360 gra-,

1162 1372 1236 1397 ves,
1261 1361 1318 1394 alii
1342 1360 1473 1393 leviores
1496 1357 1601 1392 tribus
1634 1360 1793 1401 proximis
1819 1359 2034 1402 superioribus
2066 1360 2179 1396 diebus

1163 1404 1351 1439 creberrimi
1376 1401 1532 1443 fuissent,
1556 1401 1608 1435 die
1631 1414 1697 1443 quo
1732 1402 1774 1436 sic
1796 1403 1862 1437 illis
1885 1405 2030 1446 primurn
2064 1416 2180 1439 occur-

1165 1448 1234 1481 sum
1257 1448 1322 1487 est,
1345 1447 1403 1490 qui
1428 1445 1495 1479 dies
1520 1446 1586 1479 fuit
1610 1444 1769 1479 octobr-is
1793 1446 1971 1489 septimus,
1997 1451 2184 1490 &quatuor

1165 1490 1404 1534 insequentibus
1428 1490 1532 1524 nullus
1555 1489 1585 1522 se
1609 1500 1731 1522 exerere
1754 1490 1890 1524 insultus
1913 1492 2085 1534 potuerit,
2107 1504 2183 1527 cum

1165 1535 1269 1577 plures
1294 1534 1433 1578 septimo
1456 1534 1635 1574 praesertim
1660 1532 1714 1566 die
1738 1531 1924 1576 incepissent
1945 1558 1958 1576 ,
1991 1536 2101 1570 cuncti
2126 1549 2183 1570 au-

1163 1588 1229 1612 tem
1250 1590 1283 1611 ea
1307 1590 1377 1622 quae
1413 1576 1498 1610 dicta
1524 1575 1566 1609 est
1583 1600 1596 1616 ‚
1629 1577 1754 1611 ratione
1777 1579 1936 1612 continuo
1970 1580 2184 1621 reprimeren-

1162 1631 1234 1657 tur.
1260 1623 1305 1655 Et
1327 1624 1510 1665 quanquam
1541 1619 1653 1653 diebus
1677 1622 1839 1662 proximis
1871 1621 1938 1655 duo
1961 1621 2086 1657 fuerint
2122 1626 2181 1667 qui

1166 1665 1334 1708 prohiberi
1358 1675 1423 1698 non
1447 1673 1643 1706 potuerunt,
1669 1663 1728 1697 alii
1752 1673 1858 1699 tamen
1882 1666 2031 1700 nonnulli
2052 1689 2065 1707 ,
2088 1668 2120 1700 &
2145 1669 2180 1701 in

1166 1710 1217 1742 his
1240 1710 1371 1748 gravior
1402 1707 1536 1751 quidam
1561 1708 1708 1750 ingruens
1742 1707 1793 1742 die
1826 1709 2071 1752 quartodecimo
2091 1734 2100 1749 ‚
2135 1722 2184 1744 re.

1167 1753 1253 1795 prelii
1279 1753 1351 1785 sunt
1376 1750 1518 1784 remedio
1542 1751 1675 1790 eodem,
1700 1751 1887 1786 credeenim
1910 1753 2018 1796 mihi,
2041 1755 2099 1799 qui
2124 1754 2182 1789 do-

1166 1807 1221 1831 nee
1247 1795 1336 1829 adfui
1352 1818 1360 1833 ‚
1384 1795 1544 1838 quidquid
1567 1796 1711 1838 contigit
1733 1821 1743 1836 ‚
1777 1798 1810 1830 &
1831 1807 1898 1840 quo
1921 1798 1973 1831 die
1998 1799 2142 1841 contigit
2169 1821 2180 1837 ,

1166 1849 1345 1881 perattente
1369 1863 1381 1879 ,
1415 1847 1624 1881 accurateque
1647 1840 1799 1873 adnotavi
1824 1866 1831 1875 .
1865 1842 1975 1884 Atque
1998 1842 2122 1877 utinam
2146 1854 2180 1876 ea

1165 1884 1249 1916 ratio
1273 1883 1416 1916 arcendis
1441 1883 1590 1917 omnibus
1614 1894 1670 1925 par
1692 1882 1821 1921 fuisset,
1844 1892 1881 1918 ut
1905 1896 1958 1919 eos
1982 1897 2062 1928 quos
2085 1885 2181 1927 dixia,

1165 1937 1249 1962 certe
1276 1928 1405 1966 arcuit,
1432 1937 1497 1960 non
1520 1927 1641 1960 minori
1665 1928 1743 1970 aegri
1767 1927 1890 1971 glaudio
1910 1953 1920 1967 ‚
1957 1940 2054 1973 quam
2077 1928 2101 1963 si
2126 1939 2182 1964 to-

1165 1972 1226 2007 ties
1250 1970 1435 2017 praesentem
1460 1979 1601 2005 mortem
1622 1969 1783 2015 repulisset
1807 1996 1815 2004 .
1841 1972 1968 2006 Eodem
1993 1972 2097 2017 postea
2123 1986 2181 2009 an..

1164 2018 1239 2052 xilii
1271 2027 1381 2060 genere
1407 2041 1415 2056 ‚
1451 2013 1569 2050 additis
1601 2013 1806 2050 brachiorum
1836 2015 1893 2050 sub
1925 2016 2032 2051 eadem
2056 2018 2203 2052 calente„

1165 2072 1245 2104 aqua
1269 2059 1505 2101 frictionibus,
1529 2059 1615 2095 haud
1638 2060 1803 2095 inutiliter
1825 2059 1898 2096 usus
1922 2061 1990 2096 sum
2000 2062 2034 2095 in
2058 2061 2182 2098 duabus

1165 2105 1360 2147 Virginibus
1375 2128 1383 2144 ‚
1406 2116 1484 2148 quas
1496 2104 1666 2139 vehemens
1686 2106 1723 2139 ad
1738 2105 1915 2149 praecordia
1939 2108 2082 2141 anxietas
2095 2131 2107 2148 ‚
2129 2108 2181 2141 al-

1163 2158 1263 2182 teram
1287 2160 1362 2182 cum
1385 2147 1608 2183 suffocationis
1633 2149 1719 2184 sensu
1744 2173 1757 2190 ,
1780 2149 1913 2184 alteram
1935 2162 2010 2185 curn
2033 2150 2180 2186 sensuum

1159 2194 1308 2226 omnium
1330 2194 1564 2236 interceptione
1585 2219 1594 2233 ,
1628 2204 1683 2236 per
1707 2194 1796 2228 vices*
1821 2194 2018 2237 corripiebat
2041 2219 2050 2227 .
2082 2196 2181 2230 Hanc

1159 2237 1247 2269 enim
1268 2237 1441 2278 Virginem
1476 2236 1518 2269 sic
1544 2237 1684 2270 excitavi
1705 2260 1723 2277 5.
1754 2240 1787 2270 &
1821 2236 1978 2272 insultum
1999 2263 2013 2280 ,
2054 2239 2179 2281 alioqui

1161 2290 1226 2311 non
1251 2278 1404 2319 brevem,
1427 2289 1464 2313 ut
1490 2279 1609 2313 solebat
1629 2303 1642 2320 ,
1672 2280 1824 2315 futurum
1844 2303 1855 2319 ,
1891 2293 1969 2316 mox
1992 2282 2097 2321 solvi3
2121 2283 2175 2317 illi

1160 2333 1264 2356 autem
1298 2321 1431 2365 aliquod
1455 2322 1568 2356 saltem-
1598 2324 1741 2357 levamen
1774 2325 1899 2358 attuli-
1933 2327 1978 2360 Et
2005 2337 2042 2359 ne
2075 2325 2180 2361 abiis

1161 2367 1292 2408 longius
1318 2367 1428 2399 abeam
1450 2391 1461 2407 ,
1492 2366 1610 2410 quibus
1634 2365 1693 2401 ess‘e
1715 2369 1905 2409 organicum
1940 2370 1978 2404 ad
2001 2371 2178 2412 praecordia

1159 2411 1281 2443 vitium
1298 2434 1309 2450 ,
1335 2413 1367 2442 &
1391 2409 1434 2442 ob
1456 2408 1489 2443 id
1511 2411 1634 2444 crebras
1656 2422 1730 2445 cum
1753 2410 1944 2446 difficultate
1957 2412 2097 2455 spirandi
2122 2426 2176 2448 an-

1163 2454 1298 2486 xietates
1317 2479 1325 2493 ,
1350 2452 1513 2486 constabat
1534 2477 1547 2494 ,
1578 2465 1653 2487 cum
1676 2453 1759 2488 illud
1783 2455 1895 2489 tollere
1920 2467 2017 2490 nemo
2041 2455 2142 2501 posset
2165 2484 2178 2502 ,

1163 2495 1217 2529 has
1241 2496 1351 2529 saltem
1376 2507 1527 2538 prompte
1548 2496 1649 2537 adeo,
1674 2507 1709 2531 ut
1733 2500 1928 2534 mirarentur
1940 2502 1996 2544 qui
2024 2498 2153 2538 aderant
2168 2528 2177 2543 ,

1164 2540 1343 2582 praesertim
1369 2541 1402 2571 in
1426 2539 1638 2574 Nobilissimo
1664 2543 1804 2575 Patricio
1828 2544 1980 2585 Veneto,
2004 2546 2113 2581 eodem
2128 2548 2178 2584 fa-

1162 2584 1219 2615 cili
1246 2584 1368 2617 auxilio
1392 2583 1524 2616 leviores
1549 2584 1631 2617 feci.
1659 2585 1719 2619 Sed
1743 2588 1841 2620 etiam
1867 2589 1899 2620 in
1926 2591 2072 2635 Principe
2089 2594 2176 2627 Sere-

1163 2626 1311 2675 niffimo‚
1336 2626 1374 2663 ad
1398 2638 1492 2674 qqem
1507 2652 1524 2668 ,a
1543 2640 1609 2662 non
1633 2627 1826 2664 diffirniliter
1850 2630 2024 2677 affeetum,
2048 2637 2175 2673 consilii

1160 2673 1250 2704 causa
1276 2672 1397 2704 accitus
1421 2673 1544 2705 sueram
1562 2696 1570 2709 ‚
1596 2672 1704 2706 eadem
1729 2674 1782 2717 spe
1805 2674 1894 2710 idern
1917 2689 2095 2722 proponere
2109 2694 2176 2717 non

1158 2714 1327 2764 dubitavi:
1352 2725 1538 2758 quanquam
1560 2716 1710 2757 Medici,
1735 2720 1791 2761 qui
1818 2742 1828 2758 ‚
1862 2732 1912 2754 me
1935 2725 2095 2759 continuo
2118 2729 2177 2761 Pa-

1165 2768 1288 2792 taVium
1311 2757 1351 2792 ad
1374 2757 1511 2793 docendi
1536 2771 1650 2794 munus
1675 2761 1835 2804 regresso,
1857 2765 2060 2801 moxinstare
2085 2781 2175 2804 mor.

1165 2813 1231 2835 tem
1253 2826 1265 2843 ‚
1299 2803 1554 2849 pronunciarunt
1574 2828 1586 2844 ,
1619 2806 1654 2837 in
1680 2806 1770 2839 usum
1793 2807 1918 2842 trahere
1940 2811 2138 2852 neglexerint
2162 2838 2176 2855 ,

1164 2845 1242 2879 adeo
1264 2848 1298 2879 in
1322 2857 1360 2879 eo
1384 2846 1509 2893 judicio
1528 2847 1675 2890 decepti,
1701 2858 1737 2881 ut
1760 2850 2013 2893 pluresmenses3
2037 2854 2072 2889 id
2083 2858 2175 2900 quod

1162 2888 1314 2939 egqfieri
1339 2890 1447 2937 posse,
1471 2890 1615 2925 dixeram
1636 2904 1647 2930 ,-
1679 2892 1750 2926 aliis
1773 2895 1960 2931 curantibus
1977 2921 1991 2938 ,
2024 2899 2175 2944 Princeps

1162 2942 1308 2976 optimus
1342 2933 1490 2975 superstes
1512 2933 1611 2968 fuerit
1635 2959 1643 2967 .
1775 2939 1945 2976 Quoniam>
1979 2951 2088 2977 autern·
2120 2946 2173 2978 in-

1161 2986 1259 3024 ternae
1282 2976 1505 3011 convulsiones
1527 3001 1537 3016 ‚
1562 2988 1599 3012 ut
1623 2980 1656 3011 in
1681 2979 1746 3014 illis
1773 2982 1970 3025 Virginibus
1990 3006 2005 3026 ,v
2035 2986 2115 3030 scepe
2140 3000 2174 3022 e-

1161 3020 1303 3064 jusmodi
1325 3022 1496 3070 anxietates
1519 3021 1677 3057 inducunt
1695 3046 1706 3064 ‚
1732 3026 1765 3057 &
1788 3024 1867 3070 saepe
1891 3039 2020 3071 quoque
2041 3052 2055 3068 ‚-
2080 3038 2117 3065 ut
2138 3033 2174 3067 in

1160 3066 1283 3097 caeteris
1306 3075 1367 3114 qui*
1387 3068 1556 3099 memorati
1579 3066 1652 3101 sunt
1678 3091 1691 3108 ,
1714 3068 1827 3102 addere
1852 3070 1880 3103 se
1903 3072 2033 3114 possunt
2057 3073 2097 3107 ad
2118 3087 2174 3110 or-

1160 3109 1312 3151 ganicum
1336 3110 1454 3158 vitium
1479 3132 1488 3146 ‚
1525 3113 1557 3143 &
1579 3109 1622 3143 fic
1653 3111 1832 3147 insultuum
1855 3117 2024 3149 accelerare
2059 3115 2173 3153 adven·-

1160 3161 1252 3192 mm,
1278 3155 1311 3186 δε
1334 3163 1401 3184 vnn
1425 3164 1561 3196 augere,
1587 3154 1708 3189 idcirco
1731 3156 1754 3190 si
1786 3156 1983 3193 fric'tionum
2005 3161 2041 3193 in
2063 3162 2168 3196 calida

1160 3207 1240 3239 aqua
1265 3196 1442 3230 utilitatem
1474 3208 1619 3231 revocare
1642 3200 1740 3234 etiam
1774 3201 1913 3236 volueris
1937 3202 1977 3237 ad
2009 3204 2170 3247 quandam

1161 3249 1309 3274 motuum
1332 3239 1561 3279 revulsionem‚
1585 3241 1822 3277 immersionem
1844 3254 1951 3279 autern
1969 3248 2004 3279 in
2028 3245 2070 3281 sic
2093 3248 2168 3283 satis

1159 3283 1262 3317 calida
1286 3282 1324 3317 ad
1347 3283 1578 3331 relaxationem
1599 3298 1671 3333 q-uae
1695 3288 1735 3321 ab
1750 3287 1878 3322 artubus
1903 3288 1941 3323 ad
1965 3290 2082 3326 viscera
2093 3303 2171 3337 pro-

1161 3336 1317 3369 pagetur,
1340 3338 1403 3359 non
1428 3329 1515 3361 secus·
1547 3340 1582 3362 ac
1605 3331 1740 3373 frigoris
1774 3334 1936 3366 contraria
1959 3334 2045 3368 aftio
2067 3347 2085 3369 a
2110 3347 2167 3379 pe-

1161 3370 1257 3405 dibus
1280 3370 1309 3403 se
1332 3370 1509 3406 introrsum
1533 3372 1611 3407 adeo
1631 3374 1775 3407 extendit
1799 3397 1808 3412 ‚
1831 3384 1867 3410 ut
1890 3384 1954 3410 non
1989 3389 2061 3412 raro
2082 3380 2170 3413 coli-

1161 3425 1215 3448 cos
1238 3415 1365 3448 dolores
1389 3413 1505 3449 inferat
1529 3428 1540 3456 ς
1574 3429 1622 3450 me
1644 3429 1708 3451 non
1731 3417 1836 3452 solum
1867 3430 1931 3454 non
1954 3422 2134 3466 refragante
2154 3445 2169 3465 ,

1161 3458 1214 3493 sed
1235 3458 1324 3491 valde
1348 3457 1526 3501 probante,
1550 3460 1613 3495 huc
1636 3460 1804 3496 transferes
1825 3471 1897 3506 quae
1921 3464 1961 3498 ad
1985 3464 2073 3499 hunc
2093 3474 2168 3501 mo-

108 3495 208 3546 sis’tere
230 3497 263 3528 in
287 3495 505 3538 aneurysmate
527 3496 654 3547 sanguis
674 3499 813 3547 incipit,
838 3500 926 3551 posse
947 3502 1121 3544 aliquando
1167 3500 1245 3536 dum
1268 3501 1440 3537 Archiater
1474 3502 1587 3538 docuit
1625 3504 1761 3540 Illustris
1780 3527 1795 3547 5
1826 3507 1975 3541 Senacius
2006 3509 2091 3552 (f)
2128 3509 2168 3544 de

98 3549 156 3574 ¹ita
178 3550 244 3583 ejus
268 3548 396 3574 motum
419 3538 586 3583 expediri,
607 3551 643 3575 ut
666 3546 877 3586 paroxysmus
901 3557 935 3578 in
957 3545 1029 3589 ipso
1052 3548 1117 3581 ini·
1167 3547 1257 3581 causa
1280 3557 1334 3581 cur
1367 3545 1445 3589 saepe
1467 3546 1636 3582 friffiones
1654 3572 1668 3590 ,
1699 3551 1732 3582 &
1754 3548 1838 3593 saepe·
1869 3550 1987 3586 itidem
2007 3550 2171 3596 pedil'uvia

2060 3596 2129 3641 pal-

111 3675 2176 3698 *mm-,Q

206 3756 230 3773 m
247 3749 262 3778 )
277 3750 352 3779 Epist.
369 3750 399 3776 de
415 3751 487 3776 Cord.
504 3752 595 3781 Polyp.
609 3760 632 3778 n.
649 3755 680 3778 V.

267 3782 303 3805 De
318 3782 399 3807 Aoi-tae
414 3784 502 3807 Aneur.
519 3783 579 3807 ΟΜ.
599 3790 619 3807 ι.

175 3750 191 3779 C

175 3780 342 3841 sf23‘rraite‘
357 3813 389 3838 du
406 3815 485 3838 Coeur
500 3813 517 3838 Ι.
534 3821 559 3844 4.
576 3814 614 3839 ch.
632 3822 670 3841 11.
688 3823 715 3841 n.
733 3824 770 3847 19.

742 3756 757 3785 (
772 3764 788 3780 n
803 3756 818 3786 )
833 3757 928 3783 Advers.
945 3766 969 3783 2.
986 3758 1115 3786 Animadv.
1132 3768 1170 3790 39-

682 3784 692 3813 (
708 3793 723 3814 q
739 3788 749 3812 )
766 3788 845 3813 Mem.
860 3790 889 3815 de
905 3790 1003 3815 1'Acad.
1022 3792 1053 3814 R,
1067 3791 1108 3817 des
1123 3793 1162 3817 Sc.
1177 3793 1209 3819 A.
1226 3802 1295 3824 ¹7⁰7·

1232 3764 1247 3793 (
1263 3771 1275 3786 ο
1292 3761 1306 3790 )
1322 3762 1375 3787 Λᾶ.
1391 3763 1463 3788 Erud.
1480 3764 1544 3793 Lips'.
1562 3768 1591 3790 Α.
1612 3772 1677 3795 173¹.
1693 3764 1734 3791 M.
1750 3768 1812 3797 Aug.

1356 3794 1370 3822 (
1386 3802 1397 3818 r
1412 3794 1426 3823 )
1441 3796 1544 3822 Praelea.
1561 3797 1586 3821 in
1604 3796 1682 3822 Instit.
1698 3797 1722 3828 §0
1737 3799 1792 3824 826.

1329 3866 1339 3879 l
