2498 4075
365 283 522 350 Epist.
562 281 720 334 Anat.
753 279 967 334 Medica
1001 278 1094 333 LX
1110 277 1205 332 1111
1240 277 1359 330 Art.
1374 276 1479 340 7.8.
1500 293 1549 341 9:
1564 290 1638 330 10.
1658 279 1799 333 &110

106 368 205 401 quam
227 358 330 394 vidit.
356 358 401 392 Et
427 357 497 392 sane
518 358 545 391 is
567 356 680 392 oculus
704 367 767 392 non
793 356 891 394 modo
925 367 993 393 erat
1017 359 1097 392 alte-

107 412 145 436 ro
169 403 276 436 minor
295 426 305 440 ,
342 400 392 435 led
416 402 546 435 Cornea
577 402 676 434 etiam
698 400 765 443 ipsa
785 415 793 439 ;
827 402 860 434 in
885 413 948 445 qua
971 402 1096 436 nullum

104 447 301 489 caeteroquin
325 442 499 487 apparebat
523 444 660 479 laefionis
685 445 855 488 vestigium
876 468 888 484 ‚
923 455 958 480 ut
984 445 1098 479 albedo

103 499 175 530 quae
198 500 280 531 pone
304 489 394 522 illam
417 496 486 521 erat
505 509 518 526 ,
541 488 688 529 praeclare
711 489 957 531 transpiceretur
976 499 990 529 ;
1011 489 1096 521 Cor-

104 542 196 566 neam
220 533 351 566 alteram
376 542 440 564 non
465 531 612 572 aequabat
628 555 636 564 .
775 533 835 564 SC
850 533 876 565 L
890 532 918 565 E
934 532 961 565 R
976 532 1095 567 OTI-

103 575 179 609 CA
197 575 231 607 M
267 575 370 618 igitur
394 585 468 607 cum
494 585 510 605 a
536 583 628 617 tergo
651 577 707 611 vix
738 575 877 611 incidere
899 569 1064 617 coepiffem
1083 586 1095 613 3

101 618 235 660 limpida
260 629 341 661 aqua
367 617 474 652 statim
498 615 627 652 effluxit
648 644 657 659 ,
689 620 722 651 in
746 629 843 660 quam
877 629 946 660 pars
982 628 1097 660 magna

101 661 210 695 Vitrei
234 660 379 694 humoris
402 660 504 693 videri
528 672 652 701 poterat
677 661 810 700 abiisse,
833 672 906 696 cum
933 672 1002 705 pars
1026 661 1098 693 reli-

101 716 184 746 qua,
211 705 347 739 naturali
369 704 589 746 quadantenus
612 705 742 741 similis,
767 717 911 744 annexa,
936 715 971 739 ut
995 704 1097 741 solet,

102 746 306 789 Crystallino
328 746 458 781 humori
483 747 661 785 restitisset‚
686 750 745 790 qui
768 749 857 783 illam
879 760 953 783 cum
977 756 1096 781 retror-

102 791 172 824 sum
195 789 377 826 traherem,
402 790 524 826 secutus
546 791 591 824 est
606 816 615 825 .
638 794 669 825 Is
694 803 808 834 parvus
831 800 897 826 erat
922 790 1095 826 secundum

100 844 211 869 omnes
234 832 463 870 dimenfiones,
487 833 687 869 craffitudine
711 844 818 872 autem
842 835 890 869 vel
915 834 1010 877 paulo
1033 834 1095 868 mi-

101 888 162 911 nor
184 888 281 920 quam
305 876 460 918 ejusmodi
483 877 581 911 oculo
604 880 813 912 conveniret.
838 879 928 912 Facie
952 878 1095 911 anterio-

100 932 134 954 re
156 921 190 953 in
216 920 324 956 medio
347 930 414 955 erat
439 920 547 961 albus,
572 921 665 955 ficuti
689 934 742 964 per
766 924 927 957 Corneam
951 920 1095 962 transpe-

99 974 235 1003 xeram3
261 972 373 997 caetera
399 963 548 1000 albidus:
571 968 601 997 &
625 976 698 1000 cum
723 968 807 999 inter
830 965 952 1007 digitos
984 963 1096 998 leviter

100 1010 348 1050 comprimerem
367 1029 382 1050 ,
404 1008 529 1042 mollis.
552 1009 637 1041 Cum
663 1020 738 1042 vero
763 1008 829 1050 ejus
850 1009 994 1043 tunicam
1016 1008 1097 1040 inci-

99 1050 173 1085 dere
196 1048 386 1093 coepissem
409 1053 566 1085 continuo
590 1062 667 1094 aqua
692 1054 818 1095 erupit,
841 1051 922 1086 nihil
947 1051 1098 1094 purulen-

103 1095 132 1127 ti
155 1093 297 1132 habens,
320 1095 388 1129 imo
412 1106 489 1137 pura
504 1117 513 1132 ‚
535 1098 565 1128 &
590 1096 723 1139 limpida
751 1116 760 1131 ,
794 1106 889 1138 eaque
912 1096 1005 1135 copia
1038 1106 1097 1136 pro

100 1140 263 1181 parvitate
286 1138 477 1179 Crystallini
494 1163 503 1179 ‚
526 1147 560 1170 ut
585 1137 637 1174 hic
660 1138 765 1173 statim
789 1138 827 1172 ad
851 1139 954 1173 multo
988 1141 1092 1172 mino-

101 1193 170 1215 rem
193 1181 434 1215 craffitudinem
458 1181 674 1223 redigeretur.
699 1182 872 1224 Quidquid
895 1181 933 1215 de
956 1180 1093 1216 substan-

97 1226 143 1258 tia
166 1223 264 1267 ipsius
290 1226 452 1266 reliquum
475 1223 562 1265 fuit,
585 1226 679 1259 lentis
703 1224 869 1267 pristinam
884 1224 1020 1267 figuram
1045 1236 1094 1257 re-

96 1269 224 1303 tinuit:
246 1271 277 1302 &
299 1280 371 1301 cum
395 1280 449 1310 per
471 1267 665 1303 diametrum
688 1267 893 1304 diffecuissem
914 1279 924 1306 5
960 1277 1093 1310 utraque

95 1310 197 1346 festio
218 1310 378 1354 quandam
389 1312 474 1354 quasi
501 1312 610 1346 seriem
624 1314 830 1347 minimarum
843 1311 1093 1353 nigrescentiurn

95 1355 322 1399 particularum
348 1355 505 1393 ostendit,
528 1367 599 1398 quae
624 1367 677 1397 per
698 1357 838 1389 medium
861 1357 943 1389 recia
965 1355 1004 1388 ab
1028 1365 1093 1388 uno

95 1399 135 1433 ad
159 1400 299 1433 alterum
323 1399 470 1432 {astionis
493 1408 674 1432 extremum
698 1399 896 1439 ducebatur,
921 1409 994 1431 cum
1020 1399 1092 1431 ubi-

93 1454 155 1486 que
180 1442 258 1477 alibi
281 1444 371 1476 color
393 1442 534 1476 obsolete
559 1442 681 1476 albidus
707 1450 892 1485 appareret.
918 1443 1092 1475 Caeterain

92 1486 189 1520 oculo
214 1496 278 1518 nnn
305 1486 384 1519 male
408 1487 486 1519 adeo
508 1487 536 1527 se
560 1485 738 1520 habebant.
764 1488 801 1518 In
826 1486 974 1527 palpebra
1001 1485 1091 1525 supe-

91 1530 179 1563 riore
201 1529 344 1564 Sebaceae
369 1528 528 1572 glandulae
549 1552 562 1569 ,
594 1540 672 1571 quas
698 1531 730 1563 in
763 1530 869 1570 priore
897 1530 980 1562 Viro
1004 1532 1013 1567 (
1039 1527 1057 1568 R
1079 1530 1092 1566 )

90 1573 140 1606 vel
166 1572 393 1614 pulchriores,
416 1572 638 1614 craliioreique
661 1572 911 1613 conspexeram,
936 1574 969 1605 in
993 1571 1057 1606 hoc
1082 1592 1092 1608 ,

92 1625 225 1659 propter
250 1617 387 1655 variolas
411 1615 562 1655 fortass'e,
586 1618 691 1649 minus
716 1627 811 1658 quam
834 1616 937 1648 solent
965 1638 975 1652 ‚
1012 1625 1091 1647 con-

92 1660 215 1702 spicuas
241 1659 484 1692 animadverti:
521 1660 598 1692 duas
632 1669 738 1692 tamen
765 1660 848 1693 inter
871 1660 898 1692 le
928 1659 1091 1700 proximas

90 1704 259 1745 perspexi,
283 1714 353 1744 qua?
380 1701 539 1735 summum
567 1701 670 1736 versus
692 1703 722 1735 ie
746 1701 946 1736 decussabant
970 1714 978 1734 .-
1003 1700 1091 1743 quod

91 1746 247 1780 adnotare
270 1744 323 1779 hic
350 1745 461 1784 volui,
484 1756 519 1778 ut
544 1744 583 1777 ab
606 1745 770 1778 nonnullis
795 1771 804 1785 ,
839 1747 897 1788 qui
923 1745 1058 1778 minime
1083 1769 1093 1784 ,

88 1790 233 1831 opinor,
257 1788 478 1828 attendentes,
500 1800 573 1825 cum
599 1787 679 1822 Icon
702 1800 806 1825 rerum
818 1792 922 1822 minus
946 1788 1026 1820 bene
1039 1798 1094 1820 an-

88 1840 138 1865 tea
163 1833 322 1873 pifiarum
346 1834 561 1873 proponitur,
584 1829 675 1867 hasce
697 1843 734 1864 ex
747 1844 785 1865 eo
808 1831 1007 1873 potvffimum
1019 1841 1093 1863 cor-

92 1887 169 1917 pore
194 1873 252 1908 else
276 1874 495 1909 describendas
529 1875 562 1907 in
586 1885 653 1914 quo
677 1876 776 1916 magis
799 1879 960 1917 eleganter
984 1875 1013 1907 le
1036 1874 1092 1907 ha-

88 1920 211 1958 beant,
233 1928 306 1952 cum
334 1918 365 1950 in
390 1929 459 1951 mea
483 1944 491 1957 ,
524 1916 609 1959 quafi
636 1929 699 1951 non
724 1928 786 1951 una
808 1941 821 1959 ‚
845 1922 892 1952 led
918 1917 1090 1959 multiplex

89 1960 196 2004 suisset
211 1983 221 1999 ‚
248 1963 417 1995 varietates
440 1972 517 2003 quas
539 1960 664 1993 solicite
689 1971 877 1996 enumerant
903 1990 910 2001 ,
934 1960 1089 1994 defidera-

88 2015 181 2042 rent,
207 2005 287 2043 hanc
313 2014 418 2039 tamen
442 2015 539 2046 quam
563 2004 660 2037 modo
684 2005 752 2037 dixi
767 2027 782 2050 ³.
805 2003 905 2039 visam
928 2014 992 2037 non
1003 2003 1088 2044 effe,

89 2050 305 2090 intelligeres.
437 2048 561 2081 Verum
574 2047 610 2080 ad
636 2047 715 2081 illud
727 2058 820 2090 cujus
845 2050 1003 2090 praecipue
1019 2058 1093 2088 gra-

87 2093 134 2125 tia
167 2091 247 2125 hanc
280 2090 344 2125 tibi
379 2089 525 2124 exscribo
549 2089 826 2125 Observationem
850 2113 861 2128 ,
893 2092 1058 2124 veniamus
1081 2114 1091 2122 .

89 2134 243 2174 Nervus,
269 2135 306 2168 ad
329 2133 664 2175 descriptumoculum
681 2135 865 2175 pertinens,
888 2135 1093 2174 Opticusin-

86 2189 135 2212 tra
159 2179 303 2212 orbitam
325 2177 455 2220 quidem
492 2177 550 2211 sub
584 2175 785 2211 craffioribus
821 2177 942 2215 tunicis
967 2175 1092 2211 medul-

86 2222 152 2255 lam
173 2220 466 2265 comprehendebat
488 2231 582 2263 aequo
592 2220 792 2259 tenuiorem,
815 2219 986 2263 &quamsi
1001 2230 1092 2253 com—

86 2266 263 2308 primeres‚
289 2262 511 2298 humidiorem
535 2262 741 2307 agnosceres,
764 2274 861 2306 quam
885 2274 943 2305 par
977 2261 1054 2298 esset
1077 2283 1089 2300 ,

88 2309 177 2353 quafi
204 2320 319 2352 aquam
341 2306 471 2341 haberet
496 2304 662 2341 admistam
686 2331 694 2338 .
732 2307 791 2341 Sed
818 2308 904 2340 intra
940 2307 1087 2340 cranium

85 2353 170 2386 idem
195 2363 311 2387 nervus
332 2354 468 2385 omnino
494 2349 664 2385 secundum
688 2360 837 2384 naturam
860 2350 890 2384 se
912 2348 1052 2383 habebat
1071 2374 1082 2390 ,

86 2394 144 2430 nifi
166 2395 256 2438 quod
279 2396 334 2429 ubi
360 2406 433 2429 cum
458 2393 546 2428 socio
568 2393 840 2428 committebatur
858 2417 871 2434 ,
905 2393 954 2431 ibi
989 2392 1086 2436 paulo

87 2441 193 2475 minus
214 2449 312 2483 quam
334 2438 409 2477 hic,
434 2437 603 2473 videbatur
624 2435 762 2471 crassus:
784 2437 877 2480 supra
890 2446 999 2472 autem
1009 2448 1085 2471 eum

84 2484 215 2521 locum,·
236 2493 309 2516 nam
333 2482 395 2516 alte
418 2481 525 2523 quoad
549 2481 669 2523 potui,
693 2481 760 2515 ium
772 2480 978 2523 persecutus;
1000 2492 1037 2513 ne
1048 2482 1083 2515 id

83 2526 240 2569 quidem,
267 2524 319 2559 sed
344 2524 468 2559 nullum
493 2523 619 2567 prorsus
632 2524 885 2558 animadvertere
907 2524 1081 2558 discrimen

84 2579 139 2605 aut
163 2581 224 2613 ego
247 2569 341 2612 potui
363 2569 422 2612 qui
445 2566 655 2601 omnifariam
677 2568 880 2610 inquirebam
900 2589 912 2605 ‚
946 2577 999 2601 aut
1025 2568 1084 2601 alii

83 2614 142 2656 qui
165 2622 344 2656 perattente
366 2611 586 2654 inspectabant
599 2633 612 2652 ‚
634 2622 651 2645 a
674 2622 723 2645 me
759 2612 792 2644 in
817 2613 865 2646 Re
887 2611 1082 2645 Anatomica

83 2657 272 2694 exercitati,
298 2663 495 2699 potuerunt.

128 2712 159 2745 7.
188 2701 238 2734 De
262 2710 343 2742 aqua
365 2699 439 2733 loco
462 2697 574 2733 Vitrei
596 2698 702 2732 totius
720 2720 729 2736 ,
755 2696 873 2732 nedum
896 2695 1082 2738 posterioris

85 2743 152 2787 ejus
175 2743 296 2785 partiS,
319 2754 336 2776 a
359 2753 410 2776 me
431 2752 560 2785 quoque
583 2742 661 2774 alias
683 2751 828 2783 reperta,
851 2740 931 2783 quid
943 2740 1085 2774 tradide-

87 2789 152 2821 rim
173 2787 207 2819 in
231 2784 386 2827 Epistolis
409 2785 615 2818 Anatomicis
638 2789 649 2824 (
673 2784 743 2827 l),
766 2785 873 2818 videre
897 2793 987 2826 potes
1013 2797 1021 2816 :
1045 2785 1084 2818 de

87 2830 216 2872 Optico
241 2837 347 2863 autem
371 2838 493 2867 nervo,
516 2827 555 2861 ad
574 2838 694 2861 caecum
726 2829 858 2862 oculum
893 2830 1049 2861 attinente
1073 2850 1083 2865 ‚

87 2884 160 2916 quae
181 2872 262 2905 locis
285 2869 466 2914 scripserim
489 2870 585 2913 supra
606 2873 620 2909 (
643 2881 674 2904 m
695 2874 709 2909 )
730 2871 900 2905 indicatis.
915 2871 1080 2912 Qoniam

87 2927 165 2950 vero
186 2925 260 2949 cum
283 2913 319 2948 id
341 2924 469 2956 agerem
491 2916 506 2953 (
528 2922 548 2944 n
570 2916 582 2952 )
602 2933 614 2951 ‚
645 2915 722 2947 duas
744 2915 806 2948 tibi
830 2914 1081 2948 Observationes

87 2959 220 3003 promisi
245 2980 255 2995 ‚
278 2968 317 2991 ex
339 2957 458 2999 quibus
482 2967 550 2990 non
573 2955 639 2989 fine
671 2957 884 2991 admiratione
918 2957 1082 2998 intellige-

85 3014 156 3040 res,
178 3011 412 3044 nonnunquam
435 2998 500 3041 ejus
522 3001 609 3032 nervi
634 2998 692 3033 effe
715 3001 817 3039 vitia,
840 3000 1004 3044 ipsamque
1026 3012 1082 3034 ex-

87 3046 329 3083 tenuationem,
353 3053 409 3077 nec
431 3041 490 3077 effe
512 3052 619 3079 tamen
643 3042 865 3085 respondentis
886 3045 1078 3079 oculicaeci-

86 3099 209 3128 tatem3
233 3088 272 3124 de
294 3088 334 3121 iis
344 3085 635 3121 observationibus
658 3098 732 3120 cum
755 3088 887 3122 alteram
909 3088 1078 3122 dumtaxat

88 3133 231 3168 miserim
253 3133 268 3170 (
289 3141 307 3163 ο
329 3133 362 3170 ),·
384 3141 468 3163 nunc
491 3129 621 3163 alteram
645 3128 796 3164 habebis.

131 3181 161 3209 8.
185 3174 340 3211 SENIS,
362 3172 476 3207 diebus
497 3173 610 3215 primis
632 3173 673 3206 A.
701 3183 793 3217 1752.
825 3185 864 3207 ex
894 3174 1044 3209 cachexia
1069 3197 1079 3213 ‚

89 3229 125 3254 ut
150 3217 278 3262 ajebant
294 3238 305 3255 ,
326 3217 360 3251 in
383 3215 588 3251 Nosocomio
612 3219 756 3257 mortui,
779 3217 912 3251 cadaver
933 3230 1008 3251 cum
1031 3219 1079 3252 ibi

87 3265 262 3299 secaremus
287 3281 299 3299 ,
330 3260 476 3303 quamvis
498 3269 562 3292 non
584 3260 622 3293 ad
647 3261 751 3294 morbi
783 3260 890 3294 causas
922 3262 1077 3304 indagan-

87 3307 145 3346 das
169 3319 176 3340 t
200 3305 268 3340 haec
291 3313 397 3337 tamen
419 3313 491 3345 quae
514 3311 627 3345 praeter
652 3313 797 3337 naturam
819 3304 915 3337 essent
938 3327 948 3344 ,
980 3306 1078 3338 adno-

89 3352 252 3385 tavimus.
386 3345 420 3379 T
443 3346 478 3378 H
504 3347 539 3378 O
563 3346 594 3379 R
617 3346 647 3379 A
670 3348 717 3386 X,
742 3357 776 3381 ut
801 3348 927 3381 Venter
949 3360 1078 3390 quoque

91 3392 177 3427 nihil
200 3388 333 3435 quidem
356 3389 470 3424 habuit
493 3387 600 3423 effusae
624 3401 711 3431 aquae
736 3405 744 3428 ;
769 3390 821 3425 sed
845 3402 908 3424 non
934 3391 997 3424 sine
1018 3393 1078 3425 du-

90 3437 167 3471 ritie
191 3434 358 3479 pulmones
378 3456 390 3473 ‚
425 3430 587 3467 sinistrum
611 3432 784 3476 praeiertim
808 3456 817 3472 ‚
841 3436 898 3477 qui
923 3435 1005 3468 arcte
1028 3436 1080 3468 in-

94 3480 189 3524 super
221 3478 328 3521 Spinae
359 3474 539 3510 adhaerebat
563 3499 571 3507 -
704 3478 817 3511 Cranii
850 3478 960 3512 fornix
980 3501 990 3517 ,
1024 3480 1080 3520 qui

93 3534 159 3559 nen
182 3522 256 3556 fine
270 3521 304 3554 vi
327 3519 422 3556 avelli
445 3527 617 3563 potuerat,
639 3519 787 3556 consueta
812 3521 928 3564 majori
950 3544 961 3560 ‚
995 3522 1081 3556 intus

1147 364 1217 391 erat
1240 353 1342 389 foveis
1366 353 1510 396 pluribus
1531 363 1704 390 excavatus
1725 357 1759 389 in
1781 354 1845 390 offe
1868 354 1986 390 frontis
2010 379 2018 393 ,
2051 362 2082 394 &
2109 360 2147 397 in

1148 400 1248 432 altero
1272 398 1450 439 fincipitis,
1474 398 1544 432 aliis
1565 397 1699 441 quidem
1722 398 1905 433 minoribus
1924 423 1935 439 ‚
1972 399 2023 433 sed
2046 413 2144 443 gran-

1147 442 1291 476 dioribus
1315 441 1441 480 tribus,
1462 444 1494 475 δε
1518 442 1783 483 profundioribus
1802 464 1817 483 ,
1845 453 1989 485 quorum
2009 443 2080 479 duae
2103 445 2143 480 ad

1147 496 1183 519 os
1205 485 1286 519 illud
1301 507 1310 522 ‚
1335 485 1458 526 reliqua
1480 486 1520 519 ad
1543 485 1605 520 hoc
1629 484 1792 526 spectabat
1812 507 1822 523 ,
1855 496 1953 529 eaque
1976 497 2042 520 non
2066 499 2140 522 mo-

1148 528 1211 569 do,
1234 537 1270 564 ut
1293 528 1379 568 illae,
1402 529 1539 562 exterius
1561 529 1686 564 lamella
1720 529 1889 563 dumtaxat
1924 530 2015 564 tenui
2039 553 2053 571 ,
2086 531 2139 566 sed

1148 574 1238 607 tenui
1261 572 1340 606 adeo
1363 571 1589 613 operiebatur,
1612 581 1647 607 ut
1671 572 1876 607 foraminulis
1897 575 2003 616 pervia
2036 584 2134 617 appa-
2176 596 2179 598 -

1150 624 1253 650 reret.
1278 613 1375 649 Unde
1397 615 1551 657 intelligis
1569 639 1578 655 ‚
1602 616 1746 651 cranium
1769 615 1851 650 illud
1879 627 1977 658 quam
2011 617 2107 652 facile
2131 639 2142 654 ι

1150 660 1181 691 δι
1214 667 1337 700 quanto
1368 668 1440 691 cum
1474 659 1616 701 periculo
1647 659 1687 693 ab
1719 658 1843 692 levibus
1865 659 1962 693 etiam
1986 661 2106 696 ictibus
2129 682 2142 698 9

1149 701 1267 737 nedum
1292 714 1307 735 a
1331 700 1507 743 Chirurgis
1530 702 1652 736 terebra
1676 702 1752 736 illuc
1775 701 1859 734 forte
1882 702 2011 737 admota
2035 727 2047 745 ,
2070 716 2140 746 per-

1149 745 1244 779 tundi
1267 744 1443 788 potuisset,
1465 755 1539 778 cum
1565 744 1623 778 sub
1645 755 1680 778 ea
1704 745 1823 779 lamina
1847 743 1940 778 essent
1974 747 2027 779 vix
2063 759 2144 789 pau-

1146 800 1191 822 cae
1213 788 1359 832 quaedam
1383 785 1474 822 fibrae
1496 787 1605 825 osseae,
1631 788 1664 821 in
1688 788 1820 824 reticuli
1847 788 1976 823 modum
2008 789 2143 831 disposi-

1146 841 1208 872 τε,
1233 830 1426 874 quibuscum
1450 829 1559 865 Craffa
1583 833 1715 867 meninx
1740 854 1751 872 ,
1785 830 1894 865 foveas
1928 832 1999 865 illas
2022 843 2144 867 conve-

1147 875 1240 909 stiens
1262 897 1274 914 ,
1305 874 1535 916 implicabatur
1558 896 1568 912 ,
1602 874 1685 909 unde
1722 875 1778 909 illa
1801 876 1835 907 iti
1871 874 2040 909 avellendo
2070 888 2143 910 cra-

1147 919 1204 951 nio
1237 917 1339 961 major
1362 917 1532 952 difficultas
1561 926 1632 951 orta
1664 928 1732 952 erat
1756 943 1764 951 .
1800 918 1884 963 Qae
1906 930 1971 952 non
2003 919 2077 952 ideo
2099 920 2145 953 ti-

1148 961 1181 993 bi
1205 961 1351 996 describo
1374 961 1459 1004 quod
1486 973 1501 994 a
1526 959 1694 1002 praegresso
1717 961 1852 1000 morbo,
1875 961 1965 1003 cuius
1989 961 2043 997 hic
2068 963 2142 997 nul-

1149 1004 1217 1038 lum
1250 1005 1383 1046 usquam
1416 1003 1604 1039 occurrebat
1637 1004 1796 1039 indicium
1821 1028 1831 1044 ,
1861 1006 1971 1046 potius
2000 1017 2099 1049 quam
2121 1018 2141 1041 a

1148 1057 1262 1081 natura
1298 1046 1390 1082 fuiffe
1415 1070 1424 1085 ,
1457 1047 1647 1082 crediderim
1669 1070 1681 1086 ‚
1713 1058 1824 1082 eorum
1856 1047 1979 1083 oblitus
2012 1060 2082 1090 quae
2106 1062 2143 1083 a·

1147 1091 1205 1124 lias
1237 1094 1325 1132 (p)
1360 1091 1398 1125 ad
1431 1099 1463 1124 te
1497 1090 1636 1126 scribens
1662 1114 1673 1130 ‚
1708 1090 1746 1125 de
1780 1090 1830 1125 his
1861 1089 1964 1126 foveis
2008 1093 2103 1133 attigi
2124 1103 2139 1132 ,-

1147 1132 1198 1167 sed
1222 1133 1310 1176 quod
1337 1143 1406 1167 tum
1438 1134 1624 1176 grandiores
1657 1143 1748 1167 erant
1768 1156 1777 1171 ,
1811 1142 1881 1167 tum
1915 1135 2002 1170 nulla
2025 1147 2041 1168 e
2064 1135 2143 1169 sub-

1146 1176 1240 1220 jectis
1267 1177 1471 1217 meningibus
1503 1177 1642 1211 exstabat
1675 1177 1918 1219 protuberantia
1949 1189 1988 1212 ex
2021 1189 2142 1221 corpu-

1147 1220 1241 1254 sculis
1264 1231 1334 1261 quae
1361 1220 1535 1254 Pacchioni
1556 1220 1715 1263 glandulae
1747 1219 1936 1254 dicebantur
1958 1242 1968 1259 ,
2002 1232 2144 1262 quorum

1145 1274 1184 1297 ne
1215 1274 1315 1297 unum
1350 1264 1481 1304 quidem
1514 1263 1567 1297 hic
1610 1263 1676 1298 fuit
1708 1285 1718 1301 ‚
1760 1263 1906 1298 confeffa
1930 1286 1939 1301 ,
1974 1264 2143 1307 cujusmo-

1145 1306 1179 1340 di
1212 1307 1463 1349 protuberantiae
1486 1330 1496 1344 ‚
1538 1316 1574 1340 ut
1606 1316 1683 1341 tunc
1720 1306 1758 1340 ad
1791 1317 1823 1341 te
1855 1306 1963 1343 scriofi
1990 1333 2000 1347 ‚
2034 1306 2140 1342 solent

1145 1350 1266 1391 alioqui
1303 1352 1386 1382 intra
1419 1361 1470 1383 eas
1502 1349 1611 1385 foveas
1643 1350 1780 1392 excipi.
1914 1350 1982 1384 Etsi
2007 1352 2142 1385 veroin

1143 1393 1264 1427 cerebri
1297 1391 1485 1427 dissectione
1516 1394 1639 1435 septum
1674 1394 1833 1428 Lucidum
1858 1415 1868 1430 ,
1899 1395 1932 1426 δε
1971 1395 2142 1429 Fornicem

1146 1438 1215 1470 laxa
1240 1447 1354 1478 praeter
1378 1448 1507 1470 omnem
1543 1438 1673 1472 modum
1691 1459 1707 1476 ι,
1742 1438 1808 1470 imo
1839 1438 1925 1470 inter
1955 1436 2033 1471 duas
2065 1436 2139 1480 ejus

1147 1481 1228 1521 septi
1261 1481 1395 1514 laminas
1430 1492 1519 1522 aquae
1551 1481 1674 1524 aliquid
1708 1479 1935 1522 deprehendi,
1975 1482 2007 1513 in
2041 1482 2136 1514 Late<

1147 1524 1266 1556 rabbus
1290 1533 1393 1557 autern
1418 1525 1605 1558 ventriculis
1627 1536 1742 1567 aquam
1765 1523 1833 1566 ejus
1857 1524 1997 1557 fimilem
2020 1525 2054 1557 in
2078 1536 2143 1567 qua

1145 1578 1251 1600 recens
1274 1578 1348 1600 caro
1373 1568 1439 1600 lota
1463 1565 1501 1600 fit
1528 1589 1540 1605 ‚
1573 1578 1637 1599 non
1661 1567 1798 1601 multam
1833 1568 1968 1609 quidem
1991 1590 2001 1605 ‚
2036 1578 2141 1610 neque

1143 1622 1218 1643 cum
1253 1611 1375 1652 pallore
1405 1609 1585 1644 Choroidis
1620 1610 1730 1651 plexus
1762 1609 1970 1650 conjunciam
1997 1622 2009 1650 ς
2049 1621 2138 1645 cere-

1144 1654 1195 1686 bri
1221 1663 1324 1686 tamen
1349 1653 1445 1694 ipIius
1468 1675 1477 1691 ‚
1511 1656 1541 1685 &
1565 1653 1766 1695 Oblongatae
1800 1652 1946 1686 medullae
1970 1675 1978 1688 ,
2012 1656 2043 1686 &
2067 1665 2142 1688 ner-

1145 1707 1260 1730 vorum
1284 1718 1295 1733 ,
1331 1707 1371 1729 ex
1404 1696 1464 1730 hac
1497 1697 1674 1730 orientium
1697 1719 1709 1735 ‚
1743 1694 1951 1729 substantiam
1987 1697 2061 1730 satis
2083 1697 2142 1731 fir-

1145 1751 1232 1773 mam
1254 1762 1266 1779 ,
1298 1742 1329 1773 &
1351 1741 1486 1774 omuino
1510 1739 1681 1773 fecundum
1706 1748 1856 1772 naturam
1880 1741 1990 1773 inveni
2017 1764 2024 1771 .
2062 1741 2146 1783 Qo

1146 1793 1247 1824 magis
1273 1793 1322 1815 me
1349 1784 1485 1822 perculit
1512 1783 1600 1816 nervi
1625 1783 1744 1824 Optici
1769 1783 1892 1816 dexteri
1914 1783 2107 1818 constitutio
2132 1806 2143 1822 ‚

1144 1828 1201 1868 qui
1236 1836 1310 1858 cum
1346 1825 1383 1858 ad
1418 1828 1569 1860 unionem
1603 1826 1703 1868 usque
1735 1836 1807 1859 cum
1841 1826 1969 1861 finistro
1994 1850 2003 1865 ,
2050 1826 2144 1861 sanus

1146 1868 1272 1911 prorsus
1297 1889 1306 1905 ‚
1337 1867 1495 1912 hujusque
1528 1869 1710 1903 simillimus
1743 1867 1853 1904 fuisset
1883 1894 1893 1907 ,
1939 1879 2069 1912 repente
2102 1871 2144 1905 ab

1146 1913 1265 1945 unione
1290 1913 1394 1945 minus
1416 1923 1512 1956 quam
1540 1912 1659 1946 sinister
1683 1935 1692 1950 ‚
1724 1911 1956 1947 evidentiffime
1990 1913 2107 1949 craffus
2128 1936 2140 1952 ‚

1141 1957 1172 1988 &
1195 1955 1234 1989 ad
1257 1956 1421 1989 cinereum
1444 1956 1585 1990 colorem
1610 1956 1759 1990 accedens
1782 1957 2042 1999 conspiciebatur
2067 1982 2077 1996 ‚
2107 1960 2141 1993 &

1142 1999 1184 2032 sic
1210 1998 1248 2033 ad
1270 2000 1414 2033 orbitam
1449 2000 1601 2042 pergebat
1626 2023 1635 2031 .
1671 2000 1893 2041 Qamobrem
1918 2002 2077 2036 continuo
2101 2013 2143 2037 an

1147 2053 1247 2076 caecus
1270 2043 1366 2077 oculo
1388 2043 1523 2077 dextero
1547 2041 1648 2077 homo
1670 2041 1777 2079 fuiffet
1801 2068 1811 2084 ,
1834 2043 2015 2079 sciscitatus
2040 2045 2108 2080 sum
2130 2067 2142 2082 5

1146 2088 1177 2118 δε
1221 2097 1297 2119 cum
1334 2086 1367 2119 id
1411 2086 1526 2120 diserte
1559 2095 1730 2130 negaretur
1755 2112 1768 2129 ‚
1797 2089 1928 2123 oculum
1959 2089 2056 2123 illum
2088 2090 2142 2123 in-

1147 2128 1290 2170 spectavi
1317 2151 1327 2165 ‚
1359 2141 1415 2163 nec
1451 2131 1559 2164 minus
1584 2128 1711 2164 finistro
1734 2131 1908 2173 pulchrum
1933 2157 1942 2171 ,
1965 2131 2143 2176 sanumque

1145 2172 1341 2214 deprehendi
1367 2186 1377 2205 .·
1413 2183 1517 2215 neque
1561 2175 1647 2208 intra
1681 2174 1824 2209 orbitarn
1856 2175 2019 2218 Opticum
2052 2177 2141 2212 illius

1144 2226 1282 2251 nervum
1307 2216 1346 2250 ab
1368 2215 1494 2250 sinistro
1517 2219 1696 2260 quidquam
1718 2217 1784 2261 jam
1807 2217 1935 2253 differre
1968 2220 2106 2263 amplius
2128 2244 2141 2260 ‚

1143 2258 1296 2335 conspexi
1320 2281 1331 2298 ‚
1366 2259 1426 2294 nisi
1459 2261 1547 2302 quod
1580 2262 1678 2305 paulo
1700 2262 1806 2297 minus
1829 2271 1937 2297 tamen
1960 2272 2028 2298 erat
2050 2264 2138 2299 cras·-

1160 2313 1194 2336 us
1219 2327 1226 2335 .

1184 2358 1215 2387 9.
1241 2345 1302 2381 Sed
1326 2359 1399 2395 quae
1420 2346 1631 2383 difficillimos
1653 2348 1772 2384 habent
1795 2351 1971 2394 explicatus
1988 2351 2027 2386 vin
2050 2350 2138 2386 aliud

1139 2397 1265 2440 tempu-s
1289 2394 1491 2433 rejicientes,
1515 2394 1553 2427 ad
1576 2394 1720 2436 pleniora
1745 2403 1831 2429 nnnc
1854 2395 2038 2436 redeamus,
2061 2395 2138 2429 Ob-

1139 2434 1418 2481 servationemque
1444 2436 1564 2478 aliam,
1585 2440 1619 2471 &
1638 2437 1757 2473 deinde
1786 2437 2008 2480 conjeauram
2031 2450 2136 2483 quan-

1134 2476 1209 2510 dam
1233 2477 1442 2520 adjiciamus.
2068 2509 2070 2511 .

1159 2530 1230 2568 ιΙο.
1260 2521 1298 2554 M
1323 2523 1359 2555 O
1384 2523 1410 2555 L
1433 2524 1450 2556 I
1474 2524 1509 2558 T
1531 2525 1567 2558 O
1589 2525 1622 2560 R
1646 2526 1662 2558 I
1687 2527 1706 2559 S
1732 2538 1828 2570 quern
1851 2539 1972 2563 caecum
1995 2526 2092 2564 fuisse
2115 2551 2127 2568 ‚

1136 2563 1265 2605 alebant
1283 2588 1296 2605 ‚
1329 2577 1385 2599 nec
1419 2566 1485 2600 alio
1508 2576 1613 2602 tamen
1640 2579 1758 2613 praeter
1780 2572 1932 2606 baculum
1956 2571 2045 2607 suum
2069 2573 2133 2608 du-

1135 2619 1172 2640 ce
1194 2629 1204 2645 ‚
1252 2620 1307 2651 per
1337 2609 1448 2660 urbem
1473 2612 1519 2644 ire
1541 2612 1738 2648 consuevisse
1760 2638 1770 2653 ,
1803 2617 1891 2649 oculi
1916 2638 1927 2654 ,
1957 2627 2039 2658 quos
2062 2614 2133 2651 dis.

1136 2651 1272 2685 secarem
1297 2678 1306 2691 ,
1339 2653 1443 2686 oblati
1468 2653 1553 2703 ’sunt
1589 2657 1623 2690 in
1655 2655 1863 2693 Nosocomio
1895 2659 1955 2693 sub
1988 2660 2064 2694 anni
2090 2661 2129 2695 fi-

1136 2706 1209 2745 nem
1237 2705 1331 2746 1755.
1363 2697 1515 2731 Exterius
1549 2710 1604 2741 per
1624 2700 1787 2736 Corneam
1818 2701 1952 2746 inspeffi
1975 2725 1988 2741 ‚
2023 2704 2130 2737 turbi-

1133 2738 1167 2772 di
1193 2748 1302 2779 potius
1325 2762 1337 2780 ,
1370 2752 1465 2783 quam
1489 2741 1554 2774 albi
1580 2764 1590 2780 ,
1623 2744 1836 2779 videbantur.
1969 2746 2000 2777 C
2025 2747 2056 2781 R
2079 2747 2129 2780 Y-

1134 2782 1153 2814 S
1178 2782 1212 2815 T
1236 2785 1265 2826 ᾼ
1289 2784 1315 2815 L
1339 2784 1365 2815 L
1391 2786 1406 2816 I
1432 2784 1466 2816 Ν
1492 2785 1525 2817 U
1550 2786 1588 2820 M
1622 2796 1798 2831 utrumque
1831 2787 2002 2823 humorem
2031 2789 2128 2824 subo-

1134 2836 1249 2874 pacum
1272 2825 1391 2860 offendi
1416 2849 1426 2864 ,
1460 2838 1525 2860 non
1557 2838 1593 2863 at
1616 2830 1693 2863 alibi
1728 2832 1829 2873 magis
1860 2843 1976 2875 opacus
2014 2832 2089 2867 erret
2113 2855 2126 2873 ‚

1133 2869 1212 2902 alibi
1237 2871 1341 2903 minus
1365 2883 1375 2907 ;
1411 2869 1462 2903 sed
1498 2880 1533 2904 ut
1557 2874 1727 2916 aequaliter
1748 2876 1868 2918 ubique
1888 2900 1897 2910 .
1933 2875 2001 2910 Sub
2034 2876 2124 2919 digi-

1132 2920 1169 2944 to
1188 2934 1198 2950 ‚
1231 2914 1299 2946 imo
1322 2913 1408 2946 inter
1438 2912 1563 2956 digitos
1597 2916 1686 2950 visus
1710 2927 1844 2962 uterque
1879 2930 1969 2963 aeque
1990 2919 2090 2954 durus
2113 2944 2124 2953 .

1131 2955 1192 3004 Sed
1215 2965 1322 3005 tamen
1347 2957 1427 2990 alter
1449 2981 1458 2997 ‚
1480 2959 1536 3000 qui
1559 2968 1628 2993 erat
1651 2963 1778 2996 tenuior
1799 2985 1812 3002 ,
1834 2962 1963 2997 sicciore
1986 2962 2126 2998 substan-

1132 3007 1177 3031 tia
1201 2998 1266 3032 fuit
1288 3021 1297 3037 ,
1332 3000 1493 3051 magisque
1515 3003 1680 3046 compacsta
1703 3030 1710 3037 .
1745 3005 1842 3039 Alter
1863 3008 1921 3048 qui
1961 3006 2088 3041 craffior
2110 3030 2123 3047 2

1128 3041 1199 3083 plus
1221 3053 1316 3093 aequo
1336 3043 1489 3094 humidus
1514 3069 1523 3084 ‚
1553 3055 1589 3080 ut
1612 3046 1784 3082 humorem
1804 3050 1838 3083 in
1860 3049 2048 3085 dissectione
2069 3059 2124 3085 to-

1127 3093 1178 3118 tus
1211 3094 1356 3136 emittere
1391 3087 1554 3122 videretur
1573 3112 1583 3128 ‚
1618 3102 1682 3125 non
1713 3093 1771 3135 qui
1805 3093 1946 3127 exsiliret
1976 3102 2081 3127 tamen
2109 3118 2120 3135 .

1127 3127 1178 3164 sed
1200 3140 1257 3170 qui
1280 3129 1465 3165 exsudaret.
1490 3133 1613 3166 Eorum
1636 3134 1729 3169 alteri
1752 3147 1764 3174 ς
1797 3147 1871 3169 nam
1893 3137 1960 3170 utri
1983 3137 2121 3172 adnota-

1128 3180 1206 3221 tum·
1224 3184 1289 3206 non
1313 3173 1437 3212 habeoz
1463 3176 1626 3218 amplior;
1646 3178 1742 3213 alteri
1768 3179 1945 3214 mediocris
1964 3179 2118 3220 diametri

1130 3215 1252 3258 pupilla
1277 3217 1510 3265 respondebat.

1176 3260 1286 3309 ¹¹,'.Si
1322 3261 1406 3294 sorte
1438 3262 1498 3295 alia
1530 3264 1620 3306 cupis
1655 3266 1829 3307 opacitatis
1856 3277 1920 3299 non
1943 3275 2011 3300 tam
2032 3268 2120 3310 Cry-

1128 3301 1245 3335 stallim
1284 3302 1431 3338 humoris
1452 3329 1461 3345 ,
1504 3317 1601 3349 quam
1643 3307 1710 3350 ejus
1747 3310 1865 3344 tunica:
1887 3332 1902 3348 ‚
1940 3311 2084 3353 exempla
2107 3324 2121 3349 ·,

1128 3345 1198 3396 (ζςΙ.
1223 3346 1314 3381 dabit
1337 3348 1488 3382 Hallerus
1511 3354 1522 3388 (
1545 3350 1618 3392 q).
1644 3351 1750 3394 Cujus
1771 3356 1785 3392 (
1808 3364 1824 3385 r
1845 3356 1881 3392 ),
1903 3354 1938 3385 δε
1958 3353 2012 3387 Gi.
2039 3355 2119 3387 Zin-

1130 3398 1176 3422 nu
1213 3389 1292 3430 (s)
1327 3391 1581 3426 Observationes
1604 3417 1613 3433 ,
1650 3396 1815 3430 inventam
1847 3407 1863 3428 a
1899 3395 2117 3430 Praestantiss-

1131 3443 1186 3465 mo
1211 3433 1472 3468 Wachendorffio
1494 3440 1507 3476 (
1529 3443 1544 3468 t
1568 3440 1579 3475 )
1611 3439 1802 3479 pupillarem
1835 3438 1938 3472 foetus
1959 3440 2119 3473 membra-

1131 3485 1204 3510 nam
1226 3477 1450 3511 confirmantes
1473 3490 1546 3513 cum
1570 3481 1706 3523 legerem
1728 3496 1739 3520 ς
1772 3482 1865 3517 facile
1899 3481 1979 3515 mihi
2011 3482 2121 3525 conji-

1131 3531 1201 3554 cere
1223 3518 1309 3564 poffe
1333 3521 1415 3556 visus
1434 3521 1505 3556 sum
1526 3546 1538 3564 ,
1561 3523 1641 3567 quid
1663 3524 1763 3561 fuerit
1793 3526 2122 3603 tegumentumdquod5

2028 3580 2080 3605 am

97 3668 2122 3687 ffl———ss-—ss——w-—ss

92 3747 105 3759 “
153 3758 305 3819 (ἐξω...
366 3753 649 3784 (1)xv111.n.38.
713 3753 832 3783 (κύει.
849 3763 871 3786 ς.

155 3791 166 3818 (
182 3799 198 3821 q
242 3784 333 3815 opusc.
349 3784 444 3818 Pathql·
460 3783 520 3809 ΟΜ.
537 3792 560 3815 3·
620 3785 634 3813 (
650 3791 662 3807 r
675 3782 691 3812 )
705 3782 792 3813 opusc.
808 3788 879 3812 Anat.
895 3786 970 3813 xm.

157 3820 175 3851 (
187 3828 198 3845 t
213 3822 228 3850 )
243 3819 383 3843 commem«
395 3816 483 3840 Litter.
499 3816 531 3840 A.
547 3821 615 3845 1740.
634 3814 713 3841 Hebd.
732 3815 772 3840 18.
787 3822 821 3843 1..>

931 3754 941 3784 (
958 3764 975 3780 η
989 3755 1004 3786 )
1021 3757 1093 3786 Epist.
1111 3764 1147 3786 13.
1165 3765 1190 3782 n.
1208 3765 1247 3783 ιι.

1306 3759 1320 3786 (
1336 3767 1349 3782 o
1364 3759 1378 3788 )
1394 3760 1468 3790 Epist.
1484 3763 1521 3790 55.
1537 3768 1564 3785 n.
1583 3767 1621 3785 ιι.
1681 3761 1696 3790 ζ
1710 3760 1755 3792 p)
1771 3759 1844 3790 Epist.
1859 3762 1882 3786 8¹.
1897 3765 1926 3785 n:
1941 3768 1964 3790 ς.

1031 3788 1096 3819 (s)
1110 3788 1192 3814 neser.
1207 3792 1282 3814 Anat.
1297 3790 1371 3815 oculi
1386 3791 1455 3816 hum.
1471 3798 1492 3815 c.
1508 3798 1533 3817 2.
1552 3793 1578 3817 S.
1595 3799 1616 3822 3.
1634 3789 1656 3820 §-
1673 3798 1698 3820 4.
