2498 4075
433 177 529 238 394

364 243 450 285 apud
472 240 610 285 Scythas
633 241 756 276 Plinius
779 242 798 284 (
813 251 844 275 m
868 243 878 279 )
903 250 1062 276 memorat
1086 262 1096 279 ,
1128 241 1341 288 irremediabi-

362 284 393 325 ‚le
419 309 429 327 ,
453 295 613 328 quantum
636 283 704 327 ipse
727 286 776 319 ait
799 309 809 324 ,
832 287 863 317 &
884 291 1024 330 mertem*
1038 284 1124 318 illico
1147 284 1276 329 afferens
1298 287 1341 321 le-

359 329 400 369 -pi
423 330 539 370 tatiu5
572 338 680 364 tamen
704 337 740 362 ut
777 327 892 363 mortis
925 327 1124 364 celeritatem
1157 329 1308 370 probaret
1332 355 1342 370 ,

361 373 545 412 cruciatum
570 371 704 419 brevem
727 371 821 408 illum
843 369 998 412 quidem,
1021 370 1074 409 sed
1097 371 1343 411 acerbissimum,

365 415 569 455 aversaretur
591 436 604 454 ,
634 424 727 455 cujus
759 415 881 451 indicia
902 416 1063 449 cruciatus
1098 425 1137 447 ex
1159 416 1341 451 convulsio-

367 459 487 498 nibus„
511 467 547 491 ut
569 458 691 499 opinor
712 480 726 497 ,
748 456 994 497 vehementibus
1017 457 1239 500 cognovisset,
1262 471 1340 503 quas

366 510 404 540 ut
428 500 575 540 Locustae
596 498 680 540 illud
702 511 862 535 venenum
894 502 1005 535 statim
1037 501 1222 536 consecutas
1244 504 1303 540 effe
1325 527 1338 545 ,

363 556 403 580 ex
424 555 464 578 eo
486 543 633 587 conjicio
654 565 665 585 ‚
699 543 790 586 quod
824 542 976 579 lethalem
1006 543 1076 586 ejus
1111 543 1259 580 efferaum
1281 559 1336 590 per

361 586 498 629 ¹speciem
521 587 698 622 comitialis
723 587 852 627 morbi,
878 588 931 621 cui
956 587 1163 622 Britannicus
1186 587 1262 624 esset
1273 592 1334 625 ob-

359 632 478 669 noxius
501 632 557 674 (n
578 635 611 671 )‚
635 630 745 670 statim
770 631 863 665 Nero
886 631 1043 666 occultari
1076 631 1161 674 posse
1181 654 1192 671 ‚
1230 635 1334 670 credi-

360 672 413 713 elit
437 688 446 708 ι
471 673 635 712 Nicholsii
661 683 768 710 autem
792 686 907 718 aquam
923 701 933 716 ‚
957 686 997 708 ex
1019 675 1221 711 lauroceraso
1245 689 1336 722 para-

361 726 430 758 ¹tam
452 741 462 759 ,
493 717 687 762 rapidiffime
708 717 841 761 quidem
876 720 1031 761 perimere
1055 732 1065 758 3
1098 719 1151 753 sed
1185 731 1251 755 non
1274 721 1338 755 fine

361 761 607 797 vehementibus
629 760 895 796 convulfionibus
917 785 928 803 ,
960 761 1054 795 refert
1079 762 1227 797 Meadius
1250 769 1334 806 (0):

356 805 500 847 denique
523 815 562 839 ex
587 806 778 840 Reaumurii
800 808 814 844 (
834 815 857 848 p
881 809 891 843 )
924 807 1154 848 experimentis
1176 808 1302 844 constat
1327 830 1336 845 ‚

358 849 478 887 leviter
502 849 619 890 punc‘ta
646 848 798 882 animalia
821 849 1013 891 sagittarum
1036 862 1189 885 mucrone
1210 875 1220 891 ,
1245 863 1337 886 vene-

361 900 438 927 nata
470 893 712 935 compositione
747 893 888 934 quadam
920 893 1011 927 illito
1047 894 1088 927 ab
1121 896 1238 929 incolis
1270 907 1336 929 orae

360 934 585 977 Maragnoniae
610 959 620 975 ,
652 937 722 969 cito
745 936 878 978 quidem
902 936 1059 971 interiisse
1082 949 1093 976 3
1129 938 1180 972 sed
1203 961 1215 979 ,
1248 940 1338 982 quod

358 978 477 1015 diserte
500 977 540 1014 de
563 979 640 1013 urso
663 988 814 1014 narratur
838 1004 848 1019 ,
881 989 957 1013 ante
981 990 1120 1015 mortem
1154 982 1184 1016 se
1206 984 1339 1016 concus-

358 1020 426 1056 fisse
451 1048 462 1067 ,
485 1031 584 1066 atque
607 1022 736 1065 agitasse
761 1046 769 1055 .
805 1024 865 1057 Ob
887 1023 943 1057 has
967 1024 1073 1068 igitur
1094 1047 1107 1065 ,
1143 1035 1197 1059 aut
1220 1024 1337 1061 similes

358 1065 468 1106 causas
500 1065 622 1100 fafium
653 1066 714 1104 effe
739 1091 749 1106 ,
796 1067 945 1102 existimo
965 1091 975 1107 ,
1021 1069 1112 1111 quod
1145 1070 1336 1105 Plutarchus

358 1119 467 1143 narrat
492 1132 502 1148 ‚
534 1119 570 1143 ut
595 1110 770 1153 Cleopatra
791 1134 805 1151 ,
837 1113 968 1145 venenis
1002 1115 1144 1155 primum
1170 1115 1240 1146 aliis
1263 1113 1334 1148 fru-

358 1151 422 1192 stra
446 1154 580 1192 tentatis
604 1178 615 1194 ‚
637 1163 673 1188 ut
695 1162 771 1196 pote
794 1166 866 1197 quae
891 1156 998 1190 minus
1019 1156 1177 1190 ambobus
1201 1156 1261 1191 suis
1288 1169 1336 1190 re-

327 1204 338 1206 ”
358 1196 553 1239 sponderent
579 1198 664 1230 votis
687 1219 696 1235 ‚
721 1196 759 1231 ad
782 1199 932 1232 animalia
955 1222 966 1237 ‚
990 1199 1080 1241 quod
1103 1202 1135 1233 &
1156 1201 1226 1234 Dio
1248 1204 1262 1240 (
1283 1211 1301 1242 q
1325 1204 1339 1240 >

359 1240 499 1277 scribit,
523 1240 710 1278 conversam
734 1264 744 1280 ,
775 1243 807 1274 &
830 1253 885 1284 per
908 1243 1029 1276 multos
1051 1243 1117 1276 dies
1141 1242 1256 1278 frustra
1280 1255 1336 1285 pa-

357 1283 439 1321 riter
461 1293 627 1324 expertam
651 1306 660 1319 ,
684 1285 872 1327 comperisse
895 1285 1052 1327 tandem,
1076 1297 1132 1329 per
1147 1286 1251 1329 solum
1267 1286 1338 1331 fer-

357 1337 407 1360 me
429 1327 545 1370 aspidis
568 1326 702 1371 morsum
726 1327 757 1360 se
790 1328 875 1369 posse
910 1331 980 1362 voti
1012 1328 1181 1372 utriusque
1203 1343 1337 1372 compo-

359 1379 427 1406 tem
449 1369 520 1410 fieri
543 1395 551 1402 -
576 1370 662 1418 Quae
685 1370 706 1404 fi
731 1373 842 1405 omnia
865 1372 1039 1407 attenderis
1063 1387 1072 1411 3
1095 1373 1190 1408 facile
1213 1376 1335 1409 intelli-

358 1424 413 1456 ges
437 1439 448 1454 ,
495 1424 552 1448 cur
584 1414 708 1457 rejeetis
743 1415 814 1448 aliis
846 1428 918 1459 quae
949 1417 1042 1451 illico
1086 1427 1235 1452 necarent
1280 1431 1336 1452 ve·

359 1458 453 1494 nenis
476 1481 486 1499 ,
519 1468 660 1500 quorum
683 1458 792 1501 aliqua
822 1461 856 1494 in
892 1470 1046 1504 promptu
1078 1460 1221 1496 habuisse
1239 1484 1252 1503 ‚
1284 1463 1335 1495 in-

358 1500 409 1534 fra
443 1504 454 1540 (
479 1511 494 1539 r
518 1503 531 1540 )
573 1500 781 1541 ostendemus
804 1523 814 1539 ‚
847 1504 943 1547 longe
968 1504 1159 1539 credibilius
1182 1505 1220 1539 fit
1243 1529 1255 1546 ‚
1287 1507 1334 1539 al.

359 1544 445 1586 pidis
468 1543 647 1587 praetuliffe
669 1545 814 1583 morsum
837 1571 847 1587 ,
895 1547 1073 1593 praesertim
1118 1560 1194 1582 cum
1239 1559 1336 1583 caete-

358 1599 393 1621 ra
416 1599 489 1631 quae
513 1586 553 1625 de
576 1588 746 1630 puncturis
768 1591 893 1633 exiguis
916 1592 982 1625 illis
1004 1591 1129 1627 duabus
1150 1594 1183 1625 δε
1205 1592 1244 1627 de
1279 1594 1334 1627 ad-

358 1633 457 1670 motis
501 1630 620 1674 psyllis
664 1631 757 1675 supra
803 1637 814 1672 (
841 1633 868 1676 s
890 1638 904 1674 )
937 1634 1022 1669 dieta
1069 1637 1143 1670 sunt
1166 1658 1177 1674 ‚
1221 1638 1332 1680 appri-

358 1686 409 1712 me
453 1675 651 1711 conveniant
689 1700 698 1713 ,.
742 1676 832 1710 Nam
875 1678 966 1720 quod
1005 1680 1132 1713 Doti-Ius
1178 1680 1244 1713 Vir
1288 1681 1334 1713 iis

358 1719 416 1760 qui
449 1719 555 1756 minus
599 1726 719 1755 attente
763 1720 872 1762 legant
908 1722 1014 1755 videri
1059 1721 1190 1756 fortaffe
1231 1723 1336 1765 potest

358 1762 426 1801 istis
446 1762 485 1798 de
508 1761 622 1805 psyllis
643 1763 692 1796 ita
716 1761 836 1797 senfiffe
860 1787 870 1802 ‚
912 1764 1001 1807 quasi
1026 1765 1066 1799 ab
1088 1764 1239 1808 Augusto
1261 1767 1336 1800 illu-

358 1805 456 1845 dendi
490 1814 619 1842 tantum
653 1805 761 1844 studio
797 1805 934 1841 fuissent
967 1807 1111 1843 adhibiti
1142 1822 1152 1847 3
1185 1809 1259 1843 satis
1293 1809 1336 1843 est

360 1851 555 1890 Suetonium
577 1852 591 1891 (
614 1857 628 1886 t
649 1851 664 1889 )
687 1872 697 1889 ,
729 1852 762 1883 δι
784 1851 929 1886 Dionem
952 1855 964 1890 (
987 1862 1008 1885 u
1032 1856 1043 1892 )
1077 1851 1233 1897 inspicere
1257 1879 1268 1895 ,
1299 1862 1336 1886 ut

361 1907 400 1933 eo
423 1895 535 1934 animo
566 1891 603 1930 id
633 1894 674 1926 ab
695 1894 848 1935 Augusto
881 1893 1006 1929 saecum
1039 1896 1133 1939 plane
1163 1897 1341 1939 cognosca-

360 1951 432 1978 mus
454 1962 464 1978 ,
489 1948 557 1983 quo
580 1936 792 1979 Cleopatram
821 1936 947 1980 servari
981 1939 1141 1982 triumpho
1162 1950 1343 1982 magnopere

359 1982 524 2026 cupiebat,
550 1982 581 2014 δι
603 1991 669 2023 quo
693 1980 864 2023 postquam
889 1993 944 2024 per
967 1983 1089 2024 psyllos
1112 1984 1168 2025 qui
1189 1992 1342 2017 venenum

360 2039 395 2065 ac
418 2027 510 2063 virus
535 2023 715 2066 exsugerent
736 2048 747 2065 ,
791 2025 912 2059 servari
955 2027 1040 2060 vidit
1071 2038 1136 2063 non
1170 2027 1308 2069 potuisse
1330 2049 1344 2068 ‚

360 2078 542 2114 magnopere
565 2067 664 2101 doluit
686 2091 695 2108 ‚
733 2068 817 2102 omni
841 2068 878 2111 se
901 2069 1055 2112 triumphi
1081 2069 1134 2112 sui
1153 2071 1254 2112 gloria
1270 2070 1343 2113 spo-

365 2114 482 2149 liatum
505 2109 559 2155 effe
582 2118 673 2144 ratus
692 2135 701 2143 .
726 2110 828 2153 Qod
851 2110 874 2147 fi
897 2112 964 2155 ipse
985 2114 1043 2156 qui
1068 2113 1177 2147 statim
1201 2113 1310 2147 adfuit
1333 2137 1344 2153 ,

365 2161 397 2195 δι
419 2167 536 2199 corpus
559 2154 697 2198 inspexit
720 2176 730 2192 ,
754 2157 786 2188 δε
808 2166 872 2199 qua
896 2165 964 2190 erat
988 2158 1138 2199 potentia
1162 2179 1174 2197 ,
1197 2160 1228 2190 &
1253 2160 1345 2199 inge-

366 2202 424 2238 nio
447 2209 518 2236 tum
545 2199 732 2242 perquirere
756 2209 795 2232 ex
817 2200 970 2234 omnibus
993 2222 1003 2238 ‚
1034 2210 1106 2234 tum
1129 2199 1288 2244 dispicere
1311 2213 1347 2234 o-

365 2246 455 2283 mnia
479 2243 612 2287 potuit,
636 2241 725 2276 illam
750 2241 866 2284 aspidis
889 2243 996 2277 morsu
1021 2245 1166 2279 meotam
1191 2244 1344 2284 credidit,

366 2299 403 2327 ut
426 2287 527 2325 refert
553 2285 744 2320 Plutarchus
766 2289 780 2325 (
802 2297 824 2320 x
845 2290 859 2326 )
880 2300 889 2325 ς
911 2298 983 2320 nam
1005 2288 1039 2321 in
1062 2287 1237 2330 triumpho,
1259 2289 1344 2322 Cleo-

366 2340 465 2377 patrae
489 2331 656 2375 imaginem
689 2329 767 2364 tulit
802 2340 873 2364 cum
905 2330 1007 2374 aspide
1036 2332 1191 2365 mordicus
1220 2331 1310 2376 affixa
1333 2344 1345 2371 5

367 2388 425 2412 cur
450 2387 516 2410 non
539 2373 628 2418 quod
650 2372 717 2418 ipse
739 2397 752 2415 ,
784 2384 841 2408 nos
862 2386 993 2417 quoque
1023 2376 1190 2409 credamus
1215 2379 1225 2407 ?
1263 2387 1345 2418 prae.

367 2420 478 2456 sertim
501 2430 577 2453 cum
600 2417 662 2452 alia
686 2417 815 2460 insuper
838 2417 990 2454 accedant
1013 2430 1085 2461 quae
1108 2429 1147 2452 ex
1170 2419 1344 2454 Plutarcho

368 2463 503 2501 eodem,
527 2473 565 2496 ex
589 2461 719 2500 Dione,
734 2473 782 2495 rex
807 2461 964 2505 aliisque,
987 2465 1085 2498 etiam
1099 2462 1345 2503 Medicis,Au·

368 2508 514 2542 §toribus
537 2505 697 2539 continuo
721 2503 941 2547 proferemus,

412 2561 466 2595 43.
492 2546 584 2592 Qid
607 2551 695 2582 enim
720 2550 832 2590 potius
856 2548 1017 2591 fignificat
1048 2550 1138 2594 quod
1162 2561 1221 2593 pro
1254 2557 1345 2588 certo

366 2595 469 2630 tradit
493 2590 684 2627 Plutarchus
705 2593 760 2634 (y
783 2595 798 2633 )
822 2617 832 2632 ‚
865 2592 977 2626 eodem
1000 2605 1068 2635 quo
1089 2596 1264 2637 Cleopatra
1287 2595 1345 2629 ob·

367 2641 408 2672 iit
432 2662 445 2678 ,
476 2636 529 2670 die
553 2660 564 2677 ,
598 2644 695 2678 atque
732 2635 812 2668 adeo
849 2637 959 2678 paucis
998 2647 1073 2670 ante
1103 2639 1234 2672 obitum
1257 2638 1345 2672 horis

365 2683 458 2718 illata
483 2679 522 2715 ad
545 2677 647 2721 ipsam
670 2689 709 2712 ex
732 2689 813 2721 agro
835 2679 911 2713 cista
934 2703 947 2720 ,
965 2678 1085 2723 ficuum
1104 2681 1218 2723 plena,
1241 2684 1273 2714 δε
1289 2679 1345 2724 fo-

367 2726 422 2762 liis
445 2731 581 2766 operta,
606 2721 663 2755 nisi
686 2722 775 2764 quod
800 2722 902 2763 postea
926 2723 1051 2758 dicium
1074 2724 1154 2765 esse,
1178 2726 1343 2767 ait,aspi-

369 2769 443 2803 dem
466 2770 500 2801 in
522 2767 599 2800 cista
624 2764 715 2799 fuisle
739 2765 883 2800 abditam
907 2765 923 2799 ἒ
954 2767 1053 2811 idque
1083 2769 1183 2803 etiam
1214 2780 1252 2803 ex
1274 2770 1344 2803 aliis

369 2811 468 2847 refert
491 2811 558 2846 Dio
582 2812 595 2850 (
618 2821 643 2852 z
663 2812 698 2850 >,·
722 2808 846 2844 tametfi
870 2810 903 2845 in
925 2821 1002 2844 urna
1026 2811 1116 2846 dicat
1139 2813 1265 2846 illatam
1295 2814 1345 2856 as..

367 2856 472 2899 pidem
486 2880 495 2895 ‚
518 2862 574 2887 aut
598 2853 682 2888 inter
697 2851 791 2894 flores
800 2852 945 2896 quosdam
956 2878 969 2895 ,
991 2855 1118 2889 Aufior
1141 2865 1249 2890 autem
1271 2857 1349 2893 libri

369 2899 409 2933 de
433 2898 594 2933 Theriaca
617 2896 630 2938 (
652 2906 671 2928 a
693 2899 708 2936 )
731 2897 902 2931 comeciam
921 2896 1045 2940 ficubus
1070 2902 1113 2934 Θ*
1145 2901 1217 2934 uvis
1232 2926 1240 2934 .
1264 2901 1348 2939 Quae

372 2953 448 2977 cum
482 2940 616 2975 attendo
638 2960 648 2976 ‚
689 2940 784 2986 ,illud
826 2939 921 2974 simul
968 2942 1083 2975 videor
1113 2941 1198 2986 posse
1241 2945 1349 2986 conji-

373 2996 446 3020 cere
469 3008 479 3023 ,
503 2994 618 3025 nempe
641 2993 735 3026 cujus
758 2985 882 3026 generis
907 2984 987 3028 aspis
1009 2985 1127 3020 fuerit.
1150 2989 1238 3022 Cum
1261 2990 1347 3023 enim

371 3029 438 3064 tria
461 3027 522 3062 effe
544 3036 678 3070 genera,
701 3028 862 3060 traderent
885 3031 898 3068 (
920 3028 940 3061 b
957 3029 974 3072 1)
996 3029 1072 3062 alias
1094 3031 1249 3074 ptyades‚
1272 3033 1349 3068 alias

369 3071 529 3108 terrestres
552 3092 562 3107 ‚
589 3069 667 3103 alias
689 3068 890 3105 chelidonias
913 3073 1126 3114 appellantes,
1151 3076 1270 3118 primas
1295 3088 1349 3110 au-

371 3125 439 3152 tem
463 3112 667 3150 bombicans,
682 3112 805 3160 'alteras
829 3114 994 3149 interdurn
1017 3117 1151 3160 quinque
1174 3118 1350 3153 cubitorum

374 3157 586 3202 longitudine,
611 3164 723 3190 ternas
746 3157 852 3191 cubito
873 3158 1042 3193 dumtaxat
1066 3161 1200 3203 majores
1223 3164 1352 3197 inveni-

370 3204 424 3240 ri,
448 3201 623 3238 docerent3
647 3199 702 3234 has
723 3201 854 3234 ultimas
876 3213 941 3235 non
966 3203 1066 3238 modo
1088 3213 1124 3239 ut
1146 3204 1241 3240 facile
1267 3218 1356 3250 repe-

372 3245 522 3283 riendas,
543 3244 664 3286 quippe
687 3244 771 3278 circa
797 3244 973 3280 fluviorum
996 3248 1101 3289 ripas,
1124 3251 1265 3290 proximi
1277 3260 1354 3292 prae-

369 3289 484 3334 sertim
503 3286 602 3327 Nili,
629 3287 763 3321 latibula
785 3286 939 3323 habentes
961 3312 969 3326 ,
994 3291 1140 3334 itemque
1160 3302 1199 3327 ut
1223 3293 1354 3327 celerri-

374 3343 425 3366 me
448 3342 513 3372 prae
535 3331 658 3364 caeteris
682 3341 857 3369 necantes;
881 3332 921 3366 ab
944 3331 1057 3368 harum
1081 3337 1168 3369 enim
1193 3337 1350 3372 ibiumors

371 3372 600 3419 praesentissima
623 3374 702 3413 adesi
725 3400 734 3415 ,
769 3385 880 3409 verum
914 3377 1011 3409 etiam
1044 3388 1080 3412 ut
1114 3390 1187 3420 quae
1220 3391 1351 3423 propter

373 3419 462 3454 suam
486 3417 680 3451 brevitatem
703 3418 808 3451 multo
831 3417 958 3454 facilius
982 3418 1041 3454 sub
1064 3422 1223 3464 floribus,
1245 3423 1350 3459 foliis-

368 3473 432 3505 que
455 3461 530 3496 abdi
553 3460 696 3505 poffent;
716 3460 796 3502 has,
818 3463 974 3505 inquam,
996 3475 1071 3499 cum
1081 3466 1266 3510 Cleopatrae
1289 3481 1349 3514 op-

663 163 818 222 Liber
853 164 944 220 iv.
978 162 1064 215 De
1097 163 1291 223 Morbis
1326 138 1687 237 Chirurgteisss
1720 167 1775 222 ac
1809 162 2203 222 universalibus

1392 242 1599 285 portuniores
1618 265 1628 283 ‚
1661 251 1731 278 turn
1768 246 1927 289 praecipue
1959 243 1999 279 ad
2030 243 2187 280 fallendos
2220 248 2277 291 qui
2312 249 2360 294 ja-

1392 296 1488 320 nuam
1510 287 1734 322 custodiebant
1752 311 1764 328 ‚
1798 291 1936 332 aptiores
1958 286 2050 324 fuisse
2073 310 2084 326 2
2122 301 2186 322 non
2208 289 2327 327 dubito
2350 318 2360 327 .

1394 331 1571 367 Consentit
1595 341 1702 366 autem
1725 333 1923 375 pervetustus
1946 356 1957 371 ,
1979 330 2297 375 doetfsqueArtifex
2319 336 2361 371 fi·-

1394 374 1529 407 mulacri
1554 375 1733 415 Vaticani,
1755 378 1811 417 qui
1836 386 1872 409 ut
1894 374 2046 408 moribun
2073 386 2123 408 am
2148 376 2360 421 Cleopatram

1392 418 1495 460 perite
1518 418 1663 460 expreffit
1698 417 1786 461 quasi
1812 418 1935 461 placide
1965 419 2184 460 dormientem
2207 444 2217 460 ,
2234 451 2237 453 .
2253 423 2299 455 ita
2329 426 2360 459 ὃς
2378 438 2389 450 ·

1353 495 1356 499 ,
1393 462 1523 494 brevem
1546 460 1688 503 aspidem
1712 461 1845 497 brachio
1868 460 2016 505 adjunxit
2037 484 2047 499 ‚
2080 462 2173 504 eique
2196 463 2322 499 sinistro
2346 488 2358 505 ,

1390 503 1506 545 credo,
1533 505 1595 539 hoc
1618 516 1748 548 quoque
1770 517 1786 538 a
1809 505 1915 548 prisco
1948 505 2060 547 aliquo
2083 506 2246 548 Scriptore
2278 510 2361 543 acci-

1386 549 1474 589 piens
1503 570 1516 588 ,
1552 560 1569 581 a
1591 559 1659 590 quo
1681 552 1712 582 &
1735 548 1871 582 Orosius
1895 553 1906 588 (
1928 560 1945 582 c
1968 553 1978 587 )
2003 548 2188 583 Historicus
2211 552 2359 596 alioquin

1386 591 1491 626 saeculi
1514 592 1643 634 quinti,
1667 591 1795 627 videtur
1819 591 1988 635 accepisse.
2015 592 2142 626 Verum
2165 593 2227 628 five
2250 606 2298 630 res
2323 596 2362 630 ad

1390 646 1462 669 eum
1489 635 1622 669 modum
1654 635 1685 668 se
1716 636 1891 676 habuerit,
1923 634 1987 669 five
2009 657 2021 675 ,
2055 645 2089 669 ut
2124 636 2178 669 alii
2211 636 2360 674 ferebant:

1392 678 1476 721 apud
1500 680 1634 713 eundem
1660 678 1870 713 Plutarchum
1893 681 1907 718 (
1927 679 1947 711 d
1969 682 2009 719 ),
2025 677 2155 725 serpata
2177 680 2260 724 aspis
2291 683 2360 717 fue-

1391 724 1434 756 rit
1458 724 1490 755 in
1512 722 1585 764 vase
1609 723 1738 764 quodam
1762 722 1880 764 inclusa
1894 748 1903 762 ,
1926 723 1969 756 ἔθ’
1988 732 2045 763 per
2062 719 2200 764 fistulam
2233 735 2360 760 auream

1388 778 1405 800 a
1429 766 1590 808 Cleopatra
1610 773 1801 808 provocata,-
1823 766 1978 799 utralibet
2002 767 2146 798 narratio
2167 779 2207 799 eo
2230 768 2362 803 demum

1387 810 1492 843 tendit
1513 833 1522 847 ,
1559 819 1594 842 ut
1619 809 1720 852 aspidi
1743 809 1771 842 se
1805 809 2014 843 mordendam
2046 809 2230 851 praebuiffe‚
2254 813 2360 846 cense-

1388 863 1479 886 rent.
1503 852 1605 886 Vides
1627 854 1754 894 igitur,
1778 862 1814 886 ut
1836 864 1907 895 quae
1931 852 2142 892 Plutarchus,
2168 854 2287 898 aliique
2311 868 2360 890 re-

1387 897 1521 936 ferunt,
1544 906 1618 930 cum
1641 898 1681 929 iis
1704 906 1883 939 congruant
1906 908 1978 939 quae
2002 895 2149 937 Velleius
2167 920 2177 935 ,
2202 907 2300 941 atque
2325 911 2361 933 a-

1388 941 1447 980 lii,
1468 940 1567 974 initio
1590 941 1731 976 laudati,
1755 939 1956 974 tradiderunt
1970 963 1977 970 .
2006 940 2214 983 Eandemque
2236 943 2361 977 senten-

1388 986 1470 1017 tiam
1494 984 1553 1017 fibi
1577 985 1676 1026 magis
1701 981 1851 1025 placuisse
1866 1007 1875 1023 ,
1898 984 1971 1017 satis
1982 982 2145 1023 ostendit,
2168 996 2264 1026 quem
2281 997 2361 1028 pau-

1387 1028 1423 1061 lo
1448 1037 1520 1061 ante
1544 1027 1762 1061 memorabam
1781 1050 1793 1067 ,
1827 1027 1903 1060 libri
1934 1027 1974 1061 de
1996 1027 2160 1060 Theriaca
2183 1030 2197 1067 (
2217 1039 2232 1061 e
2254 1032 2268 1067 >
2291 1032 2358 1064 Au.

1387 1072 1476 1105 stor.
1502 1072 1573 1107 Qui
1597 1069 1660 1104 five
1681 1071 1823 1104 Galenus
1846 1071 1931 1108 fuit,
1956 1071 2021 1103 five
2045 1072 2125 1104 alius
2149 1071 2267 1107 Galeni
2291 1085 2361 1107 cer-

1387 1123 1417 1147 te
1441 1124 1750 1157 contemporaneus,
1775 1123 1810 1147 ut
1834 1115 1890 1156 qui
1913 1124 1971 1147 non
1994 1113 2105 1147 multis
2126 1122 2198 1148 ante
2212 1114 2249 1157 se
2270 1118 2360 1159 annis

1378 1157 1475 1202 fuiffe
1498 1157 1785 1195 Andromachum,
1811 1156 1928 1191 scribat
1949 1155 2008 1200 (f
2024 1161 2060 1196 ),
2083 1160 2227 1191 Marcum
2252 1157 2360 1193 autem

1388 1202 1590 1235 Antoninum
1623 1201 1718 1243 paulo
1751 1208 1823 1233 ante
1847 1204 2019 1241 Romanum
2051 1201 2216 1241 imperium
2232 1202 2358 1244 summa

1387 1247 1571 1287 integritate
1594 1243 1811 1287 administraffi
1834 1245 1886 1287 (g
1908 1247 1943 1282 ).·
1967 1255 2032 1277 non
2055 1243 2099 1277 est
2124 1256 2139 1277 a
2163 1245 2259 1278 nobis
2281 1258 2361 1279 con-

1388 1288 1602 1328 temnendus,
1626 1297 1662 1323 ut
1685 1296 1762 1331 pote
1782 1288 1861 1330 qui,
1885 1286 1908 1320 fi
1930 1297 2059 1321 aetatem
2081 1286 2199 1329 spec'tes
2223 1312 2233 1328 ‚
2259 1300 2361 1330 neque

1390 1334 1498 1367 Dione
1520 1331 1628 1374 junior
1652 1357 1662 1373 ,
1695 1342 1752 1365 nec
1775 1340 1867 1364 tanto
1889 1330 2027 1372 denique
2052 1330 2228 1365 Plutarcho
2252 1332 2362 1374 poste-

1390 1378 1457 1410 rior
1481 1375 1548 1410 fuit
1573 1401 1582 1416 ,
1617 1375 1739 1418 quippe
1763 1376 1941 1417 imperante
1964 1374 2134 1409 Hadriano
2168 1377 2201 1408 &
2231 1375 2364 1411 Plutar-

1388 1419 1487 1454 chum
1511 1419 1643 1458 vixisse,
1666 1417 1884 1453 &—Galenum
1909 1416 1968 1452 esse
1991 1428 2126 1456 natum,
2149 1418 2270 1453 constat
2293 1433 2303 1457 3
2338 1420 2362 1454 si

1388 1475 1466 1497 vero
1490 1463 1718 1506 experientiam
1744 1463 1887 1497 attendas
1908 1482 1918 1499 ,
1940 1473 2021 1495 unus
2044 1474 2083 1495 ex
2105 1463 2257 1496 omnibus
2279 1475 2362 1507 quos

1387 1509 1627 1550 produximus,
1648 1505 1765 1540 diserte
1790 1507 1857 1548 ait,
1879 1514 1916 1539 ut
1939 1505 2031 1549 supra
2056 1504 2144 1549 (h)
2167 1506 2272 1549 legisti
2295 1529 2307 1546 ,
2333 1507 2362 1541 se

1384 1549 1592 1585 Alexandriae
1616 1550 1698 1592 saepe
1720 1547 1853 1590 vidisse,
1875 1549 2042 1591 quomodo
2060 1571 2074 1589 ,
2099 1551 2131 1582 ἆ
2154 1561 2253 1592 quam
2275 1552 2361 1585 cele-

1383 1595 1465 1627 riter
1487 1593 1688 1627 interficiant
1711 1591 1851 1628 admotae
1875 1593 1999 1634 aspides
2025 1617 2033 1624 .
2068 1592 2142 1627 Nec
2163 1595 2241 1636 quia
2264 1604 2363 1638 ptya-

1385 1637 1425 1671 de
1446 1648 1460 1677 ;
1489 1636 1578 1679 quod
1612 1646 1720 1670 tamen
1744 1637 1784 1669 ab
1818 1637 2019 1679 superiorum
2043 1638 2170 1670 nemine
2203 1639 2363 1673 traditum

1386 1682 1524 1719 inveui;
1547 1679 1634 1715 usam
1657 1679 1717 1714 esse
1740 1680 1951 1724 Cleopatram
1976 1703 1990 1721 ,
2022 1679 2160 1720 scribit,
2183 1680 2218 1714 id
2242 1693 2279 1715 eo
2303 1692 2364 1715 vo-

1386 1724 1475 1758 luisle
1499 1723 1641 1762 facttum,
1664 1723 1846 1766 intelliges,
1869 1733 1905 1758 ut
1931 1736 1949 1757 a
1971 1724 2090 1765 ptyade
2114 1724 2362 1766 conspueretur3

1387 1768 1510 1800 tardius
1532 1767 1615 1800 enim
1640 1766 1715 1799 inde
1736 1777 1820 1799 mors
1841 1766 2060 1809 consequitur,
2083 1775 2120 1800 ut
2133 1766 2298 1808 proditum
2323 1769 2364 1801 ab

1386 1811 1487 1843 Aetio
1511 1813 1521 1848 ζ
1545 1810 1558 1843 i
1579 1814 1590 1849 )
1614 1811 1678 1850 est,·
1702 1809 1753 1843 sed
1767 1819 1803 1842 ut
1828 1810 2051 1849 morderetur;
2074 1821 2148 1843 nam
2171 1811 2364 1850 &mordet‚

1392 1863 1428 1886 ut
1452 1853 1538 1890 idem
1579 1854 1711 1897 subjicit
1730 1875 1744 1892 ,
1774 1855 1806 1885 &
1839 1852 2016 1887 mordendo
2037 1873 2046 1889 ³
2082 1862 2119 1887 ut
2141 1854 2285 1889 Galenus
2317 1857 2365 1889 ait

1393 1896 1479 1939 apud
1504 1896 1641 1931 Paulum
1663 1898 1682 1940 (
1699 1895 1717 1935 l<
1730 1896 1750 1939 )
1775 1895 2108 1931 celerrimammortem
2131 1897 2268 1931 inducit.
2292 1899 2366 1933 Imo

1394 1940 1455 1974 nisi
1481 1938 1566 1982 forte
1593 1941 1709 1977 Paulus
1733 1939 1836 1972 alium
1860 1941 2002 1983 aliquem
2033 1941 2068 1973 in
2104 1940 2197 1974 libris
2229 1943 2288 1984 qm·
2313 1944 2365 1975 in..

1394 1985 1619 2022 tei-ciderunt,
1643 1983 1800 2026 speetavit
1824 1984 1944 2017 Galeni
1968 1984 2077 2017 locum
2098 1995 2109 2022 3
2141 1984 2228 2020 hunc
2260 1986 2367 2027 ipsum

1395 2027 1433 2060 de
1458 2027 1619 2060 Theriaca
1643 2029 1764 2061 librum
1788 2038 1847 2069 pro
1870 2027 2032 2060 Galenico
2055 2025 2230 2070 habuerit,
2255 2029 2366 2063 neces-

1395 2071 1425 2104 se
1447 2068 1512 2108 est,
1536 2074 1567 2104 &
1589 2071 1665 2105 hinc
1690 2070 1859 2114 sumpserit
1891 2081 1962 2114 quae
1997 2079 2033 2104 ut
2057 2082 2073 2103 a
2096 2071 2224 2106 Galerio
2246 2072 2330 2107 diffta
2357 2094 2369 2111 ,

1395 2114 1573 2157 proponit,
1597 2113 1750 2149 videlicet
1775 2116 1838 2148 tria
1861 2114 1916 2148 illa
1941 2113 2084 2156 aspidum
2108 2125 2222 2156 genera
2244 2138 2256 2156 ,
2277 2119 2308 2149 δι
2332 2118 2368 2151 in

1398 2158 1449 2192 his
1484 2158 1614 2200 ptyadis
1634 2179 1647 2196 ‚
1678 2168 1714 2192 ut
1750 2156 1848 2200 sputo
1872 2157 1994 2193 diffitos
2026 2157 2209 2200 assequatur
2235 2184 2245 2199 ,
2275 2162 2368 2202 inge-

1399 2204 1515 2241 nium,
1539 2205 1570 2235 δε
1593 2202 1653 2236 hac
1676 2202 1705 2236 se
1729 2202 1933 2237 occidentem
1957 2202 2165 2243 Cleopatram
2190 2228 2197 2235 .
2222 2204 2370 2240 Utrobi-

1397 2257 1460 2287 que
1494 2246 1580 2279 enim
1617 2245 1685 2280 haec
1709 2245 1870 2280 habentur
1899 2268 1908 2280 .
1945 2246 2004 2279 Sed
2037 2246 2126 2286 quod
2151 2247 2186 2278 in
2219 2247 2307 2281 libro
2329 2248 2370 2282 de

1398 2289 1562 2323 Theriaca
1586 2291 1712 2332 Regina
1734 2290 1855 2324 dicitur
1870 2289 1934 2333 fibi
1957 2290 2108 2331 ptyadem
2132 2289 2312 2334 admovisse,
2337 2293 2370 2328 id

1398 2333 1518 2367 Paulus
1540 2333 1579 2367 de
1614 2333 1724 2369 morsu
1758 2333 1984 2375 accipiendum
2008 2331 2067 2366 esse
2087 2356 2097 2372 ‚
2132 2333 2204 2376 jure
2237 2336 2370 2378 quidem

1396 2378 1580 2421 meritoque
1603 2388 1667 2412 non
1691 2377 1854 2411 dubitavit
1875 2389 1888 2416 ,-
1919 2387 1992 2409 nam
2026 2376 2195 2410 admovere
2220 2402 2228 2418 ,
2261 2388 2295 2411 ut
2318 2382 2370 2413 in-

1396 2420 1521 2462 spueret
1543 2433 1615 2464 quae
1638 2422 1764 2456 eminus
1788 2421 1880 2454 solita
1904 2418 1944 2453 fit
1959 2420 2119 2459 ‚minime
2143 2421 2366 2458 necessarium.

1397 2464 1483 2501 Quae
1508 2476 1585 2498 vero
1610 2476 1687 2499 mox
1708 2465 1747 2499 de
1770 2465 1867 2498 celeri
1890 2463 2119 2498 damnatorum
2144 2465 2282 2499 interitu
2314 2479 2370 2510 per

1397 2508 1567 2541 admotam
1591 2509 1713 2552 peotori
1738 2508 1879 2551 aspidem
1904 2509 1938 2541 in
1960 2507 2073 2541 eodem
2096 2508 2181 2541 libro
2204 2506 2262 2542 illo
2295 2510 2370 2545 sub-

1395 2551 1577 2594 jiciuntur,
1599 2564 1635 2586 ea
1657 2550 1788 2586 fortasse
1812 2552 1927 2585 Paulus
1949 2562 2025 2585 cum
2049 2551 2269 2593 superioribus
2290 2565 2370 2588 con-

1397 2595 1552 2629 nectenda
1576 2596 1753 2630 arbitratus
1774 2620 1783 2636 ,
1807 2596 1971 2628 Pifiorum
1991 2618 2004 2635 ,
2034 2595 2304 2638 Sculptorumque
2329 2600 2369 2632 li.

1396 2640 1511 2671 centiae
1535 2647 1728 2681 praeeuntem
1751 2639 2076 2677 Galenuminduxit‚
2098 2638 2186 2680 quasi
2210 2639 2370 2681 Reginam

1396 2681 1587 2723 scripsisset,
1611 2683 1724 2726 ptyadi
1741 2681 1896 2724 finistram
1926 2691 2094 2714 mammam
2116 2681 2303 2727 admovisse,
2327 2686 2370 2718 (φ

1395 2725 1433 2758 ab
1455 2725 1512 2759 hac
1533 2725 1731 2768 commorsam
1748 2724 1888 2769 periisse.
1912 2724 2014 2765 Qud
2037 2735 2074 2757 ne
2086 2725 2270 2766 credamus,
2294 2729 2371 2763 Plu-

1395 2768 1549 2810 tarchus,
1573 2771 1605 2802 &
1627 2771 1696 2804 Dio
1721 2768 1844 2803 faciunt
1868 2791 1881 2808 ,
1912 2776 2063 2814 negantes
2084 2790 2093 2808 ,
2116 2778 2151 2801 ut
2175 2768 2266 2811 supra
2289 2774 2303 2810 (
2325 2772 2337 2805 l
2358 2776 2369 2812 )

1397 2813 1558 2849 vidimus,
1581 2815 1614 2846 in
1640 2821 1775 2848 mortuae
1799 2822 1937 2854 corpore
1961 2812 2085 2854 signum
2108 2812 2242 2854 usquam
2267 2815 2370 2850 ullum

1400 2855 1577 2899 apparuisse
1603 2858 1749 2897 veneni,
1781 2865 1895 2898 praeter
1927 2854 1994 2889 duo
2027 2856 2142 2897 exigua
2175 2857 2210 2889 in
2235 2857 2372 2893 brachio

1398 2900 1536 2943 pnmsta.
1560 2901 1644 2942 Qae
1668 2911 1715 2935 res
1738 2899 1776 2935 ad
1801 2898 1835 2933 id
1858 2900 1953 2932 etiam
1978 2898 2063 2945 valet
2083 2921 2095 2938 ,
2129 2907 2165 2932 ut
2188 2903 2308 2935 merito
2331 2904 2372 2937 ab

1399 2943 1512 2977 eodem
1535 2943 1612 2977 libri
1634 2944 1673 2978 de
1695 2943 1856 2979 Theriaca·
1877 2943 2017 2975 Auctore
2041 2943 2167 2975 fastum
2191 2942 2251 2978 esse
2274 2967 2283 2982 ‚
2316 2959 2372 2981 co·-

1397 2986 1588 3030 gnoscamus
1609 3010 1619 3025 ‚
1641 2999 1716 3023 cum
1742 2987 1836 3020 aliam
1858 2985 2067 3027 quorundam
2090 2988 2307 3025 narrationem
2332 2992 2373 3024 iis

1399 3031 1506 3065 verbis
1529 3032 1642 3066 retulit
1665 3043 1703 3066 ex
1726 3031 1843 3074 quibus
1863 3029 1924 3073 ipfi
1948 3032 2053 3063 minus
2086 3029 2258 3070 probatum
2283 3032 2342 3068 effe
2365 3061 2374 3076 ,

1399 3075 1612 3118 intelligimus
1633 3102 1642 3115 ‚
1665 3075 1704 3110 de
1727 3084 1835 3116 magno
1859 3072 2032 3111 videlicet,
2057 3084 2092 3106 ac
2119 3071 2271 3117 profundo
2299 3077 2372 3111 vul-

1401 3128 1491 3158 nere,
1513 3118 1602 3161 quod
1625 3118 1749 3153 brachio
1763 3119 1821 3162 suo
1842 3114 1986 3149 dentibus
2008 3115 2153 3151 intulerit
2174 3118 2350 3162 Cleopatra
2363 3147 2373 3162 ‚

1403 3165 1434 3194 &
1460 3162 1497 3195 de
1521 3170 1658 3204 veneno,
1682 3164 1760 3205 quod
1777 3161 1869 3203 prius
1891 3170 1929 3193 ex
1962 3158 2064 3202 aspide
2094 3170 2266 3202 paraverat
2289 3187 2297 3202 ,
2341 3167 2374 3198 in

1403 3207 1510 3247 pixide
1544 3208 1675 3248 quadam
1705 3205 1743 3238 ad
1769 3201 1805 3249 se
1836 3202 1934 3237 allato
1957 3228 1968 3245 ,
2012 3207 2042 3238 δε
2074 3214 2151 3239 mox
2184 3205 2213 3239 ei
2248 3206 2373 3243 vulneri

1406 3260 1438 3284 in
1456 3261 1474 3282 u
1492 3262 1508 3285 ο
1520 3273 1530 3280 .

1433 3248 1498 3337 {ig
1527 3295 1573 3329 At
1598 3294 1712 3337 exigua
1744 3292 1801 3326 ista
1824 3292 1858 3324 in
1879 3289 2016 3325 brachio
2039 3290 2154 3334 pune'ta
2177 3299 2214 3326 ut
2245 3292 2285 3326 de
2307 3306 2375 3330 ma-

1402 3349 1469 3379 gno
1493 3362 1503 3378 ,
1536 3336 1762 3380 profundoque
1796 3335 1926 3369 vulnere
1958 3335 2173 3369 narrationem
2197 3334 2372 3377 refellunt3

1401 3382 1442 3415 sic
1463 3404 1477 3423 ‚
1512 3382 1618 3424 inquis
1640 3404 1650 3419 ‚
1687 3379 1841 3422 aptissime
1871 3384 2056 3420 congruunt
2089 3389 2163 3412 cum
2188 3379 2249 3413 al-ia
2270 3404 2279 3421 ,
2302 3394 2374 3423 quae

1400 3424 1457 3458 etsi
1489 3436 1553 3459 non
1579 3424 1670 3466 ,apud
1702 3423 1843 3464 ejusdem
1878 3422 1955 3455 libri
1979 3422 2156 3456 Auctorem
2178 3446 2188 3464 ‚
2228 3433 2260 3457 at
2292 3426 2372 3468 apud

1398 3470 1543 3504 Dionem
1566 3471 1643 3507 (m)
1665 3477 1775 3507 extat,
1798 3466 1935 3501 aliorum
1947 3466 2148 3499 narratione.
2175 3467 2303 3501 Scilicet
2315 3480 2371 3502 acu

2265 3523 2327 3552 qua

430 3619 446 3648 (
461 3627 485 3642 m
501 3618 516 3649 )
534 3621 596 3653 Nat.
612 3619 673 3645 Hist.
690 3622 708 3644 l.
726 3627 764 3646 ιι.
780 3629 805 3646 c.
822 3629 863 3651 5³·
924 3624 940 3652 (
955 3633 970 3648 η
987 3625 998 3655 )
1013 3626 1070 3651 Vid.
1088 3628 1169 3653 Tacit„
1188 3630 1277 3654 Annal.
1294 3629 1311 3655 l.
1333 3636 1369 3659 13.
1432 3632 1446 3660 (
1462 3640 1476 3656 a
1491 3630 1499 3659 )
1517 3630 1542 3656 in
1557 3630 1666 3659 Append·
1685 3631 1735 3660 Post
1750 3631 1867 3655 Tenum·
1885 3636 1908 3658 5·
1926 3627 1955 3651 de
1972 3628 2066 3653 venen·

425 3650 441 3678 (
453 3657 470 3679 p
491 3650 572 3676 )Ηιίὶ,
588 3650 620 3684 de
635 3651 651 3674 ι’
668 3652 743 3675 Acad.
762 3654 794 3676 R.
811 3652 850 3678 des
868 3653 907 3678 Se.
922 3657 952 3679 A.
972 3662 1040 3685 1747·
1057 3658 1116 3683 Obs.
1135 3661 1206 3684 Anat.
1225 3668 1243 3684 r.
1304 3660 1314 3687 (
1333 3669 1347 3689 q
1363 3661 1411 3690 )1.
1429 3669 1466 3692 51·
1481 3661 1524 3686 cit.
1587 3661 1627 3689 (r
1643 3664 1651 3691 )
1668 3670 1695 3687 n.
1709 3670 1748 3691 44·
1810 3657 1870 3689 ss)
1888 3666 1913 3692 §¹-
1929 3665 1969 3687 40·

425 3681 439 3706 (
456 3686 467 3702 ’
485 3679 527 3707 )ε·
546 3688 581 3713 J7·
600 3681 728 3715 *ἌῐῑῘιῑΡΗι
744 3683 774 3705 ad
791 3691 814 3706 ¹¹·
831 3691 872 3713 3⁹·
932 3686 946 3714 (
962 3687 1002 3715 ul
1025 3688 1042 3713 l.
1060 3696 1097 3718 51-
1114 3689 1157 3715 cit.
1219 3692 1263 3720 (x
1280 3691 1289 3720 )
1308 3690 1365 3716 vita
1381 3693 1425 3717 cit.
1487 3690 1637 3722 ‹y)1bid.
1698 3692 1766 3722 (z)
1786 3690 1802 3715 l.
1820 3697 1857 3718 51-
1873 3694 1915 3714 cit.
1940 3718 1946 3722 ,
1977 3687 1992 3718 (
2006 3695 2022 3713 a
2042 3686 2087 3716 )e.
2105 3688 2131 3711 8-

426 3710 442 3767 ἓ
457 3707 472 3761 Ξ
488 3708 657 3769 ῗῃγιξϊλεῑιι
674 3719 694 3735 c.
712 3720 748 3736 20.
765 3712 832 3742 snpra
849 3715 879 3738 ad
894 3722 919 3739 n.
936 3721 977 3744 4¹.
993 3717 1037 3742 cit.
1097 3720 1111 3748 (
1127 3728 1139 3744 c
1158 3719 1166 3749 )
1181 3720 1303 3745 Historiar.
1322 3723 1340 3745 l.
1357 3726 1381 3747 6.
1398 3731 1420 3748 c.
1440 3730 1477 3751 17·
1536 3723 1550 3751 (
1567 3721 1582 3745 d
1600 3724 1609 3751 )
1626 3722 1680 3748 Vitfl
1699 3722 1741 3747 cit.
1802 3720 1816 3748 (
1831 3728 1843 3744 ²
1863 3720 1871 3748 )
1886 3726 1913 3752 θη
1926 3723 1969 3744 ‘²¹³¹
2030 3717 2046 3746 (
2059 3716 2074 3748 s
2087 3718 2101 3748 2
2115 3725 2138 3744 ε·
2155 3727 2177 3751 5·
2235 3719 2250 3749 c
2262 3726 2283 3751 g
2298 3721 2369 3752 2⁶¹2·

653 3742 668 3770 (
682 3743 692 3766 2*
707 3742 721 3772 )
737 3750 757 3768 c.
773 3751 813 3770 20.
829 3744 871 3769 cit.
931 3746 940 3774 s
957 3746 974 3771 k
989 3747 1003 3777 )
1018 3750 1054 3774 De
1072 3751 1108 3775 Re
1123 3751 1193 3777 Med.
1212 3753 1230 3777 Ι.
1248 3761 1268 3783 5-
1286 3759 1308 3778 c.
1329 3754 1364 3779 ιδ,

1425 3752 1641 3783 (l)n.40.41.
1702 3749 1938 3783 (m)l.5r.c1t.
