2498 4075
459 126 566 192 2:156

391 276 963 371 'EPISTOLA
998 282 2170 365 ANATOMICo-MEDICA
2204 284 2412 350 XLII.

755 448 929 505 'Verba
960 439 1194 503 fiuntdc
1231 446 1416 502 Urinae
1448 447 1802 514 Difficultate,
1838 448 2081 511 Ardore,

1136 514 1354 586 aliisque
1386 515 1515 582 ejus
1531 515 1673 569 vitiis
1686 552 1705 570 .

519 719 578 752 bus
603 717 726 761 reliqua
751 729 862 752 omnia
886 729 957 761 quae
979 718 1015 753 ad
1040 721 1204 755 mistionis
1227 722 1309 755 vitia
1339 719 1405 761 spe-

444 785 449 788 «
518 763 626 797 etant,
650 774 666 794 a
687 761 860 801 Valsalm,
883 771 938 796 aut
958 773 978 796 a
1002 774 1053 797 me
1073 763 1242 800 ,observata
1262 764 1405 807 comple-

390 806 519 841 demur
536 829 543 837 .
569 804 624 837 Ab
646 804 706 838 illo
729 804 797 839 haec
821 803 914 840 sunt..

445 858 476 881 2.
500 848 655 891 EQUES
679 847 730 881 sex
750 851 783 883 ,δι
807 848 1020 892 quadraginta
1044 860 1142 884 annos
1163 860 1259 886 natus
1280 872 1291 889 ,
1335 852 1407 894 pin-

393 891 471 933 guis
494 892 592 929 alias,
616 902 701 926 nunc
743 891 895 934 gracilis,
921 895 951 926 &
976 892 1085 927 colore
1129 906 1168 928 ex
1201 894 1287 929 flavo
1311 894 1407 937 palle-

395 933 529 972 scente,
552 935 596 968 ob
620 935 721 968 multa
737 958 746 973 ‚
772 937 802 968 δι
825 936 913 969 varia
937 936 971 969 in
994 937 1076 970 cibis
1096 960 1105 975 ,
1139 948 1232 972 motu
1255 965 1264 980 ,
1299 947 1405 972 atten-

391 675 624 788 Litteras
643 673 782 710 scribere
803 673 975 725 aggredior
996 675 1132 719 longas„
1152 683 1191 711 ut
1220 685 1300 720 pote
1331 675 1406 718 qui-

397 979 488 1011 tione
511 978 635 1017 animi,
661 979 788 1021 vigiliis
804 1000 814 1016 ‚
838 982 868 1013 &
891 981 1033 1013 venereis
1053 981 1149 1015 rebus
1172 991 1297 1021 errata,
1331 991 1410 1015 ante*

396 1032 496 1055 annos
519 1023 598 1057 οξὶο
620 1022 734 1058 multis
757 1033 909 1066 quoque,
930 1026 963 1059 &
988 1026 1084 1058 variis
1105 1025 1322 1059 incommodis
1352 1035 1406 1058 ve-

394 1066 464 1099 xari
486 1074 649 1108 coeperat.
675 1067 822 1101 Primum
846 1068 992 1102 omnium
1018 1079 1056 1101 ex
1099 1069 1278 1103 concubitu
1324 1080 1399 1101 cum

392 1109 550 1148 muliere,
574 1120 706 1143 venerea
729 1110 780 1143 lue
825 1109 942 1144 infeSta
957 1133 966 1148 ,
989 1112 1186 1153 gonorrhoea
1233 1120 1401 1154 correptus

385 1151 436 1186 rest
455 1178 464 1192 ,
485 1163 582 1195 quam
608 1165 648 1187 ex
670 1162 739 1189 ,arte
763 1163 907 1188 curatam
931 1155 1049 1192 altera,
1071 1167 1111 1190 ex
1133 1157 1242 1189 eadem
1276 1155 1368 1188 causa
1390 1177 1400 1193 ‚

391 1198 520 1238 excepit
542 1197 650 1231 multo
671 1197 823 1239 gravior.
849 1197 938 1231 Nam
962 1196 1055 1238 super
1078 1197 1216 1241 mejendi
1240 1199 1408 1236 dolorem,

400 1240 502 1274 urinae
527 1248 642 1282 praeter
666 1240 866 1274 voluntatem
890 1242 1056 1281 excretio,
1081 1242 1287 1285 purulentum
1312 1241 1409 1284 hujus

396 1282 635 1320 semmurum,
659 1285 835 1317 ventriculi
859 1284 939 1317 item
963 1283 1079 1325 dolor,
1105 1297 1139 1319 ac
1176 1287 1374 1319 vomitiones
1396 1308 1410 1326 ,

387 1327 517 1369 quibus
540 1337 773 1370 nonnunquam
798 1328 953 1361 vitulinas
975 1340 1104 1366 carnes,
1128 1339 1201 1363 ante
1222 1328 1290 1363 dies
1311 1330 1409 1370 quin-

390 1381 453 1412 que
476 1369 649 1409 comestas,
671 1372 807 1404 omnino
830 1371 1017 1405 immutatas
1041 1371 1231 1414 rejiciebat,
1264 1372 1395 1406 molesta

383 1423 475 1450 erant
499 1412 704 1450 vehementer
729 1439 736 1447 .
771 1414 1003 1451 Remediorum
1023 1427 1086 1459 ope
1111 1416 1151 1450 ab
1173 1416 1222 1452 his
1244 1416 1398 1450 omnibus

389 1457 569 1500 liberatus,
593 1457 664 1500 post
689 1457 822 1500 aliquod
845 1458 1049 1501 interjectum
1086 1468 1213 1502 tempus
1246 1470 1285 1493 ex
1314 1459 1399 1502 ejus-

389 1500 556 1535 demmodi
581 1501 760 1535 concubitu
785 1502 819 1534 in
845 1504 978 1536 tertiam
1000 1503 1118 1537 incidit
1141 1501 1373 1546 gonorrhoeam
1388 1526 1399 1543 ,

386 1545 541 1588 stipatam
566 1544 774 1587 spasmodicis
796 1545 830 1578 in
855 1546 1032 1589 mingendo
1051 1546 1241 1588 doloribus,
1267 1548 1399 1589 &vigi-

383 1589 441 1625 liis
467 1588 613 1623 affiduis.
638 1588 691 1622 Ad
715 1587 783 1621 haec
806 1588 963 1632 quidam,
1006 1589 1224 1631 condylorum
1268 1589 1365 1623 instar
1387 1612 1397 1628 ,

386 1643 532 1668 tumores
555 1631 746 1665 accesserant
771 1632 856 1666 intra
880 1645 996 1667 cavum
1020 1635 1158 1667 eXtremi
1182 1632 1324 1667 intestini
1348 1660 1357 1675 ‚
1381 1645 1400 1668 e

385 1677 509 1720 quibus
533 1675 571 1711 ad
595 1675 720 1719 aliquot
744 1674 979 1715 hebdomadas,
1017 1686 1113 1719 atque
1158 1678 1237 1711 adeo
1280 1676 1400 1711 menses

386 1720 517 1763 sanguis
541 1718 734 1753 reddebatur
755 1718 908 1761 quotidie
931 1720 969 1754 ad
993 1721 1163 1762 quinque,
1187 1728 1241 1754 aut
1267 1719 1318 1753 sex
1339 1731 1400 1754 un—

386 1765 476 1801 cias,
500 1773 535 1797 ut
560 1762 625 1807 jam
649 1773 733 1804 aeger
757 1762 1016 1807 quotiescunque
1061 1763 1224 1797 ambulare
1269 1763 1367 1796 vellet
1390 1787 1400 1804 ,

382 1808 420 1844 -in
444 1808 545 1841 animi
567 1807 709 1848 deliquia
733 1805 911 1840 incideret.
935 1808 1001 1841 Cui
1027 1806 1188 1848 sanguinis
1210 1805 1321 1840 fluxui
1346 1819 1402 1840 co-

385 1863 453 1888 mes
475 1860 542 1885 erat
565 1849 751 1888 diarrhoea,
775 1861 839 1890 qua
863 1850 962 1884 modo
986 1849 1095 1888 flava,
1121 1849 1218 1884 modo
1234 1850 1329 1884 aliter
1343 1862 1399 1884 co-

386 1897 491 1930 lorata
514 1894 750 1936 ejiciebantur.
776 1893 857 1929 Haec
881 1905 965 1927 nunc
991 1893 1171 1933 remiffior,
1195 1904 1279 1927 nunc
1304 1895 1400 1926 aucta

384 1940 426 1976 ad
450 1948 589 1973 mortem
613 1937 711 1980 usque
732 1936 941 1980 perduravit,
963 1946 999 1970 ut
1022 1936 1235 1980 purulentum
1268 1947 1400 1979 quoque

386 1983 466 2023 lotii
490 1982 725 2018 sedimentum‚
751 1982 783 2013 &
806 1981 924 2015 miffio
946 1979 1025 2022 saepe
1048 1991 1122 2014 cum
1154 1980 1266 2014 dolore
1288 2005 1298 2020 ,
1333 1978 1400 2014 fere

390 2036 499 2063 autem
522 2025 643 2067 semper
669 2034 782 2067 praeter
807 2024 1031 2061 voluntatemx
1054 2023 1144 2066 quod
1167 2022 1189 2057 fi
1211 2023 1331 2057 lotium
1355 2023 1400 2056 ob

390 2070 535 2109 materiae
558 2068 767 2103 tenacitatem
791 2066 952 2111 paulisper
975 2068 1010 2101 in
1055 2065 1155 2100 vesica
1201 2066 1359 2109 stagnaret
1386 2077 1399 2106 ,-

390 2112 645 2152 acerbiffimum,
669 2111 847 2153 praesertim
870 2111 948 2145 dum
973 2111 1097 2143 exitum
1120 2119 1259 2144 tentaret
1274 2134 1283 2150 ,
1301 2109 1400 2148 ,dolo-

390 2170 458 2197 rem
481 2158 608 2191 ciebat.
634 2157 717 2198 Qae
739 2156 851 2189 omnia
874 2165 950 2188 cum
973 2155 1078 2195 plures
1102 2163 1201 2187 annos
1213 2152 1372 2187 vexassent
1387 2175 1397 2191 ‚

393 2201 564 2246 pulsusque
587 2200 668 2233 celer
693 2198 813 2240 semper
836 2197 931 2238 esset,
954 2196 1126 2239 hequem,
1149 2199 1180 2230 δε
1215 2197 1364 2240 turgidus
1387 2207 1400 2236 ,-

391 2247 454 2282 alia
479 2255 587 2279 tamen
611 2243 741 2278 deerant
766 2242 853 2285 ligna
875 2252 947 2284 quae
971 2240 1094 2275 febrem
1116 2239 1216 2274 adesse
1239 2262 1249 2278 ‚
1280 2240 1401 2275 confir.

393 2299 541 2326 marent.
566 2286 690 2322 Diebus
713 2285 882 2320 dumtaxat
905 2293 977 2317 ante
999 2285 1129 2317 obitum
1153 2284 1286 2318 circiter
1319 2295 1400 2327 qua-

391 2334 546 2375 draginta
567 2342 644 2364 cum
668 2330 742 2363 aleae
765 2329 957 2370 indulgens,
984 2327 1166 2374 vigilaslet,
1189 2339 1336 2371 aegreque
1348 2336 1402 2361 tu-

395 2376 479 2413 lisset
524 2374 597 2408 inde
636 2373 759 2409 sfaffam
805 2373 1012 2415 pecuniarum
1037 2371 1219 2412 jacturam,
1242 2371 1401 2405 decubuit

395 2432 472 2458 cum
496 2420 647 2457 vomitu,
670 2419 701 2448 &
726 2416 838 2456 febre,
862 2426 934 2457 quae
958 2414 1022 2447 levi
1068 2424 1143 2448 cum
1188 2414 1347 2453 horrore,
1370 2415 1403 2446 δι

396 2476 471 2500 curn
495 2463 655 2507 gravitate
678 2460 795 2502 capitis
818 2457 992 2501 prodibat.
1025 2458 1163 2490 Interim
1196 2458 1325 2490 aucfftum
1359 2456 1403 2489 est

397 2509 501 2544 urinae
526 2505 760 2541 sedimentuin,
786 2503 936 2544 aufflque
970 2501 1004 2533 in
1030 2500 1205 2544 mingendo
1237 2499 1367 2533 dolores
1391 2521 1403 2539 ‚

397 2552 456 2596 qui
478 2550 579 2592 magis
606 2546 728 2588 semper
752 2546 915 2587 magisque
938 2543 1122 2583 saevientes,
1148 2542 1325 2586 singultum
1347 2555 1405 2575 ex-

398 2599 563 2631 citarunt,
589 2591 656 2625 Hic
679 2599 785 2623 tamen
811 2589 880 2632 post
906 2587 1026 2621 multos
1048 2586 1114 2621 dies
1160 2586 1281 2620 sedatus
1327 2586 1370 2620 est
1395 2607 1409 2624 ‚

398 2636 643 2680 erumpentibus
667 2634 788 2666 interea
813 2630 948 2675 pustulis
969 2632 1052 2665 circa
1077 2631 1163 2663 labra
1187 2652 1196 2667 ,
1229 2633 1261 2664 &
1294 2629 1406 2663 verisi-

400 2683 523 2719 militer
547 2679 586 2715 ad
610 2677 716 2711 fauces
739 2687 893 2720 quoque,
917 2683 952 2708 ut
976 2685 1121 2716 pungens
1143 2673 1181 2707 ad
1206 2684 1254 2707 eas
1276 2673 1371 2707 dolor
1393 2695 1407 2712 ,

402 2731 433 2762 &
455 2721 657 2767 deglutiendi
680 2719 875 2756 difficultas,
900 2720 931 2751 ὃ(
957 2716 1116 2752 viscidum
1140 2726 1299 2760 tenaxque
1334 2715 1407 2759 spu-

399 2780 471 2806 tum
494 2766 702 2802 indicabant.
728 2764 874 2797 Pruritus
899 2760 1028 2801 insuper
1050 2763 1084 2794 in
1107 2760 1293 2794 lumborum
1316 2771 1411 2798 cute,

401 2815 460 2857 qui
485 2811 654 2846 biennium
679 2808 807 2844 circiter
839 2806 917 2839 levis
960 2803 1091 2844 fuerat,
1124 2804 1293 2838 nonnullas
1338 2812 1411 2837 ante

402 2866 543 2892 mortem
567 2850 781 2888 hebdomadas
803 2860 926 2892 aegrum
950 2857 1021 2881 tum
1047 2848 1181 2889 saepius,
1213 2857 1283 2881 tum
1316 2846 1412 2881 vehe-

403 2901 544 2935 mentius
590 2895 781 2931 exercebant
805 2917 813 2925 .
849 2894 998 2935 Denique
1041 2891 1190 2925 redeunte
1236 2891 1379 2934 singultu
1400 2912 1412 2929 ,

403 2947 436 2980 βε
470 2940 696 2976 deficientibus
728 2938 762 2969 in
794 2937 861 2970 dies
907 2935 1054 2977 viribus,
1077 2934 1245 2969 convulsus
1289 2935 1375 2967 obiit
1399 2957 1408 2967 .

533 2981 774 3018 THORACE
798 2978 940 3018 recluso,
965 2980 1123 3021 quoniam
1146 2979 1271 3012 ultimis
1295 2977 1408 3026 diebus

404 3030 543 3065 alterum
565 3028 598 3059 in
624 3027 706 3060 latus
728 3021 892 3057 difficilius
914 3022 1054 3057 cubabat
1076 3037 1085 3061 ς
1129 3022 1296 3064 pulmones
1340 3021 1408 3054 iani

396 3066 535 3107 5nventi
560 3070 656 3109 sunt,
680 3068 701 3101 fi
728 3066 896 3100 nonnullas
922 3067 1062 3108 excipias
1087 3065 1242 3108 lapidosas
1277 3075 1410 3099 concre-

402 3119 507 3152 tiones
531 3114 684 3155 exiguas,
707 3112 739 3145 &
764 3110 819 3141 vix
840 3109 951 3151 dignas
974 3121 1045 3151 quae
1069 3109 1322 3156 adnotarentur.

403 3161 528 3194 Ventre
551 3166 658 3190 autem
683 3162 816 3197 aperto,
840 3164 926 3187 renes
959 3154 1097 3186 naturali
1132 3160 1230 3186 modo
1261 3152 1400 3186 minores

400 3198 568 3243 'conspecti
593 3200 685 3238 sunt,
709 3200 738 3231 δε
761 3196 900 3238 quadam
923 3196 1052 3229 insolita
1087 3195 1189 3238 figura
1235 3196 1365 3238 praediti
1389 3218 1399 3234 ,

404 3244 575 3289 pluresque
599 3243 741 3277 exterius
763 3240 817 3275 hic
841 3239 910 3274 illic
934 3241 1194 3280 protuberantias
1217 3239 1367 3273 habentes
1391 3261 1398 3268 .

400 3291 464 3326 Hae
508 3286 648 3322 diffeetae
693 3284 851 3319 saniosum
895 3281 1099 3318 ostenderunt
1132 3281 1325 3320 humorem,
1347 3281 1400 3315 cui

400 3341 510 3375 aperta
535 3338 601 3364 erat
624 3330 658 3362 in
684 3328 805 3372 pelvim
829 3325 973 3361 via.Sed
998 3328 1030 3359 in
1055 3325 1154 3360 vesica
1178 3329 1340 3361 urinaria,
1365 3327 1400 3358 in

397 3389 482 3419 qua,
509 3373 684 3417 praesertirn
706 3372 790 3404 circa
814 3370 882 3413 ejus
906 3369 1026 3403 collum
1042 3393 1049 3407 ‚
1082 3371 1227 3403 unanimi
1261 3369 1403 3414 plurium

398 3419 583 3454 :bonorum
604 3417 765 3450 Virorum
787 3413 962 3454 consensu,
986 3414 1078 3447 radix
1101 3413 1159 3448 esse
1195 3414 1301 3446 morbi
1336 3413 1404 3445 exi·

400 3462 589 3499 stimabatur
605 3482 614 3498 ‚
638 3459 724 3494 nihil
747 3458 879 3503 usquam
902 3459 1053 3502 apparuit
1098 3456 1309 3492 adnotatione
1352 3458 1403 3492 di-

472 3695 672 3726 <alobfi1m
733 3694 990 3726 (Β)ί“υρτι,η.α.

1108 3693 1123 3721 3
1138 3692 1211 3721 Epist.
1228 3700 1266 3720 ao.
1284 3699 1310 3722 ru,
1327 3699 1347 3721 ς.

461 3724 501 3756 {e
515 3727 528 3755 )
545 3728 649 3752 Earund.
664 3729 736 3754 cent.
754 3735 773 3753 ι.
792 3726 815 3752 ,δι
830 3734 851 3752 2.
867 3725 927 3751 obs.
947 3726 998 3751 186.

1454 687 1554 719 gnum
1569 699 1578 715 ‚
1603 684 1718 719 praeter
1738 675 1842 710 levem
1861 673 2026 719 quandam
2049 671 2245 709 abrasionem
2263 674 2354 711 eirca
2374 685 2451 711 urea-

1453 731 1559 756 .terum
1581 719 1731 755 crificia.
2328 741 2353 756 ψ

1503 776 1533 808 3.
1558 764 1787 799 Disseffitionern
1810 761 1892 796 hanc
1913 760 2065 795 Valsalva
2085 758 2203 803 insigni
2246 760 2306 797 esse
2351 762 2453 797 docu-

1459 817 1570 843 mento
1594 808 1705 850 posse,
1727 818 1784 840 nec
1806 806 1989 845 immerito,
2013 804 2159 839 censebat
2178 826 2188 842 ‚
2219 813 2257 838 ut
2290 807 2378 840 cauti
2409 803 2452 840 fir

1460 862 1529 887 mus
1551 853 1585 885 in
1608 849 1798 885 definiendis
1820 850 1962 887 morbis,
1988 847 2027 882 ad
2059 855 2164 891 partes
2194 849 2353 883 urinarias
2384 848 2454 891 spe..

1458 895 1642 935 flantibus,
1664 894 1784 937 quippe
1805 903 1946 936 quorum
1970 890 2149 934 diagnofis,
2185 891 2307 926 summa
2350 893 2454 927 etiam

1458 950 1523 973 arte
1567 935 1718 981 quaefita,
1740 947 1804 970 non
1832 935 1986 970 rariffime
2006 933 2106 968 fallax
2126 934 2194 975 est,
2218 936 2307 969 velut
2328 936 2364 969 in
2387 934 2452 971 hoc

1454 984 1527 1018 casu
1550 982 1639 1022 fuit,
1661 983 1692 1014 &
1716 982 1749 1014 in
1775 979 1839 1013 alio
1862 989 2012 1023 quoque,
2036 979 2075 1012 de
2096 989 2163 1019 quo
2185 978 2291 1021 ipsum
2313 977 2396 1013 mihi
2418 980 2455 1012 in

1454 1027 1541 1062 hunc
1566 1027 1698 1060 modum
1722 1022 1879 1063 narrasse,
1903 1023 2056 1057 memini.

1491 1071 1535 1113 4!
1547 1067 1796 1105 QUENDAM
1821 1067 1940 1104 urinae,
1955 1068 1995 1098 a&
2018 1064 2159 1107 partium
2181 1061 2258 1097 huic
2279 1063 2456 1099 inservien-

1450 1115 1533 1147 tium
1559 1113 1644 1145 vitio
1667 1112 1833 1147 laborare,
1856 1120 1925 1143 erat
1948 1109 2100 1142 omnibus
2124 1106 2346 1145 manifestum.
2383 1108 2445 1143 Sed

1457 1168 1532 1191 cum
1555 1155 1592 1188 de
1615 1155 1764 1194 renibus,
1787 1163 1841 1187 aut
1856 1154 1893 1187 de
1906 1153 2036 1196 regione
2060 1152 2175 1185 horum
2199 1150 2304 1192 nihil,
2327 1161 2382 1185 aut
2395 1153 2452 1184 vix

1459 1207 1648 1243 quereretur
1660 1212 1669 1236 3
1681 1207 1795 1231 contra
1806 1199 1846 1230 iis
1856 1197 1893 1231 ad
1906 1198 2041 1230 vesicam
2049 1195 2216 1229 doloribus
2227 1196 2432 1239 cruciabatur
2445 1219 2455 1234 ,

1461 1253 1498 1277 ut
1511 1243 1675 1285 quinque,
1700 1252 1754 1276 aut
1777 1240 1906 1274 sexnon
1928 1240 2033 1273 infimi
2056 1236 2198 1273 subsellii
2211 1238 2336 1273 Medici
2347 1239 2456 1272 morbi

1463 1287 1569 1321 sedem
1590 1288 1624 1320 in
1637 1285 1738 1320 vesica
1750 1283 1831 1322 esse,
1855 1294 1919 1317 non
1930 1283 2116 1320 dubitarent
2139 1305 2149 1314 .
2284 1283 2323 1316 M
2346 1283 2381 1315 O
2405 1282 2456 1315 R-

1461 1331 1496 1364 T
1520 1331 1556 1363 U
1581 1330 1596 1362 1
1640 1328 1787 1363 dissectio
1809 1327 1890 1361 nihil
1915 1326 2093 1370 quidquam
2124 1326 2198 1360 mali
2242 1326 2275 1359 in
2321 1308 2419 1359 &efica
2443 1335 2455 1363 ς

1449 1385 1582 1417 magnos
1605 1382 1734 1413 autem,
1756 1369 2122 1414 ramososquecalculos
2143 1370 2178 1403 in
2198 1369 2327 1404 renibus
2348 1368 2459 1403 osten-

1451 1419 1502 1453 dit
1524 1441 1533 1449 .

1495 1470 1525 1500 ς.
1550 1458 1632 1493 Vidi
1655 1471 1717 1503 ego
1740 1459 1799 1494 hos
1821 1458 1961 1493 calculos
1985 1469 2065 1500 quos
2099 1456 2250 1492 Valsalva
2297 1456 2381 1498 apud
2427 1454 2458 1490 se

1450 1504 1630 1539 retinebat.
1762 1505 1910 1545 Utraque
1933 1509 2041 1535 autem
2063 1500 2132 1535 haec
2155 1499 2287 1534 historia
2320 1499 2359 1533 ad
2389 1510 2458 1533 me-

1452 1549 1592 1584 moriam
1615 1545 1732 1589 redigit
1756 1549 1906 1585 tertiam,
1928 1556 2024 1588 quam
2048 1555 2087 1578 ex
2117 1543 2271 1578 Hardero
2314 1544 2458 1577 invenies

1452 1593 1583 1626 relatam
1607 1591 1641 1623 in
1656 1590 1865 1632 'Sepulchreti
1889 1590 2070 1623 Sectionem
2087 1610 2096 1626 ,
2143 1589 2183 1623 ad
2229 1595 2457 1629 argumentum

1451 1636 1514 1670 hoc
1537 1634 1682 1667 nostrum
1704 1633 1924 1674 metantem,
1947 1632 2057 1666 XXV.
2078 1633 2093 1671 (
2113 1640 2132 1663 a
2154 1634 2190 1670 ).
2213 1631 2293 1664 Erat
2324 1630 2456 1673 quidem

1452 1689 1531 1722 puer
1554 1676 1731 1717 trimulus;
1754 1677 1807 1710 sed
1828 1685 1866 1710 ut
1890 1678 1923 1709 in
1958 1674 2137 1718 mingendo
2169 1674 2330 1708 summum
2362 1673 2456 1707 dolo-

1451 1733 1521 1755 rem
1543 1718 1681 1762 gestibus
1704 1718 1938 1761 patefaciebat,
1963 1717 2004 1753 fic
2029 1718 2068 1753 ad
2092 1729 2178 1751 renes
2195 1740 2205 1756 ‚
2235 1717 2324 1760 quod
2368 1717 2456 1759 lega-

1452 1774 1524 1798 mus
1541 1789 1548 1802 ,
1572 1774 1738 1806 nunquam
1762 1763 1948 1797 indicabat.
1974 1763 2103 1800 Mitto,
2128 1760 2202 1795 huic
2226 1772 2380 1803 quoque,
2406 1770 2452 1801 ⁶ut

1452 1807 1573 1850 Equiti
1597 1807 1644 1840 illi
1666 1808 1680 1845 (
1704 1805 1722 1839 b
1745 1810 1780 1846 ),
1804 1816 1990 1850 perpetuam
2015 1803 2107 1839 fuiffe
2132 1802 2328 1837 diarrhoeam
2352 1825 2362 1840 ‚
2395 1815 2457 1844 pu-

1453 1852 1548 1885 stulas
1572 1861 1636 1883 non
1661 1849 1766 1883 multo
1789 1860 1862 1885 ante
1894 1858 2033 1883 mortem
2055 1871 2067 1887 ,
2098 1845 2323 1881 convulfiones
2357 1848 2459 1881 etiam

1450 1895 1486 1927 in
1512 1902 1641 1933 morte;
1661 1893 1779 1927 horum
1801 1895 1888 1927 enim
1911 1893 1973 1926 alia
1995 1895 2030 1934 in
2055 1891 2121 1924 alio
2144 1889 2205 1924 ess'e
2221 1891 2289 1929 ⁴alia
2312 1889 2350 1925 de
2383 1901 2460 1924 cau-

1452 1938 1483 1972 sa
1509 1936 1657 1979 possunt.
1682 1936 1757 1971 Hoc
1782 1936 1934 1974 attendo,
1957 1935 1989 1968 in
2011 1934 2109 1977 vefica
2132 1932 2213 1968 nihil
2230 1940 2344 1976 praeter
2366 1942 2462 1967 natu-

1451 1991 1519 2014 ram
1541 1978 1699 2022 observare
1722 1978 1862 2024 licuiffe;
1883 1982 1916 2014 in
1942 1990 2013 2013 rene
2037 1987 2146 2011 autem
2169 1976 2273 2010 altero
2295 1987 2361 2010 non
2386 1988 2458 2010 mo-

1451 2023 1496 2057 do
1519 2023 1655 2057 inclusas
1678 2023 1860 2058 carunculis
1874 2021 2093 2068 papillaribus
2116 2020 2259 2054 arenulas
2291 2020 2461 2063 copiosas,

1450 2066 1502 2101 sed
1526 2067 1687 2109 praecipue
1712 2075 1784 2100 ante
1807 2068 1942 2100 ureteris
1963 2064 2082 2099 ostium
2106 2063 2199 2097 {uisse
2221 2062 2376 2098 calculum
2409 2063 2463 2097 ob-

1451 2109 1602 2152 longum,
1624 2109 1859 2150 acuminatum,
1875 2109 1978 2153 filicis
1999 2108 2139 2147 duritie,
2162 2105 2349 2140 membranis
2372 2114 2462 2141 tena-

1451 2154 1531 2187 citer
1555 2151 1756 2192 involutum;
1777 2152 1867 2192 five,
1892 2162 1929 2187 ut
1954 2152 2023 2194 ipse
2047 2153 2081 2184 in
2120 2148 2251 2184 Scholio
2295 2150 2462 2185 Harderus

1450 2196 1614 2238 explicat,
1637 2197 1720 2230 renis
1741 2196 1929 2231 membranis
1953 2193 2359 2238 tenuiffimisimplicitum3
2383 2205 2462 2236 quas

1452 2238 1589 2273 lancem
1605 2238 1752 2283 separare
1775 2239 1884 2285 neceffe
1906 2237 2037 2273 habuit.
2064 2238 2137 2271 Sive
2161 2237 2263 2279 igitur
2287 2249 2303 2270 a
2327 2239 2459 2271 renibus

1453 2282 1492 2315 ad
1517 2281 1650 2315 vesicam
1675 2293 1730 2323 per
1752 2285 1956 2317 continuatas
1982 2290 2145 2315 ureterum
2169 2281 2367 2314 membranas
2390 2303 2400 2319 ‚
2424 2290 2463 2315 ut

1455 2325 1532 2359 alias
1555 2329 1597 2364 (c)
1622 2327 1787 2364 diximus,
1812 2327 1956 2361 irritatio
1969 2325 2015 2358 ibi
2028 2324 2226 2361 sensibilior,
2254 2324 2309 2357 ubi
2323 2323 2463 2362 desinit,

1454 2377 1680 2412 propagetur,
1705 2369 1769 2401 sive
1792 2372 1902 2413 potius
1926 2370 1960 2402 in
1986 2368 2035 2403 his
2057 2367 2181 2402 cafibus
2205 2368 2367 2408 arenulae,
2388 2376 2467 2409 aut,

1455 2411 1544 2455 quod
1569 2413 1672 2454 prima
1697 2411 1832 2447 historia
1856 2424 1913 2454 per
1936 2414 2038 2446 levem
2056 2413 2142 2446 circa
2165 2420 2327 2445 ureterum
2372 2411 2463 2444 orifi-

1454 2457 1503 2488 cia
1528 2453 1723 2490 abrasionem
1746 2456 1894 2497 indicat,
1919 2467 2003 2491 acres
2027 2457 2169 2490 materiae
2192 2456 2226 2487 in
2249 2453 2385 2488 vesicam
2408 2454 2465 2488 de-

1456 2498 1628 2536 scendant5
1650 2499 1698 2532 ibi
1723 2498 1917 2534 subsistendo
1939 2501 1987 2533 ita
2010 2498 2092 2533 hanc
2114 2498 2289 2538 vellicant,
2311 2507 2348 2531 ut
2369 2496 2466 2531 dolo-

1460 2552 1529 2582 res,
1553 2541 1732 2583 praesertim
1753 2543 1832 2576 dum
1863 2543 1893 2576 se
1923 2542 1962 2577 ad
1994 2542 2204 2585 mingendum
2237 2542 2431 2583 constringit
2453 2565 2463 2580 ‚

1461 2584 1654 2618 acerbiffimi
1678 2587 1848 2619 oriantur.
1983 2587 2150 2619 Acerrima
2174 2586 2245 2618 sane
2280 2586 2412 2618 materia
2446 2597 2465 2618 e

1461 2627 1596 2662 corrosis
1629 2625 1758 2663 renibus
1802 2630 1837 2662 in
1883 2628 2019 2663 vesicam
2042 2627 2211 2668 delabens,
2234 2627 2318 2663 hanc
2341 2630 2411 2668 ita,
2433 2631 2465 2662 &

1458 2673 1622 2714 proximas
1645 2682 1750 2715 partes
1774 2673 1807 2705 in
1830 2674 1903 2706 viro
1925 2673 2070 2716 quodam
2094 2671 2252 2706 afficiebat
2270 2695 2284 2713 ,
2314 2681 2355 2707 ,ut
2388 2683 2465 2706 cum

1458 2714 1554 2749 dolor
1577 2717 1609 2748 in
1633 2716 1754 2749 lumbis
1777 2726 1841 2750 non
1867 2716 2011 2760 semper,
2032 2725 2068 2750 ut
2091 2718 2124 2749 in
2150 2713 2270 2755 vesica,
2295 2717 2466 2758 perstaret,

1462 2759 1624 2800 omniaque
1643 2758 1727 2801 praes(
1737 2761 1803 2792 ntis
1825 2761 1859 2793 in
1882 2760 1941 2794 hac
1984 2758 2097 2793 calculi
2133 2758 2221 2801 figna
2265 2759 2432 2793 induceret
2454 2784 2465 2800 ‚

1463 2801 1595 2836 Medico
1617 2801 1670 2834 el.
1696 2803 1899 2845 Hortingero
1922 2803 1976 2847 (d
1998 2806 2008 2841 )
2033 2804 2067 2837 de
2089 2801 2229 2844 ejusdem
2252 2801 2366 2837 calculi
2397 2804 2466 2836 exi-

1455 2845 1571 2887 stentia
1593 2843 1714 2879 nullum
1737 2854 1905 2881 remaneret
1926 2844 2074 2881 dubium.
2098 2845 2203 2889 Cujus
2225 2854 2333 2880 tamen
2357 2847 2465 2880 calcu-

1465 2889 1489 2921 li
1513 2890 1546 2922 in
1570 2890 1695 2923 mortui
1720 2888 1821 2924 vesica
1845 2902 1883 2925 ne
1907 2890 2078 2932 vestigium
2102 2890 2233 2933 quidem
2257 2888 2321 2923 fuit
2346 2904 2370 2920 .’
2401 2891 2466 2923 At-

1464 2944 1527 2975 que
1549 2941 1586 2966 ut
1611 2934 1710 2975 magis
1735 2932 1840 2976 magis
1861 2946 1897 2968 ue
1921 2933 2082 2976 intelligas
2104 2955 2114 2971 ‚
2143 2943 2241 2976 quam
2288 2931 2385 2966 facile
2428 2935 2464 2968 in

1460 2975 1601 3017 dysuriae
1624 2976 1716 3011 causa
1738 2945 1955 3018 dignoicenda
1979 2988 2083 3011 errare
2106 2976 2281 3018 poffimus;
2325 2975 2464 3011 duarum

1460 3019 1687 3054 Matronarum
1710 3019 1857 3054 historias
1879 3020 2021 3063 inspice,
2044 3021 2175 3054 alteram
2223 3031 2241 3053 a
2285 3019 2465 3054 Schrockio

1460 3062 1512 3105 (e
1533 3066 1571 3102 ),
1597 3063 1729 3097 alteram
1752 3075 1768 3097 a
1791 3063 1958 3106 Bonfiglio
1981 3063 2067 3107 (f)
2105 3063 2237 3105 scriptas
2261 3087 2268 3095 .
2320 3064 2465 3097 Primam

1460 3105 1592 3148 dysuria
1615 3107 1788 3149 torquebat
1811 3119 1884 3141 cum
1908 3108 2072 3148 tenesmo,
2095 3107 2261 3141 doloribus
2285 3106 2320 3140 in
2354 3108 2438 3150 pube
2453 3129 2465 3150 ‚

1453 3152 1484 3184 δε
1507 3151 1599 3183 urina
1623 3152 1715 3193 quasi
1738 3151 1864 3190 lastea3
1888 3150 2059 3185 secundam
2081 3150 2210 3194 dysuria
2246 3151 2286 3184 ab
2327 3150 2459 3185 ineunte

1449 3203 1566 3234 mate,
1590 3204 1663 3227 cum
1688 3195 1779 3227 urina
1802 3194 1964 3229 interdum
1986 3194 2239 3238 ejusdemmodi,
2262 3193 2462 3236 cuidenique

1446 3236 1542 3278 plura
1559 3234 1696 3279 frustula
1709 3234 1828 3280 foliata
1852 3237 2000 3281 adjuncta
2025 3239 2118 3277 sunt,
2142 3250 2214 3281 quae
2236 3248 2300 3271 non
2315 3236 2378 3270 fine
2388 3248 2461 3279 gra-

1453 3279 1570 3314 viffimi
1582 3278 1731 3322 ponderis
1746 3279 1835 3315 sensu
1845 3306 1854 3321 ‚
1869 3281 1980 3315 dolore
1994 3305 2002 3320 ‚
2013 3294 2048 3315 ac
2059 3281 2171 3317 ardore
2184 3280 2434 3316 extrudebantur
2447 3305 2459 3314 .

1456 3323 1495 3355 In
1509 3333 1620 3357 neutra
1633 3332 1739 3357 tamen
1754 3324 1933 3359 ullavesicae
1947 3325 2031 3359 labes
2052 3328 2184 3360 inventa
2208 3325 2274 3364 est,·
2303 3323 2354 3357 sed
2373 3326 2460 3361 renis

1455 3367 1629 3401 alteriusin
1642 3366 1796 3409 secunda,
1820 3369 1907 3403 intus
1920 3371 2052 3408 vitiati,
2075 3372 2106 3404 &
2126 3369 2170 3403 ob
2190 3368 2316 3402 aueum
2338 3367 2458 3403 molem

1455 3421 1492 3443 ex
1519 3410 1569 3444 sua
1592 3409 1662 3444 sede
1687 3412 1846 3454 prolapsi,·
1869 3414 1903 3446 in
1927 3416 2028 3455 prima
2052 3422 2158 3447 autem
2181 3414 2293 3454 ingens
2318 3410 2456 3444 scirrhus

1453 3457 1510 3499 qui
1534 3464 1638 3489 totam
1661 3453 1725 3488 fere
1749 3456 1868 3499 pelvim
1890 3468 2072 3502 occupans,
2096 3460 2128 3491 δε
2151 3455 2257 3491 veficae
2278 3452 2378 3489 fundo
2404 3453 2458 3488 ad.

2301 3507 2414 3538 natus,

1456 3600 2466 3618 .—-———-———-—————————-—-———-—‘—n—;

1052 3693 1066 3723 (
1081 3701 1093 3717 c
1408 3692 1422 3720 c
1436 3691 1453 3715 d
1467 3692 1481 3721 )
1496 3691 1556 3722 Eph.
1574 3692 1606 3716 N.
1623 3692 1652 3717 C.
1669 3691 1724 3716 Dec.
1745 3698 1766 3721 3.
1782 3693 1812 3716 A.
1831 3699 1854 3718 9.
1870 3691 1893 3717 δι
1911 3698 1946 3717 ιο,
1964 3688 2024 3717 obs.
2043 3697 2096 3723 ²3²³

1059 3723 1102 3755 (f
1113 3724 1127 3753 )
1145 3723 1247 3749 Earund.
1264 3724 1334 3749 cent.
1352 3729 1375 3753 9.
1391 3722 1450 3748 Obs.
1465 3731 1488 3754 4.
