2498 4075
362 243 725 290 hvpochondriacumi
759 239 872 273 nimiis
895 259 908 277 ,
942 240 974 270 &
1021 237 1178 281 affiduis,
1222 239 1373 272 inanibus

360 285 397 325 ui
421 289 599 332 plurimum
624 309 634 325 ‚
671 284 810 327 querelis
842 292 953 316 eorum
988 282 1092 316 aures'
1112 281 1177 324 jam
1200 283 1259 319 diu
1283 281 1371 315 lassa.

358 345 393 369 re
415 333 546 367 solitum
568 354 578 369 ‚
612 340 686 362 cum
712 327 797 361 idem
815 352 824 367 ,
848 325 929 359 febri
954 333 1122 366 correptus
1146 324 1287 362 faceret,
1311 323 1371 366 ipfi

358 386 464 412 autern
488 399 499 416 ,
528 383 564 408 ut
588 371 821 407 consueverant
844 392 857 409 ,
890 368 997 401 minus
1019 368 1206 409 crederent,
1231 368 1372 402 febrem-

359 432 423 463 que
445 420 538 452 illam
561 424 808 451 contemnerent
833 434 842 449 ‚
877 422 967 444 antea
993 411 1121 453 ipsum,
1144 411 1264 446 doloso
1283 422 1372 445 mor-

355 464 400 498 bo
433 460 620 496 confectum
644 481 654 496 ‚
693 455 847 491 deceffiffe
870 478 880 491 ‚
912 466 1009 497 quam
1057 455 1110 488 illi
1155 455 1336 498 periculum
1359 475 1370 491 ‚

355 517 420 540 non
442 505 518 540 dico
543 502 756 546 praedicerent
778 521 790 540 2
822 497 875 533 sed
899 497 1121 543 praesentirent
1144 522 1154 534 .
1187 500 1245 533 Tu
1267 498 1370 540 igitur

957 161 1111 215 Liber
1128 161 1233 217 3111.
1267 159 1348 212 De
1380 158 1587 213 Morbis
1609 155 1844 210 “Ven't'ris’

1423 236 1476 270 vel
1509 237 1542 268 in
1565 236 1710 278 querulis
1736 233 1916 269 istiusmodi
1949 233 2115 277 personis,
2138 237 2289 274 cautam}
2312 243 2348 271 uu
2373 233 2424 269 so-

1421 280 1483 317 les,
1511 282 1542 313 &
1563 289 1740 313 accuratam
1762 277 1966 320 diligentiam
1989 280 2162 313 retinebis.
2185 277 2316 320 Neque⁴
2331 279 2419 311 enirn

1422 322 1490 357 haec
1515 333 1684 365 unquam;
1718 323 1912 365 negligentia
1949 331 2053 355 autem
2073 322 2153 364 saepe
2185 323 2297 355 nocuit
2322 334 2332 353 .·
2366 321 2423 356 cui

1422 367 1612 409 plerumque
1636 389 1645 404 ,
1680 365 1701 398 si
1736 377 1808 399 vera
1843 363 1938 397 fateri
1976 366 2124 400 volumus
2148 390 2158 405 ,
2194 364 2421 406 imputandum

1413 410 1485 496 ῗζὶ,
1506 409 1599 451 quod
1613 409 1773 487 *mesrifztur
1794 407 1911 450 aliquis
1933 429 1945 446 ‚
1973 407 2008 442 de
2030 419 2088 450 quo
2121 408 2263 444 Medicus
2290 408 2418 452 securus

1436 453 1487 487 uit
1511 456 1525 495 (
1546 463 1566 486 n
1587 455 1621 492 ).
1681 463 1696 485 a
1712 463 1750 486 e.
2089 453 2092 456 ⁴

384 704 891 796 EPISTOLA
939 686 2080 790 ANATOMICO-MEDICA
2139 722 2414 786 XLVI-6

581 863 764 916 Sermo
800 864 871 917 est
905 861 967 913 de
1002 845 1226 911 Veneris
1256 857 1688 927 impedimentis,
1720 861 1775 913 &
1809 855 2093 912 sterilitate
2127 858 2183 911 in

1175 939 1402 993 utroque
1436 928 1601 982 Sexu.

461 1062 535 1095 TSI
569 1072 640 1105 quae
673 1060 822 1104 proxima
855 1056 996 1093 succedit
1027 1057 1225 1099 Sepulchreti
1259 1058 1366 1091 Sefflo

474 1106 636 1139 XXXIV.
662 1116 728 1139 non
752 1117 785 1138 ea
810 1103 908 1138 modo
923 1113 994 1143 quae
1007 1100 1046 1133 ad
1057 1102 1271 1135 sterilitatem
1295 1101 1366 1143 spe—

475 1150 562 1182 c'lant
586 1170 596 1186 ‚
629 1147 682 1182 sed
707 1152 738 1181 &
761 1160 795 1181 ea
818 1159 891 1188 quae
921 1145 965 1191 vacl
1000 1144 1206 1181 Salacitatem
1231 1166 1240 1182 ,
1273 1156 1365 1178 com,

354 1193 514 1235 plectitur
537 1206 547 1230 ς
580 1193 676 1226 nobis
700 1202 808 1226 tamen
832 1192 866 1223 in
890 1189 954 1221 illis
985 1186 1119 1230 quidem
1134 1213 1138 1215 a
1153 1189 1286 1221 imitari»
1303 1188 1366 1221 Bo-

351 1246 465 1270 netum
498 1237 639 1278 placet;
674 1237 707 1268 in
741 1235 792 1268 his
825 1244 903 1266 vero
925 1242 983 1264 nec
1017 1229 1199 1273 quidquam
1223 1231 1364 1273 suppetit

351 1279 443 1322 quod
469 1277 671 1322 proferamus
696 1304 705 1318 ‚
740 1279 771 1310 &
806 1276 955 1319 qua->dam
978 1297 991 1314 ,
1030 1274 1069 1307 ab
1102 1287 1139 1307 eo
1173 1274 1330 1316 produeta
1354 1298 1364 1313 ‚

351 1323 466 1356 melius
490 1324 606 1356 omitti
631 1321 792 1365 potuisse,
816 1319 1001 1353 censemus.
1025 1318 1120 1360 Qid
1144 1319 1230 1352 enim
1255 1318 1294 1351 ad
1318 1317 1366 1350 sa-

351 1367 518 1401 lacitatem
541 1366 630 1409 quod
655 1364 862 1407 Spermaticae
887 1372 975 1396 vente
998 1360 1153 1401 defleta,
1178 1364 1208 1394 δέ
1242 1361 1364 1395 sinistra

350 1412 386 1444 in
410 1410 619 1452 Emulgentes
641 1408 820 1442 influerent
843 1409 856 1446 (
878 1406 931 1448 a)
953 1402 967 1437 ?
1002 1414 1056 1438 aut
1081 1416 1170 1439 certe
1203 1403 1293 1447 quod
1316 1404 1365 1437 es-

349 1455 417 1489 sent
440 1453 545 1496 plures
581 1452 634 1496 (b
657 1456 670 1492 )
696 1457 705 1485 ?
739 1451 918 1494 praesertim
949 1460 1025 1482 cum
1058 1448 1167 1491 postea
1192 1460 1239 1482 «ex
1270 1448 1364 1482 aufilo

351 1500 461 1533 e'arum
484 1508 620 1531 numero
641 1498 747 1529 minor
771 1495 809 1529 ad
833 1503 979 1528 venerem
1016 1492 1168 1534 aptitudo
1193 1496 1207 1532 (
1228 1503 1244 1525 c
1266 1496 1301 1532 ),
1326 1503 1365 1524 ex

351 1543 412 1577 illo
436 1550 544 1576 autem
568 1542 601 1573 in
627 1540 838 1582 Emulgentes
860 1537 989 1572 influxu
1023 1536 1150 1569 seminis
1186 1535 1366 1569 admodum

351 1587 460 1629 aquosi
486 1610 495 1625 ,
527 1587 556 1619 δι
581 1583 695 1627 frigidi
720 1583 887 1625 generatio
912 1585 923 1621 (
947 1582 967 1614 d
989 1583 1003 1619 )
1025 1579 1204 1617 deducatur
1227 1603 1235 1611 .
1271 1579 1365 1617 Quid

350 1631 472 1673 pariter
505 1629 568 1662 huc
594 1639 680 1661 renes
703 1628 840 1659 maximi
869 1628 883 1664 (
905 1635 920 1659 e
941 1629 956 1665 )
979 1621 994 1655 ἒ
1029 1634 1084 1658 aut
1118 1634 1232 1657 contra
1254 1645 1264 1660 ‚
1297 1624 1366 1656 exi-

351 1676 408 1717 gui
433 1670 517 1716 (f)
543 1675 552 1703 ?
587 1671 670 1704 Non
695 1670 847 1713 equidem
882 1670 1002 1710 ignoro
1038 1678 1111 1710 quae
1144 1668 1227 1701 olim
1259 1666 1365 1700 trade-

350 1726 463 1752 rentur
485 1717 523 1749 de
548 1725 704 1748 venarum
741 1714 871 1747 illarum
892 1711 1004 1744 officio
1027 1733 1037 1748 ,
1073 1712 1105 1742 &
1138 1722 1211 1751 quae
1235 1721 1294 1752 pro
1319 1720 1367 1743 re-

352 1762 453 1795 nibus
476 1770 610 1802 quoque
632 1756 694 1791 sint
718 1756 767 1790 vel
792 1769 808 1790 a
833 1755 1030 1789 Bartholino
1047 1752 1119 1794 ipso
1142 1756 1196 1795 (g
1219 1756 1230 1791 )
1254 1752 1366 1795 dispu-

350 1814 420 1840 tata
444 1829 452 1838 .
487 1803 544 1837 Sed
569 1801 699 1844 quando
721 1800 778 1834 illa
801 1800 866 1842 jain
902 1798 1071 1832 sustulerat
1104 1796 1269 1838 sanguinis
1302 1796 1366 1830 cir-

353 1849 542 1884 cumeuntis
564 1846 684 1879 notitia
711 1869 720 1885 ,
749 1856 823 1887 quae
848 1851 959 1877 autem
991 1841 1031 1875 ad
1065 1851 1155 1874 renes
1190 1841 1330 1873 attinent
1354 1862 1366 1879 ,

355 1892 472 1928 diserte
496 1904 512 1925 a
541 1889 668 1923 Boneto
690 1891 703 1928 (
726 1887 746 1921 h
767 1891 781 1927 )
810 1886 991 1930 paradoxon
1024 1893 1184 1918 vocantur
1207 1895 1218 1922 3
1256 1885 1367 1926 potius

354 1936 498 1972 :indicari
522 1936 556 1967 in
580 1932 714 1966 Scholio
738 1931 849 1974 aliquo
873 1937 1048 1973 poterant,
1071 1928 1269 1970 quaminter
1293 1926 1368 1960 soli-

352 1983 409 2017 das
432 1977 687 2013 Observationes
710 1974 891 2009 recenseri.
1027 1971 1085 2005 Sed
1103 1980 1254 2013 praeterea
1277 1969 1368 2012 quod

353 2026 395 2061 ad
419 2023 635 2057 sterilitatem
661 2043 673 2060 ‚
707 2028 763 2052 aut
801 2016 1068 2052 Foecunditatem
1092 2015 1213 2056 spec-“tat
1238 2036 1247 2051 ‚
1283 2012 1368 2047 haud

353 2069 526 2104 immerito
563 2062 772 2107 praetermitti
806 2058 944 2103 potuisse
978 2059 1126 2102 quaedam
1150 2082 1159 2097 ,
1193 2058 1334 2095 arbitror
1358 2080 1366 2088 .

353 2111 513 2153 Exempla
538 2106 700 2152 proferam
723 2104 790 2140 duo
813 2130 822 2139 .
856 2105 927 2147 Qi
950 2104 1075 2145 virgini
1099 2103 1166 2135 vim
1190 2101 1369 2139 attulerat,

355 2158 490 2193 testibus
513 2154 623 2189 imm,
647 2160 801 2191 extraque
824 2150 961 2181 omnino
974 2146 1102 2180 carebat
1128 2150 1138 2184 (
1162 2145 1174 2178 i
1195 2148 1233 2184 );
1256 2143 1370 2178 Testes

356 2203 461 2245 igitur
487 2197 596 2231 semini
621 2193 784 2237 gignendo
808 2203 874 2226 non
899 2191 1044 2225 serviunt
1070 2215 1077 2222 .
1116 2189 1211 2221 Olim
1234 2188 1368 2230 quidem

360 2246 412 2281 his
434 2241 493 2277 esse
520 2237 672 2282 potui-sset
697 2238 786 2271 locus
811 2259 823 2277 ,
855 2234 987 2278 quando
1019 2232 1077 2266 ista
1111 2232 1265 2266 videlicet
1298 2242 1370 2273 quae

355 2288 479 2326 ibidem
502 2283 650 2318 laudatur
665 2304 674 2320 ‚
700 2279 888 2316 Aristotelis
913 2278 1069 2313 sententia
1096 2277 1208 2310 dorfflos
1231 2273 1373 2309 habebat

364 2332 606 2375 astipulatores:
631 2337 712 2369 quos
735 2326 820 2358 inter
847 2324 898 2357 vel
922 2321 1094 2357 Catullum
1120 2330 1240 2362 ponere
1263 2343 1272 2359 ‚
1308 2329 1373 2352 non

359 2379 479 2414 dubito
495 2398 503 2413 ‚
528 2382 624 2416 quem
649 2369 792 2413 proximi
817 2367 925 2406 Poetae
949 2377 1015 2399 non
1029 2375 1146 2397 temere
1170 2363 1293 2396 doft'um
1318 2373 1374 2404 ap-

360 2422 520 2467 pellarunt
543 2438 553 2454 ‚
585 2416 622 2449 de
648 2418 718 2451 Atv
742 2413 809 2446 haec
831 2412 1026 2454 scribentem
1049 2410 1061 2446 (
1084 2407 1103 2447 l<
1123 2411 1137 2446 >
1159 2405 1310 2439 Devolvit
1332 2405 1374 2454 ι’ζ-

362 2469 392 2502 la
416 2469 507 2497 arura
525 2458 586 2502 fibi
604 2458 738 2500 pondera
757 2455 865 2498 filice.
891 2453 993 2486 Nunc
1027 2460 1144 2499 autem*
1171 2450 1251 2491 quid
1285 2449 1376 2482 testi-

363 2509 513 2544 culorum
537 2502 594 2536 ista
627 2512 701 2535 cum
736 2498 933 2541 ponderibus
965 2496 1205 2537 comparatio?
1240 2501 1295 2525 aut
1329 2492 1376 2524 as-

366 2552 526 2588 severatio
550 2546 629 2582 ista,
652 2542 739 2577 nulla
766 2541 1027 2585 spermaticorum
1049 2537 1197 2578 vasorum
1217 2534 1375 2569 ullatenus

368 2594 455 2635 telles
471 2588 603 2636 subire?
627 2597 681 2621 aut
703 2587 833 2619 demum
848 2582 930 2627 quid
954 2584 1041 2615 inter
1066 2582 1133 2615 vim
1157 2579 1283 2612 illatam
1308 2580 1375 2611 vir-

367 2640 440 2681 gini
465 2663 474 2678 ,
505 2644 602 2677 quam
628 2630 747 2665 inferre
771 2629 898 2664 castrati
923 2624 1051 2669 possunt
1076 2647 1085 2662 ‚
1119 2626 1150 2656 δι
1174 2621 1372 2670 foecundirta-

362 2679 430 2720 {em
447 2706 455 2721 ,
476 2691 540 2722 qua
564 2676 684 2720 pollere
706 2684 791 2707 certe
821 2683 886 2705 non
910 2667 1066 2713 possunt?
1090 2667 1145 2700 Est
1178 2668 1279 2716 etiarn
1303 2667 1372 2699 ani—

369 2723 586 2763 madverfione
610 2720 747 2761 dignum
771 2716 852 2750 illud
876 2715 915 2748 de
938 2713 1074 2761 foemina
1100 2715 1109 2750 (
1133 2709 1145 2743 l
1167 2712 1180 2748 )
1204 2732 1213 2748 ‚
1250 2721 1285 2742 in
1308 2721 1372 2759 qua

372 2783 391 2805 a
410 2768 506 2803 nimio
529 2766 614 2799 coitu
635 2770 757 2795 mortua
782 2760 952 2802 ligamenta
975 2764 1109 2792 terena,
1133 2764 1194 2795 qua
1211 2760 1305 2794 parte
1327 2763 1378 2786 2⁷2-

370 2816 441 2849 cz'na
459 2811 536 2855 sunt
559 2815 646 2842 utero
661 2830 670 2846 ,
687 2804 805 2848 semine
827 2802 944 2845 repleta
969 2799 1040 2833 sunt
1073 2795 1286 2839 deprehensa.
1313 2798 1378 2830 Sci.

371 2859 451 2892 licet
484 2854 551 2887 haec
584 2850 665 2884 olim
699 2847 829 2891 probari
863 2852 1051 2889 poterant}
1080 2848 1167 2875 ‘nunc
1200 2852 1276 2874 vero
1311 2852 1378 2874 non

373 2898 505 2943 possunt
531 2921 539 2935 ‚
571 2893 656 2927 hand
681 2891 765 2925 secus
791 2902 825 2924 ac
848 2890 903 2922 illa
939 2898 1010 2929 quae
1034 2885 1196 2928 superiori
1230 2883 1380 2918 Sefflone

370 2948 386 2985 (
407 2955 438 2977 m
461 2945 474 2982 )
497 2939 535 2973 de
558 2938 677 2971 semine
700 2934 852 2968 muliebri
878 2934 912 2965 in
937 2930 1025 2964 tubis
1047 2938 1203 2970 corrupto
1223 2950 1233 2965 ‚
1260 2937 1323 2961 aut
1346 2929 1381 2962 in

372 2997 470 3021 utero
487 3006 497 3022 ‚
518 2980 661 3021 vasisque
686 2977 915 3013 Deferentibus
948 2972 1111 3017 propofita
1145 2972 1216 3005 sunt
1242 2995 1252 3006 .

374 3030 438 3064 Sed
460 3038 518 3060 nos
541 3048 550 3063 ,
584 3022 670 3058 hisce
694 3019 927 3066 praetermiffis,
959 3029 1031 3060 quae
1064 3015 1286 3059 probabiliora
1321 3014 1381 3048 sint

371 3074 412 3108 de
435 3069 604 3112 utriusque
629 3066 717 3100 sexus
744 3066 921 3098 Sterilitate
946 3087 955 3102 ,
989 3061 1054 3104 jam
1087 3058 1287 3104 proferamus
1311 3081 1324 3099 ,
1353 3061 1385 3093 &

373 3119 520 3162 primurn
544 3110 675 3156 quidem
701 3121 740 3143 ex
766 3108 940 3142 Valsalva.

421 3171 451 3194 2-
477 3158 565 3191 VIR
590 3164 656 3189 erat
681 3152 814 3197 quidam
839 3177 847 3191 ,
885 3159 993 3183 mutus
1019 3171 1028 3185 ²
1065 3159 1130 3181 non
1154 3157 1193 3180 ex
1215 3157 1253 3179 eo
1276 3153 1384 3178 tamen

372 3203 463 3245 quod
487 3201 600 3236 auditu
623 3206 770 3233 careret3
794 3194 942 3229 audiebat
966 3193 1080 3228 enim3
1104 3191 1255 3232 idemque
1277 3189 1383 3222 nullos

374 3248 439 3282 five
462 3248 496 3279 in
521 3244 625 3283 facie,
650 3242 713 3275 sive
737 3241 771 3273 in
795 3240 947 3282 ρεέῒοτε,
971 3237 1034 3270 sive
1058 3235 1114 3268 sub
1139 3236 1198 3267 alis
1214 3257 1226 3273 ‚
1250 3231 1316 3265 five
1347 3234 1382 3265 in

374 3292 482 3325 scroto
505 3288 624 3325 habens
649 3285 731 3327 pilos
754 3307 763 3322 ,
797 3292 938 3325 quorum
962 3281 1056 3322 pauci
1073 3279 1241 3313 dumtaxat
1264 3278 1297 3309 in
1323 3287 1383 3318 pu-

373 3335 414 3368 be
437 3334 474 3366 ad
501 3331 642 3365 radicem
667 3328 768 3370 ipsam
796 3327 887 3369 penis
920 3323 1204 3369 conspiciebantur
1228 3344 1236 3351 .
1273 3321 1304 3353 Is
1328 3330 1381 3353 an-

373 3389 433 3411 nos
455 3385 548 3409 natus
571 3373 710 3416 triginta
732 3371 877 3414 quinque
901 3376 993 3404 acuta
1016 3367 1123 3404 sebre,
1147 3375 1221 3398 cum
1244 3363 1381 3396 lumbri-

377 3424 424 3454 cis
447 3417 622 3460 coniunCm
635 3440 646 3457 ‚
671 3415 858 3455 absumptus
872 3414 915 3445 est
927 3436 937 3443 .-
1047 3453 1053 3459 .
1069 3407 1380 3456 GENER-Amno-

375 3464 455 3497 NIS
479 3473 597 3504 organa
610 3460 741 3498 omnia,
765 3457 938 3498 diligenter
950 3462 1150 3491 examinata,
1175 3449 1259 3484 nihil
1282 3449 1380 3492 quid-

377 3519 475 3550 quam
500 3504 707 3539 ostenderunt
734 3502 831 3536 vitii.

1423 1089 1426 1093 ,
1459 1069 1491 1101 3.
1516 1053 1696 1090 Foecundus
1719 1052 1840 1093 fuerit‚'
1864 1064 1902 1087 an
1926 1052 2155 1092 infoecundus,
2179 1052 2329 1089 Valsalva
2352 1065 2419 1089 non

1417 1100 1542 1136 addidit
1565 1123 1577 1140 ‚
1609 1110 1712 1141 neque
1746 1110 1783 1131 an
1807 1097 1881 1139 pilis
1903 1097 1942 1129 ab
1964 1108 2040 1132 ortu
2064 1096 2133 1141 ipso
2146 1098 2284 1132 caruerit
2304 1110 2318 1139 ;
2340 1099 2424 1132 vidit

1416 1147 1501 1179 enim
1525 1143 1596 1176 Cel.
1621 1142 1786 1174 Heisterus
1808 1144 1823 1179 (
1843 1152 1862 1173 n
1884 1144 1899 1180 )
1919 1142 2027 1173 virum
2049 1142 2130 1184 qui,
2154 1140 2243 1178 nullo
2266 1142 2422 1185 praegres-

1417 1191 1452 1222 so
1474 1186 1615 1227 notabili
1637 1185 1752 1218 morbo
1769 1207 1777 1221 ‚
1801 1194 1911 1217 omnes
1934 1193 2006 1217 toto
2028 1196 2166 1227 corpore
2189 1185 2334 1219 amiserat
2369 1187 2422 1228 pi-

1417 1232 1465 1265 los
1489 1254 1498 1270 ‚
1529 1241 1587 1264 nec
1610 1229 1695 1261 intra
1718 1227 1910 1261 decennium
1943 1237 2184 1269 recuperaverat
2208 1250 2216 1258 .
2250 1229 2422 1262 Credibile

1418 1284 1528 1309 tamen
1552 1272 1594 1307 est
1615 1295 1625 1310 ,
1662 1283 1734 1305 eum
1758 1271 1795 1304 de
1818 1282 1885 1313 quo
1908 1271 2060 1304 Valsalva
2092 1271 2125 1305 id
2160 1270 2314 1313 scriptum
2347 1272 2424 1305 reli-

1418 1320 1517 1361 quit,
1540 1327 1653 1350 natura
1678 1318 1708 1348 &
1733 1314 1902 1357 glabrum,
1925 1315 1958 1347 &
1983 1313 2209 1349 infoecundum
2245 1313 2362 1352 fuiffe.;
2386 1325 2425 1349 ut

1416 1373 1465 1396 res
1489 1371 1625 1402 utraque
1640 1359 1836 1401 permoverit
1854 1357 1892 1391 ad
1905 1368 2091 1392 accuratum
2103 1358 2248 1391 virilium
2271 1361 2425 1393 omniurn

1416 1415 1549 1439 examen
1574 1401 1831 1444 suscipiendum.
1858 1403 1895 1433 In
1920 1401 2038 1443 quibus
2061 1414 2135 1436 cum
2160 1403 2235 1435 vitii
2258 1403 2341 1436 nihil
2365 1413 2427 1445 ap-

1416 1449 1561 1491 paruerit
1582 1458 1596 1487 ,·
1627 1446 1750 1479 indicat
1774 1443 1972 1478 Observatio
1995 1444 2063 1480 haec
2086 1469 2100 1486 ,
2134 1445 2173 1478 ab
2206 1445 2426 1481 invisibilibus

1416 1493 1561 1528 Partium
1586 1489 1709 1532 sperma
1734 1488 1986 1525 secernentium,
2012 1499 2065 1523 aut
2079 1488 2320 1531 perficientium
2343 1489 2425 1524 stru-

1416 1536 1516 1568 &uris
1539 1533 1619 1567 illud
1643 1532 1803 1576 quidquid
1827 1532 1891 1572 est,
1912 1533 2043 1565 existere
2067 1533 2156 1575 quod
2179 1535 2209 1565 δι
2233 1533 2339 1567 semen
2362 1532 2430 1566 foe-

1416 1578 1562 1613 cundum
1586 1598 1596 1614 ‚
1627 1579 1658 1610 &
1690 1575 1829 1622 pilosum
1865 1585 1983 1615 corpus
2018 1576 2098 1609 facit
2122 1600 2130 1609 .
2164 1577 2265 1609 Certe
2313 1585 2426 1611 autem

1417 1631 1593 1663 utrumque
1617 1619 1734 1653 horum
1758 1618 1850 1652 simul
1875 1619 2018 1652 videmus
2040 1629 2185 1661 tempore
2208 1620 2389 1661 pubertatis
2414 1644 2425 1659 ,

1415 1665 1450 1699 id
1472 1666 1516 1699 est
1541 1675 1616 1697 cum
1641 1663 1802 1697 structurae
1826 1662 1889 1695 illae
1913 1663 2036 1696 intimae
2059 1662 2134 1696 satis
2166 1662 2231 1704 jam
2266 1663 2427 1708 explicari

1417 1718 1584 1751 coeperunt
1605 1729 1619 1746 ,
1650 1707 1860 1748 contingere.
1884 1706 1975 1745 Qin
1998 1706 2097 1740 etiam
2119 1706 2222 1739 levius
2246 1707 2368 1749 aliquid
2392 1708 2429 1740 in

1416 1762 1493 1786 cute
1517 1760 1750 1792 nonnunquam
1771 1747 1856 1781 mihi
1881 1749 2061 1782 sterilitatis
2096 1749 2268 1782 mulierum
2302 1750 2428 1789 indicio

1417 1796 1481 1830 fuit
1506 1818 1517 1835 ,
1551 1805 1625 1828 cum
1647 1792 1753 1826 idab
1775 1802 1853 1825 ortu
1875 1815 1887 1832 ‚
1921 1795 1952 1823 ὃς
1978 1803 2166 1835 perpetuum
2190 1792 2275 1826 foret
2301 1818 2310 1826 .
2344 1793 2429 1827 Vidi

1418 1841 1504 1873 enim
1527 1861 1540 1879 ‚
1572 1837 1649 1875 duas
1681 1837 1715 1869 in
1738 1835 1857 1877 quibus
1881 1834 1964 1869 nihil
1998 1836 2125 1878 prorsus
2162 1844 2228 1868 erat
2252 1835 2342 1879 quod
2365 1835 2431 1869 foe-

1418 1883 1621 1916 cunditatem
1644 1880 1960 1925 non'promittereu
1984 1890 2059 1912 cum
2082 1880 2211 1921 egregie
2243 1880 2431 1913 valentibus

1419 1927 1500 1960 viris
1523 1925 1626 1958 sterile
1648 1923 1841 1963 conjugium
1863 1920 2010 1956 habuisse
2034 1947 2042 1956 .
2078 1924 2166 1956 Cum
2189 1925 2358 1958 ‚attentius
2390 1934 2431 1956 o-

1420 1970 1509 2003 mnia
1533 1966 1767 2001 considerarem
1790 1976 1802 2004 ‚⁴
1835 1975 1943 1999 cutem
1967 1966 2001 1998 in
2026 1967 2125 2000 altera
2148 1976 2261 2000 contra
2285 1979 2322 2002 ac
2355 1967 2432 2000 vitae

1421 2024 1519 2055 genus
1543 2032 1552 2049 ,
1585 2020 1662 2044 aetas
1683 2032 1695 2049 ,
1729 2008 1920 2051 habitusque
1944 2010 2091 2052 corporis
2113 2009 2301 2044 indicabant
2328 2035 2338 2050 ‚
2370 2012 2433 2044 mi-

1420 2058 1508 2089 nime
1531 2079 1540 2096 ,
1577 2053 1598 2087 fi
1623 2063 1808 2095 tangerem,
1842 2053 1992 2090 mollem,
2015 2054 2194 2095 laevemque
2226 2052 2371 2091 offendi;
2394 2055 2432 2087 in

1421 2101 1521 2133 altera
1544 2096 1686 2131 cuticula
1699 2105 1844 2138 opertam
1860 2094 2096 2136 animadverti,
2121 2107 2192 2139 quae
2217 2097 2267 2130 vel
2290 2098 2324 2131 in
2349 2097 2433 2131 facie

1423 2142 1543 2185 jugiter
1566 2143 1600 2174 in
1626 2139 1833 2182 squamulas,
1854 2142 1886 2173 &
1909 2137 2049 2173 furfures
2073 2140 2204 2174 abibat.
2229 2140 2321 2174 Huic
2344 2139 2434 2174 firni-

1419 2187 1507 2226 lem,
1529 2196 1604 2219 curn
1629 2185 1770 2217 Litteras
1792 2181 1849 2218 has
1871 2181 2104 2221 describerem,
2127 2184 2249 2226 pariter
2271 2183 2435 2218 infoecun-

1421 2230 1499 2267 ,dam
1537 2228 1669 2262 tertiam
1700 2227 1802 2260 vidi.
1835 2227 1880 2260 Et
1912 2227 1995 2260 mihi
2027 2226 2157 2270 quidem
2190 2225 2258 2261 haec
2283 2228 2434 2263 videntur

1425 2273 1513 2317 posse
1536 2274 1637 2314 repeti
1663 2283 1679 2304 a
1702 2270 1841 2317 sebaceis
1863 2271 1947 2316 cutis
1970 2270 2130 2313 glandulis
2155 2279 2209 2304 aut
2232 2282 2327 2315 aequo
2352 2283 2434 2314 pau-

1425 2319 1548 2351 ciorem
1574 2336 1583 2352 ‚
1614 2324 1669 2348 aut
1693 2324 1756 2346 non
1781 2324 1849 2354 eJus
1870 2324 1961 2357 cujus
1986 2326 2040 2357 par
2064 2313 2192 2354 fuisset,
2218 2324 2339 2349 naturae
2364 2327 2434 2349 ma-

1424 2362 1540 2394 teriam
1564 2357 1816 2392 secernentibus.
1842 2357 1901 2391 Sed
1923 2358 2091 2399 quomodo
2125 2369 2158 2391 ea
2192 2368 2317 2393 retenta
2338 2383 2347 2399 ,
2380 2367 2438 2393 aut

1426 2406 1533 2438 minus
1555 2403 1611 2441 suo
1633 2401 1742 2435 officio
1766 2409 1840 2443 apta
1852 2402 1984 2434 materia
2006 2403 2094 2435 intus
2117 2402 2221 2435 obstet
2244 2404 2437 2445 conceptio-

1427 2449 1460 2480 ni
1476 2473 1484 2487 ‚
1509 2449 1688 2480 incertum.
1803 2442 1891 2520 dIam
1914 2455 1988 2478 vero
2014 2446 2052 2479 ad
2076 2442 2158 2480 vitia
2180 2446 2214 2479 in
2238 2446 2312 2488 ipsis
2335 2457 2435 2490 gene-

1426 2492 1564 2524 rationis
1587 2488 1715 2531 organis
1748 2488 1799 2521 evi
1825 2488 1910 2522 entia
1932 2489 2118 2525 veniamus.

1468 2546 1501 2578 4.
1527 2533 1683 2566 Mulieres
1707 2530 1849 2564 florente
1880 2540 1974 2565 aetate
2008 2533 2126 2566 steriles
2157 2530 2235 2566 duas
2258 2554 2268 2570 ‚
2302 2533 2435 2568 alteram

1425 2577 1469 2612 ob
1491 2576 1640 2610 vesiculas
1662 2577 1695 2608 in
1721 2572 1884 2608 scirrhofis
1908 2575 2030 2609 ovariis
2053 2575 2117 2608 fere
2151 2576 2274 2616 nullas,
2298 2577 2436 2611 alteram

1425 2622 1469 2655 ob
1493 2631 1600 2654 earum
1625 2617 1793 2665 humorem
1816 2618 1952 2651 omnino
1979 2628 2167 2652 concretum
2192 2630 2257 2652 non
2291 2619 2376 2653 secus
2399 2632 2436 2654 ae

1424 2665 1446 2698 11
1471 2663 1508 2697 ad
1531 2664 1641 2705 ignem
1664 2661 1792 2695 tuissent
1804 2661 1926 2702 cosscae,
1949 2660 2319 2696 Valsalvaobservavit.
2346 2665 2438 2702 Qua.

1424 2720 1497 2743 rum
1521 2706 1673 2741 historias
1707 2716 1781 2739 cum
1818 2704 1883 2737 tibi
1918 2705 1993 2738 alias
2026 2708 2112 2744 (o)
2144 2705 2401 2748 descripserimus
2423 2732 2435 2749 ‚

1430 2763 1495 2786 non
1519 2751 1561 2784 est
1583 2760 1640 2784 cur
1673 2747 1727 2783 hic
1760 2757 1962 2791 repetamus.
2095 2748 2152 2783 Ad
2180 2749 2299 2784 nostras
2332 2752 2438 2793 igitur

1430 2794 1619 2829 transimus.

1478 2850 1505 2881 5.
1531 2837 1684 2870 VIRIin
1707 2834 1916 2874 Nosocomio
1939 2833 2002 2869 hoc
2027 2836 2150 2871 mortui
2173 2834 2232 2869 sub
2254 2846 2436 2874 extremum

1431 2881 1658 2916 Novembrem
1683 2881 1724 2912 A.
1752 2888 1845 2921 1717.
1879 2881 2057 2913 Anatomes
2094 2879 2199 2913 studio
2223 2903 2233 2921 ,
2270 2874 2441 2925 plerasque*

1433 2928 1544 2960 Partes
1567 2923 1760 2958 diffecabam
1784 2947 1793 2962 ,
1823 2933 1897 2956 cum
1919 2932 2034 2965 praeter
2059 2933 2207 2956 naturam
2228 2924 2382 2967 quasdam
2405 2925 2437 2961 se

1433 2969 1573 3008 habere,
1599 2967 1840 3001 animadverti.
1975 2967 2233 3000 URETERES
2266 2979 2359 3011 aequo
2391 2970 2438 3003 la-

1433 3015 1534 3047 tiores
1556 3013 1645 3046 ultro
1668 3011 1878 3045 occurrebant
1903 3010 2073 3045 ,nonnullis
2106 3011 2184 3043 locis
2207 3033 2215 3041 .
2246 3011 2299 3044 Ab
2333 3014 2437 3047 altero

1435 3067 1543 3091 autem
1566 3056 1666 3089 latere
1689 3065 1761 3089 tum
1785 3053 1952 3088 Seminalis
1975 3053 2110 3088 vesicula
2131 3076 2144 3093 ,
2176 3062 2246 3087 tum
2279 3055 2358 3089 vasis
2391 3055 2437 3091 se—

1436 3112 1509 3135 men
1534 3099 1719 3135 Deserentis
1742 3108 1812 3140 pars
1834 3097 1863 3129 ei
1898 3097 2044 3131 vesicula:
2077 3098 2227 3139 proxima
2258 3100 2437 3140 parietibus

1437 3154 1528 3178 erant
1561 3141 1744 3177 scirrhosis‚
1769 3140 1970 3175 membranea
1993 3141 2167 3175 substantia
2200 3142 2234 3174 in
2268 3144 2436 3187 cartilagi-

1435 3199 1526 3221 neam
1551 3184 1786 3229 propemodum
1809 3193 1958 3218 mutata.

1477 3235 1508 3264 6.
1532 3232 1583 3264 Ex
1606 3229 1843 3274 Observatione
1867 3228 1926 3261 hac
1949 3237 2100 3271 apparet,
2124 3237 2282 3270 quantum
2307 3229 2433 3263 seminis

1434 3273 1624 3317 perfectioni
1640 3296 1653 3313 ,
1677 3274 1708 3304 &
1722 3272 1927 3313 ejaculationi
1947 3272 2078 3306 deesset.
2104 3272 2222 3313 Neque
2245 3273 2330 3307 enim
2343 3273 2432 3316 quod

1433 3329 1489 3361 per
1501 3317 1640 3351 Harderi
1653 3315 1817 3358 glandulas
1829 3315 1922 3353 addi,
1946 3324 1999 3350 aut
2012 3315 2218 3358 perlymphae
2243 3317 2357 3354 duetus
2374 3315 2430 3349 de·-

1433 3361 1518 3396 trahi
1540 3361 1639 3399 solet,
1665 3358 1737 3392 addi
1761 3359 1832 3399 hic,
1857 3367 1912 3393 aut
1935 3357 2083 3399 detrahi,
2108 3370 2164 3392 nec
2179 3359 2226 3392 vis
2246 3371 2341 3401 quam
2353 3369 2431 3392 con-

1432 3405 1594 3438 trahentes
1619 3403 1649 3437 se
1672 3401 1880 3436 vesicularum
1895 3426 1908 3444 ,
1929 3405 1960 3436 δε
1981 3404 2123 3437 imorum
2138 3401 2359 3439 Deferentium
2373 3413 2428 3434 va-

1433 3448 1539 3481 sorum
1563 3448 1681 3481 tunica:
1705 3468 1718 3487 ,
1749 3446 1865 3480 semine
1889 3456 1981 3479 antea
2003 3445 2145 3479 distentae
2161 3470 2169 3485 ,
2192 3448 2225 3479 in
2257 3446 2317 3479 hoc
2351 3456 2427 3477 exe-

1428 3502 1504 3525 runt
1540 3491 1618 3525 dum
1655 3489 1783 3532 ejicitur
1804 3515 1814 3531 ,
1846 3489 1961 3533 sperari
1984 3488 2038 3523 hic
2069 3499 2197 3533 poterat
2221 3513 2228 3521 .
2261 3492 2308 3523 At
2338 3489 2427 3563 ergiru

2069 3544 2070 3547 ¹
2343 3541 2358 3563 a

432 3696 446 3723 (
463 3703 477 3718 η
494 3694 502 3723 )
519 3694 580 3719 Cels.
597 3694 625 3718 de
641 3693 732 3718 Medic.
750 3693 767 3716 1.
783 3699 806 3716 2.
822 3698 846 3716 c.
862 3693 885 3714 6.
948 3687 989 3717 (a
1005 3688 1021 3716 )
1036 3687 1093 3712 obs.
1114 3694 1135 3711 x.
1154 3686 1167 3711 δ
1194 3692 1206 3709 ῐ
1234 3686 1255 3709 81
1272 3691 1295 3712 3·

436 3726 449 3753 (
466 3726 506 3751 e)
523 3724 781 3754 Obs·1-§·5·&6·
844 3719 987 3750 (mom.
1005 3725 1027 3741 2.
1046 3718 1070 3747 ς.
1088 3726 1108 3743 1.

435 3756 451 3786 ζ
466 3756 474 3778 ι’
491 3756 503 3782 )
521 3754 579 3777 Obs.
597 3759 619 3776 ¹,
639 3755 660 3783 ὗ.
679 3763 701 3778 2.
721 3755 743 3777 δι’.
759 3752 840 3777 schol.
903 3752 917 3780 (
933 3749 948 3773 k
969 3749 1074 3777 )Carm.
1092 3752 1129 3773 62.
1145 3755 1159 3771 v

436 3789 445 3814 s
463 3794 478 3810 n
495 3786 508 3813 )
525 3785 587 3814 Eph.
606 3786 638 3809 N·
663 3787 691 3810 C.
709 3786 780 3809 Cent.
799 3792 819 3808 i.
839 3781 862 3806 ὅ(
878 3789 904 3807 2.
918 3779 978 3805 Obs.
999 3786 1050 3809 197.
1112 3780 1120 3808 (
1139 3787 1151 3802 ο

1171 3705 1176 3709 .
1209 3702 1217 3709 .
1358 3681 1375 3712 (’
1387 3682 1400 3706 b
1417 3681 1433 3710 ⁷)
1450 3680 1511 3706 [bid.
1531 3680 1553 3711 ᾗ.
1571 3681 1593 3704 8.

1155 3712 1181 3746 ’(
1196 3723 1214 3746 g
1232 3716 1242 3744 )
1258 3713 1313 3743 Vid‘
1330 3712 1424 3737 Advers.
1449 3714 1519 3736 Anat.
1539 3719 1562 3741 3.
1579 3710 1694 3735 Animad.
1713 3719 1751 3740 33.
1767 3711 1796 3735 ad
1813 3711 1853 3735 fin.

1161 3764 1166 3770 .
1187 3756 1207 3775 5.
1269 3742 1411 3773 (110131,
1428 3746 1450 3767 6.
1469 3742 1492 3772 §.
1510 3745 1533 3765 6.

1167 3778 1180 3806 )
1198 3775 1268 3806 Epist.
1285 3778 1328 3805 36.
1344 3782 1368 3799 n.
1387 3781 1423 3804 17·
1442 3773 1465 3799 ὃς
1482 3771 1556 3803 Epist.
1572 3778 1614 3798 20.
1631 3778 1656 3797 n.
1673 3779 1696 3801 7.

1655 3681 1669 3710 (
1684 3663 1724 3709 ε’)
1741 3680 1765 3704 in
1781 3680 1861 3705 Schot.
1878 3679 1938 3704 ibid.
2000 3680 2015 3709 ς
2030 3680 2046 3703 d
2061 3680 2075 3709 )
2091 3679 2149 3705 oss.
2168 3686 2189 3709 ς.
2207 3677 2231 3707 ς.
2249 3684 2272 3706 3·

1594 3741 1602 3768 s
1621 3749 1646 3764 m
1663 3741 1671 3770 )
1687 3741 1744 3766 Obs¹
1761 3749 1783 3771 4
1801 3741 1876 3772 §.'u.
1893 3710 1993 3766 ἐξ.)
2005 3710 2086 3751 Schol-
2104 3710 2133 3735 ad
2148 3707 2208 3743 Obs.
2226 3715 2248 3734 ι,
2266 3705 2287 3738 5.
2304 3714 2327 3738 5,
