2498 4075
388 210 543 275 Epist.
580 209 744 261 Anat.
780 207 999 262 Medica.
1034 206 1240 265 xvm.
1277 206 1403 260 Art.
1441 206 1515 260 16.
1547 210 1605 263 δι
1643 223 1721 271 17.

82 285 201 323 miter,
222 292 260 319 ut
281 295 345 320 non
369 284 430 319 fine
443 297 556 327 magna
578 284 807 318 dilaceratione
820 287 915 319 avelli
942 283 1088 328 possent,

82 330 117 363 in
140 340 177 361 eo
200 325 433 379 deprehendit.
457 330 511 372 qui
536 329 613 361 bene
637 330 727 362 sanus
752 328 864 372 absque
877 331 941 363 ulla
965 328 1086 372 spiran-

82 372 116 406 di
150 369 339 413 diffitultate
372 375 493 406 vixerat
527 371 627 405 donec
664 371 832 418 suspendio
867 382 994 407 necatus
1016 371 1083 405 est.

84 415 143 448 Sed
168 423 202 449 ut
219 383 349 463 laist-{uid
382 417 432 449 illi
457 417 556 448 etiarn
591 414 761 448 adhaesioni
797 416 1007 450 tribueremus
1041 415 1086 449 se-

82 458 224 504 cundum
246 469 280 491 ea
304 470 374 501 quae
399 461 473 501 aliis
494 459 530 492 ad
554 469 584 490 te
608 460 748 497 Litteris
777 462 791 499 (
812 470 831 492 n
853 464 867 500 )
900 460 957 494 hac
981 459 1020 492 de
1053 470 1087 492 re

81 502 278 543 conjecimus
312 503 477 547 postquam
515 501 646 535 eandem
680 503 771 535 illam
803 502 1086 538 Diemerbroecki'i

83 545 374 586 Observationem,
396 546 536 588 aliasque
558 543 795 586 indicavimus,·
820 549 927 582 multo
951 548 1021 590 plus
1034 553 1086 579 ta-

83 598 156 622 men
179 610 189 626 ,
225 599 288 621 non
313 590 530 622 dubitaremus
551 612 562 628 ,
597 590 719 632 ingenti
743 589 852 623 cordis
873 614 881 628 ‚
914 589 1088 634 praesertim

81 631 209 666 flaccidi
233 655 245 671 ‚
269 632 484 674 magnitudini
519 630 574 665 esse
598 631 824 676 imputandum
846 636 888 668 ob
910 634 1087 677 praecipuas

81 687 189 709 earum
213 678 394 711 causarum,
419 688 488 719 qnae
506 677 596 717 supra
619 680 632 715 (
654 688 670 709 o
691 680 706 716 )
727 676 798 710 sunt
823 678 855 710 in
867 679 990 711 Sutoris
1002 686 1089 710 mor-

80 729 112 752 te
135 731 160 752 ci
177 730 392 752 mmenioratae
417 743 422 748 .
458 720 550 759 Qiin
574 719 701 752 distenti
724 719 833 754 cordis
853 744 865 761 ,
897 732 998 763 eoque
1023 731 1089 752 me-

80 762 252 797 diastinum
276 762 313 795 ad
342 763 506 805 pulmones
521 787 528 797 ,
554 763 613 796 hos
636 775 712 796 vero
737 762 772 796 ad
796 763 896 798 costas
921 765 1087 806 urgentis,

80 809 112 840 δι
139 807 387 848 compellentis,
410 804 537 840 effeetus
561 807 666 841 effeex
690 817 777 849 parte
802 809 907 851 aliqua
923 807 1087 841 interdum

82 850 186 893 potest
210 850 273 892 ipsa
299 853 487 892 pulmonum
513 850 651 884 adhaesio
674 863 744 894 quae
768 852 801 884 in
824 854 939 885 Sutore
958 862 1088 894 quoque

82 893 234 927 adnotata
260 892 302 926 est
323 916 332 932 ‚
367 904 402 927 ut
428 892 557 928 effi-&us
592 904 673 927 certe
698 896 743 927 vel
779 894 823 927 ob
844 907 911 928 eam
935 894 1091 927 constrin-

81 946 208 979 gentem
221 936 474 979 compulsionem
488 938 529 971 est
552 938 726 977 difficultas
749 938 985 980 respirationis.
1050 949 1090 970 uo

81 983 183 1022 niag³s
208 982 309 1014 miror
333 980 509 1024 aliquando
534 993 606 1015 cum
629 983 663 1020 in
688 981 955 1016 asthmaticorum
989 980 1089 1014 histo-

81 1026 140 1057 riis
163 1023 361 1065 explicandis
396 1026 443 1057 vel
470 1027 608 1058 maxime
641 1026 729 1058 aneia
755 1026 859 1059 cordis
893 1025 993 1058 moles
1026 1035 1088 1057 non

80 1068 280 1105 attenditur,
305 1069 391 1102 velut
415 1069 447 1101 in
472 1081 504 1101 ea
532 1081 626 1112 quam
653 1069 800 1102 Sestione
826 1071 851 1101 1.
880 1068 957 1101 libri
985 1070 1030 1101 ΙΙ.
1055 1068 1088 1100 in

81 1111 290 1153 Sepulrlireto
322 1115 411 1155 (p)
449 1112 549 1155 legere
582 1111 651 1146 est.
690 1111 761 1145 Etsi
784 1115 869 1145 enim
894 1114 927 1145 in
963 1112 1092 1155 pulmo-

80 1166 157 1188 num
174 1179 185 1196 ,
210 1156 345 1198 pleni-ae,
372 1158 404 1187 ὃ(
430 1156 606 1198 pericardio
630 1153 863 1190 adhaerentium
890 1180 901 1196 ,
924 1154 1090 1188 bronchiis

79 1199 178 1232 sanies.
200 1210 264 1231 non
289 1198 392 1231 deerat
409 1225 416 1238 ,
444 1211 545 1243 neque
570 1201 651 1237 alia,
681 1198 769 1232 valde
793 1200 831 1232 ab
855 1200 990 1233 naturali
1015 1210 1093 1232 con-

78 1242 247 1277 stitutione
270 1252 413 1280 rem-ita,
438 1245 472 1275 in
497 1244 613 1287 quibus
637 1242 750 1276 sinistri
778 1242 1090 1285 pulmonissubstan-

79 1288 125 1320 tia
150 1287 308 1328 conzpaffla
331 1287 372 1319 Θ
395 1287 506 1329 densa,
523 1286 678 1330 ‚stibrubro
707 1287 862 1329 pallidum
886 1287 1009 1329 hepatis
1031 1297 1089 1328 pa-

79 1329 245 1370 renchyma
271 1329 490 1372 repraesiutam
510 1352 519 1368 ‚
545 1330 608 1364 hoc
632 1329 674 1363 est
697 1330 842 1371 lethali,
879 1330 929 1364 sed
955 1331 1089 1363 minime

78 1374 128 1408 ibi
151 1375 284 1416 agnita,
307 1373 563 1407 inflammatione
587 1384 733 1416 correpta
756 1386 770 1414 ;
803 1385 867 1408 non
892 1383 958 1408 erat
983 1384 1089 1407 tamen

79 1417 149 1452 ullo
173 1417 273 1451 modo
297 1419 380 1449 inter
403 1418 511 1452 causas
543 1418 632 1452 illius
655 1417 821 1452 asthmatis
853 1429 907 1451 cor
931 1420 1088 1451 omitten-

78 1462 155 1496 dum
171 1485 178 1498 ‚
202 1460 292 1505 cujus
316 1470 403 1493 tanta
428 1461 682 1504 amplificatione
706 1463 893 1495 circumitio
905 1460 1089 1505 sanguinis,

79 1509 113 1540 &
144 1509 229 1548 quod
255 1504 463 1547 consequitur
484 1531 493 1546 ,
526 1516 581 1548 per
604 1505 674 1538 vasa
709 1506 901 1548 pulmonum
938 1503 1090 1538 transitus

77 1549 220 1586 multum
243 1548 355 1591 procul
394 1548 494 1582 dubio
517 1548 669 1582 retardari
702 1548 835 1582 debebat
857 1573 864 1580 .
900 1550 979 1582 Erat
1002 1550 1089 1581 enim

77 1606 129 1630 cor
151 1593 272 1633 vastum
300 1614 314 1633 ,
346 1592 551 1633 amplitudini
567 1593 739 1634 pericardii
775 1592 987 1634 respondens,
1021 1593 1088 1626 haec

79 1648 186 1674 autem
211 1635 289 1669 adeo
312 1636 422 1677 ingens
446 1644 536 1674 erat,
560 1644 596 1672 ut
618 1635 969 1677 pericardiumdicatnr-
990 1645 1092 1669 totam

78 1681 217 1718 thoracis
240 1680 413 1712 cavitatem
436 1677 598 1721 invcftizffe
620 1703 627 1710 .
661 1678 797 1719 Qanto
830 1679 924 1712 aliter
942 1704 954 1721 ,
988 1689 1024 1714 ut
1057 1681 1093 1712 in

78 1726 189 1760 eadem
212 1722 358 1756 Sectione
381 1725 394 1761 <
416 1732 435 1763 q
459 1725 472 1761 )
497 1723 578 1764 leges
595 1746 606 1762 ,
629 1732 763 1764 magnus
786 1723 957 1764 Medicus,
982 1723 1092 1756 Ballo-

78 1771 171 1805 nius.
194 1766 334 1811 Quidam
356 1788 370 1806 ‚
401 1766 511 1808 inquit
532 1788 541 1803 ,
578 1764 743 1809 difficulter
758 1766 906 1809 spirabat
927 1790 940 1808 ,
962 1766 1092 1801 anhelus

78 1820 170 1852 erat,
194 1817 393 1844 macruerat.
417 1812 529 1843 Omnes
554 1808 742 1852 accusabant
762 1810 924 1851 pulmones
945 1834 953 1842 .
979 1812 1089 1853 ⁴Aper-

78 1865 112 1892 to
135 1855 282 1889 cadavere
304 1853 351 1886 nil
374 1851 641 1886 commemorabile
673 1854 705 1884 in
725 1853 872 1895 pulmone
895 1862 1053 1896 repertum
1078 1877 1087 1884 .

80 1903 163 1936 Cor;
187 1897 268 1941 quod
288 1895 494 1935 admirabile3
518 1894 686 1938 majusculi
708 1897 828 1938 capitis
840 1898 1090 1940 magnitudinem

77 1941 242 1985 aequabat=
263 1941 339 1973 adeo
359 1940 537 1972 incre-verat
550 1963 561 1979 ,
585 1946 621 1971 uc
646 1939 747 1971 omnis
772 1940 941 1983 sanguinis
965 1944 1007 1978 &
1023 1939 1094 1983 spi-

78 1988 163 2020 ritus
199 1995 231 2019 eo
254 1982 346 2027 faiia
372 1982 418 2025 fit
438 1987 537 2027 eufip‘os
559 1987 593 2020 δι
612 1987 768 2026 συνδρομὴ.
794 1985 834 2016 Et
870 1983 910 2017 sic
932 1984 987 2017 ille
1020 1986 1096 2027 qui-

78 2030 174 2066 dem,
197 2037 233 2063 ut
255 2039 294 2061 eo
317 2036 480 2069 tempore.
508 2029 639 2062 Marcus
663 2037 769 2060 autem
792 2028 972 2062 Gerbezius
1003 2031 1017 2067 (
1041 2039 1057 2059 r
1081 2031 1096 2067 )

78 2075 113 2107 in
137 2069 306 2107 Monacho
326 2093 336 2109 ‚
370 2071 422 2104 cui
442 2078 533 2104 tanta
556 2072 658 2106 cordis
680 2072 776 2105 moles
799 2080 866 2105 erat
889 2096 902 2113 ,
932 2080 970 2105 ut
992 2072 1024 2105 id
1057 2072 1098 2105 ad

78 2117 233 2152 bilancem
260 2113 398 2157 positum
421 2115 559 2156 triginta
590 2115 700 2148 uncias
730 2114 844 2148 civiles
871 2115 1057 2158 ponderarit
1081 2139 1093 2155 ‚

79 2160 249 2204 pulmones
263 2169 340 2191 vero
353 2157 466 2199 parvi,
490 2159 677 2197 extenuati,
704 2158 856 2199 flaccidi,
882 2160 1069 2199 &corrupti
1083 2181 1096 2197 ,

80 2212 189 2248 aperte
214 2201 395 2240 indicavit,
419 2198 448 2233 se
471 2200 653 2243 conjicere,
677 2199 837 2234 diuturnae
861 2203 893 2233 &
908 2205 993 2233 inira
1016 2201 1095 2234 ulti-

78 2258 171 2286 mum
194 2256 314 2279 annum
346 2243 447 2277 au&ae
471 2243 629 2278 anhelitus
661 2243 863 2277 difficultatis
884 2266 895 2282 ,
927 2247 960 2278 &
982 2243 1098 2277 deinde

82 2289 305 2332 corruptionis
337 2288 531 2329 pulmonum
564 2289 688 2321 unicam
720 2286 845 2329 causam
878 2298 935 2320 cor
969 2285 1060 2321 fuisse
1083 2311 1097 2328 ‚

83 2342 236 2378 quatenus
258 2331 319 2365 hos
345 2328 424 2363 mole
439 2328 499 2371 sua
524 2330 749 2373 comprimebat
761 2354 772 2370 ,
789 2330 1012 2373 sanguintsque
1035 2331 1097 2364 cir-

83 2377 189 2412 culum
210 2385 267 2418 per
288 2372 407 2415 eosdem
429 2372 645 2408 remorabatur
662 2398 670 2405 .
710 2374 803 2406 Hanc
844 2374 947 2415 igitur
970 2375 1098 2407 causam

84 2431 122 2455 tn
145 2429 272 2462 quoque
307 2416 400 2450 addes
423 2418 546 2449 caeteris
566 2441 578 2458 ,
614 2417 657 2449 ob
678 2429 756 2460 quas
791 2417 897 2449 motui
933 2416 1095 2458 sanguinis

84 2475 139 2508 per
164 2464 331 2507 pulmones
355 2458 456 2492 officit
479 2471 535 2492 cor
559 2460 791 2501 amplis-icarum
812 2483 822 2498 ,
854 2471 954 2503 eoque
978 2460 1097 2494 diffici-

84 2509 147 2541 lem
183 2506 332 2548 spiritum
365 2502 497 2549 reddit:
533 2503 620 2545 quod
656 2505 839 2548 symptoma
873 2503 979 2546 paffim
1016 2506 1098 2547 leges

83 2562 158 2585 cum
191 2561 229 2582 eo
262 2546 378 2581 nimbo
402 2548 611 2588 conjunctum
648 2558 711 2581 non
745 2548 843 2582 modo
879 2549 913 2580 in
948 2547 1061 2581 nostris
1086 2570 1095 2586 ‚

83 2605 193 2629 vetuit·
219 2593 316 2626 etiam
343 2601 373 2623 in
399 2591 534 2623 aliorum
559 2589 728 2633 historiis,
753 2602 788 2626 ut
812 2592 1006 2633 Hottingeri
1035 2593 1096 2634 (s)

83 2640 118 2672 jn
142 2649 179 2670 eo
202 2634 292 2679 cijus
314 2646 370 2666 cor
394 2634 514 2666 bovino
536 2635 630 2668 corde
654 2645 719 2668 crat
745 2634 871 2677 majus,
896 2636 1047 2669 auriculis
1066 2637 1097 2668 ei

84 2680 301 2725 magnitudini
327 2677 615 2719 respondentibus;
641 2689 675 2712 ut
704 2680 867 2721 Zwingeri
894 2684 903 2718 (
929 2688 941 2712 t
965 2682 980 2718 )
1003 2681 1035 2711 in
1061 2691 1092 2712 a-

85 2728 133 2760 lio
162 2725 216 2758 cui
240 2722 339 2756 moles
376 2722 486 2763 ingens
519 2724 629 2755 cordis
664 2722 727 2756 fuit
752 2734 825 2757 cum
858 2722 972 2768 insigni
998 2721 1097 2766 hujus

87 2769 237 2804 anriculae
260 2765 407 2811 dexterae*
422 2766 644 2806 magnitudine
666 2778 678 2806 5
700 2777 737 2800 ut
765 2766 1002 2800 Praundoi·s³seri
1027 2770 1095 2806 (u)

86 2816 120 2847 in
145 2809 330 2845 novimestri
354 2810 477 2841 insante
495 2835 502 2845 .
525 2811 579 2843 cui
603 2818 691 2843 tanta
717 2819 783 2844 erat
796 2810 939 2844 auricula
963 2810 1094 2852 eadem,

85 2867 122 2891 ut
148 2865 256 2888 totum
277 2852 384 2891 condis
409 2853 492 2886 latus
514 2856 682 2887 dexterum
707 2865 772 2887 non
782 2854 881 2887 modo
903 2852 1096 2895 obduceret,

87 2900 139 2935 sed
165 2901 196 2931 δε
220 2899 302 2931 ultra
327 2907 518 2943 mucronem.
534 2897 758 2935 extenderetur
778 2922 785 2929 .
820 2899 897 2931 Huc
921 2898 1060 2930 attinent
1085 2911 1099 2937 5

87 2954 124 2979 ut
148 2943 225 2976 alias
247 2951 419 2979 om÷ttam3
443 2941 693 2975 Observationes
716 2942 814 2975 etiam
839 2941 984 2975 Riedlini
1007 2940 1063 2982 ('x
1086 2946 1098 2980 )

88 2988 145 3032 qui
171 2997 230 3020 cor
251 2984 332 3018 vidit
357 2983 453 3028 solito
475 2985 570 3028 longe
595 2984 696 3027 majus
716 3009 727 3026 ‚
754 2995 824 3019 turn
850 2986 997 3024 Budaer(
1013 2995 1037 3026 y
1061 2988 1098 3026 ),

89 3035 121 3066 &
146 3029 261 3064 Laubii
284 3031 299 3068 (
323 3040 347 3072 z
368 3031 399 3068 ),
424 3039 566 3071 quorum
589 3030 735 3062 altercnr
756 3029 1017 3062 extraordinariae
1031 3040 1097 3062 ma-

88 3073 302 3119 gnitudinis,
334 3072 412 3104 alter
444 3082 551 3106 autem
576 3073 681 3116 triplo
712 3072 847 3116 majoris
872 3073 994 3105 invenit
1020 3095 1032 3112 ,
1066 3076 1098 3106 ὃς

91 3117 209 3152 Graffii
234 3115 296 3149 filii
318 3117 332 3154 (
353 3127 371 3148 a
393 3118 431 3155 )‚
450 3118 504 3158 qui
531 3118 704 3150 auriculam
727 3116 836 3150 cordis
859 3116 1021 3150 dexteram
1044 3115 1097 3149 of-

93 3160 196 3195 fendit
220 3158 403 3194 consuetam
428 3160 545 3205 molem
558 3162 603 3194 vel
627 3160 730 3208 duplo
745 3160 960 3203 superantem.

95 3204 155 3239 Sed
178 3205 213 3238 in
235 3203 388 3237 omnibus
411 3199 497 3235 hisce
519 3203 638 3237 casibus
662 3206 683 3237 si
708 3202 794 3237 forte
818 3216 960 3248 quaeras,
985 3212 1099 3246 praeter

94 3246 236 3292 spirandi
259 3246 485 3281 difficultatem
505 3270 518 3287 ‚
552 3259 621 3290 quae
646 3246 768 3281 fuerint
792 3249 825 3280 iii
851 3250 931 3283 vivis
956 3247 1101 3281 animad-

95 3292 181 3327 versa
202 3290 243 3326 ad
266 3290 417 3324 morbum
440 3288 479 3322 de
501 3302 566 3333 quo
590 3296 734 3333 agimus,
759 3293 931 3325 attinentia
958 3304 969 3330 3
993 3292 1027 3324 in
1051 3292 1101 3325 ul-

96 3337 182 3370 timo
202 3346 277 3369 cum
308 3333 522 3377 palpitatione
545 3335 651 3369 cordis
673 3359 685 3375 ‚
717 3347 788 3377 quae
821 3336 861 3370 ab
897 3337 1100 3378 Hottingero

96 3390 225 3423 quoque
256 3384 453 3411 memoratur
472 3400 485 3416 ,
520 3377 640 3412 crebras
670 3378 761 3413 fuisse
791 3378 1005 3422 lipothymias
1024 3402 1037 3420 ,
1069 3381 1102 3412 δε

97 3432 236 3457 mortem
258 3421 395 3465 denique
416 3421 648 3462 inexpestatam
668 3446 680 3463 ,
716 3434 849 3466 reperies
870 3447 878 3455 .
915 3425 953 3455 In
977 3424 1102 3456 caeteris

98 3475 203 3508 autem
235 3464 356 3500 casibus
386 3465 443 3499 vix
464 3464 633 3508 quidpiam
665 3466 728 3501 huc
762 3465 961 3501 referendum
982 3466 1104 3500 adscri-

158 3691 174 3721 (
188 3691 231 3752 9¹3
247 3692 323 3721 Epist.
338 3696 377 3718 16.
394 3701 421 3719 n.
440 3702 478 3724 ις.
495 3693 519 3718 8<
535 3697 574 3719 16.
634 3696 650 3725 (
665 3705 679 3721 ο
698 3696 707 3726 l
723 3705 748 3722 n.
764 3705 786 3728 3.
848 3699 863 3728 (
876 3705 893 3729 p
913 3699 920 3726 l
934 3698 960 3723 in
977 3698 1101 3723 Additam.
1119 3699 1174 3724 Vid.
1192 3700 1274 3725 Schol.
1292 3700 1321 3725 ad
1339 3699 1397 3725 Obs.
1415 3707 1453 3731 34.

159 3723 200 3782 {a
246 3723 307 3753 Eph.
325 3726 360 3749 N.
377 3726 408 3750 C.
422 3726 481 3750 nec.
499 3733 521 3754 3.
539 3727 566 3751 A.
588 3733 611 3755 9.
628 3726 689 3752 0bs.
705 3735 758 3758 ²²3·
819 3728 885 3760 (s)
905 3729 968 3754 ibid.
985 3729 1048 3757 Obs.
1065 3731 1106 3757 89.

186 3762 202 3778 ae
216 3754 231 3783 )
246 3755 352 3780 Earund.
370 3757 441 3780 Cent.
459 3765 480 3785 ς.
500 3756 563 3780 Obs.
579 3765 619 3788 ος.
681 3758 689 3786 s
704 3766 722 3790 y
738 3761 749 3788 )
764 3760 836 3784 Cent-
852 3766 875 3783 2.
892 3759 953 3784 obs.
971 3764 1022 3786 ιοσ.
1085 3761 1093 3790 (
1110 3768 1127 3789 z
1141 3761 1156 3790 )
1172 3762 1245 3786 Cent.
1263 3770 1301 3787 ιο.
1316 3762 1374 3787 obs.
1392 3764 1430 3791 84.

161 3784 178 3813 ί
192 3786 232 3815 b)
253 3787 326 3811 Cent.
349 3795 373 3816 7.
398 3786 507 3816 Append.
530 3795 555 3811 n.
578 3797 601 3817 4·
663 3789 678 3818 (
693 3797 705 3814 c
720 3789 735 3817 )
760 3791 832 3815 Cent.
856 3798 879 3819 4.
904 3790 963 3815 Obs.
990 3798 1043 3815 120.
1105 3792 1119 3821 (
1136 3790 1176 3819 d)
1203 3792 1264 3817 lbid.
1286 3792 1345 3817 obs.
1375 3800 1423 3823 113.

165 3815 181 3844 (
192 3815 230 3853 ξ)
247 3817 302 3843 Aa.
321 3821 356 3844 N.
373 3820 402 3844 C.
416 3820 495 3843 Tom.
512 3825 534 3842 π..
551 3818 610 3843 Obs.
626 3827 666 3849 3⁴·
728 3818 738 3849 (
753 3828 772 3851 g
787 3820 802 3849 )
817 3822 961 3847 Comment.
979 3821 1008 3846 in
1021 3820 1109 3847 Βοιὼ.
1127 3822 1218 3852 aphni.
1237 3823 1260 3854 §.
1278 3826 1332 3852 176.

162 3849 177 3875 (
190 3855 201 3873 σ
216 3852 228 3878 >
242 3850 261 3874 t.
276 3858 302 3880 ⁴.
317 3849 357 3876 ch.
372 3857 397 3880 4.
413 3856 439 3875 n.
455 3857 480 3879 4.
495 3848 535 3874 eli,
551 3856 574 3880 9.
589 3857 616 3876 n.
631 3857 657 3881 ⁷·
674 3852 697 3876 ὃς
711 3851 751 3876 ch.
768 3858 803 3877 u.
820 3859 845 3876 n.
865 3859 888 3881 9,

1986 211 2079 272 167

1136 294 1230 328 ptum
1261 282 1305 318 est
1322 306 1336 324 ,
1367 282 1391 317 si
1423 284 1588 328 Zwingeri
1623 282 1793 318 historiam
1823 284 1993 329 excipias,
2025 287 2059 318 in
2082 296 2146 330 qua

1137 328 1245 371 pulsus
1268 338 1409 370 parvus,
1431 326 1624 370 languidus,
1647 328 1678 361 δε
1702 329 1891 371 inaequalis,
1918 330 1951 363 δέ
1974 328 2147 368 Riedlini‚

1136 373 1171 405 in
1194 382 1257 414 qua
1281 370 1389 413 pulsus
1415 371 1617 413 inaequaliter
1640 370 1863 407 intermittens
1887 372 2060 407 adnotatur
2080 384 2091 411 3
2114 384 2147 406 e-

1137 424 1207 448 rant
1231 424 1337 447 tamen
1360 414 1395 446 in
1418 424 1555 458 utroque
1579 426 1665 457 aegro
1689 414 1881 458 pulmonum
1905 427 2032 460 quoque
2045 416 2147 456 vitia,

1136 462 1169 492 &
1193 456 1312 491 humor
1335 455 1450 491 effusus
1474 458 1507 490 in
1532 458 1684 498 thorace,
1708 468 1747 493 ut
1766 459 1800 491 in
1823 470 1862 492 eo
1887 461 2005 502 pariter
2026 458 2065 493 de
2078 469 2146 502 quo

1134 502 1356 544 Hottingerus
1377 524 1385 532 .
1412 502 1635 544 Symptomata
1658 511 1765 536 autem
1787 501 1877 536 illius
1898 502 2031 546 quidem
2054 513 2150 545 gene-

1136 546 1180 578 ris
1205 545 1265 578 alia
1288 553 1540 578 commemorata
1570 544 1656 579 haud
1679 545 1769 594 esset,
1803 556 1868 578 non
1901 547 2003 579 miror
2023 570 2035 587 ,
2066 546 2148 588 aegri

1139 597 1233 622 :etate
1256 598 1508 631 nonnunquam,
1534 597 1588 623 aut
1611 598 1769 629 temporis
1791 589 2065 631 quointerrogari
2090 599 2150 631 po-

1138 633 1204 665 tuit
1219 658 1226 672 ,
1249 632 1426 669 brevitate,
1450 640 1505 665 aut
1528 643 1639 666 eorum
1662 632 1719 672 qui
1744 632 1917 665 retulerant
1937 656 1950 673 ‚
1983 633 2151 675 negligen-

1138 677 1186 709 tia
1202 700 1210 714 ‚
1235 685 1289 710 ant
1313 686 1417 708 rerum
1439 686 1510 717 quse
1534 675 1707 709 scribendae
1730 684 1844 716 erant,
1867 686 2019 715 numer0‚
2043 678 2077 708 &
2098 685 2153 709 va-

1138 720 1253 753 rietate
1278 717 1549 761 prohibentibus,
1572 729 1627 752 aut
1650 716 1748 752 causis
1771 718 1909 762 denique
1934 719 2004 752 aliis
2025 717 2154 752 obstan-

1139 764 1245 797 tibus.
1272 762 1416 796 Difficile
1440 763 1526 795 enim
1550 761 1658 797 credas
1676 785 1688 802 ,
1712 763 1745 795 in
1773 761 2050 805 famigeratiffimo
2064 761 2153 795 Viro

1137 805 1326 840 Alexandro
1359 805 1546 839 Marchetto
1581 805 1673 846 (b)
1703 816 1778 838 cum
1811 805 1885 841 esset
1910 806 2010 840 moles
2044 803 2153 839 cordis

1142 849 1321 883 admodum
1347 861 1462 892 magna
1477 873 1490 890 ,
1514 852 1547 882 &
1570 848 1703 891 insignis
1727 848 1869 883 dexterae
1893 848 1989 892 hujus
2003 848 2153 884 auriculae

1141 894 1294 927 dilatatio
1316 917 1327 933 ‚
1360 905 1397 926 ne
1421 893 1642 936 respirationis
1674 892 1805 935 quidem
1829 892 1921 928 fuisse
1952 894 2071 927 vitium
2094 892 2156 927 ali-

1141 937 1251 980 quod,
1277 936 1393 971 nedum
1418 937 1481 971 alia
1511 948 1550 969 eo
1574 937 1778 978 peculiariter
1802 935 1975 979 spectantia
1996 962 2003 969 .
2038 937 2156 978 Neque

1142 982 1237 1014 aliter
1260 979 1297 1013 de
1322 980 1456 1014 foemina
1482 981 1532 1024 (c
1554 983 1569 1020 )
1589 979 1716 1018 credas³
1740 981 1774 1013 in
1798 979 1889 1024 cujus
1913 981 2032 1024 pariter
2056 979 2157 1014 histo-

1140 1026 1185 1057 ria
1210 1024 1293 1057 nihil
1318 1023 1472 1067 ejusmodi
1499 1025 1636 1065 reperies
1660 1052 1667 1064 5
1700 1035 1775 1058 cum
1800 1031 1906 1057 tamen
1939 1024 2082 1059 auricula
2105 1034 2158 1056 ea-

1141 1068 1212 1101 dem
1238 1075 1365 1101 tantum
1388 1066 1523 1101 dilatata
1546 1066 1620 1108 efflet
1642 1090 1656 1107 ,
1686 1075 1723 1100 ut
1754 1078 1912 1102 annexum
1942 1067 2157 1102 ventriculum

1142 1123 1200 1145 non
1234 1111 1323 1143 modo
1353 1118 1488 1152 aequaret
1514 1135 1523 1149 ,
1547 1111 1604 1154 sed
1635 1111 1852 1152 magnitudine
1877 1111 2042 1153 superaret
2066 1134 2075 1142 .
2108 1110 2158 1144 At

1142 1158 1176 1188 in
1200 1155 1381 1188 Mercatore
1414 1154 1504 1193 (d)
1535 1153 1626 1195 cujus
1662 1164 1814 1195 magnum
1847 1157 1879 1188 δε
1904 1153 2069 1189 tumidum
2102 1163 2159 1187 cor

1142 1197 1318 1232 auriculam
1352 1198 1471 1239 pariter
1502 1195 1666 1230 dexteram
1700 1197 1842 1231 multum
1875 1197 2010 1231 habebat
2041 1206 2161 1239 expan-

1144 1242 1233 1282 sam,
1257 1241 1342 1273 idem
1365 1239 1565 1274 Clarissimus
1588 1240 1841 1274 Observationis
1853 1242 2002 1282 Austor,
2024 1238 2161 1274 Thebe-

1142 1286 1204 1319 fius
1231 1283 1392 1318 anhelitus
1419 1283 1528 1317 saltem
1552 1282 1782 1317 difficultatem
1807 1297 1821 1317 a
1850 1285 1964 1319 multis
1988 1285 2080 1317 annis
2101 1282 2162 1317 ad-

1140 1338 1331 1369 notaverat,
1354 1331 1387 1362 &
1403 1326 1484 1370 saepe
1506 1327 1571 1361 alia
1585 1353 1593 1366 ,
1616 1339 1686 1370 quae
1710 1326 1840 1361 fortasse
1864 1327 1925 1362 huc
1950 1328 2131 1362 attinebant
2146 1350 2160 1368 ,

1134 1373 1352 1417 symptomata
1373 1396 1380 1403 .
1415 1373 1523 1414 Atque
1547 1381 1583 1404 ut
1608 1370 1645 1405 de
1671 1371 1790 1405 sinislra
1826 1383 1955 1415 quoque
1979 1371 2125 1407 auricula
2147 1394 2162 1410 ‚

1140 1416 1234 1460 cujus
1255 1415 1459 1448 dilatationis
1483 1415 1626 1457 exempla
1644 1416 1796 1458 pauciora
1817 1426 1950 1455 extant,
1975 1427 2074 1459 quarn
2086 1413 2164 1449 dex-

1142 1470 1242 1499 terae,
1268 1459 1391 1501 aliquid
1416 1460 1613 1500 attingamus
1635 1471 1644 1498 ς
1670 1468 1782 1502 ptaeter
1807 1471 1841 1493 ea
1865 1471 1937 1503 quae
1961 1471 2000 1493 ex
2022 1460 2075 1493 Cl.
2104 1461 2165 1492 Pa-

1141 1503 1184 1538 sta
1209 1503 1301 1546 supra
1324 1505 1337 1541 (
1362 1512 1376 1535 e
1398 1506 1413 1542 )
1435 1502 1648 1537 indicavimus
1676 1527 1683 1541 ‚
1720 1505 1751 1536 δε
1775 1503 1812 1535 in
1835 1501 1895 1536 hac
1920 1527 1931 1541 ,
1968 1502 2102 1546 aliisque
2124 1513 2165 1536 ex

1140 1546 1256 1581 nostris
1282 1545 1435 1588 Epistolis
1469 1546 1609 1579 invenies
1631 1570 1642 1586 ,
1680 1545 1840 1588 Schreyus
1870 1544 1954 1589 (f)
1987 1547 2051 1580 Vir
2073 1548 2166 1589 inge-

1142 1601 1224 1625 nuus
1246 1593 1279 1624 in
1304 1590 1444 1632 septenni
1471 1600 1569 1632 puero
1593 1588 1700 1623 cordis
1724 1590 1976 1632 palpitationem
1992 1613 2006 1631 ,
2027 1593 2061 1624 &
2083 1591 2166 1624 cele-

1143 1646 1232 1675 rem,
1256 1634 1463 1676 debilemque
1487 1632 1612 1675 pulsum
1636 1632 1863 1666 animadvertit
1884 1658 1894 1673 ‚
1926 1644 2001 1668 cum
2025 1633 2167 1676 ejusdem

1143 1690 1200 1711 cor
1216 1678 1371 1720 stupenda
1403 1678 1636 1719 magnitudinis
1660 1676 1766 1710 adulti
1795 1676 1960 1720 superaret
1986 1674 2128 1721 formam
2150 1701 2164 1718 ‚

1143 1721 1286 1756 auricula
1305 1719 1429 1767 sinislra
1452 1720 1506 1753 ovi
1528 1721 1781 1764 magnitudinem
1804 1729 1967 1764 aequante:
1991 1721 2093 1757 multa
2109 1733 2166 1755 au-

1143 1776 1208 1799 tem
1232 1767 1267 1798 in
1291 1764 1406 1806 hujus.
1433 1766 1465 1796 &
1489 1764 1686 1798 Mercatoris
1701 1763 1835 1797 thorace
1858 1776 1938 1806 aqua
1948 1764 2034 1799 fuit.
2061 1763 2166 1805 Quod

1141 1808 1163 1842 fi
1188 1809 1251 1844 alia
1274 1806 1474 1842 considerare
1497 1808 1596 1840 libeat
1621 1807 1754 1841 dilatati
1776 1806 2066 1851 cordisexempla3
2089 1810 2167 1852 plu-0

1142 1865 1174 1887 ra
1198 1852 1294 1886 habes
1319 1851 1425 1893 passim
1449 1854 1485 1883 in
1509 1850 1558 1885 his
1583 1851 1740 1894 Epistolis
1765 1862 1963 1885 memorata:
1989 1861 2063 1888 turn
2085 1863 2167 1894 prae-

1143 1906 1191 1930 tet
1214 1908 1247 1929 ea
1270 1907 1341 1939 quae
1366 1894 1526 1930 indicabit
1549 1895 1622 1929 Cel,
1648 1895 1836 1930 Swietenins
1859 1899 1873 1935 (
1892 1906 1914 1938 g
1935 1899 1972 1936 ),
1997 1907 2060 1929 non
2086 1907 2172 1938 pau-

1145 1952 1182 1974 ca
1216 1941 1357 1973 invenies
1382 1939 1519 1972 aliorum
1540 1963 1553 1979 ‚
1586 1942 1618 1972 &
1654 1938 1706 1973 sua
1740 1938 1825 1981 apud
1848 1940 2022 1973 Eximium
2044 1940 2171 1975 Virum

1148 1985 1317 2018 Senacium
1342 1981 1398 2027 (h
1421 1986 1434 2021 )
1469 1984 1503 2015 in
1526 1995 1564 2016 eo
1586 1983 1693 2025 capite
1716 2006 1728 2024 ,
1759 1994 1827 2026 quo
1849 1992 2077 2029 argumentum
2102 1982 2170 2027 hoc

1147 2028 1352 2071 peculiariter
1384 2026 1501 2060 traffitat
1525 2038 1558 2059 ea
1581 2030 1678 2069 copia
1698 2051 1711 2068 ,
1746 2036 1840 2070 atque
1875 2027 2002 2062 solertia
2023 2050 2032 2064 ‚
2066 2036 2102 2063 ut
2128 2039 2174 2061 ei>

1147 2071 1310 2115 perle5to,
1336 2070 1425 2111 plura
1451 2081 1515 2103 non
1541 2069 1635 2104 facile
1659 2069 1814 2104 defideres
1834 2069 1895 2104 sive
1917 2071 1955 2105 de
1976 2069 2078 2106 causis
2096 2077 2172 2115 qu‘ae

1146 2126 1203 2148 cor
1226 2115 1387 2149 dilatant,
1413 2112 1474 2146 five
1499 2114 1537 2147 de
1562 2117 1660 2147 noxis
1680 2114 1846 2148 adilatato
1869 2113 1966 2149 corde
1978 2117 2174 2158 provenien·

1147 2159 1261 2198 tibiis,
1285 2157 1345 2190 sive
1368 2156 1406 2190 de
1431 2158 1563 2191 auxiliis
1588 2158 1626 2191 ad
1653 2158 1707 2192 has
1733 2157 1920 2193 minuendas
1942 2184 1951 2200 ,
1982 2159 2043 2193 five
2065 2159 2104 2193 de
2127 2156 2174 2192 fi·

1147 2204 1219 2243 gnis
1243 2212 1308 2234 non
1328 2201 1436 2235 cordis
1463 2201 1565 2235 modo
1589 2223 1599 2238 ‚
1631 2200 1681 2235 sed
1706 2203 1849 2244 partium
1874 2201 1941 2246 ejus
1973 2201 2173 2245 singularum

1148 2244 1378 2278 dilatationem
1403 2244 1646 2284 iniicantibus,
1671 2244 1906 2287 praesertimfi,
1930 2245 2020 2289 quod
2043 2247 2081 2280 ad
2097 2245 2170 2280 haec

1149 2289 1292 2325 attinet,
1317 2299 1352 2320 ea
1376 2286 1469 2321 fimus
1494 2288 1675 2322 attenderis
1694 2300 1769 2333 quie.
1792 2288 1869 2322 alibi
1894 2288 1942 2333 (i
1963 2293 1978 2331 )
2001 2289 2039 2325 de
2052 2290 2173 2325 iisdem.

1149 2342 1203 2366 aut
1231 2333 1448 2372 praenotavit‚
1472 2341 1525 2365 aut
1551 2334 1696 2374 excepit.

1198 2379 1245 2408 16.
1274 2376 1436 2408 Hactenus
1459 2374 1499 2408 de
1521 2374 1643 2409 Cordis
1664 2376 1975 2419 Aneurysmatibus.
2000 2378 2102 2414 Nunc
2124 2377 2169 2412 il-

1149 2417 1205 2453 lud
1230 2419 1415 2460 proximum
1439 2418 1482 2452 est
1502 2442 1513 2458 ‚
1548 2428 1583 2452 ut
1608 2420 1839 2462 Aneurysmata
1873 2433 2051 2465 proponam
2084 2433 2169 2456 arie-

1150 2463 1204 2495 riae
1231 2462 1376 2503 Nlagnae.
1405 2464 1566 2504 Incipiam
1590 2472 1698 2496 autem
1722 2463 1763 2496 ab
1793 2465 1856 2498 illo
1878 2465 1972 2508 cujus
1996 2464 2169 2500 historiam

1150 2507 1287 2538 minime
1311 2505 1445 2545 dignam
1470 2515 1552 2547 puto
1576 2517 1647 2548 quae
1672 2507 1865 2546 intercidat,
1890 2507 1951 2542 sive
1973 2510 2018 2543 ob
2043 2510 2167 2544 Virum

1149 2560 1244 2594 quem
1268 2546 1418 2589 sustulit,
1441 2547 1504 2581 five
1527 2548 1571 2582 ob
1593 2560 1647 2582 eos
1672 2549 1846 2591 praesertim
1857 2553 1913 2595 qui
1936 2551 1975 2587 de
1998 2552 2066 2597 ejus
2078 2564 2171 2588 mot-

1149 2592 1192 2626 bo
1219 2590 1430 2633 scripserunt.
1457 2594 1533 2626 fuit
1558 2592 1613 2624 ille
1635 2594 1828 2628 Mutinensis
1845 2597 2168 2632 ProtomedicusAn-

1149 2637 1259 2669 tonius
1284 2636 1504 2674 Ferrarinius;
1530 2635 1564 2669 hi
1591 2648 1666 2670 vero
1692 2638 1904 2673 Bernardinus
1917 2642 2135 2676 Ramazzinus
2153 2664 2170 2683 ‚⁴

1149 2683 1181 2712 δι
1216 2679 1391 2712 Marcellus
1412 2678 1618 2722 Malpighius
1643 2709 1650 2713 ,
1685 2682 1773 2715 Cum
1797 2684 1884 2716 enim
1906 2686 2017 2718 omnia
2041 2685 2168 2727 Maspi-

1146 2722 1217 2766 ghii
1240 2720 1338 2765 ipsius
1372 2734 1469 2757 manu
1494 2723 1613 2766 scripta
1645 2724 1789 2759 Consilia
1822 2727 1953 2762 Medica
1990 2733 2166 2773 (quorum

1147 2778 1247 2809 nequ-e
1271 2777 1441 2806 numerus,
1466 2778 1567 2811 neque
1592 2768 1774 2809 aliquorum
1799 2770 1997 2813 praesertim‚
2020 2773 2106 2806 ratio
2117 2770 2167 2806 fa-

1146 2811 1217 2855 cile>
1233 2809 1413 2844 aestmanda
1438 2810 1508 2844 sunt
1531 2822 1570 2844 ex
1595 2811 1661 2844 illis
1684 2823 1755 2853 qnae
1778 2814 1927 2848 nonnulli
1957 2814 2128 2851 ediderunt
2152 2841 2165 2858 ‚

1148 2853 1288 2896 ejusdem
1321 2853 1513 2894 Consiliis)
1555 2853 1763 2897 Medicasque
1793 2856 1836 2890 ad
1877 2857 1984 2900 ipsum
2021 2859 2168 2903 undique

1150 2894 1255 2931 missas
1278 2897 1456 2936 Epistolas,
1491 2898 1657 2931 Albertini
1681 2897 1728 2931 sui
1757 2898 1911 2934 beneficio
1936 2902 2128 2945 perlegerem
2152 2918 2167 2942 3

1149 2944 1182 2975 in
1208 2942 1278 2975 illas
1302 2940 1387 2974 forte
1411 2941 1534 2981 incidi,
1556 2952 1634 2983 quas
1658 2952 1674 2974 a
1697 2942 1804 2976 morbi
1827 2954 1923 2987 quem
1946 2945 2038 2984 dixi,
2061 2947 2165 2981 initio

1151 2985 1189 3019 ad
1215 2984 1310 3018 finem
1345 2985 1441 3027 usque
1464 2986 1681 3019 Ramazzinus
1708 2986 1894 3021 consulendi
1917 2989 2007 3024 causa
2042 2989 2164 3025 identi-

1150 3029 1222 3063 dem
1247 3027 1290 3062 ad
1315 3028 1534 3071 Malpighium
1558 3028 1728 3063 mittebat.
1755 3031 1808 3063 Ex
1831 3031 1951 3074 quibus
1974 3034 2126 3069 omnibus
2149 3058 2163 3076 ,

1150 3072 1284 3115 aliisque
1310 3072 1485 3114 interjectis
1509 3071 1628 3106 chartis
1651 3073 1821 3116 diligenter
1845 3087 1860 3108 a
1886 3088 1935 3110 me
1960 3087 2165 3121 excerptam,

1149 3117 1363 3194 gigestainquc
1387 3115 1554 3150 historiam
1574 3138 1586 3156 ‚
1618 3116 1770 3151 hac‘tenus
1801 3117 1960 3155 ineditam
1985 3146 1996 3162 ‚
2031 3121 2074 3155 fic
2104 3121 2164 3157 ha·

1174 3171 1229 3194 eto
1247 3185 1253 3191 .
1812 3191 1816 3193 s

1197 3215 1249 3247 17.
1274 3203 1537 3240 ANTONIUS
1563 3205 1889 3240 FERRARINIUS
1902 3207 2136 3242 melancholico
2153 3230 2166 3248 ς

1150 3258 1188 3283 ut
1211 3247 1388 3285 vocabant,
1414 3256 1689 3295 temperamento,
1712 3248 1828 3283 habitu
1851 3260 1960 3284 autem
1983 3251 2021 3286 ad
2044 3252 2162 3286 cache-

1151 3294 1275 3326 {ticum
1305 3290 1481 3324 inclinante
1503 3316 1516 3333 ,
1548 3293 1668 3335 iugiter
1700 3292 1848 3336 exspuere
1884 3294 1996 3329 solitus
2029 3296 2162 3331 salivam

1153 3336 1287 3369 multam
1302 3358 1319 3382 -,
1351 3334 1493 3381 hancque
1526 3335 1730 3370 erodentibus
1755 3336 1870 3370 salibus
1902 3337 2052 3381 foetam,
2084 3351 2161 3375 cum

1154 3390 1273 3412 annum
1297 3389 1361 3421 Jarn
1384 3378 1489 3421 ipsum
1512 3378 1613 3413 ferina
1638 3378 1706 3413 tulii
1729 3388 1860 3413 vexatus
1890 3379 1963 3415 esset
1987 3394 2163 3425 propemo-

1154 3423 1231 3456 dum
1254 3422 1366 3456 affidua
1388 3445 1399 3460 ,
1433 3421 1472 3455 ad
1494 3434 1590 3465 quam
1614 3422 1749 3465 denique
1783 3420 1944 3459 accesserat
1967 3426 2073 3468 aliqua
2095 3426 2162 3468 spi.

1155 3466 1248 3501 randi
1270 3464 1448 3501 difficultas,
1461 3488 1476 3507 ,
1508 3468 1543 3499 in
1565 3475 1659 3500 motu
1681 3465 1858 3508 praesertim
1878 3479 1935 3512 per
1956 3469 2091 3503 acclivia
2113 3470 2165 3505 lo.

2064 3523 2100 3548 ca
2107 3515 2131 3555 ς’

1170 3733 1180 3755 (
1196 3738 1208 3755 ε
1223 3732 1237 3760 )
1254 3733 1311 3755 Dec.
1328 3731 1371 3755 ead
1400 3733 1429 3756 Α.
1447 3740 1466 3761 5.
1483 3700 1590 3756 ogs-48?
1607 3699 1666 3757 0sz
1679 3706 1723 3759 κω)
1737 3727 1800 3753 lbid.
1815 3727 1881 3753 Obs.
1898 3734 1952 3758 ιιι.

1494 3765 1501 3790 (
1520 3771 1535 3787 a
1551 3762 1560 3793 )
1576 3764 1650 3786 cent.
1669 3771 1692 3792 5.
1707 3759 1770 3785 Obs.
1786 3767 1827 3789 ²4·

1394 3824 1408 3854 t
1425 3823 1440 3847 t»
1450 3822 1466 3853 )
1481 3793 1710 3849 {fiilialem
1724 3821 1741 3846 i.
1760 3829 1784 3850 4.
1801 3819 1840 3845 cb.
1857 3820 1884 3845 s,-
