2498 4075
458 257 684 326 Epistola
722 257 883 313 Anat.
917 241 1132 319 Medica

133 334 254 369 cerebri
280 332 474 374 substantia,
495 343 721 378 urgentemque
745 333 927 376 sanguinem
959 335 1132 369 admittit:

132 380 175 414 fic
209 377 300 411 fimus
335 377 512 421 aploplexia
535 400 548 417 ,
581 380 613 410 δε
644 388 772 411 caverna
805 378 842 411 fit
869 390 876 410 .·
922 390 991 424 quae
1032 378 1132 413 donec

132 425 180 457 vis
223 421 329 455 cordis
352 445 365 461 ,
412 424 444 455 &
475 421 658 462 arteriarum
702 432 765 454 non
809 421 998 464 elanguescit
1021 445 1034 461 ,
1078 435 1133 457 au-

127 476 226 511 getur
271 476 368 508 porro
391 488 404 505 ,
447 466 478 496 &
523 474 596 497 cum
641 463 709 507 ipsa
754 472 886 507 augetur
931 465 1098 508 apoplexia
1119 489 1132 506 ,

130 509 189 545 njfi
222 509 366 543 Medicus
389 531 401 548 ‚
432 507 480 538 vel
513 508 621 547 potius
664 519 759 550 quam
806 508 973 542 rarissimus
1017 508 1132 552 aliquis

125 555 218 588 casus
262 552 427 586 Medicum
472 549 622 592 adjuvans
666 552 856 584 interveniat
879 575 892 592 ,
939 552 1133 601 ulteriusque

127 600 361 632 incrementum
406 593 574 634 prohibeat
617 597 679 638 <z
702 598 717 635 3
741 619 749 626 .
790 595 881 637 Qu
917 595 1017 630 moles
1039 597 1130 637 ipsa,

128 645 161 675 δι
207 640 329 684 pondus
372 635 458 671 effusi
502 636 662 680 sanguinis
707 639 740 671 in
772 649 938 671 cavernam
961 662 974 679 ,
1005 646 1059 672 aut
1092 649 1131 671 ex

128 684 188 720 hac
233 687 265 718 in
311 680 527 714 ventriculum
551 704 562 721 ,
605 681 655 714 vel
701 680 770 724 post
805 691 943 716 mortem
979 692 1128 715 nonnun-

126 740 222 773 quam
267 723 368 769 potest
413 724 604 766 particulam
649 724 789 768 aliquam
822 736 1024 768 perrumpere
1046 748 1059 764 ,
1090 733 1127 759 ut

126 782 204 814 puta
249 778 400 812 pertenue
443 766 566 810 septum
590 768 753 802 Lucidum
779 793 789 809 ,
834 768 1010 811 praesertim
1053 779 1127 818 cum

126 814 284 849 cadaveris
330 811 470 853 agitatur
514 818 612 854 caput
637 834 647 849 ,
692 820 748 846 aut
791 813 825 844 in
871 811 977 845 sanum
1009 811 1128 845 cerebri

125 858 300 892 inclinatur
344 855 425 887 latus
448 878 457 885 .
503 857 667 889 Caeterum
710 867 779 899 quae
811 853 849 888 de
882 865 1022 887 cavernae
1055 865 1130 904 pro-

124 901 276 934 dquone
322 909 360 932 ex
400 896 502 931 effuso
546 910 600 937 per
655 898 838 939 disruptum
882 910 898 931 a
941 897 1130 931 distentione

122 943 284 977 vasculum
307 941 410 985 scripsi
435 964 447 982 ,
479 952 513 974 ea
536 941 630 975 facile
653 941 811 984 intelligis
842 941 950 974 locum
984 940 1097 974 habere
1120 963 1131 979 ,

121 987 148 1022 fi
183 999 221 1021 ex
253 986 344 1019 eroso
375 996 504 1028 quoque
537 984 665 1019 vasculo
709 985 836 1027 sanguis
880 984 1096 1034 profundatur
1119 1010 1126 1017 .

119 1030 254 1066 Habent
293 1030 379 1062 enim
403 1054 411 1067 ‚
444 1037 501 1062 ut‘
525 1038 637 1062 caetera
668 1052 681 1068 ,
722 1030 770 1062 ita
812 1032 845 1075 ὃς
889 1028 1008 1061 cerebri
1058 1028 1128 1062 vasa

121 1085 188 1108 non
221 1071 406 1107 uniusmodi
438 1072 519 1104 vitia
542 1096 554 1112 ,
590 1072 686 1114 idque
716 1072 751 1104 in
775 1070 956 1114 majusculis
980 1081 1128 1105 nonnun-

120 1129 217 1161 quam
253 1115 383 1150 evidens
413 1115 457 1149 est
480 1139 492 1155 ,
533 1125 570 1149 ut
602 1114 686 1149 infra
725 1118 816 1154 (a)
854 1114 1016 1165 ostendam
1040 1139 1051 1156 ,
1077 1118 1127 1165 ¹&

122 1163 193 1195 sane
238 1161 406 1203 peculiaris
439 1159 515 1191 vitii
548 1157 811 1193 inchoamentum
844 1159 878 1191 in
915 1168 1029 1191 arteria
1074 1159 1130 1191 illa

121 1206 263 1238 mulieris
286 1200 432 1246 descripsi
447 1225 459 1242 ,
481 1200 571 1243 cujus
593 1201 689 1245 paulo
710 1209 781 1235 ante
803 1204 818 1241 (
839 1201 889 1242 h)
911 1200 1130 1236 diffeetionem

121 1247 298 1291 proposui„
903 1290 910 1297 .

175 1301 223 1324 ιο.
269 1291 350 1324 Non
396 1301 446 1324 me
492 1289 576 1332 fugit
600 1312 612 1329 ,
655 1290 855 1324 Brunnerum
875 1299 933 1338 .¹¹¹
966 1301 1000 1322 ea
1032 1301 1128 1333 quam

115 1334 196 1377 saepe
241 1333 367 1368 laudavi
390 1357 403 1374 ,
445 1332 677 1368 Observatione
721 1337 735 1373 (
757 1346 773 1367 c
794 1338 808 1374 )
852 1332 1010 1376 ejusmodi
1033 1356 1045 1373 ,
1090 1342 1127 1367 ut

117 1377 250 1411 videtur
273 1402 282 1417 ‚
325 1388 492 1411 cavernam·
533 1375 630 1418 ampli
673 1375 781 1410 hiatus
803 1400 815 1416 ‚
842 1375 898 1418 sen
921 1375 1034 1425 fissurae
1065 1387 1126 1427 nq-

115 1423 203 1456 mine
238 1421 469 1465 significantem
490 1443 501 1459 ,
538 1418 688 1461 subjicere
706 1440 716 1455 ‚
747 1418 826 1453 alibi
847 1419 1014 1465 arterzolas
1036 1430 1126 1468 ⁶⁸1ng-

119 1466 228 1499 tudine
262 1489 275 1506 ‚
316 1465 373 1508 seu
418 1462 627 1504 aneurysmate
669 1460 796 1506 affeft'as
833 1464 869 1512 *se
913 1461 1097 1508 conspexisse
1117 1487 1127 1503 ‚

118 1519 183 1551 quae
215 1516 338 1542 tantam
364 1506 529 1550 sanguinis
560 1506 627 1539 vim
652 1503 770 1549 fudisse
801 1504 990 1539 *videbantur
1013 1530 1039 1555 .·
1067 1506 1127 1557 §ed

115 1563 225 1585 earum
268 1551 369 1587 sedern
392 1574 405 1591 ,
448 1552 482 1583 δε
522 1551 749 1591 aneui·ysmatis
778 1548 972 1582 diametrum
995 1560 1129 1598 minime

114 1595 209 1629 docet
233 1619 241 1625 .
277 1594 467 1629 Dilucidior
499 1592 542 1625 est
575 1592 633 1625 hac
666 1594 699 1626 in
735 1602 766 1624 re
800 1591 970 1634 Wepferus
997 1619 1005 1632 ‚
1038 1604 1130 1637 cujus

113 1650 242 1682 quoque
282 1640 317 1671 in
350 1634 561 1680 Sepulchreto
585 1641 595 1675 (
619 1637 638 1669 d
658 1640 675 1676 )
695 1634 964 1670 observationem
999 1636 1094 1671 habes
1115 1661 1129 1678 ,

111 1684 170 1724 qui
215 1685 248 1715 &
278 1683 451 1717 cavitatem
477 1679 535 1720 seu
565 1687 691 1713 antrum
740 1678 890 1713 describit
920 1703 933 1720 ,
975 1683 1008 1714 ἃ
1052 1681 1128 1714 licet

114 1726 342 1769 aneurysmatz's
372 1724 519 1765 exemplo
563 1732 673 1756 utatur
695 1735 709 1764 ,⁴
741 1735 806 1757 rem
838 1733 943 1756 tamen
968 1746 977 1761 ,
1010 1733 1045 1757 ut
1078 1726 1126 1758 vi-

120 1767 181 1801 deo
203 1792 215 1808 ,
250 1766 336 1802 haud
372 1767 456 1800 secus
492 1778 589 1809 quam
620 1777 680 1808 ego
702 1790 714 1807 ,
747 1767 904 1808 intelligit
928 1791 940 1807 ‚
987 1778 1042 1801 nec
1073 1779 1125 1800 ve-

117 1823 189 1845 rum
212 1811 396 1854 aneu1·ysma
422 1834 430 1847 ‚
464 1809 514 1843 sed
540 1811 613 1843 satis
636 1809 776 1852 apposite
793 1811 938 1852 spurium
962 1813 976 1850 (
998 1822 1012 1844 e
1033 1815 1047 1851 )
1070 1823 1125 1854 ap-

115 1856 214 1898 pellat
240 1867 250 1894 3
287 1865 323 1888 ut
351 1855 373 1888 fi
399 1855 536 1887 aliorum
557 1852 681 1896 jndicio
704 1856 814 1896 potius
838 1865 933 1896 quam
967 1859 1023 1888 suo
1046 1877 1056 1893 ,
1089 1856 1124 1888 in

112 1896 293 1933 istiusmodi
316 1897 586 1941 explicationibus
608 1895 752 1930 standum
776 1896 814 1931 fit
834 1920 847 1938 ,
870 1906 900 1930 te
923 1898 1034 1932 malim
1055 1908 1124 1931 tan-

113 1944 140 1975 ti
164 1943 241 1976 Viri
266 1941 352 1984 sequi
376 1939 560 1984 judicium,
583 1952 680 1984 quam
709 1951 815 1975 meum
837 1965 844 1973 .
881 1941 940 1975 Sed
972 1943 1010 1975 ad
1045 1943 1120 1977 alias

111 1984 261 2019 historias
285 1997 469 2028 pergamus-
824 2028 831 2034 ·
927 2030 934 2035 ·

161 2040 209 2062 11.
242 2029 567 2064 ANTONIUS
614 2028 848 2068 TITA,1s
878 2040 934 2072 qui
959 2030 1001 2063 A.
1029 2041 1119 2074 1713.

113 2073 296 2116 Catalogum
329 2072 383 2106 hic
417 2072 601 2114 vulgaverat
637 2072 827 2105 ‘Plantamm
860 2074 958 2106 Horti
992 2077 1122 2107 Mauro·

111 2117 179 2150 ceni
203 2137 214 2153 ‚
244 2117 329 2149 inter
351 2117 472 2158 primos
495 2115 581 2148 obiit
603 2126 641 2149 ex
664 2116 704 2148 iis
726 2116 931 2158 quivPatavii
958 2116 1016 2150 sub
1038 2116 1121 2159 Maii

109 2160 246 2193 initium
270 2159 313 2192 A.
333 2170 427 2202 1729«
453 2170 531 2201 pene
553 2157 723 2201 quotidie,
748 2169 865 2201 magno
888 2161 1034 2193 omnium
1057 2169 1122 2192 ter-

109 2215 186 2237 rore
210 2227 218 2242 ‚
251 2214 289 2235 ex
314 2201 495 2245 improviso
518 2211 572 2234 aut
596 2201 702 2234 statim
726 2223 739 2240 ,
772 2211 825 2235 aut
848 2211 932 2234 certe
955 2204 1039 2235 intra
1063 2202 1124 2235 ho-

109 2257 161 2280 ras
185 2255 250 2278 non
276 2247 392 2279 multas
415 2244 735 2281 commoriebantur,
756 2255 830 2278 cum
854 2245 925 2287 post
957 2244 1124 2290 diuturnas

109 2288 328 2331 subfrigidas,
353 2287 561 2330 humidasqne
583 2287 782 2329 tempestates
804 2300 815 2326 ς
841 2288 1003 2330 pluviosus
1038 2291 1124 2323 enim

110 2341 304 2369 autumnus,
329 2330 472 2374 pluviosa
496 2330 629 2373 hyems,
663 2329 847 2372 pluviosum
879 2330 1030 2366 hacftenus
1064 2344 1119 2366 ver

112 2376 244 2413 fuerat3
269 2384 345 2409 tunc
370 2375 536 2417 primum,
560 2373 655 2416 idque
680 2382 830 2414 repente,
853 2375 934 2407 aeris
955 2375 1044 2409 calor
1067 2388 1117 2409 re-

111 2417 236 2452 diiffen
328 2419 410 2451 Erat
433 2419 514 2450 Tita
539 2426 602 2449 tres
635 2419 667 2449 ὃς
701 2416 901 2460 septuaginta
932 2428 1033 2452 anno-s,
1064 2430 1117 2452 na-

110 2471 185 2502 tus,
209 2459 358 2495 robustus
380 2470 487 2494 tamen
511 2461 608 2492 etiam
632 2470 725 2499 tum,
752 2462 784 2493 &
807 2460 978 2494 lacertosus
998 2487 1008 2502 ,
1040 2474 1117 2506 qua-

109 2505 267 2546 dratoque
290 2514 445 2546 corpore,
468 2505 500 2536 ὃς
524 2502 714 2546 subpingui,
740 2502 801 2536 sub
823 2504 884 2538 sole
907 2504 1019 2546 degere
1035 2529 1049 2546 ,
1083 2509 1115 2540 &

108 2547 338 2583 meracior-ibus
364 2548 412 2579 uti
430 2548 638 2586 vinisscitra
654 2546 840 2580 ebrietatem
852 2573 864 2589 ,
880 2547 993 2582 solitus
1004 2572 1016 2589 ,
1038 2561 1115 2583 ocu-

89 2593 217 2627 .lorum
240 2590 557 2624 inflammationibus
581 2589 619 2623 ab
643 2591 731 2623 annis
753 2590 873 2634 aliquot
897 2590 1056 2626 obnoxius
1068 2592 1115 2626 fa-

108 2637 202 2674 ctus,
226 2638 259 2668 &
281 2634 317 2667 de
349 2635 465 2677 capitis
504 2633 704 2676 plenitudine
738 2645 837 2677 nuper
868 2635 992 2678 questus
1030 2636 1113 2678 apud

107 2681 181 2713 Cel.
206 2677 374 2720 Collegarn
397 2689 502 2711 meu-m
527 2678 714 2711 Antonium
737 2677 965 2713 Vallisneriurn
989 2704 996 2709 .
1029 2682 1115 2713 Cum

108 2724 173 2757 IV.
203 2723 320 2755 Nonas
340 2720 423 2764 Maji
448 2730 555 2754 totum
580 2720 663 2754 diem
687 2720 835 2763 exegisset
861 2722 919 2756 sub
947 2722 1011 2756 sole
1030 2746 1042 2763 ,
1076 2736 1114 2756 eo

108 2766 160 2799 die
184 2774 300 2808 praeter
323 2764 456 2798 solitum
480 2764 620 2797 fervente
636 2788 648 2804 ‚
671 2764 794 2807 vespere
816 2774 921 2799 autem
947 2767 1004 2800 sno
1028 2779 1116 2800 more

108 2808 277 2845 coenasset,
303 2820 371 2841 ecce
394 2807 441 2841 ibi
466 2808 574 2841 subito
605 2807 632 2840 fe
665 2819 783 2856 magno
812 2809 926 2842 morbo
962 2812 1114 2853 corripi,

113 2853 292 2891 exclamat,
317 2854 348 2884 &
372 2863 448 2886 cum
481 2852 572 2884 (ίίἃο
604 2860 732 2884 artuum
761 2851 955 2886 sinistrorum
986 2865 1112 2888 motum

70 2900 85 2902 “’
113 2898 236 2929 amittit
252 2920 263 2935 2
287 2895 403 2937 linguae
425 2905 551 2938 quoque
575 2895 666 2928 usum
690 2893 864 2936 haetenus,
887 2905 922 2930 ut
946 2898 1036 2930 verba
1049 2899 1114 2941 ple<

107 2950 201 2983 raque
226 2938 363 2980 intelligi
388 2939 443 2971 vix
467 2936 612 2981 possent.
640 2939 756 2971 Statim
782 2950 934 2981 rogatus,
959 2940 1066 2975 statim
1078 2941 1115 2976 ad

107 2995 180 3017 eum
195 3004 205 3020 ,
226 2984 343 3026 quippe
366 2983 508 3018 vicinus,
536 2992 684 3020 accurro,
710 2984 742 3015 δέ
766 2981 834 3015 haec
844 2995 913 3027 quae
924 2983 1009 3018 dieta
1021 2984 1114 3024 sunt,

107 3029 258 3064 invenio,
283 3035 375 3068 atque
399 3023 563 3058 hominem
587 3024 717 3067 quidem
742 3036 847 3059 mente
879 3027 1072 3062 constantem
1097 3051 1107 3067 ‚

109 3076 141 3106 ἃς
163 3071 272 3104 colore
296 3067 414 3108 faciei,
437 3068 664 3112 respiratione,
687 3068 789 3102 calore
822 3072 965 3113 corporis
1001 3071 1109 3106 secun-

109 3114 187 3149 dum
210 3123 356 3145 naturam
378 3110 406 3143 se
429 3110 619 3150 habentem,
643 3121 679 3146 ut
701 3111 794 3157 pulsu
816 3125 944 3157 quoque
968 3139 976 3153 ,
1009 3117 1108 3149 nimi-

108 3169 180 3193 rum
202 3166 336 3199 vegeto,
360 3157 391 3187 &
415 3154 590 3193 resistente,
615 3156 707 3190 nullo
737 3157 863 3199 insuper
902 3156 938 3190 de
969 3157 1081 3192 dolore
1098 3184 1111 3201 ‚

108 3210 163 3236 aut
188 3198 329 3233 molestia
364 3198 480 3239 capitis
512 3208 720 3241 querentem,
756 3200 813 3232 nisi
846 3205 932 3243 quod
968 3201 1023 3235 sibi
1061 3203 1112 3236 so-

106 3245 294 3279 mnolentus
314 3240 491 3275 videretur.
514 3244 590 3276 Hoc
613 3254 712 3283 vero,
735 3245 767 3276 &
793 3245 895 3285 magis
915 3255 986 3287 quae
1019 3248 1109 3287 snpra

106 3289 252 3324 narravi,
274 3287 335 3319 alia
359 3295 434 3318 cum
456 3285 667 3326 attenderem,
690 3286 794 3320 multo
814 3289 993 3329 graviorem
1011 3289 1110 3323 insul-

108 3343 179 3366 tum
199 3341 366 3369 metuens,
392 3329 528 3362 alterum
549 3331 605 3371 qui
630 3330 830 3363 Sacerdotem
847 3355 859 3371 ‚
884 3331 1018 3365 alterum
1053 3334 1109 3376 qui

103 3375 309 3412 Chirurgum
332 3373 487 3412 advocet,
510 3375 630 3407 misto:
656 3372 838 3415 sanguinem
860 3373 898 3407 de
919 3373 1108 3409 brachiola-

104 3430 152 3452 no
177 3418 215 3451 ad
234 3412 351 3460 justam
374 3417 501 3459 copiam
534 3416 638 3450 statim
671 3416 762 3450 educi
787 3440 799 3457 ,
834 3417 958 3451 subacre
989 3418 1108 3462 clysma

105 3463 273 3505 apparari,
295 3459 409 3494 deinde
435 3457 550 3493 succini
573 3460 696 3506 oleum,
720 3460 831 3504 quod,
853 3461 890 3494 ad
904 3473 990 3494 nares
1004 3462 1110 3496 subin-

106 3506 145 3539 de
169 3507 411 3540 admoveretur,
439 3501 565 3542 afferri,
587 3503 713 3545 jubeo3
746 3504 894 3545 spiritum
928 3516 1003 3537 vero
1036 3506 1106 3540 salis

106 3549 301 3583 ammoniaci
327 3546 440 3580 diserte
461 3557 581 3585 renuo,
604 3548 743 3586 veritus,
767 3557 804 3579 ne
828 3548 898 3590 plus
921 3560 1015 3592 aequo
1035 3550 1105 3584 san-

192 3591 357 3634 Morgagni
367 3591 402 3623 de
414 3590 482 3630 Sed.
497 3590 538 3623 ά
548 3587 631 3631 Caus.
644 3588 746 3624 Morb.
760 3591 857 3624 Tom.
872 3593 898 3626 I.

1165 259 1257 313 111.
1294 261 1517 318 Arrio.
1555 280 1625 317 ιι.
1662 265 1716 319 &
1756 279 1829 318 12.
2062 285 2120 336 ¹9

1181 337 1287 379 guinis
1310 345 1437 371 motum
1456 340 1654 378 concitaret,
1680 350 1697 372 a
1719 351 1785 383 quo
1814 341 1952 377 exitium
1974 340 2089 376 instare
2109 344 2183 386 pos.

1183 380 1235 419 se,
1258 380 1418 422 praedico:
1449 392 1560 417 caetera
1596 384 1662 427 ejus
1695 383 1833 417 Medicis
1855 411 1863 424 ‚
1899 396 1980 429 quos
2013 385 2181 421 adventare

1185 421 1343 463 sciebam,
1365 427 1542 465 permitto,
1565 425 1762 468 domumque
1785 429 1897 461 redeo.
1921 431 2047 463 Eorum
2086 431 2184 465 alicui

1184 466 1306 507 placuit
1329 468 1489 500 vomitum
1512 471 1616 502 ciere.-
1638 471 1723 514 qnod
1748 481 1805 503 nec
1828 471 1911 505 mihi
1944 484 2033 506 antea
2068 474 2185 516 displi-

1182 508 1314 546 cuisset,
1337 507 1360 542 fi
1383 520 1417 542 ea
1438 510 1603 546 dumtaxat
1627 525 1696 556 quae
1721 513 1786 555 ipse
1803 535 1812 551 ,
1838 513 2034 557 speetaffem.
2060 518 2183 550 Verum

1182 552 1251 594 post
1274 552 1495 587 vomitionum
1518 558 1751 596 agitationem,
1773 568 1849 590 mox
1861 556 1944 590 hora
1954 560 2059 592 noctis
2081 561 2180 593 circi—

1180 603 1229 627 ter
1251 596 1364 638 quinta
1387 597 1516 631 morbus
1537 594 1578 632 eo
1599 611 1694 642 quem
1715 599 1860 642 descripsi
1888 627 1897 641 ,
1930 609 2023 633 tanto
2057 605 2184 644 gravior

1185 638 1324 679 accessit,
1348 648 1384 672 ut
1408 640 1533 683 loquela
1557 644 1683 686 prorsus
1706 645 1930 682 amitteretur,
1954 644 2068 679 stertor
2101 648 2183 679 inci-

1181 690 1291 724 peret,
1313 693 1387 716 cum
1410 685 1555 725 magnis,
1578 685 1680 728 iisque
1703 710 1715 727 ,
1747 696 1782 721 ut
1814 689 1933 730 opinor
1952 711 1962 725 ,
1994 688 2183 723 convulsivis

1178 725 1324 767 corporis
1358 726 1501 760 motibus
1533 737 1626 771 atque
1655 731 1821 765 conatibus
1843 755 1851 762 .
1888 731 2001 773 Itaque
2034 732 2184 770 postridie

1180 780 1268 801 mane
1293 778 1436 804 mortuus
1465 770 1536 804 est.
1625 774 1789 807 CAPUT
1822 773 1926 816 pridie
1959 775 2071 807 Nonas
2091 799 2100 813 ‚
2134 787 2187 819 me,

1180 811 1351 854 praesente,
1375 811 1519 848 dissecari
1543 814 1633 857 jubet
1665 816 1884 859 Ampliffimus
1924 819 2046 850 Praetor
2069 844 2075 850 .
2112 819 2185 853 Me-

1181 857 1260 888 ninx
1283 855 1391 890 Craffa
1412 865 1505 890 tanto
1528 858 1663 897 anitius,
1690 871 1785 902 quam
1819 860 1898 893 solet
1916 886 1924 901 ,
1955 861 2099 895 calvaria:
2131 861 2187 896 ad-

1181 896 1341 939 haerebat,
1365 909 1402 933 ut
1424 912 1535 943 magna
1559 902 1593 933 vi
1623 913 1703 943 opus
1736 902 1833 938 fuerit
1865 904 1904 937 ad
1937 902 2018 938 hanc
2050 905 2185 938 avellenn

1181 940 1276 975 dam.
1300 943 1381 976 Erat
1404 953 1508 978 autem
1529 945 1586 978 illa
1610 945 1756 989 subnigra
1790 958 1806 979 a
1830 947 1977 981 vasorum
2010 948 2186 991 plenitudi-

1180 995 1218 1017 ne
1236 1009 1249 1025 ,
1273 984 1324 1018 sed
1344 988 1532 1026 minorum,
1565 999 1637 1021 nam
1662 988 1743 1023 sinus
1767 990 1870 1024 Falcis
1894 993 1997 1024 inanis
2021 991 2086 1025 fuit
2108 1017 2116 1024 .
2144 994 2186 1026 In

1180 1028 1287 1061 Tenui
1311 1030 1458 1072 meninge
1480 1031 1550 1064 vasa
1573 1041 1660 1064 erant
1684 1032 1833 1075 sanguine
1854 1033 1986 1069 distenta
2007 1047 2014 1066 :
2038 1035 2088 1069 sed
2110 1034 2186 1070 dex-

1179 1080 1227 1104 ter
1250 1073 1444 1106 ventriculus
1464 1074 1571 1108 multo
1594 1077 1712 1116 magis.
1740 1079 1887 1111 Tantum
1919 1079 2005 1111 enirn
2040 1080 2187 1112 contine-

1179 1115 1234 1148 bat
1269 1116 1353 1157 nigri
1385 1116 1545 1158 sanguinis
1566 1139 1578 1156 ,
1610 1121 1642 1151 δε
1678 1122 1854 1159 concreti,
1897 1129 1934 1153 ut
1974 1120 2188 1163 gallinaceum

1180 1168 1318 1199 aequaret
1364 1171 1461 1193 ovum
1484 1183 1496 1200 ,
1540 1161 1635 1203 idque
1685 1161 1856 1204 posteriore
1898 1164 1945 1197 sui
1982 1173 2071 1207 parte
2104 1189 2118 1206 ,
2152 1169 2187 1199 δε

1181 1203 1325 1243 proxima
1357 1203 1413 1235 illa
1444 1215 1506 1247 qua
1539 1215 1611 1236 cum
1644 1202 1868 1251 hippocampo
1891 1206 1928 1239 ad
1951 1210 2106 1241 anteriora
2132 1207 2188 1241 de·-

1180 1245 1300 1278 stendit
1325 1272 1332 1280 .
1367 1245 1425 1280 Sed
1458 1258 1490 1280 in
1522 1248 1645 1280 caeteris
1678 1260 1804 1292 quoque
1836 1250 1940 1284 tribus
1975 1252 2185 1292 ventriculis,

1180 1298 1212 1321 at
1246 1290 1354 1323 multo
1385 1291 1503 1323 minori
1537 1292 1630 1332 copia
1652 1314 1666 1331 ,
1696 1291 1821 1336 sanguis
1853 1293 1917 1327 fuit
1939 1318 1949 1334 ‚
1983 1295 2071 1339 isque
2113 1296 2189 1331 flui—

1178 1331 1237 1365 dus
1260 1356 1273 1374 ,
1308 1343 1344 1367 ut
1367 1333 1556 1367 crediderim
1581 1335 1691 1381 potins
1713 1334 1816 1370 serum
1837 1337 1926 1371 valde
1961 1337 2187 1382 sanguinolen-

1177 1385 1246 1412 tum
1270 1401 1278 1416 ,
1312 1388 1350 1410 ex
1380 1387 1534 1410 concreto
1556 1377 1617 1409 illo
1639 1380 1786 1421 sanguine
1811 1380 1986 1423 expressum
2007 1408 2016 1423 ‚
2050 1384 2085 1415 in
2116 1383 2187 1417 eos-

1174 1431 1235 1462 que
1247 1421 1439 1455 ventriculos
1448 1419 1627 1463 delapsumu
1650 1422 1941 1459 Cerebrumsanum
1955 1449 1963 1463 ‚
1989 1430 2021 1460 δε
2044 1426 2187 1462 substan,=
2237 1466 2240 1469 Δ

1177 1465 1223 1496 tia
1245 1461 1545 1507 hemisphaeriorum
1569 1465 1684 1499 cerebri
1707 1467 1835 1510 integra
1850 1492 1863 1508 2
1887 1478 1922 1501 ut
1947 1470 2100 1512 nusquam
2132 1483 2188 1514 ap-

1179 1516 1300 1550 pareret
1322 1507 1405 1541 unde
1428 1517 1555 1542 tantum
1579 1509 1740 1552 sanguinis
1766 1511 1952 1551 prodiisset.
1979 1513 2050 1547 Etsi
2083 1515 2188 1556 poste-

1180 1552 1301 1583 riorem
1325 1551 1429 1584 versus
1453 1551 1616 1593 utriusque
1640 1553 1798 1587 Lateralis
1820 1557 1993 1590 ventriculi
2027 1567 2152 1601 partem
2173 1581 2187 1598 ‚

1180 1592 1230 1626 sed
1270 1593 1444 1635 praesertim
1480 1595 1637 1635 dexteri,
1671 1596 1781 1638 plexus
1816 1597 2001 1633 Choroides
2036 1600 2185 1636 veficulas

1176 1635 1335 1671 habebant
1356 1660 1369 1678 ,
1401 1649 1490 1681 aquae
1513 1639 1619 1681 plenas
1642 1662 1652 1677 ,
1686 1651 1720 1673 ea
1743 1642 1962 1684 magnitudine
1984 1667 1996 1684 ,
2023 1654 2058 1678 ut
2084 1644 2189 1688 majo-

1177 1691 1224 1714 res
1248 1679 1359 1714 vidisse
1384 1692 1449 1714 non
1473 1683 1700 1722 meminerim3
1725 1684 1894 1726 oequabant
1918 1689 2006 1721 enim
2028 1700 2096 1722 uvae
2121 1692 2188 1723 aci-

1176 1733 1235 1757 nos
1255 1724 1332 1758 bene
1355 1735 1488 1768 magnos
1501 1738 1512 1765 5
1536 1725 1618 1759 sedes
1643 1736 1746 1761 tamen
1769 1729 1802 1761 in
1832 1741 1894 1772 qua
1926 1733 2102 1765 maximam
2129 1745 2187 1768 co.

1176 1769 1263 1810 piam
1296 1769 1458 1810 sanguinis
1499 1768 1759 1812 deprehendimus
1781 1795 1794 1811 ,
1838 1785 1905 1808 eam
1930 1787 1968 1809 ue
1999 1779 2141 1811 concreti
2175 1802 2189 1819 ,

1174 1810 1252 1845 fecit
1275 1835 1287 1852 ‚
1321 1821 1357 1845 ut
1391 1814 1455 1845 veri
1489 1811 1850 1859 similius-censeremus
1872 1843 1885 1859 ,
1907 1785 2004 1854 chunc
2036 1831 2052 1852 e
2082 1820 2186 1856 disru-

1173 1856 1239 1932 ptsils
1284 1854 1397 1889 sinistri
1432 1856 1542 1898 plexus
1585 1858 1662 1891 vasis
1693 1882 1707 1899 ,
1751 1857 1855 1902 ejusve
1887 1863 2015 1897 viciniae
2058 1865 2184 1907 proflu«

1173 1909 1207 1931 xx
1234 1911 1267 1932 e.
1404 1930 1413 1932 ,

1221 1953 1268 1975 12.
1298 1944 1348 1978 Ut
1372 1946 1410 1979 ab
1434 1946 1477 1979 iis
1498 1946 1642 1981 vesiculis
1664 1947 1878 1992 incipiamus3
1901 1962 1965 1986 non
2000 1964 2112 1997 parvas
2146 1954 2181 1987 in

1175 1986 1383 2029 Sepulchreto
1407 1988 1492 2033 (f)
1515 1991 1616 2034 leges,
1642 1992 1712 2024 imo
1733 1993 1873 2036 aliquam
1898 1998 1997 2031 etiam
2022 1997 2182 2037 solidam,

1176 2029 1363 2073 Wepferum
1386 2045 1511 2076 quoque
1534 2036 1567 2067 in
1591 2034 1704 2069 iisdem
1726 2037 1873 2079 plexibus
1896 2039 2029 2080 vidisse,
2054 2053 2109 2074 nec
2133 2042 2186 2074 in-

1173 2072 1211 2106 cle
1234 2083 1339 2108 tamen
1363 2077 1537 2118 apoplexiae
1558 2078 1708 2120 causam,
1730 2079 1844 2115 saltem
1865 2086 2012 2125 proxime
2036 2109 2049 2126 ,
2081 2085 2184 2119 dedu-

1174 2114 1249 2150 xisse
1272 2120 1327 2159 (g
1347 2122 1381 2158 >5
1407 2120 1628 2156 Warthonum
1650 2126 1664 2162 ζ
1689 2122 1710 2156 h
1731 2127 1748 2164 ).
1777 2125 1898 2167 pariter
1928 2140 2003 2162 cum
2036 2130 2070 2162 in
2106 2140 2185 2172 apo-2

1175 2159 1319 2202 plefficis
1343 2173 1378 2195 ut
1412 2163 1551 2198 tumidas
1582 2166 1757 2201 eorundem
1790 2169 1943 2211 plexuum
1977 2172 2144 2215 glandulas
2165 2196 2179 2213 ‚

1175 2204 1222 2236 ita
1247 2206 1276 2236 δε
1304 2205 1423 2251 cerebri
1448 2209 1644 2243 ventriculos
1667 2212 1817 2253 oppletos
1832 2213 1982 2256 sanguine
1995 2215 2182 2260 frequenter

1176 2248 1365 2293 invenisset,
1389 2260 1454 2282 non
1481 2251 1565 2285 aliud
1590 2253 1657 2287 illis
1680 2253 1845 2296 tribuisse,
1869 2258 1927 2291 nisi
1952 2268 1987 2293 ut
2011 2258 2108 2303 hujus
2132 2260 2182 2295 ef·-

1176 2288 1331 2331 fusionis,
1352 2292 1395 2325 ob
1417 2294 1606 2336 impeditam
1630 2307 1683 2338 per
1705 2308 1811 2332 earum
1834 2300 1957 2335 vascula
1968 2305 2180 2339 circumitio-

1174 2344 1272 2373 nem,
1295 2335 1419 2369 causam
1442 2338 1617 2379 praeberent
1635 2354 1657 2374 :⁷
1675 2339 1770 2383 idque
1802 2343 1985 2379 confirmari
2006 2372 2015 2387 ,
2048 2346 2182 2383 fortasse

1168 2377 1274 2410 credes
1290 2377 1551 2421 Observatione(
1572 2384 1585 2415 ι’
1605 2387 1620 2422 )
1641 2384 1883 2427 Drelincurtii,
1906 2391 1962 2430 qui
1986 2391 2020 2423 in
2042 2393 2181 2435 apople-

1168 2421 1250 2454 c'tica
1274 2421 1383 2462 plexus
1406 2422 1480 2457 illos
1504 2424 1712 2467 deprehendit
1737 2431 1767 2461 ὃ(
1790 2429 1933 2471 vesiculis
1952 2437 2059 2475 aqneis
2078 2439 2178 2470 tumi-

1167 2462 1296 2506 dzffimis
1317 2467 1488 2507 adunatis,
1510 2471 1552 2501 Θ
1576 2469 1767 2511 cnglohatis
1793 2472 1925 2507 refertos
1939 2500 1947 2515 ‚
1971 2480 2003 2510 δε
2036 2479 2085 2512 ἐπ’
2106 2492 2176 2514 me-

1168 2506 1223 2539 dio
1246 2506 1426 2551 disruptos,
1450 2520 1485 2544 ut
1522 2513 1664 2546 multum
1696 2513 1854 2557 sanguinis
1889 2517 2067 2555 effudissent
2089 2547 2097 2554 .
2130 2526 2178 2557 At

1166 2550 1228 2582 five
1251 2549 1339 2596 h-aec,
1360 2550 1422 2585 five
1445 2555 1505 2587 alia
1531 2567 1680 2598 quoque,
1704 2568 1740 2591 ut
1762 2560 1902 2601 opinor,
1935 2563 2141 2601 dilatationis
2162 2592 2177 2609 ,

1166 2596 1199 2627 &
1222 2594 1435 2641 disruptionis
1458 2597 1655 2633 vasculorum
1680 2601 1713 2633 in
1738 2603 1817 2635 Tita
1841 2604 1949 2639 nostro
1976 2609 2064 2643 causa
2084 2610 2171 2651 fuit;

1165 2638 1425 2684 intelligissane,
1448 2652 1485 2674 ex
1495 2654 1560 2685 quo
1572 2642 1736 2686 disruptio
1748 2643 1814 2679 fieri
1830 2669 1838 2683 ,
1863 2651 2173 2698 &aliquidsangui-

1165 2682 1214 2715 nis
1237 2681 1356 2716 eflundi
1379 2685 1503 2726 coepit,
1525 2697 1621 2727 quam
1643 2689 1820 2723 cavendum
1844 2689 1961 2732 fuerit,
1986 2707 2023 2729 ne
2048 2697 2176 2737 sanguis

1168 2725 1363 2767 importunis
1386 2729 1641 2771 agitationibus,
1664 2733 1696 2764 δε
1716 2733 1970 2772 concussionibus
1993 2736 2174 2782 impellere-

1167 2776 1241 2802 tur.
1267 2770 1338 2815 Nec
1360 2771 1483 2804 credere
1507 2773 1636 2814 poffim,
1660 2775 1859 2811 Brunnerum
1883 2783 1897 2819 ί
1918 2780 1936 2821 l<
1956 2786 1971 2823 J
1994 2794 2068 2818 cum
2092 2798 2172 2829 apo-

1168 2813 1341 2855 pleeticam
1371 2826 1387 2847 a
1420 2816 1527 2857 primo
1558 2817 1676 2851 insultu
1709 2831 1765 2861 per
1800 2832 1884 2855 venae
1917 2824 2112 2870 sectionem,
2136 2833 2169 2864 ὅ(

1166 2866 1359 2902 quaecumque
1414 2858 1561 2903 revellere
1603 2872 1621 2893 a
1664 2864 1767 2903 capite
1800 2873 1948 2906 poterant
1972 2893 1985 2909 ,
2031 2870 2170 2908 feliciter

1167 2900 1322 2933 liberasset
1346 2922 1355 2937 ,
1399 2903 1544 2943 gavisuru-
1586 2901 1642 2936 ess-‘e
1664 2927 1677 2944 ,
1721 2907 1809 2949 quod
1854 2911 1889 2943 in
1934 2911 2070 2947 secundo
2115 2927 2170 2952 aut

1161 2942 1386 2985 sulphuratum
1427 2945 1584 2987 accensum
1620 2945 1747 2981 naribus
1785 2953 1969 2997 admovisset
1990 2980 2003 2997 ‚
2035 2968 2088 2993 aut
2125 2961 2171 2994 si-

1166 2998 1265 3029 quore
1310 2997 1363 3029 per
1402 2998 1438 3020 os
1482 2988 1589 3022 infuso
1634 2990 1735 3033 tuffim
1779 2994 1829 3028 bis
1873 3005 1960 3033 terve
1996 3003 2168 3046 excitavzss-

1158 3031 1212 3073 set
1234 3055 1241 3066 ,
1289 3038 1365 3063 tunc
1409 3040 1493 3064 certe
1534 3041 1607 3066 cum
1648 3035 1717 3076 post
1758 3048 1848 3080 aegrae
1882 3052 2020 3077 mortem
2046 3068 2055 3083 ‚
2089 3059 2171 3082 mox

1161 3073 1365 3107 consecutam
1387 3098 1396 3113 ‚
1432 3074 1578 3118 sanguine
1612 3077 1745 3113 refertos
1778 3083 1941 3127 plerosque
1973 3088 2095 3123 invenit
2118 3102 2169 3124 ce·-

1163 3117 1246 3150 rebri
1282 3119 1479 3152 ventriculos
1500 3142 1513 3159 ,
1547 3120 1714 3163 ipsu-mque
1748 3126 1913 3162 cerebrum
1945 3131 1985 3164 ab
2021 3136 2169 3176 eru-ptio-

1161 3172 1199 3193 ne
1239 3159 1400 3202 sanguinis
1446 3163 1578 3197 interius
1622 3164 1772 3202 diffiss'um
1808 3195 1815 3202 .
1863 3172 1914 3206 Sic
1959 3176 1994 3208 itt
2041 3177 2168 3220 Legato

1161 3205 1221 3237 illo
1253 3205 1381 3238 Danico
1405 3229 1416 3245 ,
1448 3205 1485 3238 de
1520 3219 1586 3250 quo
1618 3219 1705 3242 extat
1741 3214 1954 3249 Weitbrechti
1985 3220 2072 3260 (l).
2104 3221 2167 3255 ob..

1162 3247 1296 3281 servatio
1319 3272 1330 3288 ,
1375 3248 1453 3291 qnid
1485 3249 1728 3287 sternutationes
1752 3280 1761 3295 ,
1809 3259 1889 3299 quid
1934 3265 2130 3298 vomitiones
2152 3291 2165 3307 ,

1161 3291 1183 3324 fi
1218 3300 1254 3324 ut
1286 3300 1414 3325 tentatae
1445 3292 1515 3326 sunt
1540 3319 1548 3333 ‚
1580 3297 1626 3328 ita
1660 3301 1780 3331 moveri
1829 3301 2002 3343 potuissent
2037 3334 2046 3350 ‚
2088 3307 2165 3342 effe-

1161 3336 1260 3369 &urae
1305 3333 1400 3368 essent
1445 3337 1479 3370 in
1522 3337 1679 3381 ejusmodi
1725 3343 1890 3385 apoplexia
1915 3369 1923 3383 ‚
1968 3352 2162 3385 monstrabit

1161 3378 1222 3412 tibi
1251 3376 1444 3424 -disl‘et‘tiO,
1488 3382 1525 3413 in
1567 3385 1733 3426 praecipuis
1778 3386 1847 3420 sane
1883 3390 1973 3426 Titae
2002 3394 2164 3428 dissec‘h'o-

1160 3423 1194 3455 ni
1238 3421 1399 3455 simillima
1422 3445 1435 3462 ,
1479 3433 1515 3458 ut
1560 3426 1640 3458 infra
1684 3429 1698 3466 (
1719 3439 1749 3461 m
1771 3432 1786 3469 )
1830 3436 1999 3476 cognosces
2031 3461 2040 3468 .
2087 3439 2163 3481 Ego

1159 3476 1234 3498 vero
1280 3477 1318 3498 ex
1363 3467 1404 3499 iis
1450 3479 1519 3510 quae
1564 3469 1784 3506 antecesserant
1808 3496 1818 3512 ,
1863 3485 1953 3512 tanto
1997 3483 2095 3515 citius
2139 3495 2158 3518 a

1159 3509 1326 3542 concitato
1379 3510 1529 3553 sanguine
1584 3514 1721 3548 exitium
1775 3519 1893 3552 veritus
1923 3545 1937 3561 ‚
1993 3535 2069 3558 cum
2121 3527 2158 3560 in

1157 3562 1191 3584 ea
1233 3551 1271 3586 de
1315 3563 1375 3596 qua
1420 3555 1510 3597 supra
1553 3557 1677 3591 dietum
1721 3559 1764 3594 est
1784 3586 1793 3601 ,
1837 3563 2027 3601 Ramazzini
2070 3580 2151 3612 apo-

1667 3603 1697 3635 C
1740 3613 1760 3635 2
2017 3612 2122 3655 plexia

102 3699 2161 3733 Ἣ

159 3777 208 3807 (z
223 3778 237 3808 2
252 3778 306 3803 Vid.
322 3776 395 3806 Epist.
412 3785 433 3802 2-
451 3781 525 3803 n.16.
587 3778 644 3807 (a)
659 3787 738 3814 naz..
782 3781 842 3815 ¹(b)
859 3790 883 3806 n.
894 3786 918 3808 6.

164 3808 212 3837 (if
226 3815 232 3836 J
248 3808 308 3834 sest.
327 3815 349 3830 2.
376 3808 417 3832 eit.
434 3808 494 3833 obs.
512 3817 549 3835 ao·
612 3811 626 3838 C
639 3816 659 3841 g
675 3812 687 3840 )
702 3809 765 3834 ibid.
782 3820 807 3836 in
822 3812 902 3839 schol.

163 3838 211 3868 (fi
228 3839 242 3868 )
257 3837 316 3864 obs.
334 3836 386 3867 saep.
403 3839 443 3864 cit.
462 3847 498 3864 ιι.
514 3840 539 3865 in
554 3839 634 3865 Addit.
652 3842 683 3866 ad
698 3841 766 3867 nand.
784 3842 844 3868 sest.

964 3781 1035 3844 (Ἡ
1051 3790 1127 3847 aas?
1139 3786 1344 3851 astrea-3:
1361 3791 1418 3844 {a
1582 3794 1729 3855 <friat
1887 3800 1940 3831 <²³
2034 3800 2160 3829 Μ

907 3844 946 3874 (ι
962 3847 973 3876 )
989 3846 1126 3870 Cornu-erc.
1143 3850 1229 3873 Litter.
1248 3850 1277 3873 A·
1297 3857 1363 3880 173⁴·
1381 3849 1459 3877 Heba.
1480 3859 1500 3881 ⁹·
1518 3862 1540 3879 n.
1558 3862 1579 3879 2.
1641 3856 1655 3885 ί
1670 3864 1694 3880 m
1710 3856 1723 3884 )
1739 3863 1764 3881 n.
1781 3859 1804 3881 8.
