2498 4075
404 191 507 258 θ365

637 192 796 246 Liber
821 193 920 246 IV.
954 191 1038 244 De
1072 190 1280 243 Morbis
1312 189 1670 256 ChirurgiciS‚
1702 187 1759 241 δι
1796 185 2188 242 Universalibus

382 282 412 314 3.
442 272 518 305 Nec
541 281 618 305 vero
642 271 758 304 horum
781 281 853 313 quae
875 270 942 303 dixi
958 293 970 310 ,
993 269 1153 301 vitiorum
1192 267 1355 301 Observa·
1405 266 1637 309 mollificatione
1651 288 1661 304 ,
1687 265 1907 301 membrorum
1932 267 2064 309 quidem
2087 267 2303 309 resolutioni,
2324 267 2412 309 sive,

331 313 446 349 tiones
469 315 701 349 tantummodo
725 315 763 347 ad
786 324 818 347 te
842 312 937 350 mi1i3
962 323 1073 346 verum
1096 310 1195 343 etiam
1218 312 1258 345 iis
1273 322 1353 352 prae-

335 356 448 397 sertim
472 360 595 391 duabus
617 368 697 399 quas
723 357 821 390 modo
847 356 960 398 saepius
985 353 1206 388 memorabam
1228 377 1237 392 ‚
1271 354 1351 396 Epi-

333 400 428 434 stolis
454 402 562 434 XLII.
587 401 620 431 δε
644 400 771 433 XLIV.
796 398 894 431 fusius
916 399 1064 441 quaedam
1087 396 1271 439 persecutus
1283 396 1350 430 sum

332 454 406 484 quae
434 446 537 476 Luem
562 444 741 476 veneream
765 443 989 481 comitantur,
1012 450 1066 474 aut
1092 439 1350 482 subsequuntur,

331 485 571 528 gonorrhoeam
596 485 776 527 videlicet,
799 488 831 518 &
854 482 993 517 urethrae
1015 494 1091 527 quas
1114 483 1276 525 appellant
1297 494 1351 516 ca-

331 530 507 563 runculas.
535 528 589 562 De
614 527 664 561 his
686 530 775 562 enirn
799 527 880 571 quid
904 529 960 560 alii
984 527 1157 563 senserint,
1182 535 1237 560 aut
1260 526 1350 559 vide-

332 574 400 606 rint
422 594 430 607 ‚
455 575 485 605 δι
508 571 592 615 quid
615 571 698 605 mihi
724 572 832 605 videre
856 573 1036 612 contigerit
1059 572 1093 603 in
1139 568 1195 603 illa
1241 570 1352 603 XLII.

330 614 483 657 Epistola
508 621 519 656 (
543 627 560 648 o
585 618 596 653 )
620 626 686 648 non
712 615 830 648 omisi.
856 616 907 648 De
930 613 1121 656 gonorrhaea
1146 621 1255 646 autem
1277 623 1352 646 cum

329 658 483 700 Epistola
509 658 549 692 fit
575 667 646 691 tota
671 658 799 699 XLIV‚·
822 658 901 700 quid
925 660 964 691 de
988 656 1121 700 singulis
1143 654 1233 690 illius
1266 655 1352 689 sedi-

327 701 389 734 bus
405 725 417 741 ,
439 703 565 735 caeteris
581 723 590 738 ‚
616 701 763 743 mihique
801 701 1011 743 conspeStum
1057 700 1156 733 fuerit
1180 722 1190 737 ‚
1236 699 1349 733 ordine

325 744 513 787 proposui,
537 757 594 778 nec
617 745 764 787 quaedam
788 746 850 779 alia
873 756 945 787 quae
969 744 1008 777 ad
1033 744 1135 786 ipsam
1160 743 1350 782 attinerent,

324 788 523 828 praetermisi
539 813 547 820 .
573 788 676 822 Nihil
702 789 803 830 igitur
827 799 942 821 eorum
966 796 1106 830 repetere
1141 787 1265 829 volenti
1303 798 1349 819 re-

324 831 458 871 liquum
485 831 546 867 cst,
574 842 610 863 ut
635 841 721 870 tres,
747 841 803 865 aut
831 840 998 874 quatuor,
1021 836 1094 873 quae
1117 828 1204 863 forte
1239 830 1348 871 super-

321 872 394 908 sunt
413 896 422 910 ‚
446 874 701 907 Observationes
724 874 778 908 hic
803 873 965 916 proferam
990 875 1028 907 ad
1051 875 1153 907 Luem
1176 873 1266 906 illam
1281 872 1348 915 spe-

320 917 450 951 &antes
481 943 489 951 .
538 917 692 956 Qarum
738 917 810 952 duae
855 920 970 960 primae
1017 917 1092 951 sunt
1137 926 1177 950 ex
1220 916 1347 950 Valsal-

326 970 364 993 va
391 984 400 993 .

363 1015 395 1045 a.
443 1003 480 1036 M
507 1004 543 1037 U
565 1005 593 1037 L
618 1006 634 1037 I
657 1004 687 1037 E
711 1004 743 1038 R
768 1006 785 1038 Ι
833 1015 904 1047 quaa
929 1014 1049 1038 annum
1073 1011 1224 1046 exegerat
1250 1003 1348 1045 quin-

321 1046 572 1089 quagesimum,
596 1048 694 1083 dolor
718 1048 856 1082 obortus
880 1047 922 1081 est
947 1048 985 1081 ad
1012 1047 1180 1081 maxillam
1203 1045 1340 1080 inserio-

319 1099 386 1123 rem
402 1114 411 1126 ,
436 1101 510 1124 cum
536 1092 632 1124 multi
657 1092 821 1125 interdum
847 1090 1014 1133 sanguinis
1037 1091 1130 1125 fluxu
1178 1089 1258 1124 adeo
1303 1099 1339 1123 ut

322 1133 475 1167 candenti
502 1133 589 1168 ferro
616 1135 752 1168 admoto
776 1134 863 1168 hunc
887 1133 1091 1178 compescere
1121 1135 1307 1176 cogitarent
1328 1155 1341 1172 ,

319 1179 354 1211 ni
377 1188 433 1221 per
457 1177 486 1210 se
512 1178 644 1211 tandem
669 1177 829 1212 desiisset.
855 1178 954 1211 Brevi
979 1178 1050 1220 post
1074 1187 1223 1219 tempore
1245 1176 1339 1211 dolo-

323 1232 372 1254 res
394 1220 433 1254 ad
457 1219 523 1254 ossa
548 1232 665 1254 vexare
689 1222 859 1255 mul-ierem
883 1230 1056 1262 coeperunt
1082 1233 1091 1254 ε
1137 1231 1221 1263 quos
1262 1230 1338 1254 cum

320 1265 379 1297 diu
403 1264 611 1306 pertuliffet3
633 1266 788 1306 incepit,
811 1264 1073 1307 quotiescunque
1109 1263 1302 1299 movebatur
1324 1285 1335 1301 ‚

318 1310 411 1350 queri
426 1329 435 1345 ,
460 1309 573 1340 omnia
598 1306 657 1340 sibi
682 1308 747 1341 ossa
770 1307 903 1349 frangi3
927 1310 958 1341 &
981 1307 1052 1341 sane
1076 1309 1134 1351 qui
1169 1306 1302 1340 aderant
1323 1327 1337 1346 ‚

316 1359 394 1384 tunc
418 1350 582 1393 crepitum
606 1351 645 1384 ad
670 1351 827 1385 articulos
851 1350 1047 1384 audiebant.
1070 1351 1124 1385 Ad
1147 1349 1217 1395 haegc
1250 1349 1334 1385 illud

315 1394 423 1436 postea
447 1392 596 1431 accessit,
617 1404 652 1428 ut
679 1394 876 1428 inferiorum
900 1403 1030 1428 artuum
1052 1393 1118 1428 offa
1141 1394 1228 1429 fieffi
1261 1405 1333 1427 coe-

316 1439 426 1480 perint
446 1461 456 1477 ,
477 1436 566 1479 quast
590 1436 690 1472 esl'ent
714 1449 832 1477 cerea,
853 1440 885 1471 δέ
910 1438 948 1471 ad
984 1436 1089 1473 levem
1126 1439 1224 1471 etiam
1259 1449 1333 1471 mo-

315 1489 387 1515 tum
410 1480 539 1515 dolere.
675 1481 905 1515 MORTUAE
928 1482 1058 1516 demum
1081 1481 1214 1515 inventa
1259 1480 1333 1514 sunt

312 1522 380 1558 ossa
403 1524 635 1564 Innominata,
660 1524 819 1565 femoris,
843 1525 955 1562 tibiae,
979 1527 1012 1557 δε
1033 1536 1105 1567 quae
1128 1524 1231 1558 cranii
1264 1522 1333 1557 for-

314 1569 423 1601 nicem
447 1568 594 1602 efficiunt
611 1591 621 1605 ,
645 1578 710 1601 non
736 1567 824 1602 secus
848 1579 883 1602 ac
907 1567 929 1601 fi
953 1579 992 1602 ex
1015 1567 1162 1602 craffiore
1204 1578 1332 1610 papyro

315 1611 415 1645 essent
437 1634 450 1651 ,
495 1611 673 1646 flexibilia:
698 1611 866 1654 superficie
891 1621 999 1645 autern
1022 1610 1197 1654 spongiosa
1220 1619 1332 1648 erant3

315 1654 356 1688 ad
378 1655 597 1688 meditullium
622 1666 698 1688 vero
722 1653 916 1696 quibusdam
939 1655 1022 1688 locis
1044 1654 1187 1688 cariosa.

358 1709 392 1740 5.
419 1697 518 1731 Unde
539 1698 668 1740 sanguis
690 1698 746 1731 ille
770 1698 892 1730 multus
916 1697 1118 1739 proflueret,
1140 1698 1232 1739 cujus
1264 1696 1332 1729 ini-

316 1742 369 1775 tio
392 1740 537 1774 historiae
561 1740 599 1774 fit
626 1742 777 1779 mentio,
801 1739 956 1774 Valsalva
979 1740 1117 1774 scribere
1149 1741 1333 1783 praetermi-

314 1783 376 1818 fit.
402 1785 523 1828 Accepi
550 1794 660 1818 autern
682 1795 746 1827 ego
767 1783 807 1817 ab
829 1784 870 1816 iis
891 1784 949 1826 qui
973 1794 1047 1817 cum
1072 1782 1142 1825 ipso
1165 1785 1248 1818 olim
1261 1793 1333 1816 mu-

316 1828 428 1862 lierem
450 1831 481 1861 &
506 1829 689 1866 viventem,
715 1831 745 1861 ἃ
772 1836 939 1861 mortuam
962 1827 1133 1865 viderant,
1159 1826 1332 1862 abscessum

318 1869 397 1905 huic
421 1870 514 1905 fuisse
538 1873 576 1905 aci
600 1872 738 1905 alterum
763 1871 842 1904 colli
865 1871 970 1909 latus,
993 1880 1031 1904 ut
1053 1880 1093 1904 ex
1115 1870 1176 1904 illo
1189 1870 1329 1908 fluxisse,

313 1915 511 1958 conjiciam.
537 1915 746 1950 Addiderunt
769 1914 892 1953 iidem,
917 1915 978 1948 alia
1002 1914 1222 1957 quoqueosl‘a
1245 1924 1332 1957 quae-

310 1958 412 1996 dam,
436 1960 468 1992 in
494 1958 616 2001 quibus
637 1961 669 1991 δε
692 1960 788 1992 costae
811 1958 999 1998 nonnullae,
1021 1959 1053 1990 δι
1098 1957 1217 2000 pedum
1261 1954 1328 1991 offa

314 2001 441 2036 flexilia
466 2004 499 2036 in
527 2002 654 2035 mortha
678 2000 792 2042 fuisse,
817 2004 871 2039 δε,
894 2011 1051 2044 tanquam
1083 2001 1292 2043 cartilagines
1316 2022 1329 2040 ‚

313 2047 456 2080 cultrum
481 2044 657 2079 admisisse:
680 2056 880 2089 quaecunque
904 2054 1014 2078 autem
1047 2042 1115 2078 offa
1161 2043 1330 2078 fleetenti-

314 2090 398 2130 bus,
421 2099 476 2124 aut
500 2089 794 2132 comprimentibus
815 2088 986 2125 cederent,
1011 2099 1067 2127 ea,
1089 2088 1168 2121 dum
1190 2087 1258 2122 haec
1272 2086 1331 2120 fie-

314 2144 385 2166 rent
401 2158 410 2172 ,
436 2133 604 2168 humorem
628 2132 812 2175 quendam,
844 2132 944 2166 diluti
988 2131 1086 2164 instar
1131 2130 1297 2174 sanguinis
1318 2152 1328 2168 ,

315 2176 465 2211 emisisse.
601 2176 681 2210 Vidi
704 2177 810 2220 postea
833 2178 864 2209 &
887 2186 948 2218 ego
970 2173 1027 2209 illa
1050 2174 1139 2214 osla3
1162 2170 1331 2208 namVal-

314 2222 402 2255 salva
436 2221 645 2258 alienaverat
658 2235 669 2259 3
691 2221 836 2263 oblonga
856 2218 990 2261 quidem
1012 2219 1047 2253 in
1071 2229 1162 2261 arcus
1194 2218 1331 2251 modum

319 2274 473 2304 curvata,
499 2278 538 2299 ex
560 2266 601 2299 iis
628 2273 735 2298 autem
759 2275 832 2307 quaa
855 2262 995 2297 fecerant
1017 2262 1122 2296 cranii
1146 2260 1334 2301 fornicem,

314 2311 350 2343 in
375 2309 507 2349 planum
529 2307 689 2351 depressa,
712 2307 805 2342 foedo
826 2307 958 2344 omnia,
983 2306 1083 2340 etiam
1106 2306 1183 2349 quia
1217 2306 1333 2339 intime

319 2356 448 2395 purgari
473 2365 538 2387 non
563 2361 737 2394 potuerant
752 2374 761 2388 ‚
785 2351 922 2390 colore,
945 2352 977 2382 &
999 2348 1126 2389 odore,
1146 2351 1178 2381 &
1201 2358 1333 2395 contre-

316 2397 476 2430 ‹Stantium
501 2406 614 2430 manus
641 2397 817 2436 ungentia.
845 2394 903 2427 Sed
937 2404 1012 2426 cum
1060 2405 1077 2426 a
1122 2392 1223 2433 longo
1266 2402 1333 2433 jam

319 2449 465 2482 tempore
490 2438 641 2473 asservata
669 2438 788 2475 eslent3
812 2437 968 2470 nonnulla
990 2447 1062 2477 quae
1085 2436 1121 2468 in
1133 2435 1335 2475 recentibus,

320 2492 419 2526 atque
443 2483 524 2517 adeo
547 2484 581 2515 in
605 2483 756 2515 cadavere
780 2480 851 2523 ipso
872 2479 1084 2522 quaefiifsem‚
1110 2477 1218 2512 videre
1265 2489 1332 2511 non

318 2536 413 2569 potui
429 2540 438 2557 ·.
460 2527 642 2569 quae>inter
664 2524 747 2558 illud
771 2523 880 2557 fuisset
894 2546 904 2562 ‚
928 2522 1097 2565 quomodo
1120 2533 1234 2556 eorum
1278 2533 1332 2555 ca-

315 2571 385 2613 pita
408 2571 442 2602 in
467 2569 613 2603 articulis
636 2568 665 2601 se
690 2567 868 2605 haberent,
891 2566 924 2599 id
947 2565 990 2600 est
1014 2567 1143 2605 minus,
1177 2577 1216 2598 an
1262 2575 1332 2598 ma-

318 2615 370 2656 gis
391 2613 488 2646 essent
513 2612 709 2653 mucilagine
732 2612 885 2650 muncia,
910 2609 954 2643 ob
978 2610 1139 2652 crepitum
1162 2608 1258 2643 illum
1279 2608 1333 2641 vi-

317 2657 438 2691 delicet
461 2657 518 2698 qui
542 2656 580 2689 ad
605 2655 782 2693 articulos,
804 2665 878 2687 cum
903 2652 960 2686 hos
984 2664 1066 2695 aegra
1092 2662 1258 2691 moveret,
1289 2652 1331 2685 ab

317 2698 524 2733 affidentibus
547 2697 804 2734 exaudiebatur5
832 2697 940 2730 multo
961 2706 1068 2730 autem
1091 2696 1195 2738 magis
1210 2721 1221 2737 ,
1244 2707 1331 2737 quo-

318 2743 419 2777 modo
443 2743 474 2775 se
497 2742 653 2777 haberent
677 2740 832 2784 genitales
855 2749 964 2782 partes
984 2741 1019 2774 in
1051 2738 1187 2773 foemina
1231 2749 1331 2782 quam

317 2787 370 2820 lue
397 2797 524 2819 venerea
550 2784 702 2819 infestam
727 2785 806 2818 adeo
828 2782 922 2818 fuisse
945 2805 956 2821 ,
1002 2783 1173 2824 dicebant,
1197 2791 1233 2816 ut
1257 2782 1333 2816 inde

317 2831 441 2865 vitium
463 2829 526 2863 hoc
551 2837 681 2864 tantum
703 2827 816 2863 ollium
860 2825 1003 2861 extitisse
1027 2849 1039 2866 ,
1085 2836 1153 2861 non
1196 2825 1331 2860 dubita-

318 2882 392 2908 rent
407 2899 416 2907 .

363 2919 393 2949 6.
417 2917 640 2958 Vetustiffirna
663 2917 870 2958 suppeterent
896 2913 1047 2949 mollium
1070 2913 1232 2947 fafiorum
1265 2911 1327 2946 hu-

320 2971 491 2995 manorum
514 2960 628 2995 offium
652 2960 815 3002 exempla,
839 2959 862 2993 si
885 2958 975 2999 quod
1001 2957 1144 2992 Sachsius
1166 2957 1220 3000 (p
1240 2959 1256 2996 )
1277 2957 1327 2989 vi-

319 3004 417 3039 detu-r
440 3015 514 3037 cum
541 3005 639 3037 Petro
660 3015 676 3036 a
700 3003 817 3037 Castro
839 3002 1045 3040 existimare,
1066 3000 1153 3035 hunc
1177 3001 1328 3033 morbum

315 3046 488 3080 „li-abilius
511 3058 663 3082 vocatum
686 3045 748 3079 esse
768 3045 919 3079 Alaclma
940 3049 981 3079 ὅ·
1004 3044 1209 3088 Alzemma,
1231 3046 1262 3077 δε
1276 3053 1331 3076 cu-

317 3099 424 3124 ratum
447 3089 486 3122 ab
508 3093 699 3128 avicenna,
723 3089 901 3127 constaret5
925 3098 960 3122 ut
983 3089 1108 3122 constat
1129 3098 1170 3121 ex
1193 3086 1330 3121 Andreae

318 3133 536 3172 Bellunen-fis,
561 3145 634 3176 quae
656 3145 729 3168 curn
753 3134 922 3166 Avicenna
946 3132 1034 3165 edita
1057 3132 1126 3172 est,
1148 3131 1249 3164 latina
1261 3141 1327 3163 ara-

319 3178 471 3212 bicorum
494 3180 667 3211 nominum
690 3176 826 3211 adaueta
849 3175 1118 3216 interpretatione
1148 3173 1204 3217 (q
1225 3177 1258 3214 ),
1280 3171 1325 3206 al-

319 3231 472 3263 zemma,
508 3222 558 3253 vel·
579 3231 708 3264 zemena
730 3217 785 3263 effe
807 3218 927 3261 quando
948 3229 1022 3260 aeger
1039 3225 1167 3261 propter
1198 3215 1325 3259 mollifi-

318 3264 470 3297 cationem
489 3289 495 3301 ‚
516 3264 571 3306 seu
588 3262 749 3305 paralisim
768 3263 882 3303 pedum
904 3284 915 3299 ‚
960 3269 1015 3294 aut
1047 3271 1196 3295 manuum
1227 3261 1324 3302 impe-

318 3307 408 3339 ditur
429 3318 447 3338 a
470 3315 556 3340 motu
579 3306 705 3340 illorum
728 3305 955 3345 membrorum
977 3313 1014 3338 ut
1059 3304 1231 3346 inscriptio
1273 3303 1330 3337 illa

318 3348 570 3384 Observationis
594 3352 681 3384 Petri
707 3349 848 3384 aCastro
871 3350 907 3383 de
928 3347 1136 3382 membrorum
1159 3347 1203 3381 &¹
1225 3345 1329 3389 offium

1405 320 1440 344 ut
1464 311 1638 343 Avicennae
1683 310 1877 352 Interpretes
1919 310 2099 352 loquuntur
2127 333 2137 349 ,
2182 310 2409 355 mollificationi'

1402 355 1417 393 (
1437 363 1453 385 r
1476 356 1511 392 >3
1535 363 1599 386 non
1621 351 1756 389 offium3
1781 356 1953 387 convenire
1977 353 2146 387 videatur.
2181 354 2266 387 Satis
2298 364 2408 389 tamen

1402 397 1537 438 antiqua
1558 395 1701 436 exempla
1724 395 1796 429 sunt
1819 407 1889 437 qua:
1912 396 1994 430 olim
2020 397 2180 430 Fernelius
2215 396 2299 439 (s)
2321 422 2333 438 ‚
2375 400 2409 431 &
2432 415 2435 417 —

1400 450 1498 481 quem
1521 438 1589 482 ipse
1610 438 1742 475 laudat,
1770 439 1919 474 Ruellius
1941 439 2061 473 litteris
2085 439 2300 479 mandarunt,
2334 439 2410 475 feli-

1401 483 1431 516 ci
1454 484 1554 516 etiam
1579 481 1689 516 addita
1714 492 1769 523 per
1801 480 1929 517 balneas
1973 482 2165 516 aluminosas
2208 485 2376 517 curatione
2397 506 2409 521 ,

1399 536 1498 569 quarn
1521 537 1561 560 ex
1583 524 1711 559 Sachsio
1736 524 1786 566 (t
1808 528 1822 564 )
1844 526 2003 569 intelliges
2025 527 2105 559 alios
2127 538 2258 568 quoque
2283 526 2342 560 esse
2364 527 2410 560 se-

1401 579 1517 603 cutos.
1539 569 1603 603 Sed
1624 578 1772 612 quaenam
1795 568 1838 601 sic
1860 569 2083 603 emollitorum
2118 568 2229 603 offium
2272 571 2409 604 strufiu-

1402 624 1437 646 ra
1455 637 1464 650 ,
1486 623 1641 646 naturave
1665 622 1721 652 per
1745 619 1913 645 anatomen
1937 620 2061 655 reperta
2084 613 2180 653 esset,
2204 622 2238 646 ut
2259 613 2326 646 illis
2368 624 2409 646 ex

1401 655 1545 694 casibus,
1569 656 1689 698 quippe
1712 654 1858 688 restituta
1879 656 2101 695 firmitudine,
2138 655 2218 690 scire
2261 667 2326 690 non
2370 658 2410 690 li.

1400 701 1471 733 cuit
1487 724 1496 738 ‚
1519 698 1561 732 fic
1584 709 1685 740 neque
1707 709 1747 731 ex
1769 697 1839 731 aliis
1861 697 1919 741 qui
1945 699 2124 733 enumerari
2148 700 2250 733 solent
2265 723 2276 738 ,
2300 709 2337 734 ut
2350 712 2409 743 pu-

1401 753 1432 776 ta
1457 743 1498 775 ab
1537 742 1666 786 Jacobo
1689 740 1844 775 Hollerio
1865 744 1882 785 (
1901 752 1921 774 u
1942 746 1979 781 )‚
2002 754 2018 775 a
2041 743 2225 777 Guilielmo
2258 744 2409 776 Fabricio

1400 785 1550 819 Hildano
1572 790 1586 826 (
1606 795 1629 820 x
1649 788 1684 824 )‚
1709 796 1725 817 a
1750 784 1848 818 Petro
1873 785 2005 819 Borello
2047 786 2137 828 (y)
2157 810 2167 825 ,
2213 798 2231 820 a
2275 788 2410 821 Thoma

1399 829 1597 864 Bartholino
1618 831 1633 868 (
1655 839 1680 871 z
1700 831 1735 867 ),
1758 827 1798 861 ab
1821 829 1956 862 Daniele
1981 830 2150 863 Prottenio
2173 832 2192 868 (’
2208 840 2228 862 ιτ
2248 832 2263 868 )
2284 842 2408 864 memo-

1398 873 1476 906 ratis
1491 899 1501 913 ‚
1525 872 1559 906 id
1574 895 1584 909 ,
1607 873 1658 906 uti
1683 870 1870 913 sperabam,
1894 871 2021 906 didici.
2069 873 2162 909 Quin
2206 872 2264 906 illa
2307 875 2405 908 etiam

1399 919 1500 950 mitto
1521 926 1594 959 quae
1617 914 1656 948 ad
1680 915 1873 957 peculiarem
1899 915 2007 955 potius
2030 918 2113 949 certi
2159 915 2294 957 alicujus
2337 920 2409 951 offis

1399 960 1529 1000 labem,
1552 970 1652 1001 quam
1676 958 1714 992 ad
1738 968 1807 990 eam
1823 957 1976 1006 ,spectant
1999 970 2072 1000 quae
2094 959 2132 992 fit
2164 959 2326 1003 plerisque
2368 960 2408 993 si-

1399 1004 1469 1037 mul
1492 1003 1698 1041 communis,
1719 1001 1755 1043 in
1780 1000 1908 1043 illisque
1932 1012 2021 1043 pono
2043 1001 2132 1044 quod
2154 1013 2193 1036 ex
2237 1005 2408 1038 nominato

1399 1046 1595 1081 Bartholino
1617 1046 1651 1078 in
1676 1044 1910 1087 Ephemerides
1931 1046 2071 1078 relatum
2094 1046 2137 1079 est
2160 1045 2320 1088 Caesareaes
2357 1047 2408 1081 N.

1396 1092 1440 1124 C.
1462 1089 1649 1124 Academiae
1671 1092 1685 1127 (
1709 1088 1729 1121 b
1746 1088 1784 1129 ).
1809 1089 1924 1130 Itaque
1947 1088 1987 1122 ad
2021 1100 2074 1122 eos
2115 1088 2306 1124 descendens
2347 1091 2408 1132 qui

1395 1135 1550 1167 memoria
1572 1131 1678 1166 nostra
1701 1130 1908 1168 floruerunt,
1930 1133 2073 1173 primum
2099 1143 2137 1165 ex
2160 1134 2251 1167 Italis
2264 1132 2408 1168 Gabrie-

1390 1178 1472 1211 lium
1495 1179 1509 1216 (
1531 1187 1547 1209 c
1569 1179 1584 1214 )
1606 1175 1740 1214 inveni,
1764 1175 1821 1216 qui
1847 1172 2020 1215 superioris
2042 1174 2153 1209 saeculi
2185 1188 2291 1217 anno,
2313 1177 2403 1211 haud

1389 1220 1513 1258 serius,
1555 1216 1875 1260 duodenonagefimo
1917 1220 1932 1256 (
1954 1217 2150 1261 Gagliardus
2194 1220 2285 1260 (d)
2317 1221 2404 1255 enim

1389 1275 1475 1297 anno
1499 1262 1682 1305 insequenti
1706 1260 1839 1295 eandem
1863 1259 2142 1296 Observationem
2172 1262 2304 1306 preffius
2348 1264 2406 1298 de.

1388 1307 1528 1341 scribens
1543 1331 1552 1347 ‚
1576 1306 1682 1339 secum
1707 1305 1883 1346 nuperrime
1905 1306 2164 1339 communicatam
2186 1306 2268 1344 esse,
2292 1305 2407 1349 dixit)

1387 1363 1426 1385 eo
1449 1351 1555 1393 igitur
1577 1349 1711 1383 circiter
1733 1358 1820 1382 anno
1842 1349 2007 1382 Matronae
2028 1348 2092 1382 osia
2115 1349 2287 1387 diffecans‚
2320 1362 2407 1394 quo-

1385 1405 1459 1429 rum
1483 1393 1570 1427 nulla
1593 1392 1760 1434 pristinam
1782 1390 1940 1426 duritiem
1961 1392 2188 1433 retinuerant,
2224 1392 2403 1437 oblongio-

1384 1449 1418 1472 ra
1443 1446 1548 1471 autem
1571 1434 1637 1470 fere
1660 1435 1771 1468 omnia
1794 1434 1880 1468 fabia
1904 1445 1996 1468 erant
2018 1438 2054 1471 in
2100 1447 2232 1471 ornnem
2278 1449 2401 1479 partem

1384 1481 1530 1519 flexilia,
1554 1478 1623 1514 haec
1646 1477 1861 1521 deprehendit
1895 1479 1931 1511 in
1976 1490 2104 1513 carnem
2149 1490 2215 1513 non
2249 1479 2402 1516 fibrosam

1384 1523 1543 1567 quidem,
1567 1522 1618 1557 sed
1643 1522 1883 1563 rubicundam,
1906 1523 2081 1557 conversa.
2106 1522 2179 1557 Post
2201 1523 2307 1566 hanc,
2334 1535 2402 1560 non

1383 1567 1564 1602 absimilem
1587 1568 1621 1600 in
1645 1565 1782 1600 foemina
1805 1565 1903 1599 altera
1926 1565 1989 1607 legi
2005 1566 2284 1601 Observationem
2293 1569 2403 1603 Cour.

1384 1611 1472 1645 tialis
1495 1614 1509 1650 (
1531 1620 1545 1643 e
1569 1613 1604 1649 >3
1628 1610 1715 1649 imo,
1731 1611 1779 1642 “ut
1801 1606 1867 1641 ossa
1889 1612 2021 1651 omnia,
2044 1608 2197 1644 dentibus
2219 1614 2367 1654 exceptis
2390 1638 2403 1655 ‚

1381 1665 1464 1699 quos
1487 1652 1679 1687 Gabrielius
1702 1663 1768 1687 non
1794 1653 2009 1691 memoravit,
2032 1653 2062 1686 ei
2085 1652 2177 1687 flesti
2203 1663 2402 1696 potuerant,

1382 1701 1430 1732 ita
1453 1698 1566 1731 omnia
1588 1696 1739 1738 fungosas
1754 1720 1764 1735 ‚
1786 1694 1961 1738 mollesque
1983 1707 2115 1734 carnes,
2150 1697 2401 1738 sanguinolento

1383 1741 1454 1774 sero
1477 1740 1643 1779 imbutas,
1667 1736 1869 1772 referebant.
1894 1740 2091 1780 Qanquam
2116 1749 2225 1774 autem
2249 1752 2314 1775 non
2352 1744 2402 1776 al-

1383 1785 1483 1818 terius
1507 1783 1634 1826 generis
1655 1781 1736 1821 esse,
1762 1781 1858 1814 video
1881 1803 1893 1821 ,
1939 1782 2196 1816 Observationes
2242 1784 2401 1826 quasdam

1382 1827 1547 1904 Chirurfii
1569 1825 1702 1860 celebris
1728 1825 1829 1858 Petiti
1853 1821 1911 1866 (f
1926 1827 1937 1863 )
1952 1847 1961 1863 ,
1995 1827 2118 1867 quippe
2139 1837 2214 1868 quae
2236 1825 2302 1861 ossa
2326 1839 2403 1863 mu..

1382 1880 1452 1906 tata
1476 1882 1513 1905 ex
1540 1870 1629 1904 ibent
1651 1870 1685 1902 in
1709 1868 1921 1902 substantiam
1941 1869 2031 1902 carni
2052 1867 2190 1903 similem
2214 1891 2227 1908 ‚,
2273 1871 2364 1906 salvis
2389 1896 2401 1912 ‚

1383 1914 1473 1958 quod
1499 1912 1567 1957 ipse
1589 1912 1784 1948 adnotavit,
1808 1912 1990 1955 proximis,
2013 1922 2069 1946 aut
2089 1912 2273 1947 interiestis
2295 1916 2398 1949 carti-

1380 1958 1565 2001 laginibus,
1590 1957 1635 1990 fic
1659 1965 1695 1989 ut
1719 1956 1759 1990 ad
1783 1955 1972 1990 memoriam
1997 1955 2081 1990 mihi
2102 1955 2287 1999 redegerint
2310 1959 2398 1993 cras-

1381 2001 1413 2035 sa
1436 2001 1496 2035 illa
1518 2000 1728 2042 cartilaginea
1751 1999 1925 2040 ligamenta
1939 2024 1948 2040 ‚
1970 2010 2042 2043 quae
2064 1999 2254 2042 interposita
2289 2011 2399 2036 verte-

1380 2046 1513 2079 brarum
1535 2043 1727 2085 corporibus
1742 2064 1751 2080 ,
1774 2053 1848 2076 cum
1871 2041 1939 2075 haec
1963 2045 2024 2076 alte
2048 2043 2087 2076 ab
2110 2044 2333 2086 aneurysmate
2346 2046 2403 2079 vi-

1380 2090 1462 2122 tiata
1484 2087 1580 2121 essent
1594 2108 1603 2123 ‚
1625 2085 1692 2128 ipsa
1713 2084 1849 2128 quidem
1872 2083 1970 2118 illaesa
1993 2084 2188 2128 deprehendi
2213 2091 2224 2126 (
2245 2098 2267 2131 g
2290 2091 2327 2128 );
2349 2098 2402 2123 ta-

1382 2141 1457 2166 men
1478 2141 1555 2165 cum
1579 2130 1682 2163 Petiti
1705 2129 1771 2162 illae
1797 2128 2054 2164 Observationes
2068 2141 2139 2164 eum
2153 2131 2303 2165 morbum
2315 2142 2400 2166 nun-

1381 2186 1480 2218 quarn
1502 2175 1537 2208 in
1563 2172 1711 2219 pluribus
1733 2170 1827 2205 fimul
1851 2172 2022 2215 Partibus,
2047 2173 2169 2217 semper
2194 2184 2302 2209 autem
2324 2187 2399 2211 cum

1383 2228 1515 2253 tumore
1539 2217 1753 2259 conjunctum
1775 2213 1968 2257 proferant,
2002 2229 2020 2251 a
2066 2229 2118 2252 me
2162 2218 2298 2260 quidem
2343 2230 2401 2254 ne-

1384 2270 1508 2304 queunt
1533 2260 1572 2295 ad
1594 2271 1664 2294 eam
1688 2270 1754 2302 qua
1778 2258 1817 2293 de
1840 2258 2036 2302 loquimur,
2067 2262 2205 2305 speciem
2252 2262 2365 2296 referri
2390 2288 2400 2295 .

1385 2306 1446 2340 Sed
1470 2315 1574 2347 neque
1597 2303 1668 2336 aliae
1692 2303 1798 2345 plures
1813 2324 1822 2341 ‚
1849 2312 1886 2336 ut
1910 2313 1987 2346 puta
2009 2316 2082 2347 quae
2115 2317 2154 2339 ex
2199 2305 2400 2340 Maucharto

1385 2353 1400 2388 (
1421 2348 1478 2393 h)
1501 2348 1547 2382 est
1572 2348 1606 2380 in
1628 2345 1764 2380 summis
1785 2345 1857 2380 offis
1880 2345 2012 2380 femoris
2034 2349 2181 2390 partibus
2212 2349 2397 2392 amplifica-

1386 2394 1452 2431 tis,
1475 2393 1507 2425 δι
1532 2390 1614 2425 adeo
1636 2389 1810 2429 mollibus,
1833 2400 1870 2423 ut
1894 2389 2037 2433 scalpelli
2074 2392 2249 2426 manubrio
2270 2415 2284 2433 ,
2326 2394 2398 2429 imo

1385 2436 1500 2478 digitis
1522 2436 1689 2471 cederent,
1713 2436 1745 2466 &
1767 2431 1896 2479 preffae,
1919 2445 2087 2469 cruentam
2119 2435 2283 2478 quandam
2330 2448 2399 2471 me-

1384 2479 1509 2513 dullam
1531 2478 1720 2511 emitterent
1743 2487 1812 2518 ejus
1835 2476 1970 2510 similem
1994 2489 2066 2520 quae
2092 2479 2127 2511 in
2173 2479 2308 2513 minutis
2353 2483 2398 2514 esi:

1384 2521 1500 2556 ossium
1522 2521 1671 2560 cellulis,
1695 2528 1752 2566 aut
1774 2530 1848 2566 quae
1872 2520 1922 2553 bis
1945 2520 2031 2554 edita
2077 2522 2138 2556 est¹
2163 2534 2203 2556 ex
2249 2522 2396 2557 Nebeiio

1384 2566 1433 2609 (i
1455 2568 1467 2604 )
1491 2565 1525 2597 in
1549 2564 1656 2598 multo
1679 2565 1797 2604 majori
1820 2563 1959 2604 ejusdem
1982 2564 2054 2598 offis
2077 2573 2168 2607 parte
2190 2588 2201 2605 ‚
2247 2565 2281 2597 in
2329 2577 2398 2600 am-

1384 2609 1472 2651 plam
1496 2606 1628 2641 massam
1652 2605 1867 2643 albicantem,
1895 2607 2165 2650 spongiosamque
2209 2608 2364 2644 conversa
2388 2635 2398 2650 ‚

1382 2651 1443 2686 nisi
1467 2650 1558 2695 quod
1582 2650 1750 2688 minimae,
1775 2652 1808 2682 &
1828 2650 2078 2691 quamplurimae
2125 2650 2263 2684 lamellae
2308 2654 2399 2688 intra

1383 2695 1465 2729 hanc
1491 2693 1600 2729 divisae
1621 2693 1832 2735 supererant,
1856 2695 1887 2726 &
1910 2693 2139 2727 medullarium
2165 2693 2303 2736 systema
2350 2696 2399 2730 se-

1383 2739 1573 2773 milacerum
1594 2739 1626 2770 δε
1648 2736 1875 2776 exinanitum,
1897 2737 2131 2779 complefiente
2155 2737 2268 2770 omnia
2294 2751 2398 2773 mem-

1383 2784 1483 2816 brana
1505 2782 1603 2820 alba,
1626 2778 1833 2819 duriuscula,
1856 2780 1925 2826 imo
1951 2780 2018 2813 fere
2040 2781 2251 2823 cartilaginea
2273 2804 2285 2820 ,
2324 2795 2398 2826 quae

1383 2825 1574 2870 perioslium
1597 2824 1723 2858 credita
1746 2822 1810 2856 est.
1845 2822 2045 2864 eujusmodi
2090 2824 2312 2858 membranam
2357 2827 2398 2862 ab

1379 2868 1570 2903 Alexandro
1591 2867 1783 2902 Camerario
1806 2869 1817 2904 (
1845 2865 1863 2905 l<
1882 2868 1898 2908 )
1924 2877 2056 2908 quoque
2078 2865 2282 2910 conspeetam
2307 2870 2398 2904 vide-

1380 2914 1458 2953 bis,
1480 2922 1623 2947 tumores
1644 2912 1852 2952 cingentem,
1877 2909 1935 2942 sub
1967 2911 2088 2951 quibus
2131 2912 2166 2944 in
2211 2910 2397 2948 rhachitico

1379 2967 1480 2999 puero
1501 2956 1616 2989 offium
1637 2953 1789 2992 humeri,
1813 2954 1844 2985 δι
1867 2951 2000 2985 femoris
2022 2963 2118 2987 certae
2142 2963 2247 2996 partes
2271 2955 2313 2989 fic
2337 2957 2396 2990 ab·

1380 3000 1517 3041 sumptae
1539 2998 1690 3035 fuerant,
1714 3006 1749 3031 ut
1772 2998 1805 3029 in
1829 2997 1997 3029 materiam
2031 2997 2176 3030 abierint
2220 2995 2358 3034 fluidam
2380 3023 2396 3041 ,

1382 3044 1516 3076 minime
1537 3041 1711 3078 foetidam,
1737 3039 1864 3077 albam,
1887 3038 2045 3081 grumoso
2069 3040 2145 3073 lasti
2170 3050 2234 3073 non
2259 3041 2392 3078 absimi-

1381 3087 1467 3125 lem,
1492 3096 1589 3128 quem
1615 3093 1785 3127 propterea
1808 3083 1960 3115 morbum
1983 3082 2088 3116 albam
2130 3082 2233 3126 offium
2277 3088 2397 3121 cariem

1382 3129 1450 3173 ipse
1472 3127 1662 3162 nominabat
1676 3153 1685 3161 .
1711 3128 1746 3159 Si
1768 3158 1772 3162 ,
1791 3125 1933 3159 Platneri
1977 3125 2246 3160 Differtationem
2292 3129 2391 3164 habes

1377 3185 1450 3214 quae
1473 3170 1628 3215 inscripta
1650 3170 1692 3204 est
1714 3171 1750 3203 de
1772 3167 1983 3206 Thoracibu53
2009 3170 2118 3203 videre
2142 3172 2288 3212 poteris,
2310 3182 2392 3208 num

1378 3216 1488 3255 forte,
1512 3218 1544 3248 &
1566 3224 1724 3258 quatenus
1740 3234 1753 3251 ,
1776 3211 1840 3246 huc
1865 3214 2024 3246 attineant
2045 3213 2103 3246 illa
2148 3224 2219 3255 quae
2264 3214 2310 3249 de
2354 3228 2391 3251 ea

1377 3259 1613 3294 Dissertatione
1636 3260 1670 3291 in
1694 3257 1787 3289 Actis
1810 3255 2026 3289 Eruditorum
2049 3256 2132 3299 (l)
2155 3257 2220 3298 legi
2244 3268 2252 3289 :
2277 3258 2337 3303 effi:
2361 3261 2396 3293 in

1379 3310 1472 3336 aetate
1493 3300 1741 3343 pro-nemoribus
1784 3297 1948 3340 aliquando
1990 3306 2104 3341 prater
2148 3306 2296 3334 naturam
2345 3302 2409 3336 ita

1380 3345 1498 3380 molliri
1521 3368 1535 3386 ³
1558 3346 1601 3380 Θ
1622 3353 1707 3377 cerea
1739 3352 1776 3376 ac
1803 3338 1937 3385 fragilia
1955 3341 2054 3385 fleri,
2076 3350 2134 3385 ur,
2171 3341 2255 3384 quasi
2290 3346 2396 3388 liqna,

2222 3404 2229 3409 “
2292 3396 2350 3427 ta,

457 3587 479 3603 n.
500 3580 539 3608 38.
557 3581 580 3605 ες
595 3577 658 3607 seqq·
929 3606 934 3610 ,

467 3610 526 3634 Vid.
541 3618 561 3635 c·
579 3618 592 3633 2
619 3610 669 3632 Fen
696 3616 720 3632 ι.
736 3610 753 3632 1.
772 3616 792 3637 3.
811 3610 872 3632 Can.
890 3609 991 3630 Avxcen.
1037 3636 1041 3640 ⁴

469 3640 493 3664 in
509 3640 607 3669 adjeffis
623 3640 641 3662 l.
661 3646 679 3662 ι.
697 3641 725 3662 de
744 3639 828 3662 Morb.
847 3639 895 3662 lnt.
914 3637 984 3666 Ruis
1000 3636 1113 3665 qmbusd.
1130 3644 1152 3661 n.
1170 3645 1195 3665 7.

461 3668 486 3693 in
502 3671 542 3694 fin.
562 3669 656 3699 epilog.
673 3669 749 3693 additi
765 3670 793 3692 ad
811 3670 883 3693 Cem.
899 3677 920 3695 4·
940 3666 1000 3690 Hist.
1017 3667 1041 3690 ἃ
1057 3667 1116 3692 Obs.
1133 3667 1202 3691 Med.
1220 3665 1302 3694 Phys..‚

462 3699 487 3722 in
505 3700 559 3724 AR.
578 3701 646 3724 Med.
663 3699 737 3723 Hasn.
754 3701 810 3724 Vol.
828 3706 851 3729 3.
867 3698 927 3723 obs.
943 3705 982 3722 ω.
1045 3699 1059 3727 (
1075 3697 1090 3721 b
1108 3700 1116 3726 )

465 3733 538 3753 Anat.
557 3731 607 3755 off.
623 3738 648 3754 ε.
664 3737 686 3753 2.
705 3729 761 3753 ΟΜ.
781 3737 803 3759 3.
865 3730 872 3758 (
893 3737 905 3752 ε

470 3761 542 3787 Epist.
562 3768 600 3786 oo.
624 3769 647 3783 n.
666 3763 694 3784 26
724 3761 796 3788 δίας.
855 3763 868 3786 (
888 3761 901 3781 b

467 3791 542 3814 Toin.
560 3791 619 3814 eod.
638 3797 660 3814 ι.
680 3789 738 3814 Obs.
759 3798 795 3820 >3-
859 3792 867 3819 (
886 3790 895 3813 l

441 3798 450 3819 κ
432 3577 454 3783 ψυκ-ννυψν

723 3579 731 3606 (
747 3584 764 3607 p
778 3576 793 3606 )
810 3577 835 3601 in
852 3576 934 3602 Schol.
950 3576 980 3600 ad
997 3575 1054 3602 obs.
1073 3583 1110 3606 37.
1127 3577 1157 3600 A.
1177 3582 1195 3600 1.
1214 3577 1271 3609 Dec.
1292 3579 1312 3596 1·
1328 3573 1389 3603 Eph.
1406 3575 1442 3597 N.
1459 3575 1489 3598 C.

1054 3607 1062 3635 s
1077 3606 1120 3636 s)
1136 3609 1172 3631 De
1187 3606 1263 3630 abdit.
1281 3611 1328 3627 rer.
1345 3604 1418 3628 Caus.
1436 3604 1452 3627 l.
1469 3612 1492 3627 2.
1511 3609 1535 3626 c.
1555 3610 1589 3635 9»,

1258 3636 1272 3664 (
1288 3643 1302 3657 x
1319 3635 1328 3664 )
1343 3636 1415 3659 cent.
1432 3641 1452 3658 i.
1469 3632 1528 3658 Obs.
1545 3632 1612 3656 Chir.
1628 3641 1665 3662 45·
1683 3632 1705 3657 δε
1720 3635 1793 3658 Cent.
1807 3635 1833 3656 6.
1850 3631 1912 3656 Obs.
1928 3640 1966 3662 74.

1354 3665 1361 3692 s
1382 3673 1400 3693 z
1415 3664 1430 3694 )
1446 3665 1518 3689 Ceut.
1534 3667 1558 3686 6.
1575 3662 1637 3686 Hist.
1657 3666 1728 3687 Anat.
1746 3671 1786 3691 40·

1133 3697 1191 3722 obs.
1212 3704 1249 3726 37.
1265 3695 1333 3724 supra
1350 3695 1395 3720 cit.

920 3728 934 3757 )
951 3727 1011 3752 Hist.
1027 3727 1055 3751 de
1072 3729 1172 3752 l'Acad.
1190 3729 1224 3751 R*
1240 3727 1280 3749 des
1298 3728 1336 3750 Sc.
1356 3730 1384 3750 A.
1402 3733 1473 3755 ¹700·
1491 3723 1549 3748 Obs.
1568 3730 1593 3746 2.

919 3763 927 3788 )
944 3758 1003 3787 Eph.
1021 3760 1056 3782 N.
1075 3760 1102 3782 C.
1121 3760 1191 3782 cent.
1210 3765 1229 3787 9.
1249 3755 1311 3780 Obs.
1332 3765 1372 3789 30..
1445 3786 1448 3788 .
1533 3784 1538 3787 .

911 3793 920 3820 2
935 3791 968 3813 A.
984 3796 1051 3819 ¹75¹·
1070 3790 1110 3813 M.
1132 3792 1198 3818 sept.
1215 3789 1243 3812 P.
1262 3795 1285 3811 a.
1303 3794 1333 3811 ex
1351 3793 1402 3815 ejus
1418 3785 1617 3811 Dissertationum
1632 3791 1687 3814 pag.
1705 3792 1757 3815 ¹39·

1551 3571 1566 3600 (
1580 3578 1596 3600 q
1612 3570 1628 3601 )
1642 3571 1671 3596 ad
1689 3578 1773 3597 vocem
1791 3571 1900 3596 Atacbad
1908 3586 1917 3596 .
2329 3552 2347 3558 ἓ
2357 3548 2413 3595 Νι,

1639 3602 1653 3631 (
1669 3608 1680 3625 ι
1696 3602 1711 3631 )
1726 3601 1809 3627 Schol.
1826 3603 1869 3626 cit.

1457 3696 1470 3723 (
1488 3702 1498 3718 c
1513 3694 1526 3722 )
1543 3692 1607 3721 Eph.
1624 3695 1657 3717 N.
1675 3695 1704 3717 C.
1722 3696 1781 3718 Dec.
1799 3701 1821 3722 3.
1837 3694 1868 3716 Α.
1884 3701 1911 3717 2.
1926 3691 1985 3718 Obs.
2004 3701 2027 3723 3.

1468 3756 1472 3761 .
1656 3723 1699 3753 (f
1712 3725 1725 3752 )
1743 3726 1819 3748 Mem⁴
1838 3724 1868 3746 de
1884 3726 1907 3747 la
1925 3721 2008 3748 meme
2025 3723 2101 3765 Acad.
2120 3725 2151 3747 A.
2169 3730 2237 3753 1722.

1431 3757 1445 3783 (
1462 3764 1472 3778 ι
1489 3756 1503 3783 )
1518 3754 1572 3778 Ast.
1591 3755 1623 3778 N.
1640 3756 1669 3778 C.
1685 3756 1760 3779 Tom.
1781 3762 1801 3778 1.
1818 3752 1875 3778 Obs.
1894 3761 1931 3783 15.
1948 3755 1971 3779 δι
1985 3755 2061 3779 Tom.
2077 3763 2101 3783 5·
2121 3754 2181 3779 obs-
2201 3759 2253 3778 111-
