2498 4075
460 225 611 292 Epist.
647 224 810 280 Anat.
843 224 1059 280 Medica
1093 224 1241 284 XLI.
1279 223 1402 277 Art.
1421 218 1559 291 i3.&
1580 216 1647 287 i4.

1912 235 2002 291 153

32 305 125 339 ‘velut
147 306 234 341 idem
254 310 270 348 (
292 307 343 350 r)
365 306 473 347 vidit,
495 309 528 340 &
550 305 643 339 valde
665 306 776 339 laceris
799 315 853 348 per
877 303 1032 339 foetidum
1082 304 1115 338 id
1137 303 1224 347 quod
1248 310 1339 335 antea
1364 302 1522 336 acciderat
1547 310 1733 342 nunquam3
1756 299 1840 334 haud
1864 298 1949 333 secus
1962 300 2029 334 acsi
2044 302 2076 335 in

36 359 94 390 pus
117 351 205 392 quod
229 363 244 384 e
267 362 338 384 rene
362 350 508 388 sinistro,
530 348 634 382 ulcere
658 351 785 390 penitus
807 348 999 390 consumpto
1018 370 1029 387 ‚
1083 349 1252 381 vitriolico
1275 344 1413 379 humore
1436 344 1563 379 suisset.
1591 344 1641 375 Eo
1663 343 1714 376 die
1738 344 1776 377 ad
1800 343 1959 384 vesperam
1983 344 2079 376 incli-

36 394 67 423 &
89 391 181 427 exeso
196 416 206 431 ‚
231 396 264 428 in
289 394 407 436 pelvim
430 391 592 427 deciderat
616 414 625 429 ‚
662 390 874 425 exterioribus
922 390 1030 424 vesrcae

37 436 180 482 tunicis,
205 447 258 471 aut
280 439 379 471 etiam
401 443 436 470 ut
459 447 475 468 a
500 435 693 472 tuberculis;
719 434 792 469 sunt
818 459 826 473 ,
870 436 1002 477 inquam
1027 459 1037 473 ‚

38 476 107 525 aliae
129 481 229 513 urinae
253 481 288 512 in
311 480 410 514 vesica
436 477 687 520 suppreffiones,
710 479 743 511 in
768 476 885 520 quibus
909 477 948 510 ab
981 477 1037 509 ad—

43 520 123 553 ditis
145 523 281 556 stimulis
304 533 340 557 ut
362 523 444 556 nihil
468 521 607 560 auxilii,
634 519 674 554 fic
721 521 896 563 plurimum
939 519 1041 554 detri-

41 565 142 610 menti
168 565 341 600 afferatur.
356 568 436 600 Sunt
459 574 563 597 autem
588 563 760 606 aliquando
782 566 815 597 in
840 563 960 601 vesica,
983 571 1038 596 aut

44 606 83 639 ad
108 618 174 649 ejus
198 611 317 643 collum
342 608 531 645 tubercula,
555 607 680 640 tametsi
703 630 716 647 ,
746 608 795 641 uti
833 606 995 648 perspicue
1018 616 1035 638 a

40 651 171 685 laudato
197 653 360 687 Benevolo
382 649 462 693 (s)
486 650 739 684 demonstratum
763 650 826 686 est,
851 649 929 690 saepe
963 649 1039 682 Me-

37 693 104 726 dici
130 697 178 729 vel
203 696 383 738 praestantes
405 696 440 726 in
464 694 502 726 iis
525 693 681 736 ponendis
715 693 843 735 decepti
880 692 1003 726 suerint
1028 697 1038 724 ι

42 738 122 769 Sunt
137 760 145 774 ,
167 740 299 780 inquam
315 762 322 769 .
349 737 435 770 Nam
459 734 514 770 etsi
541 736 726 778 Ruyschius
747 739 761 775 (
782 743 796 768 t
820 739 831 774 )
857 745 958 768 unum
989 744 1041 766 re-

45 780 214 826 praesentat
237 782 440 823 exemplum3
465 780 553 822 plura
577 789 684 812 tamen
707 790 895 819 occurrere,
919 780 952 811 in
986 777 1041 810 ad-

42 825 127 865 Jeffita
151 824 387 858 observatione
412 826 421 862 (
445 822 499 864 u)
523 821 598 855 satis
622 822 764 856 indicat.
789 823 871 862 Qae
895 822 1043 854 tubercu-

40 867 70 899 la
95 866 210 901 viderit
235 866 473 900 Drelincurtius
506 865 561 907 (x
585 869 618 904 )‚
651 875 751 908 quam
795 864 1042 899 excrescentiam

44 910 172 951 Sylvius
196 913 249 951 (y
271 914 312 950 ),
337 919 437 952 quarn
464 908 689 942 'carunculam
734 908 878 949 Tulpius
922 907 982 950 (z
1004 910 1039 946 ),

41 964 139 993 quam
163 954 300 986 Smetius
323 956 332 991 (
357 964 375 985 a
399 955 430 990 )‚
463 962 560 994 quarn
592 949 754 985 Hildanus
789 955 799 990 (
823 950 841 983 b
863 954 877 989 )
908 951 1042 983 invene-

41 998 131 1035 rint,
154 995 250 1029 habes
273 997 306 1028 in
330 994 425 1037 ipso3
449 1005 487 1027 ne
511 995 639 1036 longius
662 1004 695 1028 te
718 993 897 1034 abducam;
931 992 1043 1035 Sepul—

38 1039 176 1076 threto,
201 1039 257 1073 ubi
278 1042 309 1072 &
333 1039 393 1072 alia
417 1033 510 1071 facile
543 1039 678 1079 reperies
712 1037 825 1071 eodem
849 1037 1041 1078 spectantia.

42 1081 184 1121 fortasse
207 1083 238 1114 δι
284 1082 370 1115 illius
415 1080 518 1116 adhuc
563 1081 749 1114 memineris
778 1102 788 1117 ,
833 1091 930 1121 quarn
960 1078 1044 1111 olim

12 1163 15 1168 Ι
38 1125 73 1157 :in'
99 1124 284 1172 LEpistola
311 1126 506 1158 Anatomica
530 1127 598 1164 (c),
624 1136 639 1156 a
664 1135 713 1158 me
736 1122 965 1165 deprehensam
979 1132 1044 1154 non

40 1167 127 1202 secus
152 1175 191 1201 ad
215 1168 394 1203 urinariam
412 1190 420 1205 ‚
446 1180 541 1210 quam
565 1169 600 1200 in
625 1166 716 1200 fellea
729 1168 851 1206 vesica,
873 1164 1043 1208 proposui.

40 1213 86 1244 Et
110 1213 258 1254 quamvis
281 1211 527 1245 tuberculorum
549 1222 619 1253 quae
643 1211 677 1242 in
701 1211 848 1244 urinario
887 1205 1046 1242 oboriun-

41 1264 96 1288 tur
121 1264 226 1287 meatu
251 1254 483 1298 supervacuum
507 1253 544 1286 sit
568 1253 711 1296 exempla
736 1253 913 1296 producere
934 1276 944 1289 ,
970 1263 1045 1284 cum

38 1299 74 1331 in
97 1298 172 1339 ipsis
197 1298 410 1340 Hippocratis
433 1295 637 1340 Aphorismis
686 1297 741 1338 (d
763 1300 776 1336 )
819 1306 932 1328 eorum
957 1294 1039 1328 fafia

38 1341 79 1375 {it
104 1342 248 1378 mentm,
272 1344 303 1374 δι
329 1339 566 1384 suppurationis
591 1350 645 1382 per
668 1351 764 1381 quam
788 1338 974 1378 tolluntur;
994 1347 1042 1369 ta-

40 1396 114 1417 men
138 1395 202 1417 non
226 1383 372 1419 futurum
397 1385 459 1418 tibi
484 1383 648 1425 ingratum
671 1383 859 1420 credidero,
883 1380 903 1413 fi
931 1381 968 1415 ad
993 1380 1044 1414 hi-

42 1427 175 1461 storiam
199 1426 302 1461 Sacrae
325 1429 412 1461 illius
434 1427 585 1469 Virginis
608 1437 679 1468 quae
704 1426 770 1459 dies
802 1424 927 1457 LXVI.
960 1424 1044 1465 clys-

42 1481 167 1506 matum
192 1472 407 1505 nutrientium
430 1482 509 1513 ope,
536 1469 739 1503 Ramazzino
764 1468 825 1512 (e)
849 1467 1043 1501 medicinam

40 1515 202 1551 faciente,
227 1515 346 1548 servata
371 1513 497 1550 fuerat,
518 1511 580 1547 hoc
602 1520 733 1555 quoque
758 1511 869 1545 addam
893 1511 980 1552 quod
1004 1511 1043 1543 ab

40 1557 115 1600 ipso
139 1559 269 1600 accepi,
293 1557 425 1592 eandem
449 1555 599 1589 videlicet
623 1567 698 1588 cum
722 1554 827 1597 postea
861 1555 937 1586 lotii
970 1554 1043 1594 sup-

41 1600 197 1644 preffione
219 1610 366 1644 correpta
390 1600 487 1639 esset,
517 1599 689 1632 catheteris
733 1608 844 1634 autem
887 1596 1046 1630 recusaret

43 1644 225 1684 auxilium,
247 1657 279 1678 re
302 1643 370 1686 post
393 1643 460 1676 dies
483 1642 608 1684 aliquot
633 1642 670 1674 ad
693 1650 874 1675 extremum
885 1638 1022 1674 deduem
1038 1663 1048 1677 ,

42 1690 170 1722 urinam
194 1688 285 1721 simul
310 1697 383 1720 cum
408 1697 485 1728 pure
508 1695 571 1717 non
596 1685 702 1718 multo
722 1706 730 1721 ,
762 1695 818 1717 nee
854 1683 923 1717 ullo
944 1706 953 1720 ,
983 1681 1041 1715 nisi

43 1730 205 1767 urethrae,
228 1731 340 1764 dolore
364 1731 512 1762 emittere
537 1727 667 1771 coepisse
690 1750 702 1767 ,
723 1737 818 1770 atque
851 1729 899 1760 ita
936 1727 1042 1760 morbi

41 1773 168 1808 causam
193 1772 286 1807 fuisse
311 1772 517 1809 tuberculum
540 1773 574 1804 in
598 1770 728 1805 uretlira
753 1781 865 1804 natum
892 1793 901 1808 ‚
936 1770 1043 1803 osten-

40 1817 138 1853 disse.
162 1816 267 1859 Cujus
290 1826 326 1850 ut
349 1826 534 1859 opportuna
559 1813 746 1856 suppuratio
771 1815 920 1847 morbum
945 1812 1046 1847 sustu-

42 1863 105 1901 lit,
129 1859 171 1894 fic
195 1862 409 1894 remediorum
434 1870 504 1900 quae
529 1857 620 1898 supra
643 1856 806 1895 diximus,
839 1859 1045 1890 irritamenta

42 1902 264 1940 adauxissent.
395 1902 455 1936 Sed
478 1900 646 1934 tubercula
670 1910 776 1933 tamen
809 1898 965 1941 ejusmodi
998 1897 1045 1932 fa-

42 1950 105 1984 cile
130 1950 163 1981 in
188 1959 246 1990 pus
271 1947 357 1981 abire
380 1944 530 1987 possunt,
555 1945 703 1985 viamque
728 1944 861 1977 liberam
885 1944 1014 1977 reddere
1036 1967 1046 1976 .

42 1994 93 2027 At
117 1989 291 2026 scirrhosos
313 1999 479 2026 tumores,
505 1996 558 2021 aut
583 1988 619 2021 ad
644 1986 759 2020 scirrhi
782 1987 937 2021 duritiem
972 1997 1042 2019 ver-

41 2045 153 2081 gentes
168 2059 176 2074 ‚
199 2035 306 2077 quales
329 2033 406 2075 saepe
427 2029 628 2072 inProstata
651 2029 799 2072 glandula
823 2029 917 2072 fieri,
940 2039 992 2064 aut
1004 2041 1042 2063 ex

44 2093 80 2115 ea
102 2078 279 2112 excrescere
304 2076 425 2112 solent,
449 2074 522 2120 quis
544 2072 636 2107 facile
660 2073 699 2106 ab
721 2074 786 2113 ipsa
811 2083 923 2108 natura
944 2096 953 2112 ‚
986 2085 1042 2108 ne-

43 2126 124 2160 dum
146 2123 187 2156 ab
211 2131 278 2155 arte
298 2145 307 2161 ‚
331 2118 432 2162 speret
456 2118 619 2152 sublatum
641 2115 837 2152 iri?Talen1
860 2130 937 2152 vero
961 2117 1042 2151 fuis-

43 2170 96 2210 se,
119 2166 235 2206 credo,
257 2165 348 2197 illam
369 2161 438 2209 ejus
460 2161 618 2204 glandulae
642 2164 888 2198 excrescentiam
911 2173 981 2205 quae
994 2162 1044 2194 su-

26 2225 104 2256 ‹pra
128 2217 137 2251 (
162 2212 178 2249 f
201 2218 214 2250 )
236 2222 275 2244 ef<
300 2206 455 2242 Vallalvae
479 2204 716 2238 Observatione
761 2205 918 2248 descripta
958 2205 1008 2238 est
1032 2228 1041 2237 .

42 2257 141 2290 Talis
165 2263 250 2288 certe
274 2252 336 2287 fuit
361 2260 471 2285 tumor
494 2247 645 2284 universae
671 2248 822 2284 Prostatae
846 2252 879 2285 in
902 2248 961 2284 hac
972 2258 1044 2292 quae

45 2301 210 2342 sequitur,
237 2297 340 2330 nostra
354 2318 362 2329 .

90 2352 138 2386 13.
164 2341 291 2375 CIVIS
315 2350 424 2378 meua,
450 2338 515 2372 Vir
538 2338 691 2372 Patricius
715 2337 761 2372 H.
786 2337 834 2371 M.
859 2348 956 2371 annos
989 2348 1044 2371 na-

43 2397 97 2422 tus
120 2386 256 2428 amplius
281 2385 459 2424 sexaginta,
484 2382 643 2424 quadrato
665 2393 821 2424 corpore,
844 2383 875 2414 &
893 2379 1044 2421 robusto,

44 2432 126 2465 facie
149 2435 302 2464 rubente,
325 2427 439 2460 habitu
464 2425 502 2459 ad
525 2426 657 2458 obesum
681 2427 875 2462 inclinante,
911 2424 1043 2457 hernio-

36 2475 85 2508 sus
101 2496 108 2512 ‚
131 2472 310 2506 adolescens
334 2471 495 2502 virulenta
509 2469 705 2510 gonorrhoea
718 2469 938 2508 laboraverat,
963 2467 1041 2501 sem-

36 2528 94 2561 per
119 2527 193 2549 vero
218 2515 379 2550 multum,
405 2512 486 2554 saepe
508 2514 606 2545 etiam
631 2523 754 2545 merum
778 2512 923 2545 biberat.
954 2512 1042 2544 Cum

38 2560 180 2596 multum
203 2569 356 2601 quoque,
380 2558 412 2589 <Sc
434 2555 628 2589 creberrime
653 2557 834 2598 iniiigeret,
869 2555 925 2587 vix
958 2565 1044 2587 anno

39 2614 113 2640 ante
136 2602 200 2636 levi
233 2601 375 2644 quodam
409 2600 602 2634 retentionis
624 2601 726 2632 urinae
751 2598 915 2642 principio
939 2606 1043 2630 tenta-

41 2659 94 2683 tus
119 2646 246 2680 fuerat.
271 2646 369 2677 Anno
394 2652 502 2677 autem
528 2652 622 2684 1710.
657 2642 720 2676 IV.
769 2642 883 2675 Nonas
929 2641 1042 2674 Martii

42 2689 132 2735 quasi
157 2697 286 2731 repente
308 2687 444 2720 omnino
469 2684 625 2729 suppressa
649 2684 715 2719 est.
739 2684 859 2719 Affinis
882 2682 946 2723 eius
970 2684 1044 2717 Me-

43 2735 135 2769 dicus
157 2730 366 2774 clysteribus,
387 2729 530 2766 balneis,
554 2728 713 2771 sanguinis
735 2740 774 2762 ex
797 2727 1047 2761 haemorrhoidi-

44 2779 106 2812 bus
130 2775 295 2812 miffione,
317 2773 467 2807 remediis
490 2775 590 2806 etiam
613 2783 684 2813 quae
699 2794 709 2809 ,
733 2782 810 2806 tunc
855 2770 947 2804 simul
991 2771 1044 2804 ad-

46 2821 211 2856 strichm,
237 2818 343 2850 alvum
367 2826 563 2856 moverent,
591 2816 747 2848 auxilium
778 2812 886 2847 afferre
923 2814 1047 2857 satage-

37 2866 122 2901 bat,
148 2863 198 2897 sed
221 2859 393 2895 incassum.
416 2861 529 2902 Itaque
554 2858 681 2891 demum
704 2858 901 2891 catheterem
923 2858 1048 2890 immit-

48 2909 76 2942 ti
101 2906 210 2949 J'uffit:
233 2903 320 2946 quod
344 2912 407 2935 non
431 2906 478 2937 ita
502 2901 672 2936 difficulter
695 2903 726 2935 δε
748 2911 845 2939 tum,
878 2903 909 2932 &
941 2900 1046 2941 postea

47 2951 213 2995 peractum
236 2945 299 2980 est.
325 2947 464 2988 Singulis
497 2955 603 2979 autem
637 2944 883 2977 immissionibus
927 2943 1046 2985 septem

47 2995 112 3029 fere
136 2995 235 3026 urinae
261 2991 351 3022 librae
386 3012 396 3029 ,
444 2990 499 3024 etsi
546 2986 711 3022 modicum
756 2986 846 3030 quod
887 2995 1013 3028 potaret
1033 3011 1044 3026 ‚

46 3039 177 3072 daretur
200 3061 209 3076 ,
253 3032 368 3075 primis
411 3033 543 3076 quidem
587 3030 699 3064 diebus
724 3041 762 3063 ex
786 3041 852 3073 quo
875 3030 956 3063 iIlud
979 3042 1046 3063 coe-

47 3083 97 3124 pit
122 3081 211 3119 fieri,
237 3075 448 3110 educebatur.
472 3074 697 3112 Intermedii33
733 3085 807 3107 nam
850 3074 915 3107 dies
960 3076 1043 3108 vixit

46 3124 180 3158 circiter
204 3118 408 3165 quindecim3
433 3119 529 3162 paulo
554 3120 723 3162 pauciores<
742 3129 752 3147 .·
786 3118 912 3150 ultimis
941 3118 1044 3151 rursus

46 3168 88 3202 ad
113 3166 233 3208 septem
257 3187 264 3195 .
300 3163 342 3197 Et
375 3163 491 3203 primis
524 3162 655 3204 quidem
688 3161 800 3194 diebus
832 3161 970 3203 aliquem
1006 3165 1044 3195 ad

46 3207 258 3252 mingendum
283 3205 441 3239 sentiebat
463 3204 627 3238 stimulum
644 3231 652 3244 ,
677 3204 802 3236 nullum
826 3202 1043 3245 intermediis,

22 3264 24 3270 ’
46 3255 153 3289 rursus
178 3253 319 3295 aliquem
333 3249 477 3281 ultimis.
492 3249 529 3281 In
542 3249 640 3281 urinis
653 3246 817 3280 interdum
834 3247 958 3288 aliquid
974 3247 1042 3280 san-

46 3299 156 3341 guinis
179 3293 385 3336 conspectum
408 3291 645 3327 est,interdum
668 3290 819 3333 quaedam-
838 3301 933 3333 parva
957 3291 1043 3334 quasi

47 3340 304 3376 membranarum
328 3335 475 3368 tenuium
499 3332 613 3367 frusta.
640 3333 809 3366 Postremis
832 3334 942 3367 diebus
966 3337 1045 3368 alte-

47 3387 113 3418 rius
137 3383 262 3417 humeri
285 3380 380 3413 dolor
404 3376 547 3411 acceffit:
571 3375 668 3410 febris
696 3376 898 3418 penultimo:
930 3378 1042 3412 novis-

45 3429 126 3462 simo
141 3453 150 3468 ‚
174 3436 249 3458 cum
273 3422 343 3466 post
366 3421 516 3455 edustum
541 3431 631 3456 mane
655 3421 795 3458 lotium,
823 3430 971 3462 argentea
1004 3422 1043 3455 fi-

47 3470 127 3506 stula
150 3466 393 3503 extraheretur,
416 3462 670 3497 animadversum
692 3464 756 3502 est,
781 3465 916 3498 tinctam
950 3463 1010 3499 ess'e
1031 3478 1042 3502 3

130 3511 293 3554 Morgagnz'
304 3510 338 3542 de
351 3508 418 3541 Sed.
433 3506 474 3541 ὠ·
484 3505 568 3549 Caus.
579 3504 680 3538 Morh.
695 3507 793 3539 Tom.
808 3508 853 3541 ΙΙ.

1088 399 1203 427 nante,
1227 400 1297 422 ecce
1322 389 1433 430 rigor,
1457 391 1486 421 δε
1510 397 1631 420 tremor
1646 410 1655 424 ,
1690 386 1811 420 calente
1840 395 1945 419 tamen
1975 394 2048 420 cute
2069 396 2081 423 3

1088 434 1165 468 hinc
1188 431 1296 475 pulsus
1319 432 1526 464 obscuratio:
1551 440 1618 473 quo
1641 430 1759 462 iterum
1782 429 1812 463 se
1835 440 1900 463 non
1933 428 1997 462 fine
2030 429 2082 460 in-

1090 475 1338 511 termiffionibus
1360 475 1533 515 prodente,
1557 473 1637 507 alter
1659 473 1778 506 accidit
1812 479 1935 506 tremor
1959 484 1969 505 .·
2003 470 2084 504 hora

1089 529 1195 554 autem
1218 518 1347 561 quincta
1371 518 1475 550 noetis
1519 527 1604 549 mors
1629 539 1636 548 .
1767 514 1797 547 C
1820 515 1851 548 A
1875 517 1906 548 D
1928 514 1958 548 A
1984 514 2015 547 V
2040 515 2085 546 E-

1090 565 1122 598 R
1150 565 1162 595 I
1186 563 1207 596 S
1250 559 1454 598 disseffloni,
1478 567 1633 602 rogatus,
1653 567 1728 592 cum
1761 558 1831 592 aliis
1862 557 2001 592 Medicis
2033 558 2087 589 in-

1085 605 1182 639 terfui
1206 603 1358 647 postridie
1383 603 1440 636 sub
1463 604 1599 644 primam
1622 602 1770 643 ῃοᾶεῐη,
1793 611 1860 643 quo
1881 610 2024 642 tempore
2047 599 2088 633 ab

1086 661 1127 684 eo
1149 650 1205 691 qui
1232 646 1423 681 medicinam
1447 645 1587 682 fecerat,
1613 657 1628 678 a
1651 644 1842 686 Chirurgo,
1866 644 1905 678 ab
1928 643 2088 686 aliisque,

1087 691 1198 726 eadem
1220 691 1372 725 omnibus
1394 688 1685 727 confirmantibus,
1709 697 1744 721 ea
1778 698 1850 730 quae
1884 687 1983 720 modo
2014 686 2088 721 sunt

1090 736 1226 776 scripta,
1250 733 1378 776 accepi.
1467 734 1682 765 Peritonaeum
1696 729 1856 766 vidimus,
1880 730 1917 762 ad
1941 729 2090 772 hypoga-

1091 779 1202 812 slrium
1226 777 1401 821 praesertim
1417 797 1426 814 ‚
1449 776 1571 811 livens,
1594 773 1740 807 intestina
1765 781 1870 806 autem
1895 771 1994 805 ferme
2017 771 2091 805 sub-

1091 821 1214 856 livida:
1239 823 1272 854 in
1296 820 1421 853 summo
1443 818 1585 852 distentae
1609 817 1718 851 vesicae
1742 816 1842 850 fundo
1865 817 2003 849 exterius
2034 826 2092 848 va-

1095 865 1126 899 sa
1150 863 1303 906 sanguine
1325 862 1479 904 turgida,
1502 860 1687 894 interiorem
1711 865 1853 910 tunicamm
1879 859 1931 892 hic
1955 859 2022 891 illic
2037 868 2093 890 ru-

1089 907 1271 942 bescentem
1297 919 1306 938 .·
1343 907 1470 939 tunicas
1514 913 1621 938 autem
1654 914 1766 936 omnes
1797 902 1957 935 crassiores
1988 900 2094 935 multo

1091 961 1191 993 quam
1214 960 1343 992 aequum
1365 949 1465 986 eslet;
1488 949 1598 990 itaque
1621 948 1670 980 vel
1683 947 1910 983 emiffolotio,
1936 944 2095 988 majorem

1092 1005 1191 1037 quarn
1215 994 1317 1033 solet,
1344 992 1603 1034 magnitudinem
1649 989 1750 1023 vesica
1794 989 1970 1022 retinebat.
1995 990 2030 1021 ln
2054 999 2095 1021 eo

1094 1037 1280 1080 priusquam
1303 1044 1411 1067 totum
1434 1038 1660 1073 emitteretur,
1684 1044 1833 1076 grumum
1858 1044 1922 1065 non
1944 1032 1988 1065 ita
2022 1042 2097 1073 par-

1097 1091 1172 1114 vum
1198 1079 1482 1112 animadvertimus
1507 1078 1605 1109 libere
1629 1085 1815 1115 natantem,
1838 1077 1895 1117 qui
1920 1074 2003 1108 nihil
2028 1082 2109 1107 ma?

1095 1126 1146 1167 gis
1168 1133 1266 1165 quam
1292 1120 1504 1154 semilaceram
1517 1119 1726 1161 hydatidem,
1750 1118 1927 1156 referebat,
1951 1116 2099 1151 mihive-

1096 1179 1134 1200 ro
1158 1167 1315 1200 attentius
1339 1164 1536 1197 examinanti
1561 1165 1665 1195 tenuis
1689 1160 1845 1204 polyposa
1870 1163 2035 1195 concretio
2047 1162 2098 1192 vi-

1096 1209 1147 1244 sus
1169 1208 1211 1243 est
1226 1231 1236 1246 ,
1259 1219 1329 1251 quae
1354 1206 1588 1240 membranulas
1612 1206 1646 1238 in
1672 1205 1700 1238 se
1724 1206 1939 1244 convolutas,
1957 1206 1987 1237 &
2018 1214 2100 1237 con-

1095 1254 1239 1288 tidentes
1294 1253 1485 1284 mentiretur
1522 1262 1532 1282 :
1586 1248 1819 1290 ejusdemmodi
1874 1255 1982 1280 autern
2026 1256 2101 1288 parf-

1092 1309 1130 1330 va
1174 1297 1230 1329 illa
1273 1293 1365 1328 fuisse
1410 1291 1509 1327 frusta
1553 1303 1624 1335 quae
1650 1294 1681 1325 in
1705 1292 1848 1325 extracta
1871 1292 1964 1324 urina
1999 1290 2104 1323 inter-

1093 1341 1173 1374 dum
1198 1337 1431 1380 apparuissent,
1457 1337 1481 1369 ii
1494 1336 1549 1378 qui
1564 1334 1729 1372 viderant,
1753 1334 1973 1369 affirmabant.

1094 1386 1183 1418 Cum
1205 1385 1309 1424 igitur
1332 1380 1458 1414 causam
1480 1378 1577 1421 hujus
1601 1378 1823 1420 suppreffionis
1846 1378 2101 1421 inquireremu53

1098 1429 1137 1462 ad
1162 1430 1262 1459 imam
1286 1423 1422 1458 vesicam
1445 1422 1474 1456 se
1510 1421 1539 1455 se
1577 1422 1725 1456 obtulit.
1750 1421 1890 1454 Prostata
1925 1420 2104 1462 glandula,

1099 1480 1214 1514 praeter
1237 1477 1384 1501 naturam
1408 1474 1476 1500 tota
1499 1465 1738 1501 extumescens,
1763 1475 1862 1507 eaque
1885 1463 2007 1497 duritie
2022 1476 2105 1506 ςπε-

1094 1516 1185 1554 dita,
1208 1521 1244 1546 ut
1267 1510 1353 1554 quasi
1378 1522 1416 1543 ex
1439 1509 1661 1550 cartilaginis,
1685 1510 1716 1541 δι
1739 1508 1910 1549 ligamenti
1933 1506 2103 1541 commista

1096 1558 1273 1592 substantia
1295 1557 1439 1588 constare
1467 1551 1648 1585 secantibus
1685 1552 1851 1583 videretur
1876 1575 1883 1582 .
1918 1550 2004 1583 Alba
2036 1560 2104 1585 erat

1098 1601 1157 1634 nili
1180 1600 1268 1636 quod
1294 1599 1371 1632 locis
1394 1594 1603 1639 quibusdam,
1630 1593 1809 1635 praesertim
1833 1604 1913 1626 vero
1946 1594 1978 1626 in
2014 1603 2105 1626 utra..

1097 1657 1160 1687 que
1184 1639 1350 1683 superficie
1365 1666 1373 1680 ,
1397 1653 1412 1673 a
1438 1639 1600 1681 stagnante
1623 1640 1658 1671 in
1683 1636 1761 1671 vafis
1785 1636 1938 1678 sanguine
1962 1637 2105 1678 nigrica-

1097 1689 1177 1727 bat,
1200 1686 1297 1728 idque
1323 1684 1470 1718 adextris
1493 1683 1596 1723 magis
1618 1692 1682 1724 qua
1706 1690 1745 1714 ex
1766 1689 1858 1724 parte
1883 1680 2024 1714 scrotum
2038 1692 2108 1715 ma-

1093 1743 1156 1775 gna
1176 1727 1376 1763 distendebat
1400 1726 1580 1763 enterocele
1595 1750 1603 1759 .

1146 1785 1195 1816 14.
1223 1773 1263 1805 In
1288 1769 1346 1806 hac
1370 1781 1441 1814 quae
1467 1769 1565 1804 modo
1588 1766 1752 1812 propofita
1787 1766 1852 1804 est,
1877 1766 2103 1811 suppreffionis

1095 1817 1185 1854 causa
1208 1825 1318 1848 omnes
1340 1816 1398 1856 qui
1423 1811 1604 1850 aderamus,
1629 1811 1725 1844 facile
1770 1809 1986 1845 consensimus
2030 1820 2104 1846 tum

1095 1863 1172 1903 quia
1194 1859 1273 1892 alias
1296 1868 1425 1900 quoque
1452 1868 1468 1889 a
1493 1854 1719 1898 praestantibus
1743 1855 1836 1888 Viris
1851 1881 1861 1896 ,
1885 1864 1921 1888 ut
1947 1853 2015 1897 post
2037 1855 2103 1899 (g)

1096 1906 1244 1940 dicetur,
1268 1901 1397 1935 eandem
1422 1900 1610 1937 inventam,
1635 1898 1845 1941 agnitamque
1878 1897 1972 1932 fuisse
1995 1924 2004 1939 ‚
2037 1900 2102 1933 non

1097 1946 1351 1991 ignorabamus,
1376 1953 1447 1976 tum
1491 1944 1568 1986 quia
1616 1942 1761 1983 proclive
1793 1950 1859 1976 erat
1893 1942 2101 1985 intelligere,

1090 2003 1165 2028 cuin
1191 1999 1323 2026 tumor,
1348 1990 1379 2021 δι
1401 1987 1534 2021 durities
1569 1984 1721 2020 Prostatae
1752 1986 1874 2029 incepit
1898 2008 1908 2024 ,
1953 1997 2102 2030 coeptum

1090 2046 1221 2081 quoque
1245 2043 1368 2075 aegrum
1391 2028 1451 2064 esse
1474 2030 1636 2073 principio
1661 2030 1773 2073 aliquo
1797 2032 1988 2064 retentionis
2025 2031 2097 2066 uri-

1092 2092 1140 2117 nae
1164 2078 1305 2116 tentari,
1329 2086 1404 2114 cum
1428 2084 1503 2112 veto
1525 2074 1655 2113 demum
1681 2074 1781 2118 usque
1806 2074 1885 2109 adeo
1909 2085 2019 2110 tumor
2043 2087 2101 2110 au·

1093 2123 1163 2160 &us
1186 2123 1311 2161 fuerat,
1334 2132 1371 2158 ut
1398 2122 1563 2166 repentina
1590 2120 1757 2155 accedente
1781 2119 1943 2163 sanguinis
1968 2131 2101 2163 peream

1094 2168 1304 2212 glandulam,
1327 2168 1515 2209 circumque
1539 2166 1639 2208 ipsam
1666 2163 1783 2205 majori
1822 2174 1929 2198 motus
1963 2164 2105 2198 tardita-

1094 2222 1146 2249 te,
1172 2221 1293 2245 meatus
1315 2221 1369 2253 per
1391 2222 1460 2244 eam
1483 2210 1618 2246 duetus,
1643 2219 1708 2241 non
1733 2207 1791 2241 nifi
1818 2206 1961 2242 immisso
1994 2208 2106 2242 cathe-

1094 2256 1171 2291 teris
1194 2254 1300 2289 solido
1323 2264 1483 2294 corpore,
1508 2252 1582 2286 satis
1606 2253 1705 2285 urinae
1729 2260 1835 2292 patere
1859 2252 1981 2295 posset,
2019 2252 2102 2286 hanc

1096 2299 1235 2342 amplius
1259 2297 1412 2340 nequiisle
1435 2308 1490 2338 per
1503 2295 1531 2329 se
1544 2293 1603 2332 fibi
1615 2295 1738 2328 exitum
1761 2297 1980 2336 apetire1Nec
1996 2295 2104 2335 dicas,

1095 2343 1281 2383 sanguinem
1298 2366 1306 2380 ,
1330 2340 1486 2374 adhibitis
1511 2339 1549 2372 ad
1572 2339 1735 2380 proximas
1757 2348 1850 2372 venas
1872 2338 2079 2379 hirudinibus
2095 2364 2105 2379 ,

1094 2386 1182 2429 quod
1207 2385 1363 2418 auxilium
1388 2383 1479 2425 supra
1501 2384 1515 2421 (
1537 2381 1556 2414 h
1577 2384 1590 2419 )
1614 2380 1836 2422 laudavimus,
1861 2382 2004 2423 priorem
2030 2394 2105 2416 ino.

1094 2439 1146 2464 tus
1169 2429 1368 2462 celeritatem
1392 2436 1595 2468 recuperare,
1618 2428 1648 2457 &
1673 2423 1714 2456 fic
1741 2434 1902 2459 tumorem
1926 2425 2102 2460 imminue-

1095 2486 1128 2507 re
1172 2471 1312 2506 debuisse
1346 2496 1353 2502 .
1402 2471 1440 2503 In
1487 2469 1582 2511 pleno
1628 2466 1783 2509 liquidem
1829 2468 1988 2511 ejusmodi
2033 2482 2105 2504 cor..

1098 2527 1176 2558 pore
1226 2525 1290 2547 non
1334 2513 1480 2546 detra6to
1523 2520 1594 2544 ante
1618 2511 1752 2557 *omnia
1799 2524 1814 2544 e
1861 2511 2001 2545 brachiis
2036 2514 2106 2547 san-

1096 2560 1192 2602 guine
1213 2581 1222 2596 ,
1272 2557 1375 2591 multo
1420 2554 1522 2597 major
1567 2553 1662 2595 huius
1706 2556 1799 2596 copia
1845 2568 1882 2588 eo
1928 2555 2011 2588 unde
2057 2569 2106 2591 ar-

1097 2603 1162 2636 ceri
1207 2598 1399 2640 oportuisset
1437 2620 1447 2636 ‚
1491 2599 1535 2631 ob
1580 2600 1739 2630 minorem
1788 2597 1906 2632 fat‘tam
1939 2598 2099 2641 Areststen-

1095 2647 1178 2679 tiam
1222 2643 1317 2678 facile
1361 2642 1494 2677 influxit
1519 2667 1526 2675 .
1573 2641 1678 2673 Mitto
1722 2652 1863 2683 quaerere
1887 2667 1895 2681 ‚
1942 2654 1979 2675 an
2004 2647 2104 2678 etiam

1098 2690 1143 2723 ob
1185 2688 1298 2721 balnea
1345 2695 1422 2720 tunc
1466 2686 1500 2717 in
1546 2683 1639 2718 usum
1685 2685 1786 2717 tracta
1810 2705 1819 2721 ,
1865 2689 1896 2719 δε
1943 2697 1981 2719 an
2006 2690 2103 2723 etjam

1097 2732 1240 2766 stimulus
1285 2728 1448 2764 accesserit
1495 2729 1536 2761 ab
1581 2728 1620 2761 iis
1665 2727 1842 2769 praesertim
1876 2741 1946 2771 quae
1994 2731 2032 2763 ad
2057 2731 2104 2765 al-

1096 2781 1173 2809 vum
1198 2774 1422 2808 solicitandam
1447 2770 1790 2812 praebebantur.lllud
1813 2783 1943 2814 quoque
1964 2775 2105 2816 omitto,

1097 2829 1177 2853 num
1200 2818 1296 2852 serius
1317 2828 1414 2860 quam
1437 2813 1613 2850 decuisset,
1638 2813 1729 2846 urina
1753 2813 1843 2847 educi
1867 2825 1977 2855 coepta
2023 2821 2065 2851 sit
2090 2842 2101 2857 ,

1099 2862 1189 2905 quod
1234 2872 1299 2903 prae
1342 2860 1487 2894 caeteris,
1510 2868 1583 2899 quae
1628 2865 1726 2894 tunc,
1751 2859 1870 2899 quippe
1903 2858 2101 2900 supervacua

1098 2916 1185 2946 aegro
1227 2904 1291 2946 jam
1337 2911 1467 2935 mortuo
1490 2924 1502 2940 ,
1548 2909 1584 2934 ut
1628 2899 1850 2933 consuevimus
1896 2901 1998 2936 facere
2021 2928 2030 2943 ‚
2063 2905 2103 2939 fi-

1097 2948 1240 2982 lebamus
1265 2969 1274 2983 ‚
1306 2947 1406 2988 vulgo
1450 2943 1614 2985 objectum
1661 2943 1840 2977 audivimus
1864 2965 1873 2978 ·
1905 2944 2102 2987 objiciendi

1096 2992 1187 3025 causa
1232 2998 1300 3023 erat
1345 3001 1416 3031 quae
1442 2988 1493 3021 hic
1518 2996 1714 3020 memoretur
1737 2998 1803 3019 non
1830 2989 1962 3028 indigna
1991 3015 1998 3022 .
2033 2994 2100 3026 Ac.

1094 3034 1215 3069 ciderat
1238 3044 1292 3074 per
1316 3044 1368 3065 eos
1390 3032 1457 3064 dies
1481 3051 1490 3067 ‚
1527 3040 1562 3063 ut
1594 3040 1733 3070 quatuor
1777 3030 1833 3063 alii
1876 3033 1974 3065 Cives
2019 3047 2101 3077 ρη-

1095 3087 1144 3112 ter
1191 3089 1262 3111 eum
1304 3075 1342 3108 de
1385 3086 1450 3116 quo
1494 3073 1616 3113 dietum
1661 3073 1701 3106 est
1723 3095 1733 3113 ,
1764 3074 1877 3108 eodem
1921 3077 2038 3110 morbo
2060 3078 2099 3113 de

1095 3120 1275 3163 improviso
1320 3120 1557 3159 corriperentur
1579 3138 1591 3156 ,
1638 3118 1669 3149 δέ.
1715 3117 1804 3158 quod
1851 3119 1956 3158 postea
2003 3122 2097 3156 Halae

1097 3163 1359 3205 Magdeburgicae
1385 3172 1456 3193 vere
1480 3160 1553 3192 anni
1583 3169 1674 3202 1730.
1700 3159 1754 3193 Cl.
1782 3160 1932 3200 Baffius(
1957 3163 2004 3202 i)
2037 3167 2097 3198 ob-

1094 3207 1233 3242 servavit
1276 3204 1367 3247 plane
1412 3203 1587 3237 inauditum
1611 3225 1623 3241 ,
1665 3212 1700 3236 ur
1726 3204 1872 3243 legitima
1897 3206 2095 3246 gonorrhoea

1095 3251 1269 3293 epidemice
1313 3246 1504 3289 grassaretur
1526 3268 1536 3283 ‚
1579 3244 1671 3279 sicuti
1698 3246 1995 3281 Observationibus
2017 3261 2096 3290 qua.

1096 3304 1171 3327 tuor
1216 3292 1348 3335 prolatis
1392 3291 1523 3323 testatur
1546 3312 1558 3328 ‚
1601 3289 1633 3322 id
1658 3300 1714 3322 nos
1738 3290 1824 3322 Foro
1858 3291 1979 3328 Livii,
2024 3294 2095 3326 Ur-

1096 3338 1135 3370 be
1171 3348 1233 3369 non
1259 3346 1315 3376 pro
1338 3346 1376 3367 eo
1400 3346 1434 3367 ac
1459 3342 1620 3372 meretur,
1646 3332 1773 3373 fuitque
1818 3332 1899 3367 olim
1923 3357 1935 3373 ,
1976 3335 2093 3371 incolis

1093 3381 1231 3414 nimium
1276 3376 1448 3415 affluente,
1472 3387 1543 3408 vere
1567 3377 1640 3408 anni
1669 3384 1760 3415 1710.
1805 3376 1839 3407 in
1885 3376 2032 3418 veficafi,
2056 3390 2093 3414 ut

1095 3431 1213 3456 vocant
1240 3446 1249 3460 ,
1280 3419 1444 3460 ischuria,
1465 3419 1556 3460 cujus
1578 3419 1720 3462 quinque
1744 3418 1887 3459 proferre
1911 3420 2095 3464 possemus,

1095 3468 1182 3500 intra
1204 3473 1322 3508 paucos
1345 3462 1409 3497 dies
1433 3462 1580 3501 habitas,
1603 3460 1879 3536 &bservationeffi
1912 3473 1976 3495 non
2022 3466 2094 3500 vul-

1978 3517 2051 3549 gari

36 3606 2095 3631 ffl———ss———n-—ss-—ffl———U—-Fm

104 3690 121 3718 (
134 3697 145 3714 r
160 3690 175 3720 )
192 3687 254 3714 Ibid-
272 3685 329 3711 Obs.
345 3687 370 3709 8.
431 3683 446 3713 (
457 3682 498 3713 J)
515 3684 571 3708 Diffi
588 3688 609 3708 ι.
626 3681 669 3707 cit.

104 3721 119 3749 (
130 3728 148 3750 y
162 3722 176 3751 )
193 3718 253 3743 lbid.
269 3717 326 3740 Obs.
346 3723 380 3739 10.
399 3714 422 3745 §.
438 3717 460 3739 6.
525 3715 539 3744 C
554 3722 571 3743 z
586 3714 595 3745 )
614 3714 674 3738 lbid.
690 3713 749 3737 ΟΜ.
768 3714 791 3737 8.

104 3751 120 3778 (
136 3750 152 3774 d
170 3752 177 3780 )
194 3752 230 3773 82.
248 3749 307 3773 Sest.
324 3753 350 3776 4‚·
367 3746 389 3769 δι
407 3752 442 3775 59-
459 3746 524 3771 Sest.
541 3753 564 3774 7.

103 3780 119 3809 ζ
134 3781 144 3805 2¹
161 3781 168 3812 )
184 3782 242 3805 Dec.
259 3786 282 3808 4.
300 3776 360 3802 Obs.
376 3779 452 3801 Anat.
469 3777 538 3802 Chir.
556 3782 578 3805 5·

731 3684 745 3712 (
761 3689 772 3706 ε
788 3682 797 3713 )
814 3684 884 3708 Cent.
900 3683 958 3709 obs.
974 3684 1027 3714 Fig.
1043 3687 1083 3709 62.

783 3744 787 3747 ι
855 3715 869 3743 ζ
884 3723 899 3739 a
919 3716 925 3744 )
943 3713 1003 3740 sest.
1021 3722 1057 3744 ²5·
1076 3713 1135 3739 Obs.
1152 3722 1173 3739 1.
1190 3713 1214 3744 §.
1233 3723 1257 3743 4.
1319 3713 1334 3742 (
1348 3711 1362 3736 b
1377 3712 1391 3741 )

624 3747 639 3775 ζ
653 3743 691 3773 e)
709 3743 837 3770 constitut:
853 3744 965 3775 Epidern.
981 3745 1048 3772 Urb.
1066 3747 1098 3772 Aa
1115 3748 1185 3775 1691.
1201 3752 1225 3769 n.
1242 3751 1280 3769 ιι.

1332 3682 1347 3711 (
1361 3689 1376 3705 x
1396 3681 1404 3711 )
1420 3680 1482 3706 sest.
1500 3680 1544 3705 hae
1561 3689 1600 3710 24.
1618 3680 1675 3705 obs.
1696 3688 1731 3710 ¹3·
1749 3680 1773 3709 ς.
1793 3687 1815 3704 2.

1409 3711 1469 3736 lbid.
1487 3710 1512 3736 in
1526 3711 1611 3738 Schol.
1630 3712 1659 3735 ad
1676 3711 1699 3742 §.
1717 3719 1739 3735 ιι.
1800 3710 1815 3739 (
1830 3716 1840 3733 ι·
1855 3709 1870 3737 )
1888 3718 1911 3735 n.
1928 3718 1966 3741 43.

1342 3742 1488 3774 (J)n-6=
1784 3740 1953 3769 <h2n=11⁶

1144 3683 1270 3714 (1078.

1550 3741 1722 3772 (g)n·17·
