2498 4075
309 2052 311 2054 ’
353 2041 422 2076 est.

440 94 502 149 16

363 171 458 208 ‘aulas
480 173 573 214 dixi,
596 174 766 216 purulento
786 172 896 208 ichore
921 171 1092 207 scatentes.
1116 174 1193 206 Sana
1204 182 1308 206 tamen
1320 171 1368 204 vel

366 215 407 250 ad
429 216 576 260 jugulum
600 219 715 250 arteria
740 218 880 259 Aspera,
901 225 937 249 ut
960 223 1050 249 totus
1076 217 1194 257 pariter
1232 217 1269 250 ab
1300 217 1370 248 imo

367 259 408 293 ad
429 261 586 294 summum
609 259 823 304 oesophagus.
847 260 963 302 Neque
986 259 1020 291 in
1044 259 1249 301 pulmonibus
1268 283 1281 300 ‚
1313 259 1369 301 qui

366 313 456 336 erant
483 314 549 337 aere
579 303 767 346 turgiduli,
799 303 973 347 quidquam
1010 303 1085 335 vitii
1118 301 1368 336 animadversum

366 346 431 380 est:
455 357 555 389 neque
579 347 717 380 incorde
731 371 743 388 ,
767 346 962 380 situbercula
972 346 1129 388 exciperes
1151 345 1368 384 subrotunda‚

364 388 501 431 depressa
516 415 525 430 ‚
547 401 585 423 ex
607 389 785 424 duriuscula
800 414 808 426 ,
820 389 1048 430 compa&aque
1061 388 1229 423 substantia
1240 387 1369 429 ‚crebra

365 432 443 465 adeo
466 442 501 466 ut
524 431 590 468 fere
612 434 834 471 contingerent
857 431 944 464 'inter
968 431 1022 471 se,
1042 443 1112 474 quae
1149 433 1227 465 totis
1260 432 1369 464 limbis

365 474 544 510 insidebant
567 476 750 521 Mina-lium
776 476 996 514 valvularum;
1018 475 1051 508 in
1065 486 1125 509 una
1138 484 1244 509 autem
1269 476 1371 508 Semi-

363 519 527 553 lunarium
549 519 706 563 quaffin
721 546 729 560 ‚
750 530 822 562 quae
834 527 1034 564 accreverat,
1056 518 1140 561 quasi
1153 519 1370 562 squamulam,

364 562 501 597 necdum
524 572 628 596 tamen
659 562 796 597 osseam.
926 559 1106 595 Ceffflfum
1139 562 1274 605 denique
1306 571 1369 594 non

363 605 464 639 modo
486 617 550 639 non
573 607 704 647 laxum,
727 605 780 640 sed
804 604 843 640 ad
866 604 981 639 durum
1006 615 1133 647 vergens
1153 628 1167 646 ,
1200 605 1369 638 secundum

364 659 511 683 naturam
524 650 550 683 se
562 650 697 688 habuit,
723 648 781 683 nifi
802 649 890 692 quod
913 650 947 681 in
970 648 1171 682 Lateralibus
1183 649 1370 681 ventriculis

365 695 458 734 copia
470 702 535 726 erat
545 694 651 734 aliqua
673 692 837 735 pellucidae
862 702 974 734 aquae,
998 693 1030 724 &
1052 691 1161 732 plexus
1188 692 1371 725 Choroidcs

362 737 522 781 pallebat.
540 737 677 770 Pinealis
690 746 794 770 autem
819 735 969 777 glandula
993 734 1058 767 fuit
1081 735 1247 776 aliquanto
1270 737 1373 777 magis

363 792 460 824 quam
492 778 589 812 soleat
622 804 629 817 ,
665 782 697 812 &
733 778 825 813 firma
858 801 867 816 ‚
902 780 934 810 δι
990 776 1095 810 lobosa
1129 782 1161 812 &
1196 780 1299 821 magis
1337 778 1376 812 ad

364 823 476 856 album
500 823 693 856 inclinabat.
709 820 829 862 Quod,
852 830 977 855 tameti
1001 820 1103 863 ipsam
1126 833 1210 856 nunc
1233 823 1375 864 plerique

362 878 424 910 pro
434 864 582 908 glandula
593 875 657 899 non
675 863 813 899 habeant
832 891 840 905 ‚
855 865 977 908 placuit
988 873 1092 897 tamen
1105 876 1168 898 non
1181 868 1331 899 omittere
1343 868 1376 899 in

360 921 400 944 eo
410 920 544 952 corpore
558 910 591 942 in
605 920 671 951 quo
693 917 746 942 tot
755 908 919 951 glandulas
931 907 1061 941 vitiosas
1075 909 1354 943 animadvertimus
1366 933 1373 941 .

409 963 457 997 13.
483 952 731 987 Animadverfio
754 952 860 986 eadem
885 951 986 990 facit,
1011 952 1191 986 utinitium
1202 953 1376 993 diuturni,

363 998 398 1030 &
445 997 477 1030 ui
502 997 667 1032 mulierem
692 995 820 1029 tandem
841 994 1008 1033 confecit,
1033 996 1141 1029 morbi
1164 1020 1174 1034 ,
1209 998 1243 1030 in
1267 997 1375 1038 aliqua

360 1039 411 1075 fui
441 1052 456 1073 e
479 1040 650 1077 ventriculi
674 1039 826 1082 glandula
842 1062 852 1077 ,
877 1038 1096 1081 suspicemur,
1122 1039 1232 1073 sensim
1262 1040 1375 1079 aurfta,

361 1086 397 1117 δε
418 1083 570 1124 duriore,
593 1094 628 1117 ac
642 1092 767 1117 tumore
779 1083 835 1117 suo
845 1081 1038 1116 obstaculum
1050 1083 1193 1125 sanguini
1206 1082 1375 1125 afferente,

360 1137 397 1161 ut
421 1139 459 1161 ex
483 1127 627 1161 dilatatis
651 1136 817 1169 propterca
841 1126 957 1159 vicinis
979 1125 1114 1159 vasculis
1137 1137 1200 1159 non
1224 1127 1315 1160 semel
1336 1138 1380 1158 en

359 1181 544 1212 rumperet,
565 1171 600 1202 in
624 1168 761 1207 foemina
784 1169 1041 1212 praesertimquae
1065 1170 1217 1211 generoso
1230 1172 1373 1209 vino,&

359 1213 446 1248 :salsis
468 1213 550 1247 cibis
575 1213 754 1246 abuteretur
770 1239 778 1245 .
802 1215 875 1252 Qua
898 1213 1146 1254 intemperantia
1171 1214 1372 1256 posteaquam

360 1256 520 1300 glandulae
546 1267 611 1289 non
635 1258 737 1289 moles
758 1256 953 1295 dumtaxat,
977 1257 1009 1288 &
1044 1256 1184 1291 extenfio
1218 1257 1372 1299 paulatim

359 1301 493 1335 adaucta
516 1299 558 1334 est
581 1301 683 1341 magis
699 1326 706 1339 ‚
731 1299 914 1342 magisque;
936 1297 988 1331 sed
1020 1301 1053 1332 &
1086 1299 1230 1334 humoris
1265 1299 1376 1335 inclusi

356 1354 472 1379 natura
496 1343 586 1387 pejor
608 1342 652 1377 est
676 1342 780 1383 faeta,
803 1343 931 1376 demum
956 1343 1301 1386 purulentacorruptio
1324 1356 1375 1377 ac-

359 1388 444 1421 cessit
459 1410 471 1428 ,
494 1387 575 1421 unde
599 1387 783 1431 priusquam
805 1384 979 1420 dehisceret
1002 1395 1130 1425 tumor,
1145 1395 1272 1422 tanturn
1283 1389 1373 1431 pravi

358 1431 484 1466 {choris
506 1432 540 1464 in
562 1430 713 1471 venulas,
738 1433 770 1464 &c
792 1429 905 1463 invasa
918 1429 1118 1475 lymphatica
1130 1431 1158 1464 se
1177 1431 1372 1474 conjecerat,

356 1485 397 1510 ut
421 1475 490 1508 aliae
513 1484 610 1517 atque
632 1474 701 1508 aliae
724 1474 881 1515 glandulae
904 1473 1015 1508 eadem
1047 1475 1115 1508 labe
1140 1474 1346 1509 inficerentur
1362 1500 1371 1508 .

357 1521 395 1552 Si
418 1515 542 1552 diutius
568 1518 682 1552 mulier
705 1517 854 1558 vixisset,
876 1516 953 1560 quid
977 1519 1159 1560 pancrati,
1182 1518 1260 1560 quid
1294 1519 1372 1552 scir-

356 1562 429 1596 :this
451 1560 608 1605 hepaticis
634 1561 772 1594 accidere
797 1559 919 1602 posset,
942 1572 1006 1594 non
1029 1561 1162 1595 difficile
1185 1562 1227 1595 est
1262 1561 1372 1606 conje-

355 1607 450 1639 &ura
473 1605 670 1649 prospicere.
708 1604 809 1641 Quod
841 1613 946 1639 autern
969 1605 1003 1637 in
1026 1605 1160 1639 vesicula
1185 1607 1286 1639 multa
1300 1606 1373 1641 esset

355 1649 456 1688 bilis,
479 1649 604 1682 mirum*
624 1659 687 1681 non
711 1647 775 1685 est,
799 1656 835 1681 ut
857 1647 1015 1689 superiore
1038 1649 1182 1691 Epistola
1207 1650 1271 1690 (l)
1293 1649 1369 1683 scri-

342 1691 477 1737 psimus
492 1714 500 1728 ‚
524 1691 580 1725 ubi
604 1691 727 1726 diutius
751 1692 784 1723 in
808 1691 1015 1731 ventriculo,
1039 1692 1261 1735 proximisque
1284 1694 1368 1727 inte-

355 1736 448 1771 stinis
471 1734 555 1769 nihil
581 1733 669 1775 fuit,
693 1733 781 1777 quod
805 1733 871 1767 haec
884 1733 1215 1776 distendend0‚illam
1225 1738 1367 1776 compri-

355 1790 456 1814 meret
472 1802 479 1811 .
507 1778 610 1820 Qod
632 1786 708 1811 vero
731 1778 806 1812 bilis
828 1777 958 1815 colore,
983 1779 1084 1812 tinsta
1118 1780 1236 1812 vicinia
1271 1779 1367 1819 esset,

353 1824 393 1858 id
416 1823 494 1866 saepe
518 1824 596 1856 adeo
616 1822 650 1855 in
673 1820 876 1855 cadaveribus
899 1822 1042 1855 occurrit
1057 1844 1068 1860 ,
1092 1831 1128 1856 ut
1150 1823 1189 1855 de
1201 1823 1369 1857 noxainde

352 1866 524 1910 repetenda
547 1866 712 1908 aliquanto
738 1866 841 1908 magis
865 1876 1000 1906 pronum
1023 1864 1059 1897 sit
1075 1865 1241 1900 Scholium
1265 1877 1367 1899 extre-

352 1922 447 1946 mum
471 1910 579 1952 sequi,
606 1913 637 1942 in
662 1909 811 1942 Sec'tione
844 1906 904 1941 hac
937 1906 1138 1950 Sepulchreti
1172 1909 1369 1951 adscriptum

355 1954 589 1988 Observationi
610 1951 705 1987 XVI.
720 1973 731 1991 ‚
753 1964 848 1995 quam
887 1951 987 1994 ipsam
1020 1951 1289 1986 observationem
1312 1953 1364 1986 hic

353 1997 535 2042 praesertim
558 1997 612 2031 ubi
638 2006 724 2029 tanta
747 1995 853 2037 passim
878 2005 1035 2030 certarum
1070 1994 1235 2029 laesionum
1271 1998 1365 2038 copia

553 2043 720 2075 Caeterum
745 2038 767 2072 si
792 2039 876 2072 forte
899 2040 958 2072 alia
980 2039 1072 2081 cupis
1094 2048 1276 2080 tumorum,
1310 2049 1365 2074 aut

351 2082 547 2119 abscessuum
570 2086 604 2117 in
630 2082 810 2116 ventriculo
841 2083 980 2123 exempla
1001 2095 1012 2121 ς
1043 2091 1155 2124 praeter
1186 2094 1220 2115 ea
1243 2095 1312 2125 quae
1336 2084 1370 2116 in

350 2127 411 2163 hac
425 2151 436 2168 ,
461 2131 493 2162 &
520 2128 667 2170 proxima
691 2128 792 2160 VIII.
810 2125 1008 2167 Sepulchreti
1021 2124 1159 2160 sectione
1174 2136 1373 2165 occurrunt;

351 2171 485 2207 habebis
508 2183 578 2215 quae
604 2169 700 2205 addas
720 2181 759 2204 ex
781 2170 932 2204 Caesareae
954 2168 1133 2203 Academiae
1146 2170 1370 2204 Monumentis

350 2219 455 2256 (m),
479 2227 517 2249 ex
541 2214 674 2258 aliisque
708 2222 856 2257 praeterea
876 2236 888 2253 ,
919 2216 952 2247 δε
983 2214 1177 2247 nominatim
1209 2213 1370 2248 Friderici

350 2258 546 2294 Hoffmanni
571 2260 642 2299 (n)
666 2257 901 2292 Voluminibus
915 2282 922 2288 .

401 2313 450 2345 14.
475 2303 697 2336 ANICULA
722 2302 849 2344 aliquot
872 2300 939 2344 jam
963 2300 1080 2334 menses
1103 2302 1136 2334 in
1160 2301 1224 2334 hoc
1255 2299 1369 2334 Noso-

353 2348 466 2381 comio
487 2344 697 2379 decumbebat
721 2347 862 2378 tumoris
885 2342 975 2377 causa
998 2344 1155 2377 abdomen
1165 2344 1368 2381 attollentis,

352 2389 392 2424 ad
406 2390 596 2423 umbilicum
612 2411 624 2427 ,
647 2391 679 2422 δι
703 2387 785 2420 infra
797 2411 809 2427 ‚
832 2387 883 2420 sed
895 2386 1094 2420 dextrorsum
1107 2388 1207 2428 magis
1223 2410 1230 2418 .
1246 2388 1369 2422 Quam-

352 2433 464 2467 obrem
487 2433 520 2465 in
545 2431 704 2465 sinistrum
728 2431 809 2463 latu's
832 2430 952 2464 cubare.
968 2440 1032 2462 non
1056 2439 1182 2473 poterat
1197 2456 1204 2463 .
1229 2430 1369 2470 Magnus

352 2487 420 2510 erat
445 2487 576 2512 tumor,
599 2486 699 2517 eoque
724 2475 826 2516 major
848 2473 1041 2513 videbatur,
1063 2473 1150 2515 quod
1173 2472 1369 2516 hypochon—

352 2521 444 2557 dria,
469 2522 501 2553 ὃ(
526 2519 681 2561 pleraeque
705 2517 774 2550 aliae
798 2518 916 2550 ventris
933 2525 1039 2559 partes
1051 2517 1225 2558 plurimum
1249 2517 1292 2549 ob
1305 2526 1371 2549 ma-

352 2565 437 2598 ciem
461 2561 664 2596 subsidebant
679 2585 690 2601 ,
712 2560 895 2597 universum
916 2559 1048 2603 quidem
1072 2572 1188 2603 corpus
1220 2561 1371 2594 obtinen-

349 2617 419 2642 tem
433 2631 440 2644 ,
465 2606 517 2639 sed
540 2608 641 2647 magis
664 2604 821 2638 sinistrum
846 2605 929 2638 latus
943 2627 952 2643 ,
974 2614 1013 2636 an
1026 2602 1111 2646 quod
1124 2605 1237 2638 mulier
1255 2603 1373 2646 semper

349 2653 386 2686 in
410 2651 577 2685 dexterum
601 2646 835 2683 decumbebat?
858 2649 891 2680 Si
915 2655 1092 2683 tumorem,
1118 2648 1372 2681 manibusinter—

352 2705 507 2737 ceptum,
533 2693 593 2729 huc
618 2693 695 2726 illuc
719 2702 850 2733 agerem
873 2689 914 2724 fic
937 2689 1015 2725 satis
1038 2690 1191 2725 mobilem
1215 2690 1373 2733 percipie-

349 2740 425 2773 bas.
455 2737 551 2773 Nihil
578 2746 681 2769 autem
706 2734 768 2768 fere
791 2735 938 2768 dolebat.
964 2736 1113 2774 Contra,
1137 2735 1261 2778 querela
1298 2744 1365 2769 erat

351 2793 503 2827 perpetua
529 2781 568 2814 de
593 2779 726 2813 molesto
749 2778 936 2821 quodamin
951 2779 1131 2811 ventriculo
1144 2778 1248 2812 sensu.
1274 2778 1364 2814 Quas

352 2827 399 2859 ob
421 2825 526 2860 causas
549 2835 613 2857 non
636 2823 764 2855 deerant
788 2823 843 2865 qui
868 2821 1083 2865 conjicerent,
1105 2823 1138 2854 in
1163 2832 1297 2855 omento
1307 2821 1365 2856 esse

351 2879 517 2903 tumorem
538 2868 591 2910 qui
617 2866 829 2901 ventriculum
842 2865 989 2899 deorsum
1003 2864 1142 2899 traheret
1153 2889 1164 2905 ‚
1187 2876 1286 2909 eoque
1298 2877 1364 2899 ma-

352 2913 383 2946 le
407 2912 565 2945 afficeret.
590 2912 675 2943 Cum
699 2910 829 2943 molesto
852 2910 914 2943 illo
935 2908 1104 2943 ventriculi
1129 2909 1215 2943 sensu
1238 2921 1368 2943 vomen-

352 2955 389 2990 di
414 2954 576 2989 interdurn
599 2953 746 2987 voluntas
770 2952 893 2991 fuerat3
921 2964 984 2986 non
1010 2953 1174 2986 vomitus.
1198 2954 1296 2987 Nunc
1309 2965 1364 2988 au-

352 3009 420 3034 tem
446 3009 511 3032 erat
534 3005 681 3039 praeterea
706 2996 816 3030 assidua
865 2997 987 3031 uaedam
998 2995 1114 3033 febris,
1138 3008 1208 3039 quae
1221 3008 1294 3030 cum
1305 3008 1365 3029 cae-

326 3054 331 3058 *
351 3044 453 3087 teris,
477 3042 516 3076 de
540 3041 656 3082 quibus
680 3039 804 3074 dietum
828 3052 842 3073 e
885 3067 893 3079 ,
917 3041 1068 3074 omnibus
1090 3038 1128 3073 ad
1139 3041 1302 3074 dexteram
1313 3040 1365 3075 us-

349 3098 415 3130 que
439 3085 580 3127 perstitit
604 3084 638 3116 id
662 3082 704 3117 est
725 3083 764 3117 ad
789 3084 948 3118 OCtobris
972 3084 1115 3117 medium
1139 3086 1182 3117 A.
1210 3094 1301 3127 1735.

350 3128 352 3131 ’
397 3129 602 3164 VENTRE
625 3127 799 3169 adaperto,
828 3127 1025 3161 manifestum
1037 3127 1295 3168 fuit,tumo.rem
1307 3127 1365 3161 esse

352 3175 389 3208 in
412 3174 525 3206 ovatio
546 3171 702 3204 dextero:
725 3169 813 3214 quod
835 3173 867 3203 in
880 3172 1007 3205 cellulas
1032 3181 1223 3207 excreverat,
1237 3173 1367 3204 materia

351 3217 461 3261 plenas
473 3216 564 3249 molli
576 3216 707 3258 quidem
721 3239 732 3255 ,
756 3225 812 3247 nec
824 3223 929 3247 tamen
941 3214 1037 3248 fluida
1050 3239 1059 3254 ‚
1084 3215 1191 3248 colore
1206 3225 1309 3249 autem
1329 3226 1368 3248 ex

351 3261 480 3295 cinereo
493 3258 672 3293 flavescente
683 3283 696 3300 ,
719 3258 818 3291 odore
830 3269 894 3290 non
906 3260 992 3300 gravi
1007 3283 1014 3290 .
1040 3259 1220 3295 Tumorem
1233 3258 1366 3302 augebat

352 3304 467 3338 adnata
492 3303 636 3343 proxima
648 3302 742 3336 'suba
762 3324 769 3338 ,
793 3300 858 3344 ipsa
882 3313 1007 3344 quoque
1020 3302 1124 3335 multo
1148 3302 1303 3341 amplior,
1328 3305 1360 3336 δε

353 3347 480 3382 craffior
492 3346 599 3385 fafta5
621 3357 698 3380 cum
709 3355 828 3382 uterus.
853 3348 882 3378 ἃ
897 3357 967 3387 quae
978 3345 1014 3378 ad
1029 3345 1133 3388 ipsum
1144 3348 1281 3379 attinent
1305 3357 1354 3380 re..

940 90 1096 146 Liber
1128 92 1222 147 111.
1259 92 1345 147 De
1379 91 1590 147 Morbis
1623 52 1862 148 Ventris.

1422 184 1479 207 nus
1503 172 1621 214 posset.
1647 173 1699 206 Ex
1724 172 1977 207 inflammatione
2000 170 2144 206 intestina
2168 173 2305 208 livebant
2330 189 2337 206 ι
2363 185 2420 207 nee

1420 216 1501 249 male
1516 217 1642 249 olebant
1654 225 1756 250 tamen
1772 239 1782 254 ,
1792 225 1826 250 ut
1838 228 1892 250 nec
1903 215 2110 256 ventriculus,
2123 228 2216 259 quem
2229 218 2265 251 ad
2278 230 2327 252 me
2341 227 2428 250 attu-

1420 260 1460 293 lit
1483 261 1510 293 is
1531 262 1588 303 qui
1611 257 1743 292 cadaver
1766 258 1886 297 secuit,
1910 262 1942 293 &
1965 269 2080 296 caetera
2105 260 2337 302 quaehaetenus
2354 262 2438 294 scri-

1421 314 1474 346 pta
1499 303 1591 342 sunt,
1614 303 1787 345 diligenter
1810 305 1946 337 narravit
1963 327 1974 343 ‚
1995 301 2156 337 Mediavia
2180 305 2301 338 noster.
2330 303 2433 338 Causa

1419 344 1567 380 afferendi
1591 346 1656 380 fuit
1675 371 1684 385 ,
1709 355 1745 379 ut
1768 344 2004 380 dubitationem
2015 345 2172 387 quandam
2195 348 2251 390 ipsi
2263 350 2433 382 eximerem

1420 389 1587 433 postquam
1611 389 1824 422 ventriculum
1847 388 2094 432 perlustrassem.
2120 391 2199 424 Erat
2223 390 2276 425 hic
2297 400 2432 425 contra-

1420 434 1513 472 etus,
1537 433 1618 466 facie
1638 433 1792 467 interiore
1816 433 1921 474 paffim
1944 432 1997 467 hic
2021 431 2090 465 illic
2123 433 2340 469 inflammatus
2363 458 2375 475 ‚
2398 435 2432 466 in

1420 476 1553 519 ipsoque
1574 476 1644 519 jugi
1669 475 1778 508 medio
1800 474 1935 510 habebat
1958 477 2047 511 ulcu-s
2068 476 2181 509 circuli
2207 476 2305 511 ferme
2329 477 2433 511 ambi-

1421 528 1479 558 tu,
1502 520 1593 563 cujus
1616 519 1773 553 diameter
1796 519 2033 561 aliquantoerat
2058 517 2183 552 brevior
2194 520 2296 554 tribus
2310 521 2429 564 digitis

1421 562 1629 603 transversis,
1654 560 1873 605 profunditate
1896 566 2009 606 exigua
2024 586 2032 600 ‚
2056 562 2175 604 quippe
2207 574 2282 597 cum
2314 564 2435 598 crebrae

1420 607 1454 638 in
1478 618 1517 639 eo
1539 615 1722 649 apparerent
1745 606 1942 640 lenticulares
1990 605 2146 650 glandulae
2181 609 2337 640 mediocri
2372 619 2438 641 ma·

1425 649 1621 691 gnitudine‚
1647 653 1678 683 δι’
1703 647 1780 681 adeo
1800 649 1996 691 manifestae,
2023 660 2057 684 ut
2081 660 2135 691 per
2166 650 2310 683 osculum
2345 651 2432 694 quod

1425 694 1459 725 in
1483 704 1588 727 earum
1611 702 1724 727 centro
1735 689 2015 734 conspiciebatur,
2038 693 2136 726 setam
2151 693 2438 727 immiserim.La-

1426 736 1491 770 bris
1516 746 1619 770 tamen
1645 736 1742 777 paulo
1763 735 1965 771 craliiusculis
1988 737 2148 779 ejusmodi
2173 737 2262 770 ulcus
2285 738 2436 780 cingeba-

1426 789 1503 813 tur:
1524 783 1555 814 &
1579 780 1675 813 crassa
1699 788 1766 811 erat
1790 776 1899 820 faeta,
1921 783 2026 822 dura,
2049 784 2080 814 &
2105 781 2310 823 magisquam
2334 781 2437 820 alibi,

1427 825 1523 856 etiarn
1546 825 1601 856 illa
1626 822 1797 855 ventriculi
1822 820 1992 857 substantia
2018 834 2092 857 toto
2114 834 2152 856 eo
2177 824 2278 865 spatio
2291 824 2375 867 quod
2387 825 2436 858 ul-

1426 868 1491 900 ceri
1513 868 1652 901 exterius
1673 864 1880 907 respondebat
1895 893 1902 901 .
1927 868 2013 900 Cum
2037 878 2143 902 autem
2165 867 2238 901 esset
2261 869 2294 900 in
2330 867 2437 901 medio

1427 910 1493 945 fere
1517 911 1620 944 ulcere
1642 908 1837 942 ventriculus
1860 911 1987 952 penitus
2012 912 2211 952 perforatus;
2233 923 2270 944 ex
2282 922 2329 944 me
2351 922 2436 954 quae-

1427 954 1515 988 rebat
1537 953 1721 993 Mediavia,
1756 963 1832 985 num
1854 954 2028 994 censerem,
2052 954 2186 995 potuisse
2210 954 2294 986 forte
2326 954 2360 988 id
2383 954 2436 987 fo-

1425 1009 1531 1030 ramen
1555 1009 1613 1039 per
1634 996 1793 1030 incuriam
1815 997 1924 1030 cultro
1947 999 2012 1030 fieri
2029 1019 2038 1034 ,
2062 996 2140 1030 dum
2161 998 2437 1032 ventriculusexi·

1425 1040 1595 1079 mebatur5
1621 1040 1704 1073 nihil
1731 1040 1816 1073 enim
1840 1040 1887 1072 vel
1913 1041 2063 1084 diligenti
2088 1040 2313 1083 perquisitione
2333 1051 2437 1083 reper-

1426 1094 1497 1117 tum
1519 1083 1599 1123 esse,
1623 1083 1797 1117 affirmabat
1813 1108 1824 1124 ,
1846 1086 1880 1116 in
1904 1091 2031 1123 ventre,
2056 1093 2169 1126 praeter
2191 1083 2312 1127 aliquid
2335 1084 2437 1118 seriin

1426 1128 1492 1160 ima
1518 1128 1629 1168 pelvi,
1654 1127 1741 1171 quod
1770 1126 1901 1161 fortasse
1924 1140 1963 1161 ex
1987 1128 2164 1161 ventriculo
2186 1128 2251 1161 dici
2279 1127 2377 1169 posset
2389 1128 2438 1160 ef-

1426 1169 1533 1204 fusum
1555 1194 1567 1210 ,
1598 1181 1672 1204 cum
1701 1180 1808 1203 tamen
1832 1173 1865 1203 in
1890 1172 2022 1204 muliere
2044 1180 2203 1213 perpetuo
2225 1171 2437 1205 decumbente

1424 1215 1564 1248 multum
1588 1214 1746 1247 videretur
1770 1213 1888 1247 effundi
1912 1213 2066 1247 debuisse.
2091 1216 2165 1255 Ego
2189 1225 2264 1247 vero
2286 1213 2341 1247 etsi
2374 1217 2438 1247 mi-

1428 1269 1488 1291 nus
1515 1258 1578 1289 veri
1603 1256 1705 1291 simile
1728 1258 1970 1298 existimabam,
1994 1257 2017 1290 si
2047 1257 2154 1290 cultro
2185 1257 2258 1291 laedi
2293 1257 2435 1292 fortuito

1431 1301 1625 1335 ventriculus
1646 1300 1798 1334 debuisset
1814 1327 1822 1341 ,
1847 1303 1879 1334 in
1902 1313 1935 1333 ea
1961 1301 2154 1343 potiffimum
2178 1301 2246 1334 sede
2269 1301 2376 1335 laesum
2390 1301 2438 1335 ef-

1428 1344 1458 1378 se
1480 1357 1550 1388 quae
1573 1344 1680 1377 medio
1703 1344 1799 1378 ulceri
1824 1345 1874 1378 res
1893 1345 2047 1384 ander-et,
2070 1355 2125 1377 nec
2148 1343 2275 1385 forma,
2306 1347 2337 1377 ἃ
2371 1355 2438 1378 rna-

1425 1388 1564 1431 gnitudo
1588 1387 1772 1426 foraminis¹
1795 1399 1859 1432 quo
1904 1400 2004 1430 capax
2027 1396 2092 1420 erat
2117 1387 2346 1429 propemodum
2370 1389 2438 1430 api·

1424 1433 1471 1466 cis
1494 1433 1623 1465 minimi
1647 1433 1772 1474 digiti,
1795 1443 1837 1465 ece
1859 1432 2041 1468 viderentur
2065 1443 2133 1473 quae
2157 1430 2251 1465 facile
2263 1432 2299 1465 ad
2322 1432 2438 1465 cultel-

1423 1476 1447 1508 li
1473 1486 1678 1515 mucronem,
1701 1485 1754 1508 aut
1779 1477 1878 1508 aciem
1902 1476 2008 1508 referri
2022 1474 2285 1517 posl'ent3tamen
2308 1474 2435 1518 utipsis

1423 1517 1569 1561 mihique
1579 1519 1668 1552 fimul
1682 1530 1787 1552 verum
1799 1517 1983 1561 dignoscere
1994 1519 2196 1560 cupientibus
2209 1517 2418 1552 satisfacerem
2428 1542 2438 1555 .

1428 1564 1547 1596 iterum
1559 1574 1592 1595 ac
1606 1563 1704 1595 tertio
1726 1560 1894 1596 foraminis
1914 1574 1985 1596 oras
2008 1573 2150 1596 accurate
2170 1562 2291 1604 inspexi
2312 1586 2319 1594 .
2347 1562 2440 1600 Quas

1426 1617 1500 1640 cum
1524 1607 1665 1640 viderem
1689 1616 1751 1638 non
1763 1606 2021 1642 modocallosas,
2045 1605 2299 1649 sedinaequal'ts,
2325 1608 2438 1648 &quo

1426 1651 1528 1692 magis
1551 1648 1728 1682 extrorsum
1754 1648 1895 1682 foramen
1908 1649 2078 1692 pergebat,
2102 1662 2139 1682 eo
2150 1652 2306 1682 minorem
2331 1650 2437 1682 ambi-

1419 1702 1490 1727 tum
1513 1692 1763 1733 compreceentes
1777 1715 1784 1728 ,
1810 1704 1880 1735 quae
1903 1693 1969 1726 duo
1991 1702 2075 1725 certe
2102 1693 2141 1726 ab
2162 1692 2374 1727 exterioribus
2386 1695 2437 1726 in-

1420 1736 1559 1769 trorsum
1583 1735 1713 1778 illapsus
1733 1735 1835 1767 culter
1857 1736 1989 1769 minime
2021 1735 2120 1769 facere
2153 1735 2303 1778 potuisset
2325 1748 2336 1775 3
2371 1746 2437 1770 non

1422 1779 1523 1820 huic,
1546 1777 1597 1812 sed
1621 1778 1739 1813 morbo
1763 1778 1990 1821 imputandum
2025 1778 2082 1813 esse
2118 1779 2260 1813 foramen
2293 1780 2399 1813 censui
2425 1803 2435 1812 .

1420 1824 1510 1857 Nam
1533 1821 1620 1865 quod
1644 1821 1727 1855 nihil
1751 1821 1882 1855 effusum
1905 1822 1978 1856 esset
2003 1825 2035 1856 in
2061 1833 2200 1856 ventrem
2224 1847 2234 1862 ,
2257 1823 2329 1855 inde
2365 1822 2434 1856 fieri

1419 1866 1555 1908 potuisse
1578 1864 1664 1908 quod
1687 1865 1841 1907 paulatim
1864 1865 1992 1908 quidem
2016 1874 2182 1899 extenuata
2195 1865 2267 1900 esset
2279 1867 2433 1899 membra-

1420 1910 1493 1942 nula
1518 1910 1660 1948 extima‚
1682 1919 1738 1941 nec
1763 1918 1868 1941 tamen
1891 1911 2016 1951 penitus
2040 1908 2096 1942 nisi
2122 1921 2266 1943 extremo
2290 1920 2432 1952 tempore

1420 1954 1507 1986 erosa
1532 1952 1661 1986 demum
1684 1961 1779 1994 atque
1800 1951 1947 1995 pertusa,
1969 1952 2206 1986 cumvidelicet
2232 1953 2432 1987 moribundae

1421 1997 1564 2029 mulieris
1586 1996 1790 2036 contrastus,
1813 1999 1845 2029 &
1868 2006 2061 2040 corrugatus
2075 1998 2268 2032 ventriculus
2280 1996 2362 2030 nihil
2380 1995 2436 2030 ha«

1420 2039 1508 2073 beret
1530 2038 1618 2082 quod
1641 2036 1834 2074 effunderet.

1471 2093 1518 2126 15.
1545 2081 1652 2115 Incidi
1669 2081 1774 2123 postea
1788 2094 1821 2115 iu
1834 2082 2103 2117 Observationcm
2115 2083 2316 2125 Mercklini,
2338 2095 2436 2129 quam

1422 2128 1477 2162 hic
1501 2136 1630 2169 quoque
1653 2125 1686 2157 in
1710 2125 1950 2168 Sepulchretum
1974 2130 2040 2167 (ο)
2065 2128 2195 2160 relatam
2210 2127 2436 2167 invenies,fo-

1422 2171 1552 2206 raminis
1575 2167 1726 2202 videlicet
1742 2169 1829 2212 quod
1853 2168 1946 2203 facile
1969 2170 2096 2213 pollicis
2120 2181 2294 2208 extremum
2318 2170 2436 2206 admit-

1423 2223 1526 2251 teret.
1549 2214 1583 2259 in
1595 2212 1723 2245 elatiori
1748 2215 1865 2255 pariter
1888 2213 2058 2247 ventriculi
2082 2213 2150 2247 fede
2175 2238 2187 2255 ‚
2222 2213 2259 2247 ad
2291 2226 2387 2257 quam
2417 2227 2436 2249 a

1423 2257 1536 2293 multis
1561 2267 1624 2298 Jarn
1648 2256 1740 2290 annis
1761 2258 1935 2291 continuus
1957 2256 2062 2292 fuerat
2086 2256 2182 2291 dolor
2204 2259 2319 2300 aliquis
2333 2283 2343 2299 ,
2366 2267 2433 2292 non

1420 2311 1555 2344 magnus
1577 2299 1732 2342 quidem,
1760 2300 1807 2333 sed
1832 2310 1935 2333 tamen
1946 2301 2019 2334 satis
2032 2301 2195 2335 molestus.
2222 2302 2260 2335 Id
2290 2301 2435 2336 foramen

1421 2346 1461 2379 ab
1484 2345 1544 2377 illo
1569 2354 1695 2386 quoque
1720 2344 1925 2377 Docstoviro
1935 2346 2092 2378 creditum
2114 2344 2158 2378 est
2181 2344 2249 2387 post
2267 2347 2437 2389 antiquam

1421 2387 1596 2423 erosionem
1620 2396 1763 2428 apertum
1788 2387 1847 2421 esse
1869 2387 2039 2422 dumtaxat
2063 2387 2229 2421 novissimo
2252 2389 2327 2422 vitae
2354 2399 2436 2422 tern-

1422 2443 1519 2475 pote,
1543 2429 1685 2463 censebat
1699 2431 1804 2471 enim,
1828 2428 1910 2463 hanc
1933 2432 1989 2465 diu
2012 2430 2157 2474 protrahi
2181 2443 2245 2464 non
2270 2431 2405 2473 potuisse
2423 2455 2437 2471 ,

1421 2475 1443 2509 si
1458 2483 1493 2509 ut
1517 2471 1665 2520 quaedam
1688 2473 1931 2514 pridiecomesta
1955 2476 1990 2506 in
2013 2484 2153 2508 ventrem
2179 2473 2271 2508 effusa
2285 2474 2433 2508 animad-

1422 2518 1543 2555 vertit,
1567 2518 1608 2549 lic
1631 2516 1690 2549 alia
1715 2516 1812 2550 etiam
1834 2527 1922 2549 antea
1947 2517 2075 2551 fuissent
2098 2517 2211 2551 effusa.
2239 2518 2290 2551 Sic
2312 2520 2433 2561 pariter

1424 2562 1530 2596 multo
1553 2560 1763 2592 recentiorem
1790 2559 2057 2594 Observationem
2081 2561 2276 2603 explicabis,
2300 2573 2371 2604 quae
2397 2563 2436 2596 int

1424 2604 1678 2640 Commentariis
1701 2603 1817 2646 legitur
1841 2603 1976 2645 Inclytae
1999 2606 2048 2637 Sc.
2071 2603 2255 2638 Academiae
2279 2607 2360 2647 Imp.
2378 2607 2434 2638 Pe-

1427 2649 1640 2693 tropolitanae—
1657 2647 1748 2689 (p),
1774 2646 1905 2681 scissurae
1931 2647 2097 2682 ventriculi
2118 2659 2171 2690 per
2194 2659 2289 2691 quam
2302 2648 2384 2682 nihil
2398 2650 2433 2683 in

1425 2702 1572 2726 ventrem
1594 2690 1769 2727 estuxern,
1793 2693 1824 2723 δε
1847 2702 1943 2733 quarn
1968 2700 2072 2725 tamen
2094 2691 2200 2724 cultro
2224 2690 2279 2726 suo
2311 2691 2433 2727 saetam

1425 2735 1503 2772 esse,
1526 2733 1686 2774 sincerus,
1710 2734 1917 2777 expertusque
1940 2734 2102 2777 proseetor
2133 2734 2329 2768 sacramento
2363 2747 2434 2777 per-

1422 2778 1578 2821 negabat:
1602 2787 1668 2811 erat
1691 2787 1796 2810 autem
1820 2778 1846 2810 is
1878 2788 2004 2820 quoque
2037 2779 2231 2814 ventriculus
2264 2779 2431 2814 manifeste

1416 2822 1544 2862 erosus,
1569 2820 1743 2865 praesertim
1767 2823 1800 2855 in
1822 2831 1908 2863 parte
1920 2833 1990 2865 quae
2003 2820 2103 2855 fundo
2125 2821 2270 2865 opposita
2282 2823 2346 2864 est,
2368 2822 2431 2857 ho-

1421 2865 1578 2908 minisque
1592 2864 1694 2898 fuerat
1705 2865 1814 2897 exaere-
1824 2863 1985 2899 referentis
1998 2866 2130 2908 speciem
2143 2865 2293 2908 phthisici
2307 2889 2314 2904 ‚
2331 2878 2430 2910 quem:

1424 2912 1586 2947 vomitus,
1611 2907 1674 2941 fere
1700 2907 1855 2948 assiduus,
1878 2909 1962 2942 nulla
1986 2919 2050 2941 arte
2064 2909 2233 2947 sedandus,
2249 2919 2430 2944 necaverat.

1421 2952 1479 2986 Sed
1504 2963 1631 2996 nequea
1645 2951 1775 2994 Tyfone
1794 2954 1863 2993 (q)
1884 2954 1967 2996 (qui
1981 2952 2130 2986 humanis
2142 2955 2237 2987 etiam
2251 2954 2282 2986 in
2307 2955 2430 2987 ventri..

1418 2997 1500 3032 culis
1525 2994 1774 3038 perforationem
1801 3004 1849 3026 ter
1861 2994 2279 3035 diciturinvenisse)eadem
2292 2998 2325 3030 in
2340 2999 2429 3031 Mar-

1419 3040 1534 3083 supiali
1548 3039 1741 3072 Americano
1754 3036 1968 3080 deprehensa,
1992 3040 2168 3083 quidquam
2183 3039 2272 3074 effus}
2294 3042 2326 3072 in
2351 3052 2428 3075 ven-

1417 3086 1477 3118 tris
1491 3094 1605 3117 cavum
1620 3091 1779 3124 repertum
1792 3081 1834 3114 est
1845 3107 1853 3114 .
1867 3083 1945 3116 Non
1958 3084 2011 3117 hic
2022 3094 2070 3117 eas
2080 3083 2428 3127 memoroperforatio-

1420 3140 1472 3161 nes
1496 3139 1511 3159 e
1534 3127 1648 3169 quibus
1673 3123 1947 3159 nihildefluerein
1959 3136 2098 3160 ventrem
2123 3137 2248 3168 poterat
2270 3128 2317 3161 vel
2339 3127 2427 3170 quod·

1421 3172 1455 3204 in
1467 3170 1702 3213 agglutinatum
1723 3169 1905 3203 ventriculo
1917 3171 2100 3204 intestinum
2113 3171 2219 3204 Colon
2231 3173 2426 3213 pertinerent

1418 3214 1524 3255 (r),vel
1538 3212 1623 3256 quod
1635 3211 1673 3245 ab
1685 3211 1795 3246 adnata
1807 3210 1956 3254 jecinoris
1970 3224 2056 3254 parte
2065 3214 2427 3259 obturarentur(s).lllas

1417 3269 1545 3301 quoque
1562 3266 1713 3299 praetereo
1731 3256 1763 3287 in
1787 3256 1901 3297 quibus
1913 3256 2021 3292 effufio
2033 3256 2152 3298 fuerit,
2177 3270 2214 3290 an
2237 3270 2299 3291 non
2312 3257 2423 3297 fuerit,

1414 3301 1704 3343 minimelego(t).
1726 3300 1813 3331 Cum
1826 3298 1974 3334 effusione
1995 3313 2070 3333 vero
2092 3312 2228 3334 mortem
2251 3310 2302 3334 aut
2313 3300 2423 3334 citiffi-

1412 3356 1496 3377 mam
1509 3343 1713 3382 coniunctam
1725 3345 1774 3381 (u)
1785 3342 1877 3376 video
1889 3367 1898 3381 ,
1920 3355 1972 3378 aut
1985 3355 2070 3377 certe
2082 3344 2149 3387 post
2161 3354 2329 3385 perpaucos
2352 3342 2422 3378 dies

352 3393 440 3433 liqna
465 3402 558 3432 parva
594 3389 707 3429 essent,
732 3392 762 3423 &
788 3389 876 3422 sana.
913 3389 1074 3432 Alligatus
1096 3400 1161 3423 erat
1186 3400 1293 3424 tumor
1316 3389 1353 3422 ad
1406 3400 1470 3422 non
1480 3386 2024 3433 rarosubsequentem<x),fiamorbi
2037 3389 2191 3431 gravioris
2203 3387 2278 3421 fasti
2292 3387 2428 3429 die‚pet¹,'

352 3438 543 3479 contiguum
565 3434 665 3476 pelvis
687 3434 791 3474 latuS,
813 3445 851 3467 ex
874 3442 962 3475 parte
972 3433 1220 3477 auremquadam
1232 3433 1270 3467 ad
1282 3444 1356 3477 pro·
1409 3431 1580 3466 for-ationis
1590 3431 1654 3463 dies
1667 3432 2006 3478 numeremus,velutin
2021 3432 2102 3465 lectu
2116 3431 2183 3464 sane
2194 3431 2291 3473 digna
2301 3430 2422 3465 Obser-

352 3483 438 3516 xima
465 3489 560 3512 etiam
585 3477 732 3512 intestina
756 3476 797 3509 sic
821 3487 856 3510 ut
880 3487 953 3509 cum
978 3476 1027 3510 his
1041 3479 1161 3511 moveri
1185 3477 1361 3521 quadante-
1411 3476 1538 3509 vatione
1549 3474 1861 3516 Cl-Bar01iii(y),qui
1878 3476 1999 3508 tametsi
2012 3474 2187 3507 ocftavodie
2201 3484 2421 3508 mortemcon-

382 3588 393 3639 i
406 3585 432 3638 it)
445 3588 520 3639 ἠοξ-ί.
538 3617 569 3644 48
639 3614 679 3643 (p
712 3615 786 3638 Tomi
804 3622 825 3642 7.

351 3645 463 3672 Duodea.
481 3651 502 3667 c.
521 3652 542 3672 ⁹·
560 3648 582 3670 ἃ
598 3645 691 3668 Haller.
708 3644 795 3672 opusc.
814 3642 909 3667 Panhor
936 3642 995 3666 obs.
1021 3651 1058 3671 ²3·

382 3677 389 3698 l
408 3680 419 3697 ί
436 3675 449 3701 )
467 3674 494 3699 in
510 3675 589 3700 Senot,
607 3675 637 3698 ad
652 3674 710 3699 Obs.
731 3683 752 3703 3·
769 3674 846 3699 modo
859 3674 899 3698 cit.
916 3673 1010 3701 primo,
1026 3673 1049 3698 δι
1066 3672 1139 3697 tertio
1157 3674 1230 3701 loco,
1245 3674 1267 3696 ἃ
1284 3672 1344 3697 Sest-
1361 3673 1414 3697 ead.
1431 3671 1491 3698 Obs.
1507 3680 1530 3700 7.
1551 3672 1575 3702 §.
1596 3678 1618 3695 1.

381 3704 397 3735 ί
411 3711 426 3729 x
439 3704 455 3734 )
470 3705 576 3734 Earund.
592 3706 662 3732 cem.
681 3712 706 3736 3·
726 3707 750 3732 δι
766 3714 788 3736 ⁵·
805 3703 867 3731 obs.
884 3711 936 3731 120.
951 3705 975 3730 δι
991 3703 1117 3735 sepulchre
1129 3705 1147 3729 1.
1165 3711 1188 3734 ᾖ.
1204 3704 1229 3730 S.
1245 3709 1284 3729 ar.
1299 3703 1360 3730 OM.
1375 3712 1411 3734 25.

574 3586 588 3614 (
604 3592 627 3608 m
646 3589 651 3611 l
669 3586 729 3608 Dec.
745 3591 757 3613 3
785 3586 814 3607 A.
834 3592 852 3613 5.
873 3582 930 3607 obs.
953 3588 999 3611 ¹75-
1021 3585 1042 3606 δι
1058 3585 1089 3606 Α.
1105 3591 1128 3611 7.
1146 3582 1205 3605 Obs.
1226 3589 1276 3615 ιρι.
1292 3584 1314 3604 ά
1331 3582 1406 3606 Ceut.
1425 3589 1447 3610 3.
1463 3580 1523 3604 Obs.
1542 3587 1581 3608 13.

889 3615 896 3640 (
915 3621 930 3641 q
947 3613 959 3640 ,Ἴ
977 3613 1031 3637 Vid.
1047 3612 1101 3637 Ast.
1120 3613 1194 3637 Etud.
1212 3611 1274 3639 Lips.
1292 3612 1373 3640 Suppl.
1391 3613 1421 3635 T».
1441 3618 1462 3640 3.
1481 3612 1503 3634 S.
1521 3618 1544 3638 4.
1675 3639 1680 3643 ι
1772 3641 1775 3644 Ι

1120 3644 1127 3671 (
1143 3644 1177 3672 5)
1195 3642 1254 3666 Sest.
1271 3643 1320 3665 ead.
1337 3650 1362 3670 7.
1380 3641 1438 3666 Obs.
1458 3649 1478 3668 ς.
1496 3640 1616 3671 secunda,
1634 3640 1657 3664 8:
1675 3648 1699 3664 in
1716 3640 1799 3665 Addit.
1816 3640 1874 3665 Obs.
1893 3647 1913 3668 3.
1932 3640 1955 3664 8t
1971 3639 2031 3667 Eph.
2047 3640 2079 3662 N.
2098 3639 2125 3662 C.
2142 3640 2211 3663 Cent.
2235 3645 2256 3667 3·
2272 3639 2330 3667 Obs.
2347 3645 2384 3670 ts-

2290 3517 2375 3551 secu-

1644 3578 1685 3607 (n
1701 3579 1714 3607 )
1731 3579 1821 3603 Medic.
1842 3580 1899 3602 Κατ.
1916 3580 1945 3602 T.
1964 3586 1985 3607 ς.
2004 3578 2026 3605 §.
2048 3585 2069 3601 ι.
2087 3584 2107 3600 c.
2125 3586 2148 3605 7.
2167 3576 2190 3606 §.
2208 3579 2244 3600 ιε.

1607 3610 1621 3638 (
1636 3617 1648 3632 r
1663 3609 1676 3636 )
1694 3609 1817 3638 Sepulchr.
1836 3610 1857 3633 S.
1877 3609 1920 3632 hae
1935 3617 1957 3636 7.
1978 3609 2032 3632 Obs.
2046 3616 2080 3636 ¹3-
2098 3609 2113 3631 S
2136 3616 2153 3631 1.
2164 3608 2187 3630 ὃς
2200 3609 2305 3631 Brunner
2319 3608 2415 3638 Glari&

1680 3673 1686 3700 (
1707 3677 1745 3701 u)
1764 3672 1822 3700 Ερὴ
1840 3674 1873 3696 N.
1890 3671 1922 3694 C.
1941 3672 2013 3696 cent.
2031 3677 2054 3698 5.
2072 3668 2131 3695 Qbs.
2149 3677 2190 3702 432·

1474 3703 1482 3733 (
1495 3710 1515 3734 y
1530 3703 1544 3733 )
1560 3701 1676 3729 Memoir.
1693 3703 1794 3734 present.
1806 3704 1856 3730 ιη’
1867 3703 1940 3730 And.
1958 3704 1986 3728 a
2004 3702 2045 3728 des
2061 3703 2099 3730 Se.
2115 3702 2140 3729 T
2142 3708 2194 3734 om,
2211 3707 2235 3731 ty
