2498 4075
369 235 527 304 Epist.
563 231 726 289 Anat.
760 233 977 293 Medica
1009 239 1221 299 XXXV.
1256 232 1375 288 Art.
1413 233 1478 290 ¹18.
1515 246 1586 301 19.
1619 250 1696 289 20.
1729 236 1785 289 &
1818 245 1889 289 21³2

98 312 188 347 diem
209 321 323 348 caetera
346 314 487 357 abeunt,
508 312 609 350 febris
631 312 744 349 affidua
757 313 917 356 perfistit3
940 316 973 348 δι
994 325 1107 356 quam-

103 358 151 390 vis
178 358 266 391 sudet
289 369 395 401 aeger,
419 361 450 393 δε
474 358 650 399 plurimum
673 359 823 399 mingat,·
844 355 943 393 febris
977 366 1107 398 tamen,

100 400 161 433 'nifi
186 401 274 442 quod
300 413 364 433 uno
387 400 513 435 tandem
536 401 588 434 die
613 399 745 437 abfuisse
772 400 834 435 visa
856 400 924 442 est,
946 401 985 434 ad
1017 401 1103 434 diem

101 445 251 485 pervenit
275 445 416 479 XXXV.
441 446 526 477 Cum
550 455 589 479 ex
611 453 702 479 tanta
724 441 822 481 febris
845 444 894 477 vel
918 444 986 486 post
1005 443 1101 477 sudo-

100 496 170 523 res,
193 489 225 519 &
248 489 415 522 urinarum
437 489 564 532 copiam
587 485 805 523 diuturnitate
828 498 894 520 non
909 487 978 520 leve
996 486 1103 527 quod—

99 528 174 563 dam
199 529 316 564 subesse
339 532 477 567 vitium,
499 529 713 573 suspicaretur
725 529 951 568 Molinelliu33
974 541 1045 567 ecce
1057 531 1102 564 ti-

99 572 156 612 bi,
180 574 269 608 nullo
292 576 415 616 praevio
437 573 635 609 affidentium
652 596 662 613 ‚
686 583 740 608 aut
772 575 851 617 aegri
885 584 1012 612 errore,
1037 574 1101 605 im-

100 616 229 657 provisa
251 615 428 659 aeruginosa
450 616 637 656 diarrhoea,
663 628 761 661 quam
781 617 875 652 dolor
888 617 985 658 paulo
1009 616 1102 659 supra

101 659 210 693 vesicae
234 662 398 702 regionem
421 661 661 695 comitabatur.
687 661 770 697 Quae
793 670 830 694 ut
854 669 983 699 repente
1007 659 1103 697 adve-

100 712 215 736 nerant
230 726 240 742 ,
262 704 303 737 sic
318 712 447 745 repente
459 715 591 746 quoque
603 727 612 744 2
636 707 667 740 δέ
682 705 749 739 cito
761 713 957 738 evanuerunt
971 728 979 735 .
1003 705 1101 740 Tunc

99 747 266 781 enimvero
290 748 441 789 graviora
466 748 634 784 Medicus,
659 759 716 781 nec
740 748 805 780 fine
827 746 943 786 causa,
965 747 1099 780 timere.

101 790 300 825 Universum
324 792 408 824 enim
432 790 589 824 abdomen
614 790 880 827 incredibilemin
905 789 1102 826 modumin...

98 831 234 873 duruit,
255 845 329 866 cum
352 834 471 866 interni
494 836 610 868 caloris
632 834 749 872 sensu,
783 835 815 866 &
845 834 900 866 ubi
935 842 1102 877 tangeres,

99 877 196 910 etiarn
219 876 361 909 doloris:
387 875 478 910 fimul
503 876 607 918 pulsus
627 881 692 919 jam
716 875 817 913 nulli,
850 876 963 910 deliria
985 900 994 914 ,
1029 885 1102 910 tana

98 919 170 952 dem
194 919 334 955 difficilis
359 919 550 962 respiratio,
574 924 606 954 &
628 919 693 955 fine
717 919 936 954 convulsionis
966 919 1062 962 signis
1089 946 1101 962 ,

99 973 189 995 mors
221 964 306 996 intra
347 966 482 997 tertium
514 976 554 998 ex
588 977 655 1008 quo
687 963 845 997 abdomen
889 963 1098 1003 induruerat,

97 1005 203 1038 diem.
238 1007 447 1049 Qamquam
471 1017 579 1041 autern
614 1009 792 1042 mirabatur
809 1032 817 1046 ‚
842 1016 880 1040 ex
903 1004 1017 1040 effoeto
1032 1029 1041 1045 ,
1065 1017 1103 1042 ut

97 1048 168 1091 post
179 1050 416 1085 diuturniorem
429 1072 438 1086 ,
463 1062 519 1084 nec
530 1053 630 1085 levem
644 1075 653 1090 ‚
679 1050 936 1093 aegrotationem,
951 1050 1103 1092 sanguine

96 1093 180 1125 oriri
203 1092 499 1129 inflammationem
522 1095 682 1137 potuisse3
708 1104 813 1127 tamen
824 1094 904 1135 quin
915 1103 986 1127 orta
1008 1092 1103 1133 esset,

49 1139 66 1170 ’.
96 1146 163 1168 non
187 1135 382 1174 dubitabam
408 1148 470 1179 ego
495 1149 594 1178 vero,
626 1140 706 1182 quin
737 1147 905 1180 gangraena
938 1149 1068 1181 quoque
1092 1163 1101 1172 .

97 1180 155 1213 Sed
180 1181 267 1222 quod
291 1181 334 1213 ob
359 1190 508 1222 negatam
530 1179 695 1215 incidendi
717 1180 880 1214 cadaveris
892 1179 1102 1220 facultatem,

95 1233 157 1264 pro
180 1233 270 1256 certo
294 1224 367 1257 sciri
399 1226 432 1257 in
457 1224 693 1258 adolescentulo
716 1225 776 1258 illo
799 1234 864 1257 non
888 1226 1018 1266 potuit,
1045 1236 1105 1267 po-

96 1267 164 1299 tuit
188 1268 220 1300 in
245 1266 382 1304 foemina
406 1268 578 1311 Principe,
603 1267 696 1311 cujus
718 1279 843 1302 mecum
868 1268 907 1301 ab
938 1279 1003 1301 uno
1037 1268 1104 1310 eJ'us

95 1308 307 1344 Medicorum
318 1313 557 1346 communicata
571 1313 702 1347 historia
715 1338 723 1352 ,
749 1313 870 1354 quippe
894 1323 1003 1345 earum
1017 1311 1106 1345 simi-

97 1353 142 1403 lis'
159 1365 231 1397 quae
257 1355 401 1397 superius
422 1354 588 1401 descriptae
612 1354 708 1398 sunt,
732 1354 786 1389 hic
809 1356 955 1393 minime*
976 1364 1106 1401 praeterq

96 1405 268 1432 mittetur.

145 1446 194 1474 18.
217 1442 489 1478 CELSISSIMA
503 1443 738 1478 PRINCEPS
763 1454 860 1477 annos
873 1452 947 1478 nata
965 1454 1108 1489 quatuor

96 1486 128 1517 δε
152 1486 388 1528 quinquaginta
401 1511 413 1527 ‚
438 1489 570 1522 artubus
583 1499 647 1521 non
662 1489 792 1531 pinguis
805 1510 815 1526 ,
839 1497 951 1521 ventre
963 1489 1107 1531 pinguis-

94 1528 197 1567 fima,
218 1528 308 1572 cujus
333 1530 440 1573 pulsus
463 1531 533 1574 post
565 1530 645 1566 duos
668 1531 1001 1574 quosquelaudabiles
1023 1534 1106 1566 icius

95 1573 260 1608 continuo
284 1574 424 1608 totidem
447 1574 607 1614 humiles,
630 1577 660 1607 &
682 1574 819 1615 disparis
841 1575 1018 1608 celeritatis
1049 1587 1104 1609 ex-

95 1614 256 1655 hibebat,
282 1628 358 1652 cum
382 1630 421 1651 ex
444 1617 626 1660 gravissimo
637 1618 866 1653 intestinorum
890 1618 1026 1655 dolore,
1051 1630 1106 1652 ve-

94 1658 191 1692 ficam
214 1660 248 1693 in
272 1660 459 1695 consensum
484 1659 649 1699 trahente,
675 1664 705 1695 &
730 1661 805 1695 lotii
829 1660 979 1696 reddendi
1003 1661 1106 1696 facul-

95 1711 196 1736 tatem
219 1704 470 1746 intercipiente,
495 1702 619 1738 evafiss'e
630 1705 815 1744 videretur‚·
837 1707 946 1748 paucis
968 1708 1106 1740 omnino

97 1745 267 1788 postquam
289 1748 318 1780 is
340 1748 436 1781 dolor
460 1747 612 1786 siluerat,
637 1748 748 1784 diebus
772 1749 950 1790 interjectis
972 1771 982 1787 ,
1012 1751 1106 1793 nigra

95 1788 279 1831 dejeffione
303 1813 317 1831 ,
349 1793 381 1836 &
405 1790 475 1833 post
497 1790 579 1826 hanc
604 1801 709 1826 morte
731 1802 877 1835 correpta
908 1793 972 1827 est.

95 1831 309 1867 VENTRE
333 1837 507 1875 adaperto,
530 1835 683 1869 intestina
693 1835 866 1878 quaedam,
889 1838 920 1869 δε
939 1836 1105 1871 ventricu-

72 1876 145 1909 -lus
168 1886 339 1917 gangraena
365 1876 478 1911 affeeta
501 1877 694 1921 deprehensa
708 1879 804 1917 sunt3
828 1878 912 1915 fellis
936 1889 1040 1914 autem
1052 1893 1104 1914 ve-

93 1918 194 1954 sicula
218 1919 373 1960 exsucca,
398 1923 430 1955 &
453 1923 487 1954 in
510 1933 547 1955 ea
571 1922 711 1956 calculus
734 1924 824 1964 parvi
847 1924 922 1965 pyri
943 1925 1106 1966 magnitu-

93 1962 194 1997 dine=
219 1964 255 1997 in
279 1965 408 1998 renibus
430 1964 567 1998 arenulae
578 1966 706 2007 potius,
729 1977 826 2007 quam
837 1966 950 1999 calculi
966 1991 975 2000 .

94 2006 137 2040 In
161 2005 315 2044 Thorace
358 2019 415 2042 cor
435 2031 449 2048 ,
480 2011 511 2043 &
544 2008 762 2055 pericardium
792 2009 988 2054 pinguedine
1023 2020 1105 2054 prae-

93 2060 230 2093 gravata
245 2076 252 2083 .

139 2104 187 2134 19.
215 2095 288 2129 Sive
312 2095 380 2130 haec
404 2106 607 2138 praegravans
635 2096 842 2142 pinguedinis
875 2098 971 2141 copia
995 2121 1005 2138 ,
1039 2095 1104 2130 five

92 2139 197 2171 etiam
243 2138 444 2175 haereditarii
496 2139 621 2183 aliquid
644 2165 653 2181 ,
698 2149 735 2174 ut
777 2151 812 2173 ea
842 2141 991 2175 indicant
1033 2151 1105 2179 quae

89 2182 147 2215 de'
177 2182 310 2223 Rege,
357 2181 428 2225 ejus
474 2184 608 2217 Parente
631 2206 643 2224 ‚
673 2183 754 2216 olim
789 2185 924 2216 memini
960 2181 1067 2225 legisse
1094 2204 1105 2221 ,

91 2226 164 2258 illas
190 2225 299 2267 pulsus
322 2224 559 2269 inaequalitates
582 2224 744 2264 faciebat5
779 2236 984 2268 gangraenam
1017 2234 1104 2260 certe

91 2268 322 2302 intestinorum
347 2269 521 2310 praegressae
546 2270 654 2312 potius
676 2293 689 2310 ‚
721 2280 795 2303 cum
819 2269 913 2304 dolor
936 2278 1066 2312 urgeret
1091 2293 1101 2308 ,

89 2311 372 2351 inflammationi,
395 2323 492 2354 quam
506 2312 689 2352 atraebilis‚
715 2321 750 2346 ut
773 2312 874 2355 vulgo
897 2311 1102 2353 dfflcumest,

92 2355 270 2398 dejectioni
295 2355 500 2389 tribuendam
524 2358 727 2397 putaverim.
752 2355 871 2397 Neque
895 2357 981 2390 enim
1015 2355 1102 2398 deje-

92 2401 162 2434 &io
182 2400 281 2433 etia'm
307 2399 526 2433 ventriculum
549 2398 729 2435 infecisset,
753 2400 785 2431 δε
808 2400 841 2432 in
854 2400 965 2433 Vidua
978 2398 1015 2432 de
1039 2411 1103 2442 qua

90 2442 198 2486 paulov
214 2442 304 2485 supra
329 2442 381 2484 (a
403 2445 419 2481 )
444 2441 679 2484 scriptumest,
703 2443 794 2485 nigra
805 2442 957 2485 quidem,
982 2441 1032 2477 sed
1044 2454 1104 2486 pu-

83 2486 166 2520 tridi
190 2485 378 2528 sanguiniS‚
404 2495 470 2518 non
495 2486 571 2519 atrae
595 2485 690 2523 bilis,
715 2484 835 2528 egestio
857 2486 988 2520 obitum
1011 2495 1102 2520 ante-

82 2529 189 2564 cellit.
214 2530 262 2563 At
287 2530 375 2563 enirn
398 2538 463 2562 non
489 2529 738 2569 verifimile'est‚
761 2529 895 2572 inquis,
918 2530 1045 2571 plures,
1070 2532 1102 2563 δε

82 2574 278 2608 exercitatos
299 2573 334 2606 in
356 2573 473 2615 primis
495 2572 672 2613 Medx‘cos,
695 2572 806 2616 quales
840 2571 879 2606 ad
912 2574 1101 2616 Principum

84 2618 293 2652 curationem
317 2615 420 2649 solent
441 2615 619 2656 advocari,
641 2627 706 2649 non
718 2615 1104 2659 cognovisseinflamma-

87 2663 238 2702 tionem,
261 2671 365 2703 neque
388 2657 485 2700 huius
506 2659 541 2693 in
562 2670 768 2702 gangraenam
793 2658 1081 2702 degenerationem
1095 2684 1102 2692 .

86 2706 165 2748 Ego
188 2715 268 2738 vero
289 2705 329 2738 de
353 2702 447 2741 aliis,
469 2702 647 2745 praesertim
671 2704 704 2737 in
718 2703 838 2737 morbo
848 2715 945 2746 quem
958 2703 1025 2746 ipse
1037 2713 1103 2737 non

89 2749 255 2784 viderim,
278 2757 343 2781 non
367 2747 453 2781 secus
477 2757 512 2780 ac
535 2745 576 2781 de
606 2758 655 2780 me
690 2747 807 2781 vellem
829 2770 842 2787 ,
873 2746 1018 2791 judicare
1053 2746 1104 2780 so-

90 2794 190 2831 litus,
213 2790 476 2825 consuetudinem
500 2789 554 2824 hic
577 2800 708 2832 quoque
731 2791 852 2824 tuebor
865 2802 970 2824 meam
994 2791 1099 2824 nemi-

90 2848 167 2871 nem
190 2845 308 2869 temere
331 2832 568 2872 insimulandi,
592 2835 623 2867 ὃ(
646 2832 704 2866 nisi
737 2842 775 2867 tu
801 2830 971 2873 dissentis,
995 2833 1099 2874 hanc,

90 2881 180 2915 riulla
204 2878 323 2921 praevia
347 2875 633 2923 inflammatione,
657 2887 861 2919 gangraenam
886 2876 970 2920 ajam
996 2877 1101 2912 acces-

90 2921 180 2958 sisse.
204 2922 329 2963 Magno
351 2921 480 2955 ειιᾶοτε
502 2921 536 2953 id
559 2918 701 2959 faciam,
727 2921 875 2956 Fernelio
899 2922 917 2963 (
936 2919 955 2954 b
978 2924 1016 2963 ),
1038 2922 1098 2964 qui

91 2967 163 3012 post
186 2966 333 2999 dolorem
365 2962 630 2997 immanissimum
647 2986 660 3003 ,
694 2970 875 3001 extremum*
897 2964 1006 3006 pedem
1039 2965 1101 2998 ali-

90 3010 211 3055 quando
233 3014 355 3050 repente
371 3006 586 3050 sphacelatum
599 3007 681 3040 vidit
699 3031 707 3045 ,
723 3005 789 3049 fine
809 3006 918 3041 rubore
927 3007 1100 3049 conspicuo,

92 3065 130 3090 ut
153 3054 297 3094 denique
320 3050 414 3093 miser
423 3052 656 3093 extingueretur
660 3050 725 3093 sine
741 3047 855 3092 febre,
873 3050 938 3092 fine
954 3052 1100 3093 sympto-

91 3098 191 3135 matis
213 3095 376 3129 admodum
395 3091 547 3136 gravibus
570 3120 576 3126 .
612 3092 682 3128 Etsi
707 3094 810 3136 igitur
832 3093 1017 3135 sphacelum
1050 3095 1100 3135 izz-

94 3140 252 3183 divulsam
273 3148 389 3179 magnae
412 3135 673 3179 inflammationis.
686 3135 886 3180 pedisequam
908 3135 964 3180 effe
988 3162 997 3177 ,
1024 3137 1100 3179 plu-

89 3187 172 3220 rima
194 3182 388 3216 Medicorum
421 3186 530 3213 turma*
559 3179 692 3223 censer3
726 3187 834 3213 tamen
867 3180 953 3215 haud
985 3182 1064 3214 raris
1085 3207 1095 3222 ,

87 3227 287 3265 Fernelianae
310 3223 396 3259 haud
419 3223 637 3264 absimilibus,
660 3223 955 3258 Observationibus
974 3223 1095 3267 speeta-
1118 3231 1123 3235 “

91 3275 158 3311 tis,
179 3269 297 3304 diserte
319 3266 443 3310 scripsit
454 3266 631 3301 Fridericus
643 3266 863 3302 Hoffmannus
885 3270 899 3306 (
921 3279 936 3300 e
960 3271 994 3309 ),
1019 3278 1096 3310 qua-

91 3328 125 3351 re
147 3315 222 3358 quin
244 3314 342 3347 etiam
365 3311 484 3345 interne
507 3310 540 3344 in
570 3309 741 3353 visceribus
777 3311 859 3344 idem
883 3310 948 3353 fine
975 3312 1094 3353 praevia

91 3357 354 3403 inflammatione,
447 3379 454 3387 .
483 3352 558 3397 fieri
588 3353 679 3396 possit
701 3376 715 3393 ‚
745 3365 804 3387 non
827 3353 866 3394 est
897 3354 976 3397 quod
1005 3353 1098 3387 dubi.

92 3412 195 3439 temus
210 3427 217 3435 .
241 3399 342 3438 Quod
364 3399 387 3432 si
411 3396 495 3431 forte·
517 3398 552 3431 in
574 3397 648 3440 ipsis
670 3397 828 3432 intestinis
839 3399 975 3441 requiris
985 3409 1095 3431 exem-

91 3448 163 3492 pla,
180 3444 294 3487 *Segeri
318 3442 440 3486 poteris
463 3439 739 3475 observationem
750 3441 885 3484 releg'ere
908 3445 918 3481 (
943 3442 962 3474 d
977 3440 1018 3483 ):
1045 3441 1094 3475 vel

91 3491 223 3533 potius,
246 3487 376 3531 quando
399 3486 434 3518 in
460 3484 514 3518 illa
538 3496 636 3527 quam
659 3485 872 3519 acerbiffimus
886 3494 953 3518 erat
975 3484 1093 3521 dolor,

90 3537 124 3568 &
146 3532 283 3567 celerior
307 3530 431 3564 arteriae
456 3538 564 3563 motus
586 3527 802 3570 deprehensus
823 3528 888 3567 est'3
912 3529 933 3561 si
960 3528 1092 3563 alteram

91 3576 251 3612 Friderici
274 3573 426 3608 Ortlobii
449 3573 498 3616 (e
520 3575 560 3613 ),
582 3583 653 3615 quae
676 3573 797 3615 pariter
821 3572 856 3605 in
879 3571 1092 3615 Sepulchreto

2023 234 2083 289 61

1157 310 1239 355 (f)
1261 312 1361 347 etiam
1384 313 1447 351 est,
1472 314 1577 356 leges,·
1598 313 1748 347 intestina
1772 325 1787 347 a
1810 313 1932 348 dextris
1965 313 2082 352 livida,
2106 317 2157 351 ni..

1151 356 1333 398 gricantia,
1348 355 1530 398 splmcelata
1554 356 1666 394 fuisse,
1689 358 1829 390 invenies
1848 379 1858 395 ‚
1895 357 1990 399 idque
2012 379 2022 394 ‚
2055 367 2090 391 ut
2123 361 2158 392 in

1156 398 1290 434 Scholio
1314 400 1379 440 ipse
1403 401 1539 434 miratur
1561 400 1738 433 Ortlobius
1753 424 1761 438 ‚
1778 400 1843 442 fine
1853 400 1981 441 praeviis
2003 400 2158 435 doloribus

1153 441 1351 480 abdominis,
1373 445 1402 475 δι
1420 442 1487 485 fine
1505 444 1623 484 praevia
1637 440 1728 486 febre
1751 442 1929 486 manifesta.

1196 496 1245 518 20.
1270 485 1438 523 Quoniam
1463 496 1568 521 tamen
1592 487 1624 519 in
1650 485 1722 529 ipso
1745 486 1895 519 Ortlobii
1918 497 2007 529 aegro
2040 485 2159 529 obscuri

1153 530 1275 562 ventris
1297 527 1413 562 dolores
1436 529 1677 571 praecesserant,
1700 540 1824 571 neque,
1851 540 1887 564 ut
1919 533 1953 563 in
1993 530 2053 564 illo
2078 553 2087 569 ,
2117 530 2158 562 de

1151 583 1219 613 quo
1240 583 1281 606 ex
1303 574 1450 609 Fernelio
1474 573 1571 620 paulo
1604 582 1676 607 ante
1698 573 1822 607 dietum
1846 572 1906 615 est,
1930 573 2009 615 pede
2029 595 2038 612 ‚
2071 572 2159 606 aliis-

1151 626 1217 656 que
1240 615 1454 649 exterioribus
1477 616 1622 658 partibus
1646 638 1655 653 ,
1678 618 1725 649 ita
1758 617 1791 648 in
1826 616 1997 650 visceribus
2028 626 2160 658 quoque

1154 656 1292 694 ruborem
1315 658 1511 701 conspicuum
1534 671 1597 693 non
1610 659 1668 694 effe
1681 658 1906 702 praegressum,
1934 659 2104 702 quisquam
2116 658 2160 692 est

1151 702 1207 742 qui
1230 703 1395 736 testificari
1420 703 1536 745 poffit;
1558 701 1742 744 sphacelum
1765 702 1899 744 quidem
1932 702 2160 740 intestinorum

1153 744 1293 779 accidere
1314 745 1478 780 interdum
1503 746 1588 788 posse
1610 746 1697 782 nulla
1711 744 1908 789 praecedente
1920 744 2161 781 inflammatio-

1152 798 1212 825 ne,
1235 799 1299 821 non
1324 791 1478 831 negabis;
1499 789 1553 825 sed
1576 800 1698 831 quaeres
1712 789 1808 823 fimul
1824 809 1833 825 ‚
1857 788 1991 832 possitne
2014 789 2162 834 aliquan-2

1151 830 1196 864 do
1220 831 1649 873 ejusmodiinflammationi
1662 832 1825 867 succedere
1839 855 1848 871 ,
1872 831 1965 873 qu'us
1977 835 2136 874 praecipua
2150 856 2160 871 ,

1152 876 1184 907 &
1207 877 1395 917 pervulgata
1418 877 1506 919 signa
1528 886 1593 910 non
1616 874 1751 913 extent?
1775 876 1855 909 Uta
1875 875 2085 918 Sepulchreto
2095 885 2161 909 non

1149 917 1361 959 recedamu53
1388 922 1479 959 vide,
1502 920 1630 963 quaesO,
1654 921 1688 953 in
1712 920 1771 954 hac
1795 918 1862 959 ipsa
1887 918 1986 952 XIV.
2012 919 2159 953 Sefflone

1149 964 1161 999 (
1184 971 1206 1002 g
1228 965 1239 999 )
1263 962 1537 997 Observationem
1561 963 1710 997 Riverii.
1737 963 1840 997 Ileurn
1863 960 2050 995 intestinum
2074 963 2161 997 circa

1155 1002 1277 1044 finem,
1299 1017 1373 1039 cum
1398 1006 1545 1051 adjuncff'oe
1569 1006 1752 1043 mesenterii
1776 1007 1950 1048 portione,
1970 1016 2159 1048 gangraena,

1155 1055 1253 1089 atque
1277 1049 1356 1082 adeo
1370 1047 1515 1091 subacelo
1539 1049 1687 1084 affeetum
1713 1050 1847 1093 reperies
1868 1048 1902 1081 in
1927 1060 1968 1081 eo
1991 1051 2049 1091 qui
2086 1060 2161 1083 cum

1155 1089 1322 1128 laborasset
1344 1103 1383 1125 ex
1405 1094 1636 1127 intestinorum
1657 1093 1770 1127 dolore
1803 1093 1910 1137 primo
1933 1091 1984 1125 die
2016 1092 2126 1126 morbi
2150 1116 2162 1133 ,

1156 1135 1312 1176 protraffi
1337 1134 1437 1178 usque
1461 1135 1497 1171 ad
1521 1137 1646 1174 X11[.;
1669 1135 1774 1169 nullus
1796 1144 1904 1169 autem
1918 1134 2002 1168 dolor
2015 1134 2126 1179 adesset
2149 1157 2160 1174 ,

1154 1187 1248 1220 neque
1270 1177 1336 1212 ulla
1352 1176 1456 1222 febris
1481 1178 1619 1213 secundo
1641 1178 1711 1218 die,
1740 1189 1893 1221 magnam
1915 1177 1967 1211 die
1985 1179 2108 1216 tertio,
2131 1180 2162 1211 δι

1155 1221 1362 1263 sequentibus
1384 1223 1624 1257 dubitationem
1647 1222 1801 1264 injecerat
1825 1221 1985 1262 Medicis,
2009 1232 2083 1254 curn
2116 1221 2165 1254 in·-

1150 1261 1405 1307 flammationem
1427 1265 1533 1305 testari
1553 1267 1715 1300 videretur
1730 1263 1859 1308 febris,
1882 1275 1946 1308 quae
1977 1265 2073 1298 tertio
2103 1264 2164 1297 illo

1159 1309 1207 1341 die
1222 1307 1426 1350 supervenit,
1442 1309 1536 1352 fitis,
1559 1310 1602 1343 ά*
1626 1310 1736 1351 tinguae
1758 1309 1895 1345 ariditas
1912 1319 1923 1346 3
1938 1307 1995 1350 sed
2016 1308 2162 1350 quomodo

1158 1348 1373 1393 inflammatio
1396 1352 1608 1392 intestinorum
1639 1350 1734 1396 adesse
1763 1351 1864 1397 poJJec
1895 1353 1977 1386 citra
1999 1350 2131 1397 dolorem
2153 1374 2165 1391 ‚

1159 1396 1314 1436 concipere
1337 1406 1395 1429 non
1414 1404 1583 1438 poterant.
1610 1397 1704 1431 Num
1738 1394 1924 1438 sphacelum
1959 1398 2066 1438 primo
2098 1405 2165 1437 Jam

1159 1438 1212 1474 die
1233 1437 1355 1473 ἱεᾶιιω
1378 1437 1511 1477 credes?
1533 1440 1715 1474 Duodecim
1738 1450 1817 1482 ergo
1837 1439 1903 1474 dies
1928 1437 1970 1472 fic
1991 1437 2092 1472 homo
2115 1438 2167 1471 vi-

1156 1482 1266 1517 xerit?
1290 1483 1417 1522 Deinde
1438 1484 1608 1526 quomodo
1632 1482 1782 1527 sphacelo
1804 1481 1893 1516 facio
1916 1505 1926 1521 ,
1958 1482 2058 1516 febris
2093 1491 2166 1525 quae

1158 1536 1250 1561 antea
1273 1537 1338 1560 non
1361 1536 1428 1560 erat
1445 1552 1454 1568 ,
1478 1527 1601 1566 acceffit
1624 1538 1699 1562 cum
1723 1527 1842 1567 linguae
1867 1524 2045 1561 ariditate?
2066 1524 2166 1559 Certe

1156 1571 1320 1612 superiore
1342 1571 1487 1613 Epistola
1512 1569 1653 1608 videris,
1690 1571 1723 1603 in
1748 1572 1825 1603 Sene
1859 1573 1869 1608 (
1896 1569 1917 1603 h
1942 1573 1952 1609 )
1987 1569 2095 1612 pulsus
2129 1579 2169 1602 ex

1156 1614 1327 1651 febrilibus
1351 1612 1457 1648 fafitos
1478 1613 1609 1648 demum
1632 1614 1782 1647 sanorum
1794 1612 1932 1651 similes,
1956 1612 2100 1655 linguam
2113 1623 2168 1647 au-

1158 1671 1226 1694 tem
1250 1671 1289 1693 ex
1312 1658 1392 1693 ficca
1414 1657 1604 1699 humidam,
1628 1669 1696 1701 quo
1720 1659 1754 1690 in
1768 1658 1846 1690 Sene
1856 1655 2081 1690 intestinorum
2092 1667 2167 1699 par-

1159 1713 1226 1739 tem
1250 1703 1354 1738 adhuc
1378 1703 1528 1743 rubram,
1553 1711 1677 1747 partem
1704 1712 1779 1735 vero
1802 1701 1937 1735 lividam
1960 1723 1972 1739 ,
2005 1701 2130 1744 nigram
2155 1708 2169 1743 ,·

1156 1757 1327 1825 ῗεηςῑᾶεηει
1352 1758 1544 1793 occupatam
1565 1744 1834 1791 deprehendimus
1851 1770 1859 1785 ,
1881 1744 2006 1795 indiffo
2017 1755 2081 1779 ¹³0ss
2105 1745 2167 1779 Ob-

1170 1803 1272 1830 curo,
1296 1792 1465 1828 noviffime
1488 1792 1570 1827 hanc
1589 1801 1630 1829 ex
1652 1789 1917 1828 inflammatione
1948 1799 1982 1821 ιη
2015 1799 2163 1832 gangrae-

1156 1830 1232 1869 nam
1256 1834 1432 1871 transiisse.
1459 1837 1519 1871 Sed
1543 1834 1633 1881 quod
1665 1836 1704 1871 ad
1734 1835 1880 1871 dolorem
1912 1832 2030 1867 attinet
2055 1860 2064 1876 ,
2095 1834 2166 1868 aliae

1154 1879 1273 1914 'nostrae
1297 1880 1451 1921 Epistolae
1474 1880 1537 1915 fine
1560 1880 1619 1915 illo
1630 1880 1722 1914 fuisse
1737 1881 1966 1915 intestinorum
1978 1876 2168 1918 inf1amma÷

1157 1924 1283 1957 tionem
1295 1944 1305 1959 ‚
1330 1934 1588 1958 commemorant
1602 1949 1609 1957 .
1630 1924 1784 1967 Namque
1795 1934 1829 1959 ut
1841 1924 1947 1961 sileam
1961 1950 1970 1966 ,
1993 1924 2026 1959 in
2039 1923 2169 1960 xxm

1156 1966 1205 2008 (i
1226 1969 1237 2004 )
1263 1967 1354 1999 nullo
1376 1966 1527 2001 intestina
1549 1967 1663 2002 dolore
1688 1976 1802 2002 vexata
1826 1970 1916 2012 legi,
1952 1980 2023 2013 quae
2056 1970 2166 2004 omnia

1156 2011 1297 2057 maxime
1320 2008 1418 2045 essent
1441 2008 1665 2052 inflammata‚·
1686 2011 1768 2046 illud
1791 2014 1877 2046 enim
1900 2023 2034 2055 propter
2055 2026 2167 2048 eorum

1152 2054 1333 2096 paralysim
1357 2054 1505 2088 accidisse
1520 2077 1530 2093 ,
1552 2054 1703 2098 conjeci‚·
1725 2064 1813 2090 certe
1834 2067 1898 2090 non
1923 2067 2014 2091 erant
2037 2060 2071 2092 in
2096 2059 2166 2092 aliis

1152 2097 1395 2137 aegrotantibus
1416 2098 1577 2136 resoluta,
1601 2108 1639 2132 ut
1663 2107 1741 2141 puta
1764 2101 1799 2133 in
1826 2100 1954 2135 duobus
1976 2124 1985 2139 ,
2021 2101 2167 2144 Epistola

1156 2138 1250 2173 XXI.
1275 2139 1365 2185 (R)
1388 2140 1586 2185 propositis,·
1608 2145 1641 2175 &
1664 2152 1796 2179 tamen,
1819 2143 1875 2177 etfi
1901 2143 2105 2179 inflammata
2119 2157 2168 2179 re-

1159 2190 1250 2223 perta
1274 2182 1369 2222 sunt,
1393 2184 1617 2221 nullaaudita
1641 2185 1745 2221 fuerat
1767 2185 1808 2221 de
1831 2198 1942 2222 eorum
1964 2188 2075 2222 dolore
2088 2201 2168 2232 que-

1155 2225 1241 2274 rela.
1266 2227 1378 2270 Atque
1400 2237 1436 2261 ut
1461 2239 1579 2271 aegram
1605 2240 1807 2269 memorem,
1831 2232 1870 2265 de
1906 2243 1968 2274 qua
2001 2235 2166 2267 recordari

1154 2267 1285 2303 facilius
1308 2269 1567 2318 possim-mulier
1591 2272 1807 2315 superioribus
1840 2276 1975 2309 Litteris
2008 2279 2023 2316 (
2044 2276 2089 2319 l)
2113 2277 2165 2311 de-

1155 2313 1362 2354 scripta·est‚
1385 2326 1475 2357 cujus
1498 2316 1629 2349 Tenuia
1653 2316 1801 2351 intestina
1826 2320 1965 2352 maxima
2002 2330 2043 2352 ex
2075 2330 2166 2362 parte

1156 2356 1339 2395 rubebant3
1362 2358 1538 2400 eademque
1561 2359 1687 2393 doloris
1709 2358 1808 2395 ferme
1830 2363 1974 2404 expertia
2006 2363 2071 2396 visa
2095 2362 2165 2397 fue-

1155 2409 1249 2432 rant.
1273 2400 1332 2433 Sed
1354 2411 1412 2434 nec
1435 2401 1562 2445 signum
1587 2402 1723 2437 alterum
1746 2402 2020 2439 inflammationis
2053 2409 2166 2450 praeci-

1154 2453 1255 2484 puum
1279 2443 1399 2482 febris,
1424 2454 1497 2479 toto
1522 2446 1631 2479 morbi
1653 2455 1800 2489 tempore
1823 2448 1858 2480 in
1880 2459 1915 2483 ea
1939 2450 2072 2484 muliere
2106 2462 2166 2485 un—

1151 2496 1252 2527 quam
1274 2486 1403 2520 suerat:
1425 2489 1458 2520 in
1483 2489 1602 2531 Bajulo
1626 2498 1732 2524 autem
1746 2514 1755 2530 ,
1777 2491 1877 2533 paulo
1901 2494 1970 2534 post
1988 2492 2077 2526 illam
2090 2506 2167 2537 pro-

1152 2528 1259 2570 posito
1284 2533 1295 2568 (
1317 2530 1385 2575 m)
1407 2554 1417 2570 ‚
1453 2531 1554 2566 febris
1569 2556 1578 2571 ,
1599 2531 1662 2566 five
1687 2544 1752 2567 non
1776 2534 1869 2568 valde
1886 2534 2069 2578 frequentes
2094 2539 2166 2579 pul-

1151 2571 1202 2605 sus
1228 2590 1247 2612 ,v
1282 2572 1346 2607 five
1379 2585 1445 2607 non
1478 2576 1617 2610 calentes
1652 2587 1789 2617 earnm,
1835 2580 2042 2619 attenderes,
2088 2581 2166 2616 levis

1154 2625 1240 2654 erar·,
1265 2615 1488 2653 inflammatio
1510 2629 1619 2654 tamen
1642 2630 1708 2661 non
1731 2621 1830 2658 levis;
1866 2617 1903 2656 u't
1936 2623 2026 2656 locus
2057 2624 2090 2658 in
2126 2636 2166 2659 eo

1153 2669 1219 2692 non
1243 2658 1341 2699 esset,
1364 2661 1537 2706 multoque
1549 2664 1656 2697 minus
1678 2665 1712 2697 in
1731 2664 1884 2704 muliere,
1908 2666 2072 2701 laudandae
2082 2668 2166 2702 alio-

1153 2703 1235 2745 quin
1260 2703 1404 2751 Ballonii
1429 2709 1440 2744 (
1463 2715 1483 2738 n
1505 2708 1519 2745 )
1544 2707 1731 2741 sententiae.
1766 2708 1837 2746 Qui
1871 2709 2041 2752 postquam
2074 2711 2164 2745 dixe-

1155 2755 1203 2779 rat
1220 2763 1241 2785 ,
1264 2747 1368 2781 videri
1400 2759 1521 2790 aequum
1553 2748 1609 2793 effe
1631 2757 1668 2783 ut
1681 2748 1786 2793 febris
1809 2750 1937 2794 insignis
1962 2754 2102 2787 internas
2113 2756 2163 2788 in-

1148 2788 1386 2829 flammationes
1407 2791 1629 2834 consequaturs
1663 2801 1772 2826 tamen
1805 2797 1966 2829 continuo
1994 2796 2161 2833 Galerium

1151 2832 1279 2867 secutus
1301 2833 1458 2869 volentem
1479 2846 1607 2877 magnas
1630 2833 1684 2913 effe
1706 2833 1974 2879 inflammationes
1996 2839 2028 2872 in
2055 2843 2162 2882 parti-

1149 2875 1209 2911 hus
1234 2876 1367 2911 internis
1392 2902 1403 2917 ,
1436 2885 1473 2911 ut
1495 2886 1589 2910 acuta
1602 2876 1640 2921 fe
1663 2879 1709 2912 ris
1736 2880 1887 2923 sequatur
1901 2902 1912 2918 ‚
1934 2880 1977 2915 fic
1991 2907 2001 2922 ,
2024 2883 2158 2926 inquit,

1149 2919 1172 2969 si
1181 2920 1236 3006 sfit
1255 2919 1411 2968 phlogofis
1433 2921 1619 2962 mediocris,
1641 2922 1682 2955 ad
1702 2933 1830 2957 manum
1852 2924 1980 2959 mordax
1983 2924 2088 2968 febris
2100 2939 2160 2963 non

1151 2974 1185 2997 ιη
1202 2971 1328 3005 equitur
1342 2988 1348 2995 .

1196 3016 1247 3039 21.
1275 3005 1359 3048 Qae
1382 3008 1493 3040 omnia
1514 3019 1588 3041 cum
1610 3010 1658 3043 ita
1682 3008 1768 3051 fint;
1786 3011 1915 3054 quando
1926 3023 2001 3047 cum
2025 3013 2095 3049 aliis
2106 3016 2158 3051 in-

1143 3048 1397 3084 flammatorum
1420 3049 1647 3086 intestinorum
1670 3051 1786 3096 signis,
1807 3054 2032 3090 -vehementem
2050 3059 2159 3103 kdolo-

1151 3103 1241 3140 rem,
1264 3094 1299 3144 δε.
1322 3102 1449 3127 acutam
1470 3093 1596 3144 sebrem
1617 3098 1650 3130 in
1672 3099 2156 3145 aegrotantibusdeprehende&

1149 3147 1220 3179 Jure
1244 3135 1375 3179 quidem
1399 3147 1580 3180 meritoque
1604 3140 1711 3174 credes
1723 3141 1788 3174 Rei
1803 3142 1940 3176 Medicae
1956 3145 2156 3181 Auditoribus

1149 3179 1217 3213 haec
1228 3179 1390 3213 duointer
1402 3183 1580 3223 praecipuas
1600 3193 1692 3218 notas
1717 3185 2080 3227 magnaeintestinorum
2102 3192 2156 3224 in·-

1146 3221 1383 3258 flamrnationis
1392 3225 1585 3267 ponentibus
1598 3252 1605 3260 .
1615 3228 1689 3262 Nec
1702 3237 1809 3262 tamen
1822 3228 1977 3270 siquando
1998 3230 2133 3267 alterum
2145 3257 2156 3273 ‚

1147 3268 1198 3302 vel
1224 3276 1398 3310 utrumque
1409 3267 1527 3302 horum
1538 3280 1592 3305 aut
1607 3271 1706 3305 abesse
1719 3294 1726 3307 .
1752 3281 1807 3305 aut
1819 3273 1874 3304 vix
1886 3270 1946 3305 esse
1959 3294 1968 3310 ,
1991 3273 2156 3319 invenies,-

1148 3312 1307 3345 continuo
1330 3311 1476 3353 putabis,
1502 3322 1555 3347 aut
1588 3316 1711 3348 nullam
1734 3313 1792 3348 esse
1824 3315 2116 3354 inflammationem
2140 3345 2154 3361 ‚

1147 3364 1203 3388 aut
1229 3355 1330 3387 levem
1345 3379 1352 3393 ‚
1377 3365 1478 3398 neque
1501 3367 1730 3401 gangraenam,
1753 3356 2025 3399 &sphacelumin
2039 3374 2151 3399 eorum

1147 3398 1206 3432 esse
1231 3397 1393 3431 intestinis
1413 3406 1480 3433 no'n
1504 3402 1589 3441 posse
1612 3403 1645 3434 in
1669 3400 1862 3443 quibusduo
1877 3404 1933 3436 illa
1947 3405 2151 3447 praeceffisse‚

1147 3453 1212 3475 non
1238 3441 1378 3475 videris.
1404 3443 1594 3484 Optandum
1619 3444 1688 3477 sane
1714 3443 1846 3480 fuiffet,
1870 3456 1906 3479 ut
1930 3447 2052 3481 Medici
2074 3462 2150 3487 cum

1148 3484 1236 3527 figna
1266 3483 1361 3524 huius
1393 3486 1664 3521 inflammationis
1690 3512 1696 3521 .
1729 3489 1760 3519 &
1790 3485 2013 3532 consequentis
2047 3493 2149 3535 ipsam

1145 3539 1324 3571 gangraenae
1333 3529 1568 3571 proposuerunt
1586 3542 1595 3569 3
1618 3530 1680 3564 hoc
1694 3531 1855 3565 monitum
1870 3543 1936 3566 non
1959 3535 2149 3572 omitterent

1145 3573 1180 3605 in
1206 3572 1323 3606 morbo
1345 3573 1403 3616 qui
1428 3584 1482 3616 per
1495 3572 1656 3608 fallaciam
1670 3574 1851 3617 ejusmodi,
1875 3587 1932 3610 nec
1947 3588 2044 3619 raro,
2068 3591 2148 3623 prae-

2033 3634 2107 3667 ceps

149 3788 166 3814 ζ
179 3795 194 3811 a
211 3787 226 3816 )
240 3793 264 3811 n.
283 3788 319 3810 16.
410 3784 424 3809 b
439 3784 453 3813 )
468 3786 504 3809 De
519 3782 594 3808 abdit.
611 3790 659 3808 rer.
675 3783 740 3809 caus.
757 3785 776 3808 l.
792 3790 813 3808 2.
830 3790 851 3808 e.
868 3791 907 3814 ις,
973 3784 987 3811 (
998 3790 1010 3807 c

150 3819 189 3845 (e
209 3817 291 3845 >Eph.
309 3818 342 3839 N.
361 3817 390 3839 C.
407 3817 467 3840 Dec.
487 3824 506 3839 1.
524 3814 584 3838 Obs.
605 3821 654 3844 ¹43·
715 3813 783 3844 (f)
799 3815 815 3838 l.
832 3821 852 3844 3.
870 3816 894 3841 S.
915 3822 939 3840 1.
955 3813 1015 3837 obs.
1034 3821 1072 3840 ιι.

152 3847 400 3879 (k)n.9.&x7.
462 3844 635 3876 (l)n.1i.
696 3844 875 3876 (m)n18.
936 3845 951 3875 (
998 3844 1012 3874 )

1021 3782 1035 3812 )
1052 3784 1149 3810 Differt.
1165 3784 1194 3810 de
1211 3785 1293 3809 Morb.
1310 3786 1365 3814 hep,
1379 3793 1413 3811 ex
1425 3773 1493 3812 anat.
1510 3786 1593 3811 deduc.
1612 3787 1638 3816 §-
1658 3794 1693 3818 ¹9·

1132 3816 1176 3845 (g
1194 3816 1206 3844 )
1223 3816 1279 3839 Obs.
1297 3823 1334 3840 ²1.
1354 3814 1378 3845 §.
1395 3825 1419 3847 4.

967 3853 983 3869 n
1028 3846 1046 3871 1.
1064 3853 1085 3872 ι.
1101 3846 1192 3873 consu.
1207 3846 1301 3873 Medic.
1318 3853 1368 3873 ιιι.

1755 3788 1770 3817 (
1786 3787 1802 3812 d
1821 3788 1828 3817 )
1844 3787 1899 3814 Vid.
1914 3789 2002 3821 supra,
2017 3798 2041 3817 n.
2059 3798 2097 3823 ις.

1480 3817 1654 3849 (h)n.a-5.
1716 3818 1932 3852 (i)n.10.11.
