2498 4075
463 118 529 173 66
991 114 1148 170 Liber
1181 115 1281 171 ΠΙ.
1315 118 1399 172 De

1437 116 1644 170 Morbis
1680 114 1893 172 Ventris

394 190 495 232 lidior
521 218 531 234 9
564 202 656 236 atque
679 191 758 226 adeo
781 194 922 228 albicans
946 216 956 232 ‚
988 193 1087 231 bilem
1109 197 1300 231 ‚continebat
1325 208 1402 238 pau·
1445 195 1574 239 sanguis
1598 196 1809 239 restagnabat.
1834 197 1893 230 Sed
1918 198 1949 229 δι
1973 196 2100 239 plures,
2121 207 2195 230 cum
2226 197 2294 240 post
2323 198 2441 234 immin

396 253 467 274 carn
487 240 610 274 coloris
634 239 773 270 maxime
795 238 913 276 diluti,
937 238 989 269 cui
1012 236 1123 272 similis
1157 242 1191 273 in
1226 241 1398 274 ventriculi

395 283 498 318 fundo
523 293 586 315 non
609 281 739 315 deerat.
765 282 890 315 Caetera
914 281 948 313 in
980 291 1091 316 ventre
1123 281 1194 317 sana
1219 307 1226 314 .
1359 285 1398 315 In

396 327 546 361 Thorace
570 324 735 366 pulmones
758 335 820 367 qua
845 324 1001 356 anteriora
1028 324 1230 367 spectabant,
1256 326 1365 368 pallidi
1389 339 1399 364 3

398 381 461 412 qua
486 367 639 404 dorsum,
661 378 700 400 ex
724 377 795 400 atro
828 368 980 408 purpurei
1005 390 1018 407 ‚
1053 370 1084 400 δι·
1117 369 1309 403 inflammati
1343 381 1398 412 ap-

397 419 596 455 paruerunt.-
628 409 751 444 disse-sti
786 418 892 442 autem
936 409 1075 444 multum
1121 411 1178 445 seri
1224 412 1397 453 emiserunt

392 453 529 498 spumosi
547 478 554 486 .
601 454 639 486 In
684 453 820 486 dextero
863 451 971 486 cordis
994 455 1177 488 ventriculo
1200 467 1295 498 parva
1319 468 1396 489 con-

390 500 493 534 cretio
517 496 693 541 polyposa3
718 499 751 529 in
774 494 898 530 finistro
920 495 987 538 ejus
1010 500 1239 533 tantummodo
1261 498 1395 532 inchoa-

391 551 560 576 mentum.

438 596 485 618 12.
511 584 670 618 Permulta
691 580 824 624 quidem
848 581 886 616 ad
931 581 1098 617 historiam
1142 584 1225 621 hanc
1268 585 1391 628 possent

389 627 571 663 adnotari.
612 626 669 660 Sed
694 626 866 660 brevitatis
911 628 996 660 ratio
1041 626 1184 661 habenda
1226 629 1269 663 est
1292 655 1300 669 ‚
1333 640 1390 662 nec

385 674 488 707 multa
533 669 721 711 attingenda
745 693 753 701 .
800 670 923 711 Largus
955 672 990 703 in
1023 668 1086 704 hoc
1126 671 1251 715 juvene
1273 696 1286 713 ,
1333 682 1390 705 nec

388 715 483 749 semel
528 715 696 750 iteratus,
743 712 905 755 sanguinis
950 715 1093 748 vomitus
1138 713 1246 749 faciles
1291 717 1394 760 expli-

387 768 478 792 catus
522 755 682 790 habuisset
721 766 762 788 >eo
798 755 953 797 *tempore
994 767 1060 798 quo
1082 769 1138 803 per
1160 769 1272 793 venam
1298 785 1307 799 ‚
1340 769 1393 792 vas

385 803 481 836 breve
527 799 680 836 ἀίἃεω,
725 809 763 831 ex
806 797 889 831 liene
934 799 1056 841 aliquid
1099 803 1189 835 mitti
1213 804 1245 835 in
1269 804 1393 837 ventri-

384 845 493 879 culum
525 864 534 879 ,
578 840 880 891 non-dubitabant
914 867 922 875 .
967 843 1025 875 Sed
1071 845 1275 889 posteaquam
1329 848 1392 878 cir-

384 887 527 923 cumitio
564 885 726 928 sanguinis
748 907 761 924 ,
794 887 824 917 &
856 886 1074 927 experimenta
1108 889 1200 922 aliter
1222 889 1360 923 docuere
1381 914 1391 928 ‚

381 932 476 966 aliter
512 940 643 974 quoque
681 927 722 961 est
768 939 816 960 res
858 929 1083 970 explicanda3
1128 943 1164 967 ut
1208 942 1285 974 puta
1309 955 1318 970 ,
1364 932 1387 965 si

381 976 562 1013 dicamus,
591 981 714 1015 quanto
759 971 864 1005 minus
905 972 1066 1015 sanguinis
1108 978 1141 1007 in
1183 976 1385 1010 obstruetum

381 1018 523 1062 splenem
579 1026 634 1058 per
676 1014 847 1062 coeliacam
889 1018 1041 1049 arteriam
1085 1018 1197 1052 inferri
1238 1018 1340 1062 potest
1375 1045 1385 1061 ‚

379 1071 476 1097 tanto
510 1059 580 1103 plus
614 1069 670 1101 per
701 1058 783 1092 alios
805 1058 948 1101 ejusdem
974 1061 1097 1094 arteriae
1120 1073 1225 1095 ramos
1249 1063 1287 1096 ad
1312 1073 1388 1095 ven-

380 1104 538 1139 triculum
569 1103 774 1144 importari,
809 1111 864 1136 aut
898 1102 1058 1145 sanguinis
1092 1116 1108 1138 a
1133 1106 1313 1138 ventriculo
1337 1116 1384 1138 re-

376 1148 486 1184 ditum
531 1158 585 1188 per
628 1157 683 1179 vas
726 1146 853 1184 breve,
897 1146 1046 1188 impediri
1091 1160 1107 1180 a
1152 1148 1279 1181 tumido
1303 1147 1384 1190 sple-

377 1203 419 1229 ne
445 1216 454 1231 ,
497 1201 551 1223 vas
596 1189 676 1222 illud
719 1190 805 1222 inter
850 1187 880 1225 se
904 1213 913 1229 ‚
942 1191 974 1222 δε
996 1199 1180 1231 turgentem
1204 1190 1285 1234 saepe
1308 1202 1385 1225 ven-

378 1233 536 1269 triculum
569 1232 660 1266 valde
694 1241 859 1275 premente
880 1243 894 1272 ,·
925 1242 961 1266 ut
1000 1234 1152 1267 alterutra
1176 1257 1186 1273 ‚
1221 1244 1275 1269 aut
1299 1245 1383 1269 utra.

376 1290 442 1323 >que
463 1300 476 1318 ,
512 1283 566 1309 aut
606 1276 669 1309 alia
704 1275 809 1318 aliqua
833 1298 844 1313 ‚
878 1275 992 1309 harum
1027 1287 1091 1310 non
1124 1278 1262 1311 absimili
1286 1280 1383 1312 ratio-

377 1334 418 1356 ne
449 1320 592 1362 intelligi
627 1317 722 1362 possit
748 1344 758 1359 ,
791 1318 974 1362 sanguinem
1010 1319 1070 1353 fibi
1104 1331 1143 1354 ex
1175 1322 1311 1355 vasculis
1335 1325 1384 1356 ni-

376 1368 440 1400 mis
472 1363 619 1397 distentis
651 1364 776 1396 exitum
810 1363 843 1395 in
880 1363 1052 1396 ventriculi
1078 1389 1089 1403 ,
1121 1364 1160 1398 ad
1191 1365 1225 1398 id
1257 1366 1383 1407 praeser-

376 1412 439 1446 tim
464 1405 635 1449 dispositi,
659 1417 774 1439 cavum
799 1408 944 1448 aperire.
1076 1407 1150 1441 Nec
1172 1408 1234 1442 tibi
1260 1409 1291 1441 id
1315 1408 1384 1442 for-

375 1462 410 1487 te
433 1452 556 1486 obstare
580 1449 729 1483 videatur
752 1448 841 1492 quod
858 1449 995 1494 Juvenis
1027 1449 1122 1492 huJ'ns
1166 1452 1384 1488 ventriculum

378 1496 488 1531 sanum
522 1492 614 1527 fuisse
636 1515 648 1531 ,
679 1493 840 1530 indicetur
865 1508 875 1531 3
910 1505 983 1528 nam
1009 1496 1191 1538 sanguinem
1214 1508 1268 1540 per
1289 1496 1384 1531 oscu-

366 1538 407 1574 'la
439 1540 579 1582 plurima
612 1536 746 1578 quidem
768 1560 780 1578 ,
814 1536 864 1571 sed
898 1538 1076 1572 tenuiffima
1098 1563 1110 1579 ‚
1143 1542 1227 1574 intra
1252 1540 1345 1575 illum
1373 1567 1382 1582 ‚

375 1582 556 1618 laxioribus
598 1578 732 1614 fortasse
776 1581 971 1615 instruRum
1017 1582 1105 1616 fibris
1137 1608 1150 1624 ‚
1195 1583 1287 1619 fuisse
1332 1586 1379 1621 ef.

374 1627 486 1664 fusum
510 1647 519 1662 ‚
553 1624 700 1667 putabis.
835 1624 936 1660 Quod
963 1625 985 1659 si
1009 1626 1143 1661 Veteres
1177 1628 1262 1670 ipsos
1284 1650 1292 1664 ‚
1325 1639 1380 1663 aut

374 1672 434 1714 qui
467 1670 540 1705 illos
574 1667 663 1719 sequi
696 1666 883 1710 aliquandiu
908 1678 1138 1711 perrexerunt,
1161 1670 1380 1705 disseffiones-

372 1726 436 1758 que
480 1712 632 1754 inspicias
674 1712 715 1747 ab
759 1709 830 1752 ipsis
873 1709 999 1745 habitas
1023 1733 1032 1749 ,
1064 1715 1150 1747 &in
1174 1713 1409 1756 Sepulchreto'

374 1761 466 1801 (g)
501 1755 651 1795 collet'stas
676 1780 685 1796 ‚
715 1765 828 1788 eorum
859 1756 915 1796 qui
940 1755 1032 1789 fimus
1056 1755 1151 1791 lienis
1184 1759 1269 1791 vitio
1292 1779 1302 1795 ‚
1348 1760 1380 1791 &

375 1804 505 1841 ¹vomitu
532 1800 694 1843 sanguinis
716 1799 967 1837 laboraverant3
1000 1799 1120 1833 nullam
1146 1810 1262 1842 praeter
1284 1813 1381 1835 unam

376 1853 389 1889 ς
413 1847 433 1882 h
457 1851 468 1887 )
497 1846 661 1883 invenies,
685 1855 754 1887 quae
779 1844 813 1876 in
838 1843 1018 1877 ventriculo
1041 1853 1096 1877 vas
1121 1844 1253 1887 aliquod
1279 1847 1384 1878 mani-

376 1891 453 1928 feste
498 1897 647 1934 apertum
682 1886 826 1921 ostendat
849 1911 857 1919 .
906 1885 1039 1929 Scripsit
1082 1887 1177 1926 illam
1222 1887 1384 1921 Riolanus

371 1937 462 1972 libro
493 1933 717 1977 Anthropogr.
752 1941 782 1963 2.
816 1931 864 1964 ibi
895 1930 1039 1965 indicato
1062 1953 1070 1969 ‚
1102 1942 1160 1965 nec
1185 1940 1293 1965 tamen
1316 1941 1383 1972 cap.

380 1990 432 2024 15.
467 1979 518 2013 sed
554 1987 603 2020 17.
641 1977 698 2010 sub
731 1974 829 2009 finem
853 1998 861 2005 .
893 1974 959 2008 Cui
982 1973 1113 2017 quidem
1137 1986 1203 2009 rem
1229 1998 1239 2014 ,
1272 1973 1324 2008 sed
1348 1982 1383 2007 ut

378 2023 477 2068 paulo
500 2030 573 2057 ante
596 2019 822 2064 explicabam‚
846 2016 941 2051 facile
976 2017 1106 2051 credam
1137 2017 1225 2059 quod
1260 2017 1298 2050 ad
1330 2027 1384 2050 vas

377 2069 476 2103 breve
522 2067 639 2099 attinet
685 2062 723 2097 ad
768 2062 896 2095 minimi
940 2061 1039 2104 digiti
1072 2061 1310 2095 crassitudinem
1333 2059 1384 2092 die

378 2114 516 2147 latatum
543 2121 553 2140 .·
597 2107 724 2142 credam
769 2106 867 2139 etiam
887 2127 900 2145 ,
942 2104 967 2138 si
1011 2105 1059 2138 vis
1091 2126 1101 2143 ,
1121 2107 1123 2111 '
1145 2101 1385 2147 deprehendisse

378 2159 413 2190 in
447 2153 662 2189 ventriculum
696 2148 782 2184 idem
823 2158 879 2181 vas
918 2147 1155 2191 adapertum³3
1199 2158 1385 2191 quanquam

379 2200 428 2234 ibi
457 2197 684 2241 procliviorem
721 2191 781 2227 esse
823 2191 921 2224 video
962 2192 1001 2226 ad
1042 2203 1077 2226 ea
1122 2191 1269 2234 augenda
1311 2203 1384 2234 quae

379 2244 471 2278 suam
504 2239 596 2274 istam
629 2236 822 2272 confirment
868 2234 1059 2268 sententiam
1095 2259 1102 2267 .
1143 2236 1254 2269 Mitto
1297 2235 1384 2267 enim

379 2285 470 2331 quod
505 2295 545 2317 ex
575 2283 621 2316 V.
654 2280 901 2325 Epidemiorum
934 2279 1022 2312 libro
1043 2279 1075 2311 ei
1099 2290 1196 2321 quem
1223 2277 1386 2320 sanguinis

379 2329 523 2365 vomitus
555 2325 768 2361 suffocaverat
803 2343 813 2359 ,
854 2333 929 2354 cum
962 2321 1059 2356 refert
1093 2323 1132 2355 ad
1166 2320 1305 2363 splenem
1349 2321 1392 2354 (θ’

380 2371 519 2414 deorsum
564 2368 700 2402 multum
727 2365 913 2408 sanguinem
942 2361 1086 2407 prodiisse
1109 2387 1121 2404 ‚
1160 2364 1244 2397 nihil
1289 2363 1384 2397 addat

379 2418 421 2452 de
443 2424 586 2455 congrua
609 2412 726 2444 horum
749 2408 922 2441 verborum
955 2408 1226 2448 interpretatione
1249 2430 1261 2446 ,
1293 2406 1381 2448 quasi

379 2459 490 2496 mallet
515 2480 527 2496 ‚
556 2456 594 2489 de
627 2453 787 2495 sanguinis
810 2452 894 2484 intra
929 2459 1075 2482 ventrem
1109 2451 1198 2483 exitu
1241 2452 1256 2487 (
1289 2461 1384 2492 quem

375 2504 587 2551 perantiquus
629 2495 698 2540 ejus
741 2495 819 2528 libri
864 2494 990 2526 Aufior
1011 2515 1022 2532 ,
1056 2493 1177 2536 quippe
1210 2501 1288 2526 tunc
1314 2494 1388 2527 inu-

380 2549 474 2584 sitata
498 2543 669 2578 hominum
694 2548 865 2576 anatome,
891 2536 1003 2570 vidisse
1028 2547 1092 2568 non
1118 2544 1242 2578 poterat
1264 2539 1279 2575 )
1309 2548 1387 2579 qua-

382 2592 406 2627 fi
440 2589 508 2623 haec
528 2612 537 2627 ,
569 2589 702 2627 inquam
726 2605 736 2620 ‚
767 2581 809 2615 fic
843 2579 953 2614 mallet
985 2579 1163 2621 intelligi,
1205 2590 1303 2622 quam
1347 2579 1386 2613 de

381 2632 547 2680 perrubris
571 2632 603 2663 in
627 2636 701 2661 cute
724 2624 857 2659 maculis
879 2647 892 2664 ‚
924 2632 960 2656 ut
984 2623 1144 2657 Vallesius
1168 2626 1178 2661 (
1202 2621 1247 2665 i)
1284 2623 1389 2666 expli-

376 2688 431 2713 cat
454 2700 466 2716 ‚
501 2675 539 2709 ad
583 2673 675 2706 lienis
708 2670 872 2712 regionem
895 2688 905 2704 ‚
936 2668 968 2699 &
1008 2664 1093 2700 infra
1129 2666 1357 2709 apparentibus
1379 2691 1387 2699 .

382 2724 459 2756 Hoc
484 2721 586 2761 igitur
611 2716 710 2748 mitto
732 2737 740 2744 .
778 2711 837 2745 Sed
869 2712 999 2743 mittere
1029 2719 1232 2752 nequaquam
1264 2709 1389 2752 possum

377 2763 469 2810 quod
491 2764 526 2796 in
548 2757 718 2796 Cardinali
731 2756 837 2791 Cibo,
860 2753 930 2796 post
954 2752 1091 2787 eundem
1114 2753 1277 2786 vomitum
1302 2764 1391 2786 mor-

384 2821 443 2844 tuo
490 2800 658 2846 natavisse,
683 2796 943 2839 ait,Valuerdam
965 2796 1018 2831 lib.
1038 2796 1148 2839 sexto,
1171 2796 1274 2838 capite
1297 2797 1389 2838 quin-

386 2861 420 2886 to
435 2831 619 2888 ‚'vide1icet
644 2842 804 2886 compreffo
826 2840 905 2874 liene
932 2839 1144 2873 ventriculum
1176 2839 1288 2880 repleri
1311 2839 1388 2882 san-

383 2895 477 2938 guine
491 2917 499 2930 ,
524 2890 578 2933 qui
598 2898 652 2931 per
673 2897 733 2920 vas
754 2882 846 2919 breve
868 2882 1072 2917 derivabatur
1093 2907 1103 2917 .
1141 2882 1256 2925 Neque
1300 2884 1387 2917 enirn

383 2935 567 2970 columbus
581 2957 590 2971 ‚
612 2931 669 2974 qui
692 2929 826 2963 cadaver
849 2926 1008 2967 secuerat,
1030 2925 1209 2969 quidquam
1230 2925 1269 2959 de
1293 2937 1388 2968 expe-

380 2981 525 3016 rimento
549 2977 607 3009 illo
630 2974 765 3015 attigit,
788 2979 824 3006 ut
846 2971 904 3013 qui
925 2981 994 3004 non
1016 2970 1107 3012 plura
1128 2968 1167 3002 de
1188 2981 1222 3002 ea
1248 2968 1387 3003 sestione

380 3024 478 3059 verba
502 3018 642 3061 scripsit,
664 3028 764 3059 quam
787 3025 858 3057 quae
880 3015 914 3047 in
938 3012 1148 3056 Sepulchreto
1170 3012 1221 3054 (k
1239 3015 1253 3052 >
1274 3013 1385 3056 legun-

381 3078 458 3102 tur:
482 3068 513 3099 &
537 3061 744 3097 Valuerdus,
766 3059 823 3101 qui
847 3058 982 3099 attigit,
1008 3059 1047 3091 iis
1070 3056 1173 3090 verbis
1204 3055 1276 3089 usus
1310 3055 1352 3090 est
1373 3079 1384 3097 ,

376 3120 416 3146 ut
438 3104 619 3151 compresso
641 3105 724 3137 liene
748 3126 758 3141 ‚
806 3102 1003 3134 ventriculus
1047 3101 1180 3134 interius
1202 3121 1213 3138 ,
1244 3110 1284 3133 an
1328 3111 1383 3133 ex-

383 3157 485 3188 terius
500 3150 652 3194 sanguine
675 3144 860 3189 turgesceret
881 3167 894 3184 ,
928 3144 1001 3177 satis
1024 3142 1144 3186 assequi
1168 3154 1234 3177 non
1268 3143 1383 3185 poffis;

383 3199 465 3241 quin
489 3193 673 3228 Sanetorius
696 3213 707 3230 ,
739 3189 795 3231 qui
820 3197 994 3228 utrumque
1026 3189 1203 3220 Auctorem
1238 3187 1384 3229 inspexe-

386 3252 438 3276 rat
462 3263 471 3278 ‚
504 3239 544 3271 sic
568 3235 729 3269 intellexit
754 3255 765 3272 ,
798 3240 833 3265 ut
865 3230 953 3276 quod
977 3231 1010 3262 in
1045 3229 1177 3264 Scholio
1222 3230 1347 3263 videbis
1372 3253 1381 3268 ,

383 3288 413 3319 ei
437 3281 596 3316 Columbi
621 3275 855 3311 Observationi
878 3274 1022 3316 subjeeto
1042 3297 1054 3314 ‚
1085 3273 1245 3316 scripserit
1271 3286 1280 3304 :
1313 3274 1385 3306 dum

384 3323 647 3369 comprimebatur
663 3320 782 3364 splenis
805 3317 910 3361 regio,
940 3317 979 3350 ad
1020 3316 1175 3360 orificium
1217 3316 1387 3351 ventriculi

1448 251 1525 279 nes,
1549 239 1739 282 lethalesque
1761 242 1885 274 cruenti
1908 240 2077 278 humoris,
2103 241 2440 286 autsanguinisipsius

1450 284 1594 316 vomitus
1615 282 1740 317 disseffi
1764 282 1860 317 essent
1883 294 1894 321 5
1925 283 2053 316 nullum
2076 286 2293 325 quaerentibus
2317 290 2438 327 aperti,

1450 335 1503 359 aut
1527 325 1606 359 erosi
1631 325 1709 359 vasis
1730 327 1889 360 indicium
1912 326 1947 358 in
1980 328 2162 360 ventriculo
2205 327 2406 363 ostenderunt
2429 339 2443 369 ,·

1448 370 1515 402 imo
1540 380 1593 402 vas
1616 369 1732 410 breve,
1752 370 1885 403 etsilien
1907 380 2000 412 aequo
2014 369 2192 412 essetlonge
2204 372 2441 413 major‚nimis

1447 414 1530 445 exile
1551 435 1564 452 ‚
1591 414 1624 445 ἃ
1648 412 1740 455 cujus
1761 413 1883 447 radices
1906 412 1945 445 ad
1968 413 2140 446 ventriculi
2166 417 2336 448 exteriores
2367 417 2442 458 qui-

1445 455 1518 491 dem
1541 477 1551 493 ‚
1583 457 1689 490 minus
1723 467 1800 489 vero
1829 457 1998 490 interiores
2042 458 2166 489 tunicas
2211 458 2441 498 pertinerent:

1446 498 1629 539 cujusmodi
1669 499 1919 533 Observationes
1963 501 2080 541 poteris
2103 499 2152 532 vel
2176 499 2209 531 in
2229 501 2440 543 ‘Sepulchreto

1444 542 1525 582 (l)
1549 543 1694 575 invenire
1718 568 1725 575 .
1762 544 1874 585 Itaque
1897 542 2024 584 sanguis
2058 553 2111 576 aut
2155 543 2195 575 ab
2238 543 2400 577 intestinis
2427 567 2437 583 ,

1443 588 1477 618 in
1499 597 1570 627 quae
1592 585 1768 629 erupisset,
1789 586 1942 619 dedutfius
1962 586 2028 624 est,
2054 595 2108 619 aut
2132 597 2186 627 per
2209 585 2279 619 vasa
2324 588 2440 622 bilaria

1441 640 1481 661 ex
1505 628 1641 671 hepate,
1665 629 1894 672 quod-maluit
1915 630 1984 661 Cel.
2010 631 2197 663 Swietenius
2219 631 2234 667 (
2256 640 2286 662 m
2307 633 2343 672 >‚
2367 642 2442 666 cum

1444 672 1478 704 in
1501 670 1542 705 fic
1569 682 1700 705 mortuo
1723 671 1854 705 lustrans
1877 683 1991 713 magna
2013 684 2086 706 cum
2111 683 2186 706 cura
2216 675 2326 707 omnia
2361 685 2438 708 ven-

1443 715 1503 748 tris
1527 715 1668 755 viscera,
1691 727 1746 748 nec
1771 716 1873 748 ullum
1896 726 1948 748 vas
1971 727 2125 758 ruptum,
2149 727 2205 749 nec
2230 716 2329 750 ullam
2362 718 2439 751 insi-

1444 768 1536 799 gnem
1561 759 1665 791 labem
1690 758 1824 801 usquam
1848 760 1957 800 potuit
1979 759 2233 802 deprehendere.
2280 761 2324 793 Et
2370 760 2441 794 sane

1445 802 1551 835 Praecl.
1576 813 1707 844 quoque
1729 802 1840 835 Budaei
1863 804 1877 840 (
1897 801 1952 843 n)
1975 812 2063 844 extat
2085 802 2280 836 Observatio
2304 826 2314 842 ,
2347 815 2362 836 a
2388 815 2440 838 me

1440 846 1519 879 alias
1544 845 1684 878 indicata
1699 867 1711 884 ‚
1734 847 1767 878 in
1792 844 1948 882 foemina,
1971 856 2042 886 quae
2066 847 2230 880 materiam
2261 847 2437 889 plurimam

1438 899 1515 922 cum
1540 887 1710 922 vomuisset
1733 887 1829 921 instar
1852 887 2015 930 sanguinis
2038 891 2243 931 congrumati
2266 915 2274 929 ,
2308 893 2340 923 &
2363 902 2438 924 cor-

1440 932 1555 974 rupti,
1576 933 1724 974 quamvis
1747 930 1980 973 ejusdemmodi
2004 935 2138 965 materia
2162 944 2216 966 vas
2239 934 2334 967 breve
2366 935 2437 976 ple-

1437 986 1515 1009 num
1537 998 1547 1013 ,
1582 978 1612 1008 δε
1639 976 1842 1010 crassitudine
1864 975 2007 1016 digitum
2029 973 2095 1008 fere
2117 987 2243 1017 aequans
2273 976 2402 1010 haberet
2426 998 2438 1015 ‚

1437 1019 1609 1051 ventriculi
1635 1029 1741 1052 tamen
1775 1018 1983 1052 substantiam
2007 1016 2071 1050 fine
2093 1018 2165 1051 ullis
2188 1019 2277 1053 venis
2308 1020 2439 1062 conspi-

1436 1063 1504 1094 cuis
1527 1060 1676 1096 exhibuit
1699 1087 1708 1102 ,
1741 1062 1911 1095 vesiculam
1936 1071 2042 1096 autem
2066 1059 2150 1095 fellis
2174 1073 2322 1104 magnam
2344 1084 2354 1099 ‚
2388 1075 2440 1096 ea-

1438 1105 1579 1146 demque
1602 1107 1736 1139 materia
1760 1105 1942 1147 turgidam5
1968 1113 2005 1139 ut
2027 1105 2175 1147 proclive
2206 1105 2244 1138 sit
2275 1106 2437 1148 intellige-

1440 1159 1496 1186 re,
1519 1148 1601 1182 unde
1624 1149 1690 1182 haec
1712 1151 1746 1181 in
1772 1149 1990 1182 ventriculum
2016 1170 2024 1184 ‚
2060 1150 2115 1191 qui
2155 1149 2292 1183 multam
2336 1153 2435 1184 etiam

1437 1201 1509 1225 tum
1533 1193 1722 1225 continebat
1745 1213 1756 1230 ,
1793 1191 1925 1226 venisset
1950 1217 1958 1224 .
1994 1191 2079 1235 Qae
2100 1192 2202 1224 nolim
2224 1205 2240 1225 a
2265 1204 2315 1225 me
2345 1193 2434 1229 diffisa

1437 1234 1545 1268 credas
1569 1260 1577 1274 ‚
1620 1235 1705 1278 quasi
1751 1246 1914 1278 nunquam
1958 1248 1977 1270 e
2021 1234 2092 1268 vase
2137 1235 2227 1269 brevi
2258 1260 2268 1275 ,
2313 1245 2438 1271 mutata

1434 1278 1475 1312 ad
1499 1287 1625 1320 tempus
1650 1302 1659 1317 ‚
1693 1288 1810 1321 praeter
1832 1288 2003 1317 naturam,
2031 1277 2192 1321 sanguinis
2225 1278 2403 1312 direetione
2423 1303 2434 1318 ‚

1434 1320 1537 1365 posset
1562 1322 1615 1356 hic
1639 1325 1671 1355 in
1697 1322 1912 1356 ventriculum
1936 1323 2115 1364 irrumpere
2131 1347 2138 1354 .
2183 1321 2303 1365 Neque
2348 1324 2436 1358 enim

1434 1376 1485 1398 me
1509 1364 1597 1408 fugit
1612 1391 1621 1403 ,
1645 1366 1713 1408 post
1736 1364 1899 1408 sanguinis
1923 1368 2086 1399 vomitum
2110 1365 2189 1408 quid
2212 1366 2246 1398 in
2281 1366 2435 1401 Matrona

1436 1409 1562 1451 Georg.
1588 1409 1725 1452 Wolffg.
1752 1409 1918 1444 Wedelius
1943 1413 1954 1449 (
1977 1421 1994 1443 o
2013 1412 2050 1449 )‚
2075 1409 2108 1441 in
2133 1408 2239 1442 Puella
2256 1408 2313 1453 Jo.
2346 1410 2436 1444 Dan.

1435 1452 1570 1486 Dolaeus
1594 1457 1646 1494 (p
1668 1456 1703 1492 )‚
1729 1453 1885 1495 Smngio,
1911 1455 1943 1486 &
1966 1452 2097 1486 Hillero
2121 1452 2236 1491 sociis,
2270 1454 2304 1484 in
2333 1452 2437 1495 Juve-

1435 1506 1475 1529 ne
1507 1506 1612 1530 autem
1644 1495 1862 1530 Hoffmannus
1893 1497 1981 1539 (q)
2013 1505 2176 1538 repertum
2221 1495 2403 1536 scripserint
2424 1510 2436 1532 ;

1432 1551 1568 1582 quarum
1593 1551 1653 1583 ego
1677 1540 1957 1573 Observationum
1984 1540 2133 1572 ultimam
2157 1539 2234 1572 alias
2258 1539 2321 1573 tibi
2345 1551 2436 1573 com-

1434 1585 1612 1617 memoravi
1638 1606 1648 1621 ‚
1683 1583 1760 1617 duas
1782 1591 1891 1618 autem
1914 1585 2033 1625 primas
2055 1583 2116 1616 esse
2160 1581 2281 1616 easdem
2327 1583 2438 1616 censeo

1431 1638 1510 1670 quas
1534 1626 1617 1670 apud
1641 1625 1802 1660 Stahlium
1825 1630 1839 1666 (
1861 1637 1877 1660 r
1899 1629 1912 1664 )
1935 1627 2069 1660 memini
2095 1625 2202 1672 legisse
2225 1650 2233 1657 .
2269 1626 2306 1659 In
2332 1626 2436 1669 singu-

1434 1671 1473 1702 lis
1497 1671 1535 1703 iis
1559 1670 1765 1703 cadaveribus
1788 1671 1852 1703 lien
1878 1678 1932 1702 aut
1956 1681 2049 1711 aequo
2072 1680 2177 1710 major
2200 1690 2210 1707 ‚
2244 1678 2298 1702 aut
2321 1671 2437 1703 durior

1434 1713 1498 1747 fuit
1522 1725 1532 1744 :
1565 1725 1618 1746 vas
1642 1723 1771 1755 quoque
1795 1713 1890 1746 breve
1914 1721 1969 1744 aut
1993 1711 2117 1744 crflffius
2138 1734 2153 1750 ,
2187 1721 2242 1745 aut
2287 1712 2439 1755 sanguine

1434 1768 1474 1789 ex
1497 1766 1585 1798 parte
1608 1755 1774 1797 turgidum
1791 1782 1800 1797 ‚
1833 1765 1888 1789 aut
1912 1755 2006 1796 nigro
2039 1754 2150 1788 saltem
2175 1756 2283 1788 colore
2305 1757 2339 1788 in
2364 1767 2440 1789 ven-

1434 1800 1548 1833 triculi
1572 1800 1782 1833 interioribus
1804 1799 2015 1840 conspicuum
2031 1822 2039 1837 ‚
2062 1798 2177 1841 ibique
2200 1800 2295 1832 ramis
2307 1808 2361 1832 aut
2374 1800 2440 1833 dis-

1435 1845 1561 1885 ruptis,
1587 1852 1641 1876 aut
1666 1854 1779 1877 eorum
1802 1843 1914 1883 aliquo
1939 1841 1981 1875 sic
2003 1843 2036 1875 in
2061 1842 2281 1876 ventriculum*
2301 1845 2437 1884 pervio,

1436 1896 1474 1919 ut
1498 1887 1576 1920 illuc
1600 1886 1739 1927 stylum.
1765 1895 1820 1920 aut
1844 1886 1963 1919 flatum
1984 1908 1995 1924 ‚
2031 1894 2086 1918 aut
2118 1886 2216 1919 etiam
2251 1886 2440 1928 sanguinem

1436 1929 1552 1962 leviter
1574 1928 1753 1971 compresso
1777 1929 1838 1963 illo
1862 1929 1932 1962 vase
1949 1955 1958 1970 ‚
1984 1927 2168 1962 admitteret
2195 1953 2202 1960 .
2247 1930 2319 1962 Etsi
2364 1941 2440 1964 vero

1437 1973 1556 2014 aliquis
1580 1973 1713 2006 minime
1736 1975 1886 2015 ignorans
1909 1994 1917 2008 ‚
1960 1983 2057 2015 quarn
2102 1983 2167 2006 non
2211 1971 2341 2007 difficile
2385 1984 2440 2015 per

1436 2017 1523 2049 laxas
1567 2017 1602 2048 in
1647 2016 1855 2050 cadaveribus
1886 2015 2100 2049 distentorum
2144 2017 2343 2050 ramulorum
2388 2026 2442 2050 tu-

1436 2060 1524 2092 nicas
1549 2069 1603 2093 aut
1627 2059 1725 2101 stylus
1751 2081 1760 2097 ‚
1805 2068 1859 2093 aut
1891 2058 2023 2102 impulsi
2070 2059 2166 2093 flatus
2190 2081 2199 2097 ‚
2247 2058 2441 2094 humoresve

1436 2103 1524 2135 viam
1565 2113 1638 2145 quae
1671 2112 1761 2137 antea
1807 2113 1870 2135 non
1916 2111 2039 2145 pateret
2063 2128 2072 2141 ‚
2117 2101 2177 2135 fibi
2212 2102 2327 2143 possint
2367 2115 2441 2145 ape-

1438 2147 1501 2179 rire
1535 2166 1544 2181 ³
1587 2145 1708 2180 dubius
1755 2145 1841 2180 forte
1886 2144 2008 2181 haereat
2052 2146 2085 2178 in
2129 2147 2281 2188 quapiam
2325 2145 2442 2182 harum

1439 2188 1716 2224 Observationum
1739 2202 1750 2227 3
1795 2199 1902 2223 tamen
1948 2200 2004 2232 per
2050 2200 2100 2222 me
2143 2201 2192 2223 eas
2238 2190 2301 2222 tibi
2326 2191 2444 2232 proba-

1438 2243 1471 2264 re
1496 2232 1590 2271 licet,
1614 2233 1794 2267 dummodo
1819 2234 2003 2267 memineris
2028 2257 2036 2271 ‚
2069 2244 2183 2276 paucas
2206 2230 2285 2270 esse,
2320 2233 2342 2266 fi
2367 2245 2443 2268 cum

1443 2276 1566 2309 caeteris
1589 2288 1843 2318 comparemus:
1876 2288 1933 2310 nec
1961 2275 2057 2310 facile
2089 2288 2163 2310 cum
2194 2276 2348 2311 Wedelio
2382 2278 2444 2310 lia-

1442 2318 1598 2354 tuendum
1622 2320 1681 2354 esse
1705 2323 1719 2360 (
1733 2320 1763 2363 s
1775 2323 1807 2360 )‚
1835 2318 2036 2363 frequentius
2079 2321 2239 2354 vomitum
2279 2328 2443 2356 cruentum

1441 2363 1518 2395 oriri
1541 2362 1669 2404 reserato
1688 2373 1722 2405 p.
1746 2374 1776 2396 n.
1800 2364 1873 2406 vase
1895 2363 2004 2397 brevi.
2027 2363 2101 2396 Nec
2124 2365 2275 2406 quamvis
2309 2363 2440 2407 respon-

1433 2405 1523 2438 deret
1568 2407 1602 2438 in
1647 2406 1802 2440 omnibus
1843 2407 1932 2450 quod
1975 2407 2009 2439 in
2054 2406 2195 2441 studioso
2220 2408 2348 2453 Juvene
2374 2410 2443 2440 ani-

1437 2449 1612 2482 madvertit
1645 2472 1654 2487 ‚
1688 2458 1779 2484 <tunc
1825 2449 2023 2492 potiffimum
2069 2452 2233 2484 vomitum
2278 2451 2443 2492 sanguinis

1438 2491 1541 2525 redire
1566 2514 1577 2529 ‚
1621 2503 1697 2525 cum
1721 2503 1803 2535 aeger
1825 2494 1859 2525 in
1882 2493 2048 2527 dexterum
2072 2494 2171 2527 cubat
2194 2494 2277 2528 latus
2300 2515 2309 2529 ‚
2355 2495 2444 2527 ideo-

1437 2547 1501 2577 que
1524 2534 1734 2571 decubitum,
1757 2545 1795 2569 ut
1818 2535 1882 2576 ipse
1905 2535 2060 2577 jubebat,
2093 2538 2127 2569 in
2172 2537 2336 2571 sinistrum
2381 2536 2442 2572 esse

1438 2577 1648 2612 necessarium
1665 2601 1674 2616 ‚
1696 2577 1770 2612 inde
1793 2577 1979 2621 sequeretur
1998 2602 2007 2617 ‚
2056 2590 2263 2623 prorumpere
2308 2581 2442 2623 sangui-

1438 2632 1512 2656 nem
1533 2634 1551 2655 e
1574 2621 1643 2655 vase
1666 2623 1779 2662 brevi,
1800 2622 1887 2665 quasi
1912 2621 2000 2655 nulla
2026 2622 2090 2655 alia
2111 2634 2226 2665 praeter
2248 2623 2355 2668 ipsum
2388 2637 2441 2657 va-

1440 2664 1472 2700 sa
1518 2666 1557 2699 ad
1603 2664 1760 2700 sinistram
1801 2666 1973 2699 ventriculi
1998 2667 2169 2699 attinerent
2194 2677 2318 2708 partem
2337 2693 2345 2702 .
2371 2669 2441 2701 Ve-

1441 2719 1514 2742 rum
1537 2709 1600 2742 sive
1642 2709 1706 2743 istae
1731 2733 1740 2748 ,
1786 2707 1849 2742 sive
1896 2709 1964 2742 aliae
2010 2717 2080 2742 tum
2116 2709 2277 2744 manifeste
2301 2714 2333 2744 in
2362 2724 2441 2744 ven-

1441 2752 1562 2786 triculo
1586 2763 1715 2795 pateant
1748 2752 1911 2795 sanguinis
1958 2753 2019 2786 viae
2044 2774 2053 2789 ,
2099 2755 2163 2786 sive
2186 2775 2195 2789 ‚
2239 2755 2328 2797 quod
2374 2757 2442 2798 ple-

1441 2807 1577 2839 rumque
1601 2796 1737 2835 accidit,
1762 2798 1895 2829 minime
1940 2804 2069 2838 pateant
2093 2809 2102 2833 3
2143 2809 2216 2830 nam
2262 2801 2358 2832 etiam
2405 2801 2438 2832 in

1438 2840 1690 2880 Petropolitanae
1713 2841 1847 2882 Inclytae
1870 2840 2055 2873 Academiae
2077 2841 2331 2876 Commentariis
2356 2847 2366 2881 (
2391 2850 2405 2875 t
2420 2845 2442 2881 ,)

1437 2882 1603 2918 hominem
1647 2883 1728 2925 leges
1774 2883 1935 2927 repentina
1980 2892 2085 2916 morte
2132 2884 2295 2919 sublatum
2341 2886 2440 2929 pleno

1436 2927 1573 2960 omnino
1627 2925 1788 2968 sanguinis
1841 2928 1984 2960 concreti
2030 2928 2212 2962 ventriculo
2246 2949 2256 2965 ‚
2301 2930 2331 2961 δι
2376 2929 2440 2963 hoc

1434 2968 1576 3012 perfhft'ae
1618 2970 1814 3012 integritatis
1838 2993 1846 3008 ‚
1893 2981 1967 3003 cum
2011 2970 2044 3003 in
2091 2969 2169 3004 liene
2214 2982 2229 3005 e
2252 2980 2358 3006 contra
2377 2984 2439 3014 pu-

1436 3012 1569 3046 tredinis
1613 3020 1689 3045 notae
1730 3011 1914 3055 deprehensae
1959 3012 2079 3047 fuerint
2103 3024 2114 3051 ς
2159 3013 2221 3048 five
2243 3015 2347 3057 igitur
2371 3029 2439 3050 ma-

1437 3053 1559 3090 nifestae
1593 3056 1763 3097 sanguinis
1810 3059 1869 3089 viae
1914 3058 1948 3089 in
1983 3058 2163 3091 ventriculo
2197 3067 2326 3100 pateant
2352 3084 2362 3099 ‚
2398 3060 2438 3093 fi-

1434 3111 1472 3132 ve
1515 3110 1581 3132 non
1626 3109 1753 3140 pateant
1775 3110 1785 3138 3
1830 3110 1863 3133 tu
1909 3099 2031 3143 semper
2075 3101 2113 3134 ad
2159 3101 2301 3144 aliquem
2336 3114 2375 3136 ex
2398 3105 2437 3136 iis

1432 3143 1492 3185 qui
1537 3154 1552 3176 a
1599 3154 1649 3175 me
1671 3164 1680 3180 ‚
1726 3143 1767 3176 ab
1813 3142 1924 3176 aliisve
1947 3145 2085 3178 indicati
2119 3143 2226 3184 sunt,
2267 3145 2397 3179 modum
2419 3169 2435 3186 ,

1436 3195 1490 3218 aut
1513 3186 1551 3219 ad
1573 3185 1772 3219 consimilem
1796 3195 1865 3220 tum
1889 3198 1967 3231 quas
2009 3190 2188 3221 memoravi
2223 3189 2438 3222 Observatio-

1436 3240 1489 3262 nes
1509 3252 1522 3269 ,
1554 3238 1624 3263 tum
1656 3230 1725 3262 illas
1748 3241 1879 3272 quoque
1902 3231 2078 3274 explicabis
2099 3240 2170 3274 quae
2209 3233 2243 3264 in
2290 3234 2436 3266 Seffione

1436 3272 1495 3306 hac
1540 3271 1736 3315 Sepulchreti
1763 3272 1855 3307 XVI.
1891 3278 1943 3313 (u
1966 3278 1977 3314 )
1999 3284 2188 3308 occurrunt
2233 3276 2324 3309 lienis
2368 3287 2433 3309 non

1439 3315 1534 3350 semel
1559 3316 1798 3351 intumescentis
1822 3343 1833 3359 ,
1878 3317 1931 3352 sed
1965 3319 2035 3361 post
2067 3318 2277 3361 largiffimum
2306 3321 2433 3395 ‹struenti

2322 3374 2389 3400 erl>

375 3480 2438 3501 „W

460 3559 539 3617 igidi
556 3555 739 3613 {deifegidoeiiss
752 3553 933 3609 ἓέειῗιεῗεςόἳιζῑ.
952 3554 987 3609 nt.
1002 3552 1115 3613 {Ap-bs.
1131 3560 1169 3583 ⁷³'

462 3630 474 3645 α
493 3624 499 3647 J
518 3620 623 3643 Earund.
639 3621 696 3643 Dec.
713 3625 732 3640 r.
752 3618 780 3639 Α.
797 3623 819 3643 9.
836 3614 892 3638 Obs.
913 3622 951 3637 20.

461 3659 471 3673 r
492 3652 498 3676 )
526 3649 619 3673 Dissert.
651 3648 680 3672 de
714 3648 779 3670 Vena
811 3646 875 3669 Port.
907 3650 975 3674 porta
1005 3646 1095 3670 malor-
1128 3646 1152 3670 S.
1182 3653 1207 3674 3-

435 3563 446 3616 ἕ

431 3623 448 3678 s

436 3681 452 3707 α
465 3688 481 3704 u
497 3679 511 3708 2
527 3680 552 3703 in
567 3679 644 3703 Schol.
661 3678 689 3703 ad
705 3676 764 3702 obs.
780 3683 816 3706 ις.
832 3675 857 3699 ἃ
875 3682 910 3704 14.

1230 3553 1242 3584 (
1259 3552 1269 3576 i
1285 3550 1294 3581 )
1310 3554 1451 3578 comment,
1470 3552 1494 3576 in
1511 3559 1566 3577 eum
1583 3553 1630 3576 soc.
1647 3558 1672 3575 n.
1697 3560 1731 3583 37.

1142 3584 1150 3613 (
1170 3591 1193 3608 m
1214 3584 1221 3612 )
1240 3585 1380 3609 Comment.
1397 3585 1422 3608 in
1440 3583 1524 3608 Boerh.
1542 3582 1603 3610 Aph.
1622 3582 1644 3612 §.
1664 3590 1719 3613 950.

1023 3615 1037 3644 <
1049 3621 1066 3644 p
1083 3615 1096 3643 )
1111 3614 1218 3639 Earund.
1235 3615 1295 3638 Dec.
1314 3621 1335 3642 3.
1354 3616 1382 3639 A.
1405 3624 1428 3644 ς.
1445 3616 1467 3638 8:
1484 3617 1506 3638 6.
1524 3613 1582 3647 Qbs.
1599 3621 1652 3642 ²57·

1270 3643 1337 3674 (s)
1369 3644 1428 3670 obs.
1458 3652 1498 3669 20.
1529 3649 1571 3668 cit.

1794 3555 1804 3579 <
1819 3553 1836 3578 k
1853 3553 1867 3582 )
1885 3552 1940 3577 Obs.
1957 3552 1999 3577 cit.
2016 3561 2053 3583 73.
2073 3553 2093 3584 §.
2110 3561 2133 3578 2.

1782 3587 1793 3610 (
1809 3585 1847 3613 n)
1866 3586 1926 3613 Eph.
1945 3586 1977 3608 N.
1998 3587 2025 3609 C.
2044 3587 2114 3609 Cent.
2134 3592 2150 3608 1.
2170 3584 2193 3608 δε
2209 3591 2232 3607 2.
2251 3582 2310 3608 Obs.
2333 3592 2384 3614 ως.

1634 3646 1647 3670 (
1663 3650 1674 3668 t
1692 3614 1896 3675 )(1qor)¹¹liile¹dic.
1914 3617 1970 3640 Rat.
1986 3617 2018 3641 T.
2038 3624 2063 3645 4.
2081 3617 2105 3639 Ρ.
2123 3623 2144 3639 2.
2163 3617 2185 3640 S.
2205 3623 2227 3640 ι.
2244 3621 2265 3639 c.
2284 3622 2309 3644 3.
2328 3616 2388 3641 obs.
2408 3624 2431 3642 2.
