2498 4075
361 235 513 303 Epist.
553 234 712 287 Anat.
739 235 959 290 ²Medica
993 234 1316 294 XXXVHL
1352 237 1472 291 Art.
1511 249 1587 305 53⁴.
1611 240 1754 303 54&
1778 245 1850 302 552

96 313 128 343 &
153 311 189 346 ad
213 313 297 348 latus
319 323 491 357 utrumque
515 312 743 351 seextendens,
770 322 806 347 ut
829 314 1003 357 plurimam
1013 325 1091 348 con-

95 355 395 400 cluderet'aquam,
417 359 523 392 colore
544 359 572 391 ei
597 357 733 390 similem
754 358 788 389 in
813 369 876 400 qua
899 368 973 391 caro
984 368 1091 391 recens

95 397 162 430 lota
185 400 247 438 est,
271 404 369 436 odore
394 403 563 434 teterrimo
585 422 594 437 ,
629 399 762 433 crassitie
786 411 890 434 autem
914 412 976 443 qua
1000 411 1088 442 parte

94 440 292 484 subsederat,
315 445 502 486 purulenta:
525 442 617 485 cujus
640 455 727 485 aquae
749 445 844 486 copia
869 440 1088 486 aestirnaripo-

92 486 158 517 tuit
182 485 220 519 ad
244 488 342 521 libras
364 489 497 529 triginta
521 497 584 520 non
609 496 674 519 tam
699 498 737 525 ex
760 498 793 520 ea
816 498 886 529 quae
910 488 941 519 in
965 488 1023 520 illo
1034 498 1088 520 ca-

92 537 132 559 vo
166 539 289 572 reperta
310 530 352 565 est
373 542 469 573 quam
502 542 538 562 ex
560 530 614 562 illa
636 540 708 571 quae
730 554 739 567 ,
770 529 855 563 erosa
878 529 977 564 ferme
1001 541 1016 563 e
1039 541 1089 563 re-

90 571 188 611 gione
212 576 383 608 ventriculi
403 597 416 614 ,
444 572 598 606 inferiore
621 573 692 605 cavi
716 573 897 606 membrana
919 596 928 611 ,
953 574 986 606 in
1011 584 1087 606 ven-

91 622 174 647 trem
208 616 236 650 se
265 616 419 651 effuderat
436 639 452 655 ι,
483 615 579 658 idque
602 617 687 650 circa
711 626 913 652 extremum,
935 617 1052 657 opinor
1078 636 1087 650 ‚

92 664 216 700 tempus
238 684 247 700 ‚
270 661 406 703 indeque
430 659 534 692 minus
558 659 721 692 tumidum
745 659 900 692 abdomen
925 658 1089 702 apparuis-

91 699 142 734 se.
167 703 329 737 Caeterum
354 703 521 745 peculiaris
553 703 607 734 ille
630 701 792 744 epigastrii
826 713 934 736 tumor
956 714 971 735 e
994 701 1085 736 firma

89 748 277 787 compactus
299 756 366 779 erat
388 769 397 782 ‚
428 746 568 788 duraque
593 745 786 784 substantia,
808 757 846 778 ex
870 746 943 778 albo
967 745 1049 778 flava
1076 769 1085 784 ,

88 787 122 818 in
148 800 209 830 qua
244 801 349 831 paucae
372 789 491 822 alicubi
523 790 654 825 cellulae,
670 789 827 822 adnotatae
851 788 921 822 sunt
946 812 952 819 .
981 789 1084 821 Mem-

89 830 196 866 branae
230 842 335 866 autem
359 843 470 865 cavum
502 833 748 874 complectentes
772 856 781 870 ‚
813 843 877 865 non
912 843 977 864 uno
1012 833 1085 864 loco

88 873 176 907 erodi
199 874 261 916 jam
284 885 448 917 coeperant
467 898 478 913 ,
512 878 543 908 &
568 875 742 919 nigrescere
766 887 799 907 ea
836 875 965 916 quidem
1003 874 1084 908 facie

87 927 150 956 qua
175 919 259 951 inter
284 920 312 951 se
335 918 563 961 respiciebant,
589 919 760 961 eademque
782 928 871 951 erant
894 918 1084 960 inaequales.

86 959 145 992 Sed
171 973 233 1003 qua
258 961 337 995 facie
361 962 543 995 membrana
567 961 702 995 inferior
727 959 890 1003 spectabat
915 970 1057 994 ventrem
1073 982 1083 996 ‚

86 1003 174 1036 laevis
197 1015 284 1043 erat,
308 1004 363 1038 nifi
387 1017 449 1048 qua
475 1017 545 1047 pars
568 1006 674 1048 aliqua
698 1006 845 1044 omenti,
869 1003 1010 1037 &Craffi
1035 1007 1083 1036 in-

86 1046 196 1079 testini
220 1049 257 1081 ad
283 1049 393 1085 illim,
418 1061 473 1081 nec
497 1047 623 1082 firmius
648 1058 774 1086 tamen,
798 1048 827 1080 se
851 1047 1082 1080 annestebant.

85 1089 165 1122 Erat
189 1102 317 1134 quoque
341 1090 415 1125 hinc
438 1102 512 1125 curn
537 1092 645 1124 eadem
670 1091 853 1123 membrana
876 1111 885 1126 ‚
908 1089 982 1123 inde
1005 1102 1081 1123 cum

85 1132 198 1165 infima
230 1135 416 1169 lumborum
442 1135 598 1168 vertebra
629 1145 791 1167 connexus
826 1133 961 1176 quidam
993 1133 1081 1176 quasi

84 1174 272 1211 funiculus:
296 1181 353 1220 qui
378 1176 547 1214 diffetstus,
571 1177 753 1219 sanguinem
776 1175 880 1213 fudit.
907 1179 1009 1210 Porro
1031 1178 1082 1209 in-

83 1218 195 1252 testina
226 1221 312 1263 quasi
333 1221 530 1256 inflammata
552 1233 561 1258 3
595 1231 762 1254 omentum
788 1231 886 1257 vero,
910 1222 940 1253 &
963 1221 1082 1253 ventris

83 1271 195 1299 caetera
219 1275 309 1298 erant
335 1265 425 1301 sana,
449 1264 470 1298 si
495 1265 582 1306 jecur
605 1265 746 1306 excipias
770 1264 909 1304 pallens,
931 1264 1080 1305 &aliqua

85 1317 122 1338 ex
147 1317 236 1347 parte
262 1308 320 1342 sub
343 1308 449 1341 cultro
471 1308 601 1341 stridens
620 1330 628 1343 ‚
654 1317 689 1340 ut
710 1306 731 1339 si
757 1307 892 1340 arenosae
916 1308 1081 1349 particulae

82 1349 168 1381 inter
193 1350 258 1391 ejus
282 1351 491 1385 substantiam
516 1351 655 1384 admistae
680 1349 798 1383 essent.

128 1403 179 1435 53.
204 1394 463 1437 Nunc-quando
487 1395 643 1436 hydropis
676 1394 844 1436 peritonaei
869 1392 1082 1436 Observatio-

82 1446 167 1474 nes3
198 1447 233 1471 ut
258 1437 449 1481 seponantur
473 1450 544 1479 quae
576 1438 783 1471 dubitatione
808 1433 914 1478 aliqu'a
940 1448 1005 1469 non
1028 1448 1080 1470 ca-

81 1489 153 1516 rent
173 1505 181 1520 ,
221 1480 294 1515 satis
318 1484 433 1515 multas
463 1481 616 1516 habemus
648 1492 725 1521 quas
756 1481 841 1513 inter
873 1479 902 1512 se
933 1477 1078 1513 confera-

83 1534 188 1563 mus;
221 1525 391 1568 aliquanto
423 1526 528 1558 minus
562 1523 691 1558 difficile
731 1525 775 1557 est
805 1523 843 1556 de
874 1523 962 1556 illius
1003 1535 1078 1557 cau-

80 1566 119 1599 fis
146 1589 154 1604 ‚
178 1578 291 1602 natura
317 1594 325 1609 ‚
357 1567 452 1610 signis
476 1589 485 1604 ‚
517 1569 683 1602 curatione
715 1566 859 1608 quaedam
891 1566 1045 1609 subjicere
1069 1591 1076 1599 .

80 1611 182 1650 Quod
216 1613 317 1653 igitur
340 1611 377 1644 ad
410 1610 515 1645 causas
545 1612 659 1643 attinet
683 1621 693 1647 3
728 1610 784 1643 ubi
815 1609 968 1644 Nuckius
992 1614 1002 1650 (
1025 1614 1077 1650 o)

78 1653 378 1697 lymphaeductuum
419 1655 640 1688 ramosinter
676 1652 837 1686 musculos
870 1653 1076 1691 abdominis,

78 1699 110 1731 &
144 1699 352 1739 peritonaeum
387 1709 494 1740 repere
520 1722 530 1737 ,
562 1695 652 1739 quod
683 1700 715 1730 &
749 1695 955 1730 Rudbeckius
989 1697 1078 1741 (p)

78 1741 240 1779 dixerat3
273 1744 341 1776 imo
382 1743 467 1774 inter
500 1741 664 1783 duplicem
700 1742 868 1781 peritonaei
900 1741 1074 1778 laminam,

77 1785 273 1818 luculentius
306 1783 537 1820 demonstravit
573 1810 582 1825 ,
621 1783 771 1825 illiusque
805 1784 986 1826 cogitatum
1030 1782 1077 1817 se-

77 1837 170 1861 cutus
193 1828 234 1861 est
257 1851 266 1865 ‚
298 1830 384 1871 quod
408 1829 569 1861 iisramis
601 1826 766 1860 obstaculo
790 1828 899 1869 aliquo
921 1828 1077 1862 interclu-

76 1872 135 1909 fis,
159 1871 347 1914 hydatides‚
373 1871 423 1905 his
447 1881 554 1905 autern
578 1874 680 1913 ruptis
701 1893 710 1908 ,
736 1869 881 1916 hydrops
904 1873 1075 1914 peritonaei

75 1916 269 1952 oboriatur3
292 1917 450 1950 continuo
475 1914 555 1948 illud
578 1925 709 1957 quoque
733 1913 849 1955 adjecit
873 1940 881 1955 ,
906 1913 965 1948 esse
987 1915 1075 1949 illius

74 1958 314 1993 interclusionis
338 1959 480 2000 periculo
504 1956 669 1991 helluones
694 1956 858 2003 speciatim
881 1958 1041 1991 obnoxios
1065 1983 1074 1998 ‚

75 2005 109 2036 δι
133 2002 278 2036 mulieres
302 2011 427 2036 uterum
451 2001 586 2034 ferentes
601 2024 609 2031 .
635 2002 795 2042 Utrisque
809 2002 895 2034 enim
918 2002 995 2036 hinc
1009 2013 1077 2036 mu-

73 2044 171 2079 sculis
194 2046 375 2079 abdominis
400 2056 515 2087 praeter
539 2044 671 2078 modum
694 2044 859 2085 extens03‚
883 2046 1001 2084 reniti,
1026 2047 1077 2078 in-

74 2089 114 2122 de
146 2101 222 2123 vero
248 2099 302 2123 aut
335 2089 553 2121 ventriculum
572 2112 584 2128 ,
619 2091 650 2121 δι
671 2088 845 2124 intestina,
870 2098 922 2123 aut
947 2098 1076 2123 uterum

73 2133 127 2166 sua
152 2133 352 2174 plenitudine
376 2131 557 2165 extrorsum
579 2139 688 2172 urgere
712 2153 722 2169 ‚
758 2141 795 2164 ut
817 2132 1002 2176 interceptis
1024 2135 1077 2166 in-

73 2186 123 2210 ter
154 2175 237 2210 hanc
261 2176 446 2219 pressionem
474 2199 482 2213 ‚
518 2178 548 2208 &
570 2175 663 2207 illurn
696 2175 842 2209 renixurn
865 2175 1075 2220 lymphaticis

73 2219 232 2258 vasculis,
258 2219 409 2261 proclive
426 2220 466 2252 fit
490 2218 583 2250 nobis
606 2216 808 2259 intelligere,
832 2221 998 2261 proximos
1015 2220 1075 2252 ali-

73 2275 156 2306 quos
180 2264 322 2305 ipsorum
347 2264 488 2295 surculos
512 2261 669 2294 retardata
682 2260 840 2302 lympha,
862 2262 998 2297 distendi
1014 2263 1073 2296 ali-

73 2310 206 2349 quando
230 2308 309 2339 adeo
332 2304 437 2346 posse,
464 2315 499 2337 ut
522 2303 694 2337 diffiliant.
720 2305 763 2337 Et
786 2303 899 2338 sanein
925 2306 1069 2346 pluribus

74 2361 113 2382 ex
144 2352 281 2384 laudatis
304 2348 598 2382 observationibus
622 2347 758 2389 legimus
778 2369 787 2384 ‚
820 2348 965 2383 accidisse
998 2361 1070 2383 eum

72 2394 254 2436 hydropem
289 2394 507 2433 complurium
551 2392 726 2425 liberorum
770 2392 926 2425 matribus
946 2416 958 2432 ,
999 2404 1068 2426 imo

70 2439 235 2471 nonnullis
272 2438 368 2479 paulo
393 2435 461 2477 post
492 2436 641 2467 abortum
666 2458 678 2473 ,
712 2434 762 2468 vel
786 2444 915 2477 partum
950 2436 1070 2470 diffici-

63 2483 127 2515 lem
143 2508 150 2519 ,
174 2492 209 2515 ut
234 2482 266 2513 in
292 2478 533 2512 Observatione
556 2477 692 2511 Kniselii
716 2481 729 2517 (
753 2488 771 2519 q
794 2482 804 2517 )
829 2503 837 2515 ,
860 2480 939 2520 quin
963 2481 1065 2513 etiarn

61 2526 193 2562 statim,
217 2534 270 2557 aut
294 2521 358 2556 fere
383 2521 489 2556 statim
517 2522 538 2554 a
556 2530 672 2564 partu,
696 2531 731 2554 ut
754 2522 789 2554 in
812 2521 1066 2558 Observationi-

61 2569 142 2606 bus,
167 2567 187 2600 si
214 2568 305 2609 plane
330 2569 465 2599 attinere
497 2565 559 2597 huc
583 2564 691 2598 credas
716 2588 727 2603 ‚
760 2564 918 2599 Dodonaei
945 2566 993 2608 (r
1015 2570 1028 2604 )
1052 2590 1061 2605 ,

62 2616 94 2646 &
118 2610 283 2645 Chomelii
310 2613 320 2649 (
343 2609 394 2651 '‘)
415 2634 422 2641 .
459 2609 581 2641 Verum
605 2617 639 2640 ut
672 2608 882 2650 gestationem
907 2610 990 2644 uteri
1013 2612 1064 2643 in-

64 2667 113 2689 ter
136 2654 229 2696 hujus
253 2653 410 2696 hydropis
431 2651 536 2685 causas
561 2647 655 2695 facile
680 2651 883 2686 admittimus
903 2665 914 2691 5
948 2651 990 2686 fic
1014 2664 1063 2686 ta-

66 2710 141 2733 men
165 2698 344 2739 intelligere
368 2696 452 2730 haud
478 2691 641 2737 possumus
661 2717 672 2733 ‚
697 2706 753 2742 cur
777 2693 829 2729 hic
854 2697 983 2730 morbus
1009 2699 1064 2730 vix

66 2742 162 2777 semel
185 2742 218 2774 in
244 2741 314 2773 aliis
337 2751 433 2781 quam
456 2739 489 2771 in
513 2736 680 2776 foeminis,
703 2740 741 2771 sit
763 2740 966 2774 observatus.
992 2740 1065 2774 Ne-

66 2798 130 2830 que
153 2785 238 2817 enim
262 2796 306 2817 eae
329 2794 439 2816 omnes
462 2780 602 2823 gravidae
626 2780 752 2814 fuerant
775 2807 784 2821 ,
808 2786 838 2816 δι
861 2783 975 2817 sterilis
999 2795 1063 2817 cer-

66 2840 100 2864 te
123 2828 178 2861 illa
202 2837 265 2861 erat
289 2825 326 2860 de
347 2838 410 2869 qua
434 2825 654 2859 Furstenavius
678 2828 689 2864 (
709 2825 734 2866 s
751 2827 782 2863 )‚
806 2828 875 2859 imo
900 2837 962 2858 non
989 2839 1066 2868 pau-

66 2885 111 2907 cae
145 2872 301 2913 Virgines
323 2891 333 2907 ‚
367 2879 403 2903 ut
437 2868 580 2902 historiae
614 2868 793 2901 monstrant
827 2868 1065 2903 Hoechstetteri

68 2919 119 2960 (t
135 2913 174 2956 )‚
198 2914 338 2947 Strateni
361 2914 382 2951 (s
397 2923 415 2944 u
439 2915 472 2951 )‚
497 2911 713 2945 Drelincurtii
737 2915 751 2951 (
773 2922 795 2945 x
816 2916 830 2952 )
848 2935 860 2952 ‚
892 2912 1065 2946 Schr‘ockii

65 2965 121 3001 (y
146 2961 182 2997 ),
207 2955 334 2989 Palfinii
361 2959 371 2994 (
395 2966 419 2997 z
442 2958 470 2994 ),
497 2955 626 2997 Hoyeri
649 2957 659 2993 (
682 2965 700 2986 a
722 2958 756 2994 )‚
780 2956 848 2988 imo
871 2958 968 2989 etiam
980 2958 1065 2990 Tul-

64 3004 112 3047 pii
137 3005 147 3040 (
171 2999 190 3034 b
214 3004 223 3039 )
245 3011 256 3037 5
287 2997 445 3039 descripta
469 2999 554 3031 enim
591 2998 630 3030 ab
653 2999 714 3030 hoc
749 2998 862 3032 mulier
896 2999 944 3033 vel
976 3010 1063 3033 ante-

65 3056 163 3091 quam
186 3044 318 3080 nuberet
340 3065 351 3081 ,
383 3052 400 3072 a
420 3041 534 3082 primis
567 3040 664 3083 usque
686 3042 775 3074 annis
797 3042 914 3084 semper
938 3043 1062 3077 vixerat

64 3100 135 3125 cum
159 3087 281 3121 ventris
300 3083 533 3125 intumescentia
556 3095 665 3126 magna
690 3107 698 3121 ‚
724 3093 758 3117 ut
784 3096 889 3118 narrat
914 3086 1063 3119 Meekre-

63 3135 136 3168 nius
160 3135 170 3170 (
195 3143 211 3164 c
236 3133 245 3169 )
268 3154 273 3160 .
300 3128 390 3161 Num
416 3128 514 3169 igitur
537 3127 573 3160 ad
597 3127 721 3160 causam
744 3128 832 3160 illam
856 3130 988 3162 alteram
1013 3142 1061 3163 re-

63 3178 227 3212 deuntes,
259 3171 313 3205 has
344 3181 455 3203 ornnes
486 3170 640 3212 Virgines
681 3171 893 3205 voraciffimas
932 3171 1025 3206 fuisse
1046 3196 1059 3213 ,

61 3216 380 3256 comminiscemur?
411 3213 468 3246 Sed
501 3225 601 3256 neque
635 3213 697 3247 hoc
731 3216 884 3254 vitium,
918 3215 976 3248 nisi
1010 3228 1060 3250 ra-

61 3276 100 3299 ro
125 3285 133 3299 ‚
165 3264 198 3294 in
232 3259 380 3292 foeminas
413 3257 499 3289 cadit
522 3281 530 3295 ,
574 3268 677 3299 neque
710 3259 847 3292 marium
869 3284 877 3298 ,
909 3260 942 3292 in
975 3271 1056 3301 quo.

61 3318 133 3342 rum
177 3303 357 3344 complures
402 3299 488 3334 cadit
514 3325 523 3339 ,
565 3301 622 3333 vix
666 3313 745 3334 unus
790 3300 891 3335 adhuc
915 3326 925 3340 ‚
970 3303 1058 3345 quod

61 3346 198 3386 sciamus
219 3370 229 3386 ‚
275 3347 424 3379 inventus
455 3345 500 3376 est
530 3344 587 3385 qui
619 3342 681 3377 hoc
711 3343 858 3388 hydrope
889 3355 1057 3388 correptus

61 3395 121 3429 fit.

102 3447 154 3480 54.
179 3432 344 3475 Conjicies
355 3427 505 3468 fortasse,
526 3428 650 3469 causam
664 3429 722 3463 esse
745 3430 920 3465 addendam
939 3433 1033 3466 aliam
1044 3457 1064 3474 „

140 3477 304 3519 Morgagni
315 3476 349 3508 de
363 3473 429 3506 Sed.
444 3470 579 3514 &Caufi
590 3472 691 3506 Morb.
707 3475 803 3507 Tom
820 3477 864 3508 Π.

1984 255 2072 307 113

1141 315 1310 349 mulierum
1343 316 1532 357 peculiarem
1555 339 1566 356 ‚
1599 316 1773 359 praesertirn
1805 326 1903 359 quam
1934 315 2143 353 Camerarius

1141 363 1151 398 (
1175 358 1194 390 d
1215 361 1229 397 )
1252 356 1372 391 indicat
1394 381 1406 398 ‚
1438 371 1512 393 cum
1535 360 1567 392 in
1586 359 1737 402 plerisque
1759 358 1900 393 omnibus
1933 358 2026 401 hujus
2053 373 2140 394 mor-

1139 402 1173 435 bi
1197 400 1338 435 historiis
1360 402 1465 442 legisse
1490 403 1518 435 se
1540 426 1549 440 ‚
1585 403 1629 435 ait
1644 427 1652 442 ,
1675 413 1778 436 utrem
1800 414 1866 445 quo
1890 414 1970 444 aqua
1992 405 2141 436 contine-

1139 445 1254 483 batur,
1276 455 1349 477 cum
1373 447 1455 477 uteri
1482 444 1676 486 potissimum
1700 446 1796 478 latere
1828 467 1838 483 ‚
1861 445 1965 488 ejusve
1989 449 2141 488 appendi-

1139 487 1231 522 cibus
1254 486 1344 520 fuisse
1367 499 1547 521 connexum
1571 510 1580 526 ,
1603 490 1711 531 itaque
1735 488 1765 521 se
1788 489 1821 520 in
1845 501 1879 522 ea
1901 500 1998 530 quam
2022 488 2141 522 descri-

1139 532 1214 570 bit,
1236 528 1370 563 foemina
1395 532 1468 564 inde
1492 532 1573 564 utris
1595 533 1756 573 originem
1778 531 1939 566 deduxisse
1961 559 1969 572 ‚
1992 534 2049 574 qui
2073 543 2139 565 non

1139 573 1216 609 alibi
1239 585 1327 616 aeque
1349 586 1447 608 nexus
1470 573 1572 614 esset,>
1592 586 1689 617 quam
1712 578 1745 607 in
1769 574 1837 607 sede
1861 576 1993 609 alterius
2013 577 2139 616 ova'rii,

1138 621 1168 651 &
1192 616 1276 651 tubae
1302 640 1313 656 ,
1347 629 1417 659 quae
1440 619 1505 651 duo
1539 617 1689 652 videlicet
1712 615 1990 651 desiderabantur.
2016 619 2067 652 Sic
2086 628 2142 652 et-

1139 662 1203 694 iam
1238 660 1340 702 postea
1363 659 1429 701 eJ‘us
1462 661 1565 695 Filius
1588 663 1601 699 (
1624 671 1638 693 e
1660 665 1674 700 )
1697 662 1825 694 alterius
1856 663 1938 694 utris
1977 660 2140 704 descripsit

1139 705 1271 736 initium
1304 714 1379 737 curn
1402 704 1541 737 dexteris
1574 705 1756 747 ligamentis
1793 707 1911 744 uteri,
1942 703 2141 745 dexteroque

1137 749 1251 780 ovario
1272 746 1474 783 obliteratis,
1499 748 1532 781 id
1556 748 1599 780 est
1622 759 1694 781 curn
1720 758 1830 780 eorum
1841 741 1930 786 sede,
1953 748 2140 790 reliquiisve

1136 801 1345 824 connexum.
1381 793 1490 824 Antea
1525 801 1631 824 autem
1666 790 1891 824 Meekrenium
1925 787 2009 833 (f)
2043 792 2140 824 video

1136 832 1222 868 idem
1254 835 1401 867 ovarium
1425 833 1578 867 deficiens
1613 832 1774 868 adnotasse
1795 857 1808 874 2
1841 834 1999 875 imoejus
2025 834 2140 868 tubam

1135 878 1168 909 in
1196 877 1404 917 peritonaeum
1419 902 1427 917 ‚
1449 887 1553 911 utrem
1576 876 1695 911 faciens
1716 901 1728 918 ‚
1753 876 1781 909 se
1806 877 2070 918 producentem,
2102 878 2140 910 in

1136 920 1280 962 illudque
1303 921 1547 962 degenerantem
1573 920 1729 963 pinxisse:
1752 920 1927 962 eodemque
1952 920 2012 953 hoc
2037 921 2140 965 verbo

1135 962 1227 1004 usum
1252 961 1343 997 fuisse
1364 963 1594 1008 Gahrliepium
1617 967 1671 1007 (g
1692 968 1724 1004 ),
1749 975 1824 998 cum
1847 966 1971 998 easdem
1996 968 2138 1005 particu-

1134 1008 1179 1039 las
1200 1028 1209 1043 ‚
1242 1006 1510 1050 interjectumque
1544 1008 1630 1043 tuba:
1665 1007 1878 1049 ligamentum
1902 1007 2068 1048 absumpta
2103 1009 2140 1041 in

1132 1049 1361 1083 continuatum
1386 1052 1597 1091 peritonaeum
1624 1074 1633 1085 t
1664 1051 1751 1092 quod
1777 1051 1883 1093 plures
1905 1051 2141 1090 complecteba-

1132 1103 1184 1126 tur
1211 1101 1294 1126 utres
1320 1117 1329 1131 ,
1361 1092 1557 1136 significaret
1579 1116 1586 1125 .
1615 1094 1755 1127 ,Omitto
1778 1096 1857 1127 alios
1880 1118 1889 1133 ‚
1921 1096 1955 1127 in
1980 1093 2028 1128 his
2054 1097 2139 1128 Lau-

1132 1136 1224 1169 bium
1247 1135 1304 1178 (h
1327 1139 1339 1174 )
1364 1148 1379 1169 a
1404 1149 1471 1178 quo
1495 1136 1669 1178 descriptus
1692 1137 1857 1178 peritonaei
1885 1136 2009 1178 saccus,
2033 1138 2140 1171 aliun-

1132 1179 1171 1213 de
1204 1179 1254 1211 vel
1278 1179 1351 1212 solis
1382 1178 1495 1223 digitis
1531 1178 1713 1221 separabilis
1737 1204 1746 1219 ,
1779 1180 1987 1214 firmiffimam
2022 1180 2139 1214 habuit

1132 1225 1215 1257 circa
1247 1222 1386 1257 fundum
1419 1225 1501 1257 uteri
1534 1225 1802 1256 connexionem:
1840 1225 1909 1257 imo
1941 1226 2040 1257 etiarn
2066 1226 2139 1258 Lit-

1133 1268 1234 1299 trium
1257 1270 1271 1306 (
1293 1268 1305 1300 ι’
1329 1270 1339 1305 )
1363 1266 1455 1309 cujus
1478 1267 1562 1300 sacci
1587 1267 1772 1300 membrana
1798 1269 1937 1300 interior
1960 1267 2048 1301 nullo
2073 1269 2139 1301 alio

1132 1308 1199 1343 suit
1222 1310 1440 1354 cum—viscere
1464 1322 1631 1350 connexa,
1657 1309 1713 1343 nisi
1738 1323 1813 1344 cum
1835 1320 1979 1344 extremo
2005 1311 2139 1345 sinistrae

1131 1353 1242 1393 tubae‚
1264 1365 1361 1396 quam
1384 1354 1443 1387 sibi
1466 1354 1592 1387 firmius
1617 1354 1742 1388 affixam
1775 1356 1820 1388 ita
1844 1354 2029 1388 distraxerat
2053 1378 2065 1394 ,
2100 1364 2140 1388 ut

1131 1398 1312 1438 longiorem
1336 1397 1436 1439 duplo
1460 1395 1646 1431 reddidisset
1670 1422 1678 1430 .
1704 1397 1761 1431 Sed
1786 1409 2031 1441 praetermrttere
2056 1399 2141 1440 Spo-

1130 1440 1222 1473 nium
1246 1444 1256 1479 (
1282 1440 1301 1481 l<
1324 1444 1334 1478 )
1360 1452 1483 1483 nequeo
1507 1464 1519 1481 >
1542 1452 1557 1473 a
1580 1453 1646 1483 quo
1669 1444 1911 1475 communicata
1936 1442 2143 1487 Observatio

1130 1483 1257 1517 saccum
1286 1483 1449 1524 exhibet}
1484 1495 1549 1517 non
1584 1484 1683 1517 modo
1705 1485 1744 1518 ab
1776 1486 1929 1519 omnibus
1963 1486 2139 1520 visceribus

1131 1525 1195 1560 sine
1225 1527 1419 1562 lacerati-one
1453 1527 1661 1570 separandum
1706 1539 1919 1572 praeterquam
1954 1529 1994 1562 ab
2027 1529 2141 1564 eadem

1130 1571 1208 1605 tuba
1241 1582 1379 1613 quacum
1413 1581 1477 1604 erat
1511 1573 1721 1604 continuatus
1745 1593 1756 1610 ‚
1803 1584 1917 1606 verum
1951 1574 2050 1607 etiam
2090 1572 2140 1607 ita

1131 1624 1206 1647 cum
1229 1617 1311 1647 uteri
1336 1626 1416 1648 cavo
1438 1615 1735 1648 communicantem
1760 1640 1769 1655 ‚
1804 1625 1840 1649 ut
1865 1628 1903 1649 ex
1924 1626 2018 1658 aegrae
2042 1626 2138 1651 natu-

1131 1657 1250 1690 ralibus
1283 1657 1407 1700 aliquid
1433 1657 1546 1691 affidue
1576 1657 1783 1692 destillaverit
1808 1658 1869 1692 seri
1901 1658 2141 1701 ejusdemmodi

1128 1712 1163 1733 ac
1187 1701 1294 1734 saccus
1323 1699 1390 1743 ipse
1414 1700 1451 1734 ad
1475 1702 1571 1735 libras
1606 1712 1734 1734 centum
1757 1705 1788 1735 &
1811 1702 2024 1745 quadraginta
2059 1716 2140 1738 con-

1127 1744 1252 1777 tinebat
1276 1759 1285 1782 3
1309 1746 1421 1787 itaque
1453 1745 1751 1778 communicatione
1775 1757 1831 1788 per
1863 1745 2029 1790 specillum
2053 1760 2139 1790 quo-

1127 1799 1189 1829 que
1212 1787 1404 1823 confirmata
1423 1810 1436 1827 ‚
1468 1789 1536 1822 veri
1561 1787 1663 1822 simile
1700 1788 1810 1822 visum*
1830 1790 1898 1830 est,
1920 1791 2035 1825 tubam
2062 1791 2138 1825 suos

1126 1831 1160 1863 in
1184 1830 1275 1866 sacci'
1290 1832 1423 1875 parietes
1449 1831 1631 1872 produxisse
1656 1856 1664 1864 .
1702 1833 1747 1865 Et
1772 1835 1977 1868 Camerarius
2000 1835 2137 1878 quidem

1128 1883 1218 1916 pater
1243 1897 1252 1912 ,
1285 1875 1340 1918 qui
1366 1873 1532 1918 plerosque
1564 1874 1683 1908 horum
1709 1878 1935 1910 nominaverat
1965 1902 1974 1917 ,
1998 1879 2136 1913 niodum

1126 1929 1255 1960 quoque
1279 1919 1392 1959 attigit
1410 1943 1420 1958 ,
1458 1918 1529 1959 post
1550 1920 1692 1961 aliquem
1725 1930 1764 1952 ex
1795 1921 2004 1956 nostratibus
2022 1949 2030 1962 ‚
2065 1935 2135 1965 quo

1128 1961 1226 1995 modo
1251 1960 1273 1994 fi
1298 1962 1419 1995 reditus
1441 1960 1603 2005 sanguinis
1626 1973 1664 1995 ex
1686 1963 1800 1998 ovario
1824 1966 1857 2002 in
1883 1976 1960 1999 vena
1987 1967 2136 2008 Spermaff

1128 2007 1192 2038 tica
1216 2005 1431 2047 praepediatur
1450 2028 1459 2041 ,
1492 2005 1587 2048 possit
1611 2017 1650 2039 ex
1674 2006 1733 2040 hac
1755 2030 1767 2047 ,
1799 2009 1920 2052 quip'pe
1943 2012 2029 2043 inter
2054 2009 2135 2045 duat·-

1127 2049 1294 2095 peritonaei
1319 2049 1450 2093 laminas
1473 2061 1601 2093 repente
1622 2074 1631 2089 ,
1667 2049 1768 2095 serum
1791 2052 1878 2085 inter
1902 2052 1985 2094 ipsas
2009 2054 2136 2090 secede-

1127 2102 1274 2139 reujuxta
1298 2095 1429 2127 Loweri
1454 2094 1499 2136 (l
1525 2098 1538 2133 )
1562 2095 1817 2135 experimentum
1846 2121 1855 2135 ,
1889 2106 1986 2139 atque
2011 2101 2056 2133 ita
2082 2111 2133 2134 eas
2173 2110 2175 2112 ’

1127 2135 1322 2184 sejungendo
1343 2159 1353 2175 ,
1388 2137 1512 2171 saccum
1548 2138 1728 2173 inchoare.
1764 2141 1854 2180 Quas
1877 2141 2137 2179 Observationes.

1126 2180 1181 2212 etsi
1206 2189 1294 2214 veras
1318 2181 1548 2223 agnoscamus,
1571 2182 1699 2216 causam
1723 2193 1849 2223 autem,
1873 2184 1895 2218 si
1919 2186 2014 2228 paulo
2033 2201 2131 2231 quam

1125 2233 1210 2256 nunc
1247 2223 1381 2258 fecimus
1399 2247 1412 2264 ,
1445 2228 1623 2260 accuratius
1647 2237 1845 2269 exponatur,
1868 2231 1899 2261 ἃ
1925 2231 2129 2272 probabilem

1124 2266 1284 2300 fateamur
1309 2290 1318 2305 ,
1352 2270 1383 2300 &
1416 2269 1453 2302 ad
1487 2270 1562 2303 alias
1596 2271 1695 2302 etiam
1729 2271 1902 2314 aliquando
1937 2285 2029 2309 venas
2072 2290 2130 2318 per

1123 2311 1254 2343 eandem
1288 2310 1391 2345 sedern
1416 2311 1629 2346 discurrentes
1661 2313 1827 2347 transferri
1862 2316 1948 2359 posse
1971 2341 1979 2356 ‚
2018 2321 2132 2355 videa..

1121 2365 1213 2390 mus3
1236 2362 1344 2388 tamen
1369 2356 1480 2388 ovaria
1507 2378 1516 2393 ‚
1542 2357 1655 2396 tubas,
1679 2368 1807 2391 uterum
1831 2360 1863 2392 in
1889 2359 1951 2394 hoc
1975 2362 2128 2407 hydrope

1120 2397 1184 2430 sine
1209 2398 1277 2431 labe
1302 2397 1412 2433 fuisse,
1438 2409 1491 2432 aut
1515 2400 1727 2441 intelligimus
1743 2424 1751 2437 ‚
1775 2412 1828 2435 aut
1853 2402 1968 2438 scimus
1994 2409 2028 2440 in
2044 2409 2126 2442 Hel-

1120 2440 1213 2482 wigii
1237 2445 1251 2482 (
1273 2452 1303 2474 m
1325 2444 1360 2480 ),
1385 2441 1524 2475 Kniselii
1551 2447 1561 2480 (
1585 2454 1605 2476 n
1626 2447 1641 2482 )
1661 2469 1670 2484 ‚
1695 2444 1804 2478 Pohlii
1828 2446 1877 2489 (ὀ
1901 2450 1915 2487 )
1938 2451 1973 2481 ὅτ
1993 2447 2123 2486 Media,

1118 2484 1179 2516 viae
1202 2487 1256 2526 (p
1278 2487 1291 2522 )
1314 2485 1613 2524 Observationibus
1635 2499 1642 2520 .·
1667 2490 1699 2520 &
1723 2487 1812 2530 quod
1838 2492 1938 2532 magis
1961 2493 1998 2526 ad
2023 2494 2125 2531 susce..

1116 2537 1209 2567 ptum
1233 2527 1410 2561 sermonem
1437 2530 1575 2567 attinet,
1600 2531 1634 2563 in
1658 2531 1744 2563 nulla
1768 2542 1808 2564 ex
1831 2538 2018 2570 memoratis
2043 2534 2126 2573 Virss

1115 2571 1245 2611 ginibus
1270 2594 1283 2611 ‚
1314 2570 1337 2603 si
1362 2582 1459 2605 unam
1482 2573 1625 2615 excipias
1645 2596 1656 2613 ‚
1689 2575 1811 2608 vitium
1835 2576 1980 2612 habuisse
2001 2603 2011 2618 ‚
2044 2595 2126 2617 con-

1114 2613 1195 2652 stat3
1220 2615 1289 2647 imo
1312 2616 1344 2647 in
1369 2614 1530 2657 plerisque
1556 2628 1619 2649 non
1646 2616 1786 2651 habuisse
1804 2641 1813 2655 ‚
1848 2633 1921 2654 cum
1946 2622 2016 2657 sana
2044 2638 2122 2660 ven-

1115 2657 1173 2705 tris
1198 2658 1306 2691 omnia
1320 2657 1414 2693 fuisse
1432 2659 1582 2693 dicantur
1596 2661 1736 2702 viscera,
1762 2662 1835 2696 satis
1859 2677 2007 2706 apparet.
2032 2671 2122 2707 Cum

1117 2710 1219 2746 igitur
1244 2701 1293 2735 hae
1317 2713 1374 2735 nec
1398 2702 1542 2744 gravidae
1568 2703 1688 2737 fuerint
1713 2728 1722 2742 ‚
1748 2715 1853 2748 neque
1878 2710 1910 2740 in
1938 2720 2030 2745 utero
2048 2736 2059 2751 ‚
2092 2728 2124 2748 e.

1116 2741 1205 2783 Jusve
1229 2745 1644 2789 appendicibusquidquam
1668 2747 1916 2792 gefferintquod
1941 2753 2015 2788 huic
2033 2769 2123 2791 mor-

1118 2787 1163 2819 bo
1184 2789 1344 2831 originem
1361 2813 1369 2829 ,
1389 2801 1461 2832 quae
1485 2791 1655 2830 peculiaris
1682 2791 1851 2826 mulierum
1875 2795 1970 2835 esset,
1996 2802 2121 2839 praebe..

1116 2840 1149 2862 re
1173 2833 1317 2873 potuerit
1340 2846 1350 2870 3
1386 2831 1590 2866 manifestum
1613 2834 1657 2866 est
1679 2855 1687 2870 ‚
1721 2836 1758 2867 ad
1783 2836 1859 2868 duas
1882 2850 1958 2880 quas
1983 2846 2121 2883 protuli-

1115 2884 1207 2910 mus,
1229 2875 1334 2908 causas
1359 2876 1434 2908 alias
1457 2877 1578 2917 aliquas
1603 2875 1675 2910 addi
1699 2887 1848 2918 oportere
1883 2891 1934 2914 aut
1959 2881 2118 2927 sequioris

1115 2918 1206 2950 sexus
1231 2920 1397 2960 proprias,
1422 2920 1522 2952 autin
1546 2930 1619 2953 eum
1636 2922 1755 2962 magis,
1781 2926 1921 2965 quamin
1945 2930 2089 2966 nostrum

1117 2961 1283 2996 cadentes.
2101 2957 2116 2974 ³

1162 3012 1212 3044 55.
1247 3004 1374 3038 Interea
1409 3004 1486 3039 dum
1519 3016 1554 3040 tu
1587 3009 1714 3040 caeteras
1746 3019 1866 3051 quaeres
1894 3037 1902 3052 ,
1946 3020 2116 3055 nonnullas

1115 3046 1183 3088 ipse
1227 3048 1445 3081 annumerabo
1480 3073 1493 3087 ,
1538 3048 1699 3092 sanguinis
1732 3053 1883 3087 videlicet
1925 3057 1958 3090 in
1991 3065 2114 3098 ventris

1111 3089 1278 3124 inferiores
1313 3100 1415 3133 partes
1448 3092 1577 3133 singulis
1610 3093 1766 3128 mensibus
1808 3098 1996 3135 conf-luxum
2019 3126 2031 3143 ,
2067 3109 2116 3140 vj..

1111 3133 1424 3169 tam-sedentariam
1453 3160 1461 3175 ,
1508 3136 1545 3169 ad
1577 3135 1645 3178 ejus
1678 3137 1820 3173 reditum
1853 3149 2112 3185 promovendum

1111 3178 1217 3210 minus
1240 3178 1388 3211 idoneam
1413 3199 1422 3214 ‚
1455 3178 1647 3213 debiliorem
1684 3182 1848 3216 muliebris
1879 3191 2025 3227 corporis
2057 3193 2114 3228 ad-

1111 3221 1215 3253 versus
1238 3222 1377 3254 internas
1403 3223 1582 3256 externasve
1607 3225 1781 3258 insalubres
1802 3228 1906 3264 causas
1929 3234 2074 3268 renixum

1108 3265 1140 3294 &
1173 3275 1245 3296 cuni
1279 3263 1339 3297 hoc
1375 3275 1479 3305 tamen
1511 3266 1721 3309 conjunfium
1751 3268 1912 3311 peffimum
1950 3285 2073 3312 morem
2098 3260 2111 3276 ⁹

1110 3308 1142 3338 &
1175 3318 1339 3349 nunquam
1373 3307 1446 3341 satis
1487 3309 1710 3352 improbatum
1735 3335 1743 3348 ,
1788 3323 1931 3348 ventrem
1966 3304 2111 3356 thoraci-³

1109 3348 1390 3399 busffiprresertim
1414 3351 1600 3388 durioribus
1625 3380 1632 3392 ,
1656 3365 1690 3386 ac
1717 3354 1951 3398 rigidioribus,
1974 3362 2115 3399 adstrjna

1110 3394 1227 3435 gendi.
1253 3394 1403 3434 Namque
1414 3404 1449 3428 ut
1473 3397 1509 3428 ad
1522 3408 1654 3436 caetera,
1679 3397 1717 3429 ab
1740 3397 1787 3430 his
1801 3399 1909 3437 illata,
1933 3404 2109 3443 detrimen-

1109 3444 1142 3468 ta
1158 3460 1167 3477 ,
1192 3449 1208 3470 a
1231 3437 1302 3471 Cel.
1323 3437 1519 3472 Winslowio
1543 3441 1606 3483 (q)
1631 3441 1869 3481 animadversa,
1892 3443 1955 3478 hoc
1977 3448 2105 3494 insuper

1952 3491 2063 3533 adjun-

58 3575 2106 3612 Q

201 3673 222 3689 c.
243 3672 266 3693 9.
285 3662 350 3692 supra
365 3662 393 3687 ad
410 3669 432 3685 n.
449 3664 486 3691 46·
503 3660 548 3686 cit·
615 3659 651 3692 (Ρ
665 3661 679 3690 )
696 3668 717 3686 e.
738 3671 759 3692 9.
777 3664 843 3693 supra
858 3665 888 3689 ad
906 3672 932 3689 n»
946 3673 985 3694 49.
1003 3666 1045 3691 eit.

241 3703 322 3724 n.5o.
385 3692 493 3720 (ε)εά
511 3700 589 3721 η.47.
652 3693 770 3721 (u)ad
787 3698 866 3724 n.46.

250 3733 274 3748 n.
291 3734 326 3750 50.
389 3724 402 3752 (
418 3732 429 3746 e
445 3723 458 3751 )
477 3722 527 3746 Aest-
547 3725 580 3746 N.
600 3723 627 3746 C.
645 3724 719 3747 Toni.
739 3732 760 3749 1.
776 3725 834 3750 Obs.
854 3730 907 3751 160.

254 3756 266 3783 )
285 3754 343 3779 [bid.
407 3754 419 3782 (
436 3754 445 3776 l
461 3752 473 3780 )
489 3753 561 3776 Tra&
590 3754 618 3776 de
634 3753 710 3777 Corde
727 3762 747 3779 c.
764 3762 786 3780 2.

168 3791 178 3814 >
195 3788 271 3811 Mem.
287 3785 318 3809 de
335 3784 430 3809 l'Acad.
448 3785 476 3808 R.
493 3785 532 3808 des
548 3785 585 3808 Sc.
602 3785 632 3808 A.
651 3791 717 3813 1741.

928 3697 943 3726 (
957 3704 971 3720 x
987 3696 1000 3724 )
1014 3698 1043 3721 ad
1060 3704 1084 3731 η.
1103 3704 1142 3726 49-

847 3755 856 3785 (
873 3756 927 3786 m)
959 3726 1038 3787 ((7ξέ
1057 3729 1144 3787 ‘envas
1153 3734 1245 3785 dinffis
1257 3768 1282 3785 n.
1299 3729 1350 3790 5(0.g
1365 3731 1408 3761 )(

1107 3664 1150 3697 (q
1166 3668 1180 3696 )
1195 3668 1237 3693 cit.
1254 3669 1320 3698 supra
1336 3670 1364 3694 ad
1382 3678 1405 3694 n.
1424 3679 1461 3702 5⁰-
1525 3674 1539 3703 (
1554 3682 1565 3697 γ
1581 3669 1595 3701 )
1611 3675 1625 3703 (
1641 3672 1656 3687 '³‘
1670 3674 1683 3702 )
1698 3675 1741 3699 cit.
1759 3675 1787 3699 ad
1805 3685 1828 3702 n.
1845 3681 1885 3708 48,

1205 3701 1596 3763 (y)(z)(ah))ag¹dn¹35503
1655 3705 1946 3741 (b)‹c)adn.4⁶,

1397 3766 1404 3793 (
1420 3770 1438 3793 p
1456 3764 1464 3792 J
1481 3763 1547 3793 supra
1563 3773 1586 3789 n.
1604 3771 1637 3792 52.
1654 3764 1680 3789 in
1696 3765 1735 3792 fin.
