2498 4075
353 225 505 291 Epist.
544 225 703 277 Anat.
740 223 955 277 Medica
992 221 1222 278 XLVH.
1257 223 1379 276 Art.
1399 223 1728 286 25.26.&27.

39 314 109 338 rum
131 312 168 337 ut
192 304 306 345 aliquae
318 316 447 339 mucum
469 304 508 339 de
529 314 596 346 quo
619 304 730 346 saepius
752 305 914 346 diximus,
947 312 1041 339 natu-

39 347 148 380 raliter
170 348 400 384 constitutum,
424 346 466 380 sic
489 346 635 390 quaedam
660 359 772 389 aquam
804 349 1015 384 continebant
1030 375 1038 382 .

81 401 133 432 25.
157 388 275 428 Vides,
299 400 334 425 ut
358 391 474 425 eaedem
498 389 642 424 vesiculae
666 393 695 424 &
719 404 846 426 niueum
863 392 954 425 illurn
969 391 1040 431 ,se-

37 433 176 468 cundum
201 442 348 469 naturam
373 435 401 467 se
423 434 572 469 habentes
591 456 600 470 ‚
624 434 911 478 &alia,inhisque
924 447 1038 477 aquam

36 477 58 510 {i
84 475 167 510 forte
191 478 313 513 vitiatae
337 477 396 512 sint
420 475 548 520 possunt
571 478 746 517 secernere,
770 478 835 513 sive
865 480 899 511 in
933 477 1036 513 fundo

35 520 140 559 uteri,
164 520 219 555 ubi
245 524 370 563 rarius,
394 522 456 554 {ive
478 521 512 553 in
545 521 669 555 cervice
690 543 704 561 ,
740 523 771 555 &
803 522 914 557 osculo
936 543 945 559 ‚
979 522 1034 555 ubi

35 562 141 596 multo
164 564 304 599 crebrius
326 564 587 606 conspiciuntur.
611 563 715 606 Cujus
738 564 775 597 ad
808 565 905 599 osculi
938 576 1035 598 coro-

32 617 128 645 nam,
153 619 168 641 a
190 608 252 650 q'ua
276 619 333 642 nos
355 607 603 643 excrescentiam
626 606 735 647 istam,
758 619 795 641 ex
807 607 948 641 vesiculis
959 620 1036 642 con-

34 651 189 690 stantem,
215 650 355 686 vidimus
377 649 577 693 pependisse,
610 651 770 684 attinebat
806 650 933 686 fortasse
968 664 1033 685 ma-

33 705 114 735 gnus
136 694 191 727 ille
214 703 346 731 tumor,
367 694 469 729 ”variis
490 692 566 727 Iocis
588 692 709 727 cellulis
731 693 848 736 aquofis
870 695 1006 736 repletus
1020 718 1033 734 ‚

32 748 128 779 quern
151 748 190 770 ex
212 737 409 779 genitalibus
432 737 576 769 mulieris
598 736 738 770 excisum
757 736 941 779 Ruyschius
963 736 1032 780 (b)

32 780 207 817 describit,
230 782 350 823 quippe
373 780 431 821 qui
456 790 492 814 cx
514 779 644 826 confinio
666 781 729 813 oris
753 782 857 821 uteri,
879 780 1034 814 sivecirca

34 823 118 858 uteri
138 834 171 856 os
194 825 351 859 internum
374 820 566 865 emergebat.
697 824 825 857 Fluores
858 833 963 856 autem
996 822 1034 856 de

34 866 149 907 quibus
173 866 235 907 ipse
261 866 410 902 hastenus
432 865 527 898 verba
538 864 599 901 feci
616 890 625 905 ‚
648 877 757 901 ornnes
769 877 807 898 ex
819 865 956 908 simplici
970 866 1036 901 sero

35 909 137 945 siunt.
163 909 315 949 Quorum
339 909 495 951 quidem,
519 920 621 950 neque
644 910 690 943 ita
724 921 795 944 raro
815 933 827 949 ‚
861 910 941 943 alios
975 910 1037 943 alia

35 955 159 987 ratione
182 953 333 992 abactos,
359 963 414 985 aut
439 951 529 985 valde
554 954 746 987 imminutos
771 951 860 993 scio,
884 953 968 985 iniis
981 953 1041 986 ali..

35 1007 132 1039 quem
143 1006 180 1028 ex
192 995 266 1032 albo
278 995 400 1032 flavum
412 995 545 1032 factum,
559 999 591 1030 &
603 1006 842 1035 contumacem,
851 1006 946 1038 quem
960 1007 1041 1038 aqua

36 1039 163 1075 sustulit
175 1064 185 1081 ,
208 1039 280 1073 data
305 1040 383 1074 bene
396 1039 597 1075 multosdies
611 1063 619 1078 ,
630 1051 692 1081 qua
702 1041 734 1072 in
747 1050 830 1082 aqua
841 1038 937 1074 herba
950 1038 1041 1081 sapo-

36 1084 123 1123 naria
147 1094 252 1118 recens
274 1083 366 1119 εοᾶει
378 1081 471 1122 esset,
495 1082 565 1116 usus
576 1094 707 1124 quoque
719 1083 837 1120 succini
860 1083 935 1120 albi,
949 1085 979 1115 3<
993 1082 1042 1114 vi-

37 1128 72 1162 nt
96 1135 190 1169 potus
200 1127 233 1160 in
245 1126 332 1170 quod
345 1127 512 1162 modicum
523 1124 641 1159 radicis
653 1124 742 1161 sarsae
766 1127 887 1168 parillae
903 1124 1044 1160 infusum

36 1171 163 1206 fuerat.
300 1170 400 1204 Nunc
425 1168 463 1203 ad
487 1179 540 1203 eos
563 1169 694 1204 ,Fluores
715 1168 941 1204 transeundum
967 1168 1010 1202 est
1034 1191 1044 1206 ‚

36 1217 70 1250 in
93 1213 210 1255 quibus
233 1212 336 1246 serum
358 1211 477 1246 defluit
501 1212 727 1255 purulentum.
744 1210 845 1255 *Qu
860 1211 1044 1256 siquemad-

37 1257 171 1292 moduni
195 1256 382 1299 plerumque
404 1256 528 1292 solent,
553 1266 593 1289 ex
614 1256 697 1289 uteri
720 1266 838 1292 cancro
850 1253 928 1289 fiant
954 1255 1045 1289 exul-

38 1311 168 1339 ceraro3
191 1300 381 1335 insanabiles
403 1298 475 1334 sunt
500 1298 549 1334 vel
573 1299 781 1334 interinitia.
805 1300 966 1342 Equidem
980 1310 1044 1331 me-

39 1345 119 1379 mini
140 1354 214 1378 cum
237 1354 298 1388 pro
319 1342 449 1386 juniore
469 1342 618 1384 generosa
645 1343 821 1383 Matrona,
857 1355 895 1377 eo
929 1342 1045 1379 morbo

38 1397 111 1424 ante
134 1388 239 1426 duos,
263 1384 348 1423 haud
372 1385 529 1429 amplius,
553 1386 673 1421 menses
695 1395 844 1431 correpta
868 1408 878 1425 ‚
912 1388 944 1419 δε
966 1384 1043 1427 'jam

38 1431 242 1466 vehementer
264 1430 456 1469 laborante,
480 1440 563 1472 ege,
585 1432 616 1464 &
640 1431 774 1470 Senior,
805 1440 868 1464 non
901 1429 1045 1472 vulgaris

39 1474 152 1510 famae,
175 1472 244 1515 ejus
269 1468 416 1510 Medicus
438 1471 572 1509 consilia
596 1472 836 1511 conferremus,
855 1471 946 1516 isque
983 1472 1047 1506 ser-

38 1520 143 1552 monis
167 1517 214 1552 sui
237 1515 323 1551 hunc
347 1517 442 1551 finem
469 1514 611 1554 fecisset,
636 1528 732 1558 grave
754 1516 885 1559 quidem
910 1513 969 1550 esse
983 1527 1047 1548 ma·

40 1563 131 1604 lum,
155 1560 206 1595 sed
229 1568 336 1595 tamen
361 1560 447 1604 quod
470 1570 575 1593 recens
600 1560 700 1601 esset,
725 1560 847 1602 aliquid
872 1560 1048 1594 aremediis

40 1604 249 1652 sperandum3
272 1604 430 1641 continuo
455 1613 505 1636 me
527 1601 569 1640 fic
591 1602 720 1637 dicendi
743 1604 879 1638 initium
903 1600 1010 1637 feciffe
1034 1626 1044 1641 ‚

37 1651 129 1692 quod
153 1646 211 1690 ipsi
236 1647 378 1689 aliquam
403 1646 488 1690 spem
513 1647 730 1692 relinqueret,
753 1646 786 1681 id
810 1646 892 1681 mihi
916 1657 1047 1680 omnem

39 1691 166 1734 prorsus
190 1690 350 1726 adimere:
373 1692 432 1733 qui
455 1690 542 1724 enirn
566 1701 632 1731 ejus
678 1692 779 1724 eneris
813 1690 945 1723 morbus
977 1699 1046 1724 tam

38 1737 127 1770 brevi
151 1743 296 1775 tempore
319 1743 427 1771 tantos
450 1732 630 1776 progressus
651 1701 836 1772 liabuiffet,
862 1733 923 1767 hoc
949 1733 1021 1775 ipso
1037 1756 1050 1772 ,

38 1776 161 1812 etiamsi
186 1777 314 1815 aliunde
339 1775 546 1812 insanabilem
569 1775 649 1814 esse,
684 1788 749 1810 non
773 1776 927 1811 constaret
942 1801 952 1818 ,
975 1777 1050 1810 satis

38 1822 224 1864 ostendere,
247 1821 276 1855 se
300 1821 452 1856 remediis
473 1820 626 1856 omnibus
649 1819 808 1863 majorem
840 1818 913 1853 fore
936 1845 943 1852 .
978 1820 1051 1852 Ne-

38 1876 101 1907 que
126 1876 160 1898 ea
183 1874 234 1898 me
257 1863 375 1905 fefelgiit
399 1864 540 1906 opinio,
568 1864 725 1903 muliere,
747 1875 807 1897 nec
830 1863 937 1896 multo
959 1862 1050 1907 post,

38 1909 101 1942 suis
126 1907 332 1943 acerbissimis
353 1906 573 1945 cruciatibus,
601 1905 727 1940 affiduis
749 1906 898 1948 vigiliis,
924 1906 1052 1940 &sero-

40 1951 79 1986 sae
106 1962 142 1984 ac
166 1948 283 1989 fuscae,
308 1952 469 1987 teterrimi
494 1949 624 1989 odoris,
649 1950 746 1985 saniei
771 1948 839 1991 jugi
877 1948 1015 1985 defluxu
1039 1972 1050 1987 ‚

39 1995 174 2037 aliisque
197 1993 343 2028 confecta
367 2015 377 2031 ‚
410 2004 482 2036 quae
516 1992 582 2028 fuse
615 2003 656 2027 ex
691 1991 878 2035 Archigene
912 1992 1052 2027 tradidit

36 2039 118 2074 olim
143 2039 258 2074 Aetius
280 2040 366 2078 (c),
390 2038 423 2070 ὃ(
448 2046 520 2072 ante
543 2035 632 2071 hunc
656 2037 772 2071 Paulus
804 2037 870 2080 (d)
894 2061 900 2067 .
947 2035 1051 2078 Cujus

37 2082 76 2116 de
99 2082 140 2115 iis
174 2080 272 2126 signis
317 2080 482 2124 prolixum
513 2080 623 2114 locum
655 2079 837 2115 describens
870 2079 1051 2115 Fridericus

37 2125 256 2160 Hoffmannus
277 2126 365 2165 (e),
387 2124 547 2157 memoria
571 2121 698 2163 lapsus,
721 2122 810 2165 quod
836 2123 870 2155 in
904 2124 945 2156 iis
977 2134 1043 2156 non

38 2169 81 2203 est
105 2168 290 2202 mirandum
313 2167 371 2210 qui
397 2166 501 2200 multa
526 2166 695 2204 scribunt,
719 2178 760 2200 ex
797 2168 928 2200 Aretaeo
958 2163 1018 2198 esse
1041 2190 1051 2205 ‚

36 2213 123 2249 dixit
146 2212 206 2247 lib.
219 2211 267 2244 ΙΙ.
291 2221 360 2253 cap.
375 2210 520 2244 LXVII.
542 2208 632 2251 quod
654 2217 751 2251 caput
774 2209 808 2242 in
819 2218 894 2243 toto
917 2209 1050 2242 Aretaeo

36 2253 193 2298 nusquam
215 2252 260 2288 est
274 2275 283 2291 ‚
307 2252 404 2296 hujus
428 2253 533 2286 morbi
558 2261 651 2290 notas
673 2261 876 2297 proponente
898 2263 967 2292 cap.
990 2253 1049 2285 XI.

37 2299 115 2332 libri
142 2297 190 2332 ΙΙ.
212 2297 252 2331 de
275 2296 391 2340 signis,
414 2297 445 2330 &
468 2294 565 2330 causis
586 2295 733 2329 diuturn.
759 2295 904 2330 morbor.
923 2295 1049 2329 Ibidem

39 2339 285 2381 Hoffmanuu5‚
317 2339 517 2380 Recentiores
549 2338 672 2384 quidem
699 2349 815 2382 parum
854 2337 932 2371 hanc
965 2339 1049 2372 uteri

35 2382 231 2429 affcfft'ionem
253 2382 366 2427 notasse
378 2406 391 2423 ‚
411 2383 545 2425 inquit‘3
571 2381 600 2415 se
621 2391 697 2415 vero
718 2381 885 2424 aliquoties
906 2379 1048 2424 observa-

35 2427 112 2476 visse
126 2450 137 2467 ‚
162 2428 267 2463 eadem
289 2427 411 2463 omnino
433 2426 574 2462 ratione,
598 2422 764 2467 iisdemque
780 2423 1048 2468 symptomatibus

36 2484 71 2507 ac
94 2482 132 2505 eo
155 2470 252 2514 quem
275 2470 308 2503 in
333 2468 433 2502 Paulo
454 2467 696 2506 indicavimus,
721 2468 796 2501 loco
827 2467 936 2501 exaste
968 2478 1047 2509 pro-

35 2516 188 2552 feruntur
203 2539 210 2546 .
235 2514 351 2546 Parum
376 2512 565 2545 notaverint
587 2510 660 2548 illi,
686 2521 784 2546 necne
800 2534 811 2552 ,
835 2510 909 2553 ipsis
942 2512 1047 2553 perle-

36 2560 121 2597 ἃῐε,
145 2556 362 2592 existimabis.
389 2554 477 2594 Mihi
501 2553 633 2597 quidem
659 2554 770 2596 saepius
781 2553 846 2588 visa
859 2552 922 2590 est,
946 2565 1045 2596 quam

34 2598 225 2638 voluissem,
251 2601 374 2643 quippe
397 2609 463 2632 non
487 2598 587 2632 modo
619 2596 810 2632 insanabilis
833 2619 843 2636 ‚
875 2596 928 2630 sed
960 2597 1048 2631 leva-

35 2655 109 2681 men
132 2644 187 2679 vix
210 2643 343 2685 aliquod
366 2642 401 2675 in
425 2641 591 2676 nonnullis
613 2641 789 2676 admittens
806 2666 816 2682 ‚
838 2641 872 2674 in
894 2641 1014 2683 quibus
1037 2663 1046 2679 ,

16 2691 175 2731 xsopitam,
200 2687 352 2728 vaginam
375 2686 479 2726 magis
503 2683 684 2724 afficiebat,
708 2683 758 2719 hae
790 2695 948 2726 namque,
973 2695 1046 2725 pau.

35 2735 82 2767 cis
105 2730 207 2765 unciis
230 2730 366 2764 recentis
388 2729 477 2762 laetis
501 2729 534 2764 in
559 2740 625 2772 quo
649 2728 830 2771 pauxillum
844 2727 985 2761 solutum
998 2727 1043 2760 es-

36 2775 83 2809 set
105 2771 354 2814 compositionis
376 2770 511 2815 alicujus
532 2774 647 2813 opium
662 2770 878 2805 habentis.in
903 2771 1044 2803 Rectum

34 2817 225 2853 intestinum
248 2813 306 2849 sub
328 2815 455 2849 noctem
488 2815 639 2856 injectis,
661 2815 791 2848 brevem
812 2813 944 2857 quidem
959 2837 968 2851 ,
993 2810 1044 2847 sed

34 2858 267 2905 optatissimam
289 2858 431 2903 quietem
451 2858 641 2901 capiebant.
667 2859 718 2891 Ex
740 2859 780 2891 iis
815 2867 920 2891 tamen
953 2867 1041 2899 quae-

35 2906 109 2940 dam
136 2903 222 2940 fuit,
244 2901 298 2936 cui
320 2902 425 2943 prima
448 2902 544 2939 noete
566 2900 650 2934 nihil
673 2901 705 2934 id
729 2899 876 2944 profuit,
908 2899 959 2933 sed
983 2911 1041 2941 po-

33 2947 143 2983 stridie
156 2969 169 2987 ,
192 2945 289 2986 idque
309 2944 508 2979 constanter.
532 2945 648 2979 Eidem
671 2942 693 2977 si
713 2945 829 2987 opium
849 2944 938 2977 dares
951 2965 959 2979 ,
980 2943 1040 2976 do-

34 2992 143 3025 lorum
164 2987 298 3032 quidem
320 2987 531 3021 remiffionem
545 3009 555 3026 ‚
578 2990 610 3021 &
632 2986 783 3022 somnum
805 2986 1003 3022 conciliabat
1026 3000 1038 3024 ς,

34 3035 86 3072 sed
111 3034 196 3069 hunc
221 3032 249 3064 is
272 3031 387 3065 mentis
411 3031 521 3074 stupor
543 3031 752 3074 excipiebat,
774 3040 811 3064 ut
843 3041 926 3072 aegra
959 3041 1037 3072 que-

34 3087 176 3113 reretur.
202 3076 298 3116 Signa
329 3082 437 3107 tamen
458 3097 471 3114 ,
505 3074 593 3116 quod
627 3073 666 3108 ad
696 3074 845 3108 Fluorem
880 3073 995 3107 attinet
1024 3096 1035 3112 ,

35 3132 134 3165 quem
156 3117 355 3162 potissimum
387 3116 441 3151 hic
472 3116 651 3158 spectamus
674 3139 684 3155 ‚
721 3115 953 3159 nonnunquam
998 3128 1038 3151 ex

34 3173 126 3208 parte
149 3163 241 3196 varia,
259 3160 366 3195 fiunt«
391 3159 680 3205 LegefieGraafiii
704 3153 775 3203 (f)
823 3159 1036 3194 Observatio-

36 3221 133 3248 nem,
155 3216 229 3240 cum
250 3202 437 3238 dissectione
459 3205 689 3245 conjunctam,
712 3215 811 3247 quarn
834 3205 868 3237 in
890 3203 1034 3237 Sectione

36 3255 97 3292 hac
144 3246 342 3291 Sepulchreti
370 3247 521 3283 XXXVI.
554 3246 698 3285 omissam
734 3248 793 3281 esle
813 3270 826 3288 ,
857 3247 1036 3290 plurimum

37 3299 138 3336 miror
152 3319 159 3327 .
182 3290 319 3326 Videbis
329 3313 343 3330 ,
365 3290 551 3324 acerrimam
566 3290 697 3333 quidem
707 3314 718 3331 ,
742 3291 793 3327 sed
806 3291 940 3324 concreti
952 3288 1040 3323 albu-

36 3340 134 3379 minis
156 3337 247 3377 instar
270 3333 457 3370 albicantem
499 3335 664 3367 materiam
711 3346 751 3368 ex
782 3343 874 3369 utero
908 3334 1041 3375 undique

37 3393 93 3424 aut
116 3381 291 3419 exulcerato
313 3385 370 3411 aut
385 3375 540 3421 scirrhoso
571 3379 603 3409 in
636 3378 784 3420 vaginam
816 3375 1006 3411 descendisse
1032 3401 1039 3408 .

38 3433 111 3468 Aut
135 3425 237 3467 relege
260 3421 431 3459 historiam
455 3433 471 3457 a
495 3419 589 3455 nobis
612 3421 754 3464 Epistola
783 3421 937 3455 XXXIX.
963 3420 1038 3464 (g)

94 3683 106 3708 (
120 3682 161 3715 b)
175 3680 246 3706 Thes·
265 3682 344 3707 Anat.
361 3682 387 3707 81
402 3688 432 3706 n,
445 3687 500 3705 ma.-
561 3680 576 3708 (
590 3685 602 3702 c
617 3677 630 3706 )
645 3678 744 3703 Tetrab.
759 3686 787 3708 4.,
805 3679 881 3712 serm.
899 3687 921 3706 4·
941 3686 964 3703 e.
983 3685 1022 3707 οφ

94 3713 108 3741 (
124 3722 136 3737 a
158 3715 165 3740 )
180 3711 275 3737 Medic.
295 3711 418 3736 Rationis.
435 3712 512 3736 Tem.
527 3718 550 3739 4·
569 3711 594 3733 Ρ.
613 3717 633 3733 1.
651 3710 675 3733 S.
691 3716 716 3733 2.
730 3716 753 3734 e.
770 3715 806 3733 ιο.
824 3716 848 3732 ιη
864 3708 922 3733 thes.
940 3710 1063 3739 patholog.
1079 3710 1097 3733 Ε.
1114 3711 1138 3734 8.
1198 3707 1214 3731 ί
1225 3706 1242 3738 f

93 3744 108 3772 (
124 3742 139 3767 b
154 3743 168 3771 )
183 3741 256 3770 Epist.
276 3750 313 3771 5²·
330 3749 352 3765 n.
370 3750 390 3765 ι.
409 3742 432 3766 δε
447 3745 471 3766 6.
532 3741 571 3770 (i
588 3744 596 3767 )
612 3739 673 3768 Eph.
692 3740 728 3763 N.
744 3740 775 3764 C.
792 3742 849 3764 Dec.
866 3746 888 3768 3.
905 3742 935 3764 Α.
952 3749 972 3770 5.
989 3742 1011 3764 δι
1027 3743 1052 3764 6.
1070 3739 1130 3764 obs.
1152 3743 1202 3764 ¹26.

92 3774 100 3800 <
119 3774 129 3796 Ι
146 3772 155 3804 )
171 3772 277 3798 Earund.
294 3774 364 3797 cent.
381 3780 401 3801 ς,
418 3770 478 3796 ΘΜ.
497 3775 534 3801 65.
597 3771 604 3799 (
621 3778 644 3792 m
661 3769 671 3799 )
687 3777 712 3793 n·
731 3777 768 3796 2¹.
798 3769 807 3775 “
828 3772 842 3798 (
858 3778 874 3794 n
891 3770 904 3798 )
921 3779 945 3794 n.
962 3774 999 3801 36.
1060 3771 1073 3799 (
1090 3780 1102 3794 ο
1117 3772 1130 3799 )
1148 3778 1173 3795 n.
1190 3777 1227 3799 ²3-

92 3803 134 3857 {r
152 3806 159 3834 l
175 3810 251 3859 ¹1¹3?-
314 3805 327 3831 ε
341 3802 381 3834 I>
397 3802 468 3832 Epist.
487 3810 522 3828 12.
542 3810 567 3826 n.
584 3808 607 3829 3-
626 3800 647 3824 ὅ(
665 3801 708 3828 Ep.
726 3807 765 3831 23.
783 3800 902 3831 n-11,·&
918 3803 960 3831 Ep·
979 3810 1016 3831 43.
1033 3809 1057 3825 n.
1079 3806 1115 3827 16.

120 3841 135 3855 x
152 3836 160 3863 )
210 3842 215 3857 ι
236 3850 240 3856 .
259 3841 281 3857 n.
300 3840 338 3868 ²}-

1922 236 2017 286 223

1093 303 1153 336 tibi
1177 302 1387 343 descriptam„
1412 300 1654 344 Ampliffimum
1698 299 1857 335 scii-rhum
1900 301 1934 340 in
1968 301 2092 335 cervice

1091 347 1197 385 uteri,
1221 348 1252 378 δι’
1277 348 1391 388 vagina
1426 344 1526 379 ferme
1551 352 1621 378 tota
1645 345 1864 379 exulceratum
1888 343 1979 378 fuisse
1998 366 2010 383 ,
2041 345 2093 376 in-

1092 389 1238 431 telliges,
1264 390 1304 421 sic
1330 398 1364 422 ut
1388 401 1425 422 ex
1447 389 1587 422 ulcerum
1611 390 1709 423 certis
1743 387 1888 431 partibus
1922 388 1994 422 alba
2038 386 2092 421 de,

1092 431 1353 477 flueren-,aretia
1377 431 1474 474 posset
1499 457 1509 472 ,
1544 442 1583 464 ex
1605 432 1731 475 magnis
1766 442 1873 465 autem
1904 427 2092 474 profundis-

1089 487 1152 518 que
1174 486 1242 519 ejus
1265 476 1386 517 generis
1411 475 1572 510 ulceribus
1594 486 1723 519 gravem
1745 476 1880 510 odorem
1904 480 2093 518 perceptum

1087 518 1145 555 effe
1168 519 1292 552 nullum
1306 542 1314 551 .

1129 564 1178 595 26,
1205 563 1286 595 Eam
1310 573 1371 603 ego
1394 562 1561 596 historiam
1587 563 1620 599 in
1643 573 1706 604 qua
1728 562 1765 595 de
1791 562 1863 600 his,
1887 574 1958 605 quae
1992 559 2096 596 modo

1085 607 1338 640 commemoravi
1365 605 1435 647 post
1457 606 1620 648 sanguinis
1644 604 1838 647 profluvium
1860 629 1870 644 ,
1904 605 2097 640 muliebrem

1086 650 1261 686 Fluorem,
1286 650 1316 680 δε
1337 650 1509 682 exulcerati
1533 651 1565 682 in
1591 657 1687 682 utero
1707 650 1815 682 cancri
1848 651 1966 682 indicia
1990 648 2095 681 sermo

1083 692 1142 731 fit,
1165 691 1228 725 huc
1253 702 1339 725 eram
1373 692 1510 727 libenter
1545 692 1724 731 dilaturus,
1748 690 1805 724 nifi
1839 694 1922 724 inter
1958 692 2094 725 Ventris

1085 738 1233 769 internos
1257 735 1418 768 Tumores
1450 736 1496 769 ibi
1533 734 1706 778 producere
1742 734 1963 772 oportuisset.
2007 735 2097 768 Aliaa

1084 789 1215 820 quoque
1241 789 1318 811 rneae
1341 774 1505 813 erosarurnl
1527 778 1735 813 muliebrium
1761 778 1905 813 Partium
1930 776 2098 810 Observa-

1085 825 1189 855 tiones
1212 821 1265 856 hic
1291 821 1442 854 haberent
1466 823 1599 861 locum,
1624 822 1656 854 ni
1682 820 1780 854 satius
1802 819 1875 855 esset
1900 821 1968 854 alio
1999 822 2013 858 (
2036 818 2055 851 h
2080 822 2095 858 )

1090 865 1263 900 reservare.
1291 865 1415 899 Interea
1439 866 1576 899 aliorum
1599 864 1749 906 quasdam
1765 887 1776 904 ‚
1804 877 1817 896 a
1843 874 1899 902 te,
1923 863 1953 896 ,ss
1987 862 2065 896 velis

1088 908 1296 950 Sepulchreto
1321 908 1495 952 addendas,
1519 886 2100 949 Observationesindicabo.Quaesi

1089 951 1247 994 perleges,
1272 953 1410 993 reperies
1433 953 1466 984 in
1491 954 1531 985 iis
1556 952 1728 987 omnibus,
1758 951 1826 993 post
1850 951 1934 983 uteri
1956 949 2100 983 haemor-

1091 994 1238 1036 rhagias‚
1262 997 1294 1027 &
1318 995 1483 1035 purulenta
1509 993 1672 1037 profluvia
1695 993 1885 1036 suppuratos
1910 995 1943 1026 in
1976 1004 2013 1026 eo
2047 998 2104 1026 tu—‘

1092 1049 1216 1076 rnorem
1241 1047 1296 1071 aut
1320 1037 1424 1070 ulcera
1447 1036 1639 1080 deprehensa
1663 1036 1723 1070 esse
1740 1061 1747 1069 .
1774 1039 1824 1073 Sic
1860 1036 2103 1069 Maximilianus

1096 1080 1252 1115 Preuffius
1276 1079 1332 1122 (i)
1355 1081 1442 1114 inter
1463 1081 1562 1122 cylles
1577 1107 1584 1119 ‚
1609 1081 1719 1114 uxoris
1742 1079 1802 1113 suae
1822 1080 2104 1121 uterumimplem

1096 1134 1143 1159 tes
1156 1149 1171 1167 ,
1189 1122 1343 1159 describit
1366 1134 1437 1165 quae
1460 1123 1606 1169 absceffiis
1629 1120 1804 1166 referebant
1826 1121 1926 1157 ichore
1953 1121 2106 1166 purulen-

1097 1175 1153 1208 to,
1174 1177 1212 1202 ex
1233 1166 1333 1200 viridi
1354 1166 1524 1205 albicante,
1544 1168 1724 1212 stimmeque
1740 1163 1853 1207 foetido
1876 1163 2107 1209 refertissimos,

1097 1212 1131 1244 in
1155 1209 1256 1253 iisque
1280 1220 1378 1244 unam
1401 1214 1472 1251 quae'
1494 1217 1530 1244 ut
1551 1208 1682 1251 vesicam
1705 1209 1903 1248 urinariam,
1926 1218 1997 1240 curn
2020 1214 2108 1240 utero

1096 1254 1333 1295 circumquaque
1360 1253 1391 1286 in
1414 1263 1509 1287 unum
1530 1251 1614 1294 quafi
1636 1249 1742 1293 vifisus
1763 1250 1934 1290 coalitam,
1957 1249 2108 1283 hincinde

1089 1295 1329 1342 perforaverac3
1356 1305 1485 1337 cumque
1508 1295 1600 1330 urina
1619 1304 1682 1337 pus
1694 1293 1847 1337 confimile
1869 1304 1884 1327 e
1906 1303 2033 1336 corpore
2051 1291 2110 1335 sae-

1091 1341 1167 1385 pius
1189 1337 1361 1384 effuderam
1386 1339 1496 1381 itaque
1521 1350 1578 1382 pus
1602 1349 1666 1372 non
1691 1345 1728 1372 ex
1752 1345 1845 1371 utero
1879 1337 1983 1371 solum
2010 1359 2024 1376 ,
2060 1334 2112 1369 sed

1096 1383 1272 1425 utrinque,
1294 1392 1328 1416 at
1351 1384 1392 1427 in*
1408 1391 1500 1417 utero
1531 1383 1679 1424 genitum
1708 1402 1717 1418 ‚
1751 1379 1905 1415 effluebat
1928 1405 1936 1414 .
1972 1381 2024 1414 Sic
2036 1379 2112 1429 “Jo·

1095 1427 1281 1461 Mauricius
1304 1426 1522 1460 Hostmannus
1544 1424 1607 1465 (k)
1632 1423 1758 1458 deterso
1782 1435 1858 1467 pure
1890 1429 1958 1467 quo
1981 1421 2114 1465 turgida

1099 1480 1189 1510 erat,
1213 1470 1386 1502 cavitatem
1411 1470 1567 1502 internam
1601 1468 1683 1502 uteri
1715 1466 1890 1501 cavernulis·
1925 1467 1967 1499 esf
2001 1465 2113 1503 loculis

1094 1514 1246 1556 plurimis
1270 1511 1526 1552 interdislinft‘am
1549 1509 1736 1551 conspexit.
1761 1510 1813 1544 Sic
1838 1508 2015 1551 praesertim
2040 1508 2115 1541 Go-

1099 1556 1253 1591 dofredus
1276 1555 1472 1597 Klaunigius
1496 1559 1509 1594 (
1531 1554 1543 1588 l
1567 1558 1580 1594 )
1602 1553 1691 1586 ulcus
1713 1554 1893 1595 cancrosurn
1924 1552 1956 1586 in
1991 1552 2114 1586 interno

1098 1601 1181 1634 uteri
1203 1598 1281 1633 collo
1304 1597 1505 1641 ejuscemodi
1529 1595 1766 1639 deprehendit,
1788 1605 1824 1628 nt
1849 1595 2037 1638 illudipsum
2049 1594 2120 1628 col-

1098 1645 1165 1679 lum
1187 1642 1235 1676 nil
1256 1640 1312 1683 mfi
1335 1650 1495 1676 externam
1519 1641 1659 1674 tunicam
1674 1639 1744 1683 five
1767 1637 1977 1673 membranam
1986 1639 2117 1680 ostende-

1101 1695 1173 1726 ret,
1195 1685 1314 1727 reliqua
1330 1683 1503 1725 substantia
1525 1685 1653 1726 penitus
1686 1681 1845 1725 consumta
1866 1705 1872 1713 .
1911 1683 1993 1720 Qae
2028 1690 2118 1716 tanta

1101 1730 1237 1765 uterinae
1262 1728 1447 1762 substantiae
1470 1729 1557 1760 intra
1582 1737 1707 1770 tempus
1731 1736 1796 1758 non
1820 1728 1866 1759 ita
1890 1724 2026 1767 longum
2039 1736 2122 1759 con-

1102 1775 1247 1816 sumptio
1272 1783 1321 1805 me
1347 1773 1425 1812 saepe
1447 1771 1597 1807 induxit,
1623 1779 1660 1804 ut
1684 1777 1853 1811 optarem,
1875 1769 1908 1801 in
1933 1782 1967 1801 ea
1995 1768 2121 1803 Obser-

1102 1819 1234 1851 vatione
1258 1826 1354 1857 quam
1378 1816 1597 1856 superioribus
1620 1813 1757 1848 Litteris
1778 1812 1857 1854 (m)
1881 1823 2119 1847 commemora-

1102 1862 1157 1898 vi,
1182 1861 1214 1892 iu
1239 1870 1301 1900 qua
1324 1865 1432 1892 uterus
1456 1858 1629 1891 admodum
1640 1866 1781 1897 parvus,
1806 1855 1900 1900 instar
1924 1858 1977 1889 ovi
2000 1855 2118 1890 colum-

1103 1903 1171 1938 bini
1195 1903 1237 1935 &
1261 1901 1345 1942 quali
1367 1908 1550 1943 corrugatus
1574 1899 1771 1934 insfoemina
1796 1896 1954 1932 annorum
1989 1901 2120 1934 circiter

1102 1944 1423 1987 duodequadraginta
1449 1954 1591 1987 repertus
1614 1945 1680 1981 est,
1705 1953 1742 1977 ut
1764 1952 1933 1986 optarem,
1956 1944 2089 1987 inquam
2110 1967 2123 1984 ‚

1104 1989 1240 2023 eundem
1265 1986 1358 2021 fuisse
1378 1986 1567 2020 dissectum.
1594 1987 1682 2021 Nam
1706 1998 1785 2021 cum
1810 1997 1897 2028 aegra
1923 1996 1981 2029 per
2015 1994 2121 2021 totam

1103 2034 1209 2066 vitam
1226 2029 1327 2075 fluore
1351 2030 1419 2064 albo
1441 2029 1627 2073 laborassem
1652 2043 1670 2064 a
1694 2032 1763 2064 veri
1798 2029 2010 2064 similitudine
2048 2030 2118 2064 for-

1104 2074 1182 2109 tasse
1205 2086 1269 2108 non
1294 2073 1471 2117 abhorret,
1496 2072 1608 2108 sens-im
1631 2074 1784 2117 quidem,
1807 2085 1864 2107 nec
1888 2074 1928 2106 ab
1960 2073 2120 2116 ejusmodi

1103 2120 1231 2156 ulcere,
1256 2117 1310 2152 sed
1333 2118 1389 2150 diu
1413 2126 1519 2151 tamen
1544 2119 1591 2152 ita
1615 2116 1719 2151 laesam
1754 2118 1838 2152 uteri
1871 2115 2081 2152 substantiam
2105 2140 2117 2156 ,

1104 2165 1134 2194 &
1160 2165 1205 2194 ita
1229 2160 1430 2203 absumptam
1455 2160 1567 2200 fuisse,
1592 2170 1628 2195 ut
1639 2172 1705 2195 non
1719 2171 1786 2195 tam
1801 2160 1886 2203 ipse,
1912 2171 2012 2204 quam
2035 2161 2119 2194 exti-

1104 2217 1156 2239 nia
1181 2204 1249 2246 ejus
1271 2205 1457 2238 membrana
1478 2213 1649 2246 corrugata
1665 2227 1676 2244 ,
1699 2207 1732 2240 δι,
1755 2203 1914 2238 subsidens
1933 2229 1943 2245 ,
1976 2205 2015 2240 ad
2049 2216 2118 2240 eam

1104 2249 1244 2291 denique
1269 2249 1466 2289 parvitatem
1492 2248 1713 2291 redigeretur.

1149 2302 1202 2335 27.
1229 2292 1291 2324 His
1316 2292 1379 2325 tibi
1404 2291 1578 2330 indicatis,
1603 2290 1666 2332 jam
1678 2291 1863 2326 faciendum
1877 2290 1960 2326 mihi
1975 2292 2117 2336 estquod

1103 2334 1236 2378 promisi
1251 2356 1260 2371 ‚
1284 2345 1321 2368 ut
1346 2346 1537 2377 magnorum
1560 2334 1740 2370 illiusmodi
1755 2336 2116 2379 morborum‚&quod

1102 2379 1331 2421 consequitur,
1363 2378 1529 2412 causarum
1552 2378 1679 2412 Fluoris
1709 2391 1807 2421 parva
1840 2380 1935 2413 initia
1954 2403 1964 2418 ,
2000 2379 2033 2414 id
2070 2381 2116 2416 est

1102 2424 1187 2456 uteri
1212 2423 1459 2461 excrescentias,
1483 2422 1663 2456 tumoresve
1674 2421 1757 2457 mihi
1782 2435 1837 2465 per
1860 2432 2030 2458 anatomen
2053 2424 2115 2458 ob-

1099 2465 1220 2499 servata
1245 2476 1373 2507 pergam
1399 2476 1578 2507 proponere
1601 2488 1610 2502 ‚
1645 2477 1710 2500 non
1746 2467 1856 2499 omnia
1888 2476 1996 2501 tamen
2017 2492 2026 2508 ‚
2060 2468 2115 2504 sed

1098 2520 1171 2550 quae
1196 2508 1257 2542 huc
1280 2509 1394 2542 censeo
1418 2510 1517 2549 magis
1542 2510 1677 2542 attinere
1692 2535 1699 2542 .
1725 2510 1852 2543 Scilicet
1875 2520 1931 2545 aut
1951 2512 2115 2546 exteriora

1098 2552 1156 2585 illa
1181 2552 1277 2591 sunt,
1301 2561 1355 2585 aut
1379 2552 1554 2586 interiora.
1583 2553 1764 2587 Primorum
1782 2577 1789 2590 ,
1814 2553 1874 2585 huc
1899 2556 2005 2588 minus
2036 2556 2113 2588 atti-

1100 2597 1248 2628 nentium
1263 2617 1272 2632 ,
1295 2596 1554 2629 Observationes
1578 2596 1719 2638 Epistola
1743 2597 1896 2629 XXXIX.
1921 2597 1987 2638 (n)
2012 2597 2111 2639 presse

1098 2641 1371 2672 commemoravi.
1398 2641 1597 2674 Interiorum
1621 2651 1692 2681 quae
1717 2640 1794 2673 alibi
1817 2640 1967 2682 expositae
2002 2643 2074 2675 sunt
2096 2664 2110 2682 ,

1099 2684 1299 2716 mentionem
1323 2682 1377 2716 hic
1402 2682 1518 2716 faciam
1548 2707 1569 2729 ,ι
1588 2685 1618 2715 &
1650 2683 1802 2725 quasdam
1825 2706 1834 2721 ‚
1869 2683 1967 2717 alium
2000 2685 2109 2720 locum

1098 2735 1164 2758 non
1189 2724 1282 2759 facile
1306 2725 1491 2766 habituras,
1517 2726 1688 2767 adjiciam.
1714 2728 1783 2766 Qui
1807 2737 1882 2759 vero
1905 2730 2109 2762 tumoresin..

1098 2777 1148 2802 tra
1173 2768 1275 2810 ipsam
1310 2771 1469 2812 parietum
1501 2771 1584 2802 uteri
1620 2768 1860 2803 crassitudinem
1890 2769 2073 2805 increscunt
2097 2798 2108 2814 ,

1096 2822 1238 2853 quorum
1263 2824 1363 2846 unum
1384 2811 1534 2854 descripsi
1560 2812 1701 2854 Epistola
1716 2813 1822 2845 XLV.
1838 2815 1929 2852 (o),
1952 2812 2007 2847 hic
2031 2814 2107 2850 ideo

1095 2858 1310 2893 omittentur,
1335 2858 1412 2898 quia
1437 2867 1499 2889 non
1526 2856 1666 2898 semper,
1689 2855 1743 2888 etsi
1769 2855 1944 2898 plurimum
1967 2868 2106 2900 augean-

1094 2907 1168 2937 tur,
1195 2900 1233 2932 ad
1259 2902 1343 2933 uteri
1366 2911 1478 2933 cavum
1502 2900 1716 2940 perveniunt,
1739 2899 2016 2941 quemadmodum
2039 2904 2105 2935 irn-

1093 2943 1195 2976 manis
1218 2943 1271 2975 ille
1282 2943 1443 2982 ostendit,
1464 2942 1578 2983 dequo
1590 2942 1751 2984 superiore
1765 2942 1966 2984 Sepulchreti
1980 2946 2100 2979 3εᾶὶο-

1092 2997 1130 3019 ne
1154 2987 1265 3028 legeris
1277 2987 1407 3019 XXIII.
1423 2986 1487 3030 (P)
1614 2987 1666 3018 Ad
1680 2986 1831 3019 interiora
1846 2988 1947 3028 igitur
1962 2987 2103 3029 spectant

1092 3038 1207 3072 praeter
1220 3031 1344 3062 minuta
1358 3030 1412 3062 illa
1426 3026 1606 3066 tubercula,
1617 3040 1688 3070 quae
1702 3028 1791 3070 supra
1806 3034 1815 3068 (
1829 3033 1871 3071 q)
1895 3029 2058 3074 descripsi,
2070 3036 2103 3066 &

1092 3073 1240 3116 parvulas
1252 3074 1321 3106 illas
1331 3072 1417 3117 quasi
1430 3081 1574 3106 verrucas
1585 3083 1662 3113 quas
1672 3084 1705 3105 ea
1717 3073 1882 3106 occasione
1904 3085 2104 3109 commemo-

1090 3119 1157 3149 ravi
1180 3119 1265 3155 (r),
1290 3116 1512 3149 excrescentiae
1523 3115 1669 3157 quaedam
1686 3126 1792 3158 parvae
1804 3140 1813 3153 ‚
1828 3117 1895 3150 aliae
1910 3118 1969 3150 alia
1982 3117 2101 3158 forma,

1089 3159 1220 3203 fingulae
1244 3161 1278 3192 in
1303 3159 1432 3201 singulis
1456 3157 1649 3202 quibusdam
1673 3160 1773 3193 uteris
1795 3164 1808 3199 (
1829 3160 1880 3202 s)
1901 3161 2100 3195 animadver-

1087 3202 1126 3235 sae
1146 3232 1153 3244 ‚
1178 3214 1248 3236 tum
1271 3203 1385 3236 deinde
1409 3202 1478 3235 aliae
1502 3200 1694 3235 humillimae
1717 3202 1867 3245 quidem,
1901 3206 1931 3236 δι
1965 3204 2066 3245 planae
2085 3216 2100 3245 ‚-

1085 3246 1137 3279 sed
1160 3247 1264 3289 plures
1286 3270 1295 3285 ‚
1321 3257 1378 3279 nec
1404 3245 1534 3279 modico
1559 3245 1771 3286 ambitum),
1786 3244 1974 3288 itemquede
1996 3248 2099 3282 tribus

1091 3289 1161 3323 duae
1186 3291 1295 3323 saltem
1321 3301 1375 3331 per
1397 3299 1461 3322 non
1486 3298 1613 3322 tenuem
1636 3288 1849 3332 pedunculum
1874 3298 1966 3323 utero
1989 3290 2102 3333 affixae,

1094 3332 1261 3374 minusque
1284 3333 1360 3369 dura
1384 3343 1482 3374 quam
1506 3332 1570 3374 ipse
1598 3358 1605 3371 ‚
1642 3332 1813 3366 substantia
1833 3355 1842 3370 ‚
1876 3344 1973 3375 eaque
2008 3335 2097 3368 intus

1093 3386 1245 3417 extraque
1269 3383 1400 3409 cruenta
1427 3376 1505 3410 adeo
1528 3385 1562 3408 ut
1576 3376 1748 3417 nigricaret
1772 3375 2010 3419 (u),denique
2021 3377 2098 3411 scir-

1094 3419 1225 3454 rhosum
1248 3422 1280 3452 in
1304 3419 1547 3453 coronaosculi
1573 3419 1911 3453 uterinituberculum
1935 3420 2099 3458 (x).Sed

1984 3463 2053 3498 haec

1086 3678 1130 3709 (d
1146 3677 1160 3706 )
1176 3678 1212 3700 De
1229 3675 1351 3700 Re—Med.
1367 3676 1423 3710 l.·3.
1441 3683 1461 3700 c,
1479 3678 1518 3703 67.

1253 3711 1263 3733 2
1282 3709 1317 3731 De
1333 3706 1435 3731 Mulier.
1453 3709 1543 3733 Organ.
1560 3712 1582 3729 c.
1602 3714 1623 3735 9.
1686 3707 1699 3734 (
1713 3707 1761 3736 g)
1778 3716 1800 3732 n,
1819 3717 1857 3738 33,

1265 3738 1273 3767 (
1291 3737 1307 3760 k
1326 3738 1334 3767 J
1353 3737 1458 3762 Earund.
1477 3738 1547 3769 Ceut.
1564 3739 1586 3762 8.
1603 3736 1662 3761 Obs.
1682 3744 1722 3761 ²7.

1289 3768 1571 3797 (pJObs.11.§.2.
1632 3767 1802 3798 (q)n.14,

1178 3800 1187 3828 s
1204 3807 1216 3824 t
1230 3800 1244 3828 )
1260 3798 1331 3828 Epist.
1352 3799 1435 3824 eadem
1452 3808 1475 3823 n.
1496 3806 1529 3827 ¹7·
1593 3800 1607 3829 (
1620 3807 1635 3823 u
1652 3797 1666 3826 )
1684 3798 1746 3822 ibid.
1764 3808 1786 3824 n.
1805 3806 1848 3829 aas
