2498 4075
767 65 844 101 λι

350 269 367 309 ζ(
391 277 406 303 t
430 274 465 310 ),
493 267 542 303 sed
579 269 610 302 &
633 265 700 309 ejus
720 268 890 310 'glandulae
924 267 1102 302 musculum
1136 269 1327 303 Levatorem
1351 293 1362 310 ,

359 316 390 347 &
432 314 660 354 Ligamentum
686 333 699 351 ‚
734 314 765 345 δι
804 311 978 354 capsulam
1023 310 1190 353 descripsit
1235 316 1359 352 (u).

357 357 495 399 Qanto
532 364 638 389 autem
673 354 776 395 plures
800 375 810 391 ‚
841 358 870 387 &
906 353 1119 388 confertiores
1152 355 1224 388 sunt
1247 357 1270 388 ii
1309 364 1359 388 tu.

354 399 376 434 b
402 401 423 433 li
455 423 464 438 ‚
495 408 586 433 tanto
624 398 727 439 magis
763 397 941 431 Prostatam
975 399 1060 431 inter
1095 397 1259 440 glandulas
1283 399 1360 432 reti-

354 411 492 487 ngndam
529 439 588 475 esse
613 464 623 481 ,
656 439 779 473 constat
803 462 813 477 ,
850 443 881 473 &
914 453 980 474 mea
1005 440 1151 482 quaedam
1185 441 1358 476 confirma-

354 490 409 524 r‘ur
440 486 556 529 opinio
590 483 628 517 de
663 483 754 517 causa
790 494 846 516 cur
879 484 1088 519 seminalium
1120 483 1268 518 vasorum
1304 498 1358 519 ex-

358 540 461 566 trema
485 551 498 570 ,
529 530 560 562 &
583 528 714 561 tenuior
747 538 819 569 pars
853 537 906 568 per
936 538 1004 560 eam
1036 527 1219 570 glandulam
1245 528 1357 563 tradu-

357 582 472 610 catur,
505 581 619 613 nempe
652 580 688 603 ut
719 569 798 603 dum
832 570 856 602 ii
890 570 997 605 tubuli
1032 582 1088 613 per
1122 582 1266 605 venerem
1303 574 1356 606 de-

353 616 506 660 plentur,
532 614 625 648 sim'ul
661 613 810 647 vasorum
848 614 982 648 illorum
1017 614 1207 657 compreffio
1240 615 1356 650 affidua

351 659 558 697 remittatur,
584 656 750 699 semenque
783 656 969 691 conclusum
993 656 1161 700 ejiciatur.

399 713 449 744 ις.
477 701 538 736 Sed
561 709 599 735 ut
624 701 748 734 redeam
765 701 809 734 ‘ad
846 701 1062 734 urinariaru'm
1095 701 1238 735 partium
1261 702 1356 736 Mor-

350 746 432 783 bos3
455 756 528 779 curn
553 756 588 778 ca
623 754 724 786 nuper
757 743 892 787 legerem
924 755 994 786 quae
1019 744 1086 779 haec
1109 743 1190 777 mihi
1223 757 1281 787 pro
1304 757 1354 779 me

352 791 383 827 8<
406 800 468 831 pro,
498 788 569 821 aliis
592 789 650 830 qui
673 787 711 820 ad
747 787 882 821 eundem
909 787 1043 821 modum
1073 789 1105 821 &
1136 787 1299 827 sentiunt,
1322 792 1353 823 &

350 831 553 874 loquuntur,
577 830 645 864 haec
661 854 670 870 ,
692 831 826 872 inquam
841 854 851 869 ,
876 832 957 865 mihi
981 829 1200 874 interjicieudi
1224 833 1352 866 necess—

349 877 451 911 tatem
475 875 672 912 attulerant,
696 875 729 907 in
753 875 846 908 illum
876 886 1006 918 quoque
1039 875 1149 909 locum
1172 875 1271 910 incidi
1295 876 1352 910 ubi

346 918 473 954 'indicia
497 925 726 960 proponuntur
758 918 911 952 Ischuriae
943 917 1132 960 cujusdam,
1155 929 1226 961 quae
1258 920 1351 954 valde

344 959 722 1006 ‘ftequensesledicitur‚
747 961 869 995 Mediae
894 961 980 996 inter
1001 962 1157 996 Renalem
1175 987 1184 1001 ‚
1208 965 1240 996 δε
1262 961 1355 996 Vest-

344 1004 474 1043 'calem,
498 1003 602 1038 sedem
625 1004 774 1038 videlicet
798 1005 946 1039 habentis
969 1006 1001 1039 in
1036 1006 1214 1040 ureteribus
1245 1015 1354 1040 extre-

348 1059 438 1084 mum
471 1048 504 1081 in
531 1047 665 1082 modum
697 1047 737 1081 ab
770 1047 854 1082 lotio
883 1048 1028 1083 dilatatis
1053 1072 1062 1087 ,
1092 1049 1180 1092 quod
1212 1048 1354 1084 defluere

347 1092 383 1127 in
408 1091 541 1125 vesicam
577 1103 641 1126 non
677 1090 768 1134 poffit
802 1100 935 1135 propter
969 1093 1101 1127 illorum
1134 1092 1354 1127 vehementem

349 1135 388 1172 ad
420 1134 629 1169 insertionem
653 1136 910 1178 strangulatum.
934 1137 1058 1170 Indicia
1083 1145 1189 1171 autem
1213 1136 1280 1170 haec
1306 1135 1354 1170 af-

349 1177 522 1217 feruntur,
547 1179 742 1222 conjunt‘ftus
764 1190 838 1213 cum
861 1178 1004 1214 ischuria
1028 1179 1119 1213 dolor
1135 1178 1251 1221 surdus
1272 1203 1285 1220 ,
1320 1182 1352 1213 δε

340 1221 453 1267 [sensus
486 1222 622 1265 quidam
647 1222 796 1264 ponderis
830 1223 864 1255 in
897 1223 1016 1257 lumbis
1039 1223 1173 1266 propius
1196 1221 1350 1260 vesicam,

339 1276 447 1309 ‘quarn
471 1277 578 1299 renes.
604 1267 730 1300 Extant
761 1266 916 1309 quidem,
938 1275 975 1300 ut
1007 1266 1120 1306 nosti,
1152 1276 1217 1299 non
1251 1278 1353 1309 pauca

338 1313 522 1353 'ureterum
546 1309 748 1344 dilatationis
783 1310 928 1352 exempla
951 1333 965 1349 ,
998 1311 1057 1344 alia
1088 1310 1128 1343 ab
1151 1309 1221 1343 aliis
1255 1309 1353 1344 caufis

350 1363 422 1394 quae
446 1353 520 1386 illos
544 1352 582 1387 ad
614 1350 822 1386 insertionem
852 1363 906 1386 aut
940 1352 1101 1396 stringant
1124 1378 1135 1393 ,
1166 1362 1221 1386 aut
1255 1356 1351 1387 etiam

349 1396 523 1433 obturent.
549 1397 677 1431 Verum
701 1396 722 1429 fi
756 1395 871 1430 tandiu
902 1396 952 1430 hae
976 1396 1140 1439 perfistant
1171 1395 1291 1435 causae,
1316 1407 1351 1431 ut

339 1448 529 1476 ‘extremum
553 1441 588 1473 in
622 1438 755 1474 modum
779 1451 831 1473 eos
852 1440 945 1482 poffit
967 1441 1060 1474 urina
1082 1440 1241 1478 dilatare,
1266 1442 1349 1474 mul-

348 1492 389 1521 to.
410 1485 497 1526 prius
520 1483 694 1527 quamhoc
718 1483 798 1525 fiat,
821 1484 944 1526 jugiter
967 1483 1088 1517 secreta
1112 1484 1202 1517 urina
1226 1484 1347 1518 tenuis-

344 1525 437 1563 fimas
470 1528 556 1562 intra
588 1538 676 1562 renes
700 1526 827 1561 semitas
858 1525 899 1561 fic
930 1527 1102 1569 opplebit,
1125 1535 1160 1560 ut
1198 1528 1264 1561 vim
1298 1529 1348 1561 his

347 1569 479 1608 afferat,
505 1574 536 1606 &
559 1583 629 1606 earn
653 1582 724 1613 quae
747 1570 796 1605 ibi
828 1570 892 1612 fit,
915 1569 1150 1610 secretionem,
1174 1572 1348 1612 premendo

345 1614 504 1657 impediat
527 1615 595 1649 cito
618 1614 697 1648 adeo
710 1623 775 1653 ,ut
800 1615 860 1646 vix·
891 1622 1018 1656 ternpus
1043 1614 1083 1647 sit
1109 1613 1229 1648 Mediae
1259 1615 1348 1649 illius

341 1658 497 1694 ischuriae
523 1656 610 1700 signa
647 1657 922 1703 animadvertendi
958 1657 999 1691 ab
1023 1656 1120 1698 signis
1152 1657 1314 1700 disjuneta
1338 1685 1349 1700 ,

340 1712 416 1745 quse,
451 1702 506 1738 illa
543 1701 715 1735 obscurent
738 1722 751 1740 ,
784 1699 979 1742 ejuscemodi
1011 1700 1158 1734 ischuriae
1183 1701 1312 1735 Renalis
1338 1715 1347 1736 ε

341 1754 398 1780 aut
432 1744 453 1778 fi
489 1744 607 1779 Mediae
637 1744 759 1778 indicia
793 1743 841 1777 vel
877 1752 968 1778 antea
991 1765 1001 1782 ,
1036 1744 1086 1778 vel
1120 1744 1223 1786 postea
1249 1745 1350 1779 adno-

344 1797 416 1825 tare>
445 1787 520 1825 satis
556 1789 688 1828 liceat3
721 1796 805 1821 certe
836 1786 859 1821 si
889 1797 982 1822 erunt
1014 1788 1166 1830 propiora
1202 1789 1312 1823 veficae
1334 1811 1348 1830 ‚

341 1839 441 1879 quarn
474 1832 624 1870 renibus,
649 1842 714 1866 non
739 1832 772 1865 in
796 1830 915 1865 lumbis
931 1856 941 1871 ,
965 1842 1047 1874 quos
1079 1842 1166 1866 renes
1199 1831 1257 1873 ipfi
1292 1844 1348 1866 oc-

342 1881 489 1922 cupant,
514 1874 568 1910 sed
599 1873 687 1910 infra
724 1875 853 1909 lumbos
883 1876 1101 1918 percipientur
1126 1901 1134 1909 .
1170 1875 1228 1908 Sed
1253 1876 1313 1909 alia
1337 1898 1348 1914 ,

342 1920 462 1956 nedum
487 1919 568 1958 ista,
592 1930 630 1954 ex
640 1917 847 1961 conjefiura,
872 1929 937 1952 non
963 1929 1002 1952 ex
1023 1918 1247 1952 observatione
1271 1930 1349 1961 pro-

344 1964 469 2009 posita,
493 1964 596 1999 libens
620 1963 767 2002 omitto,
792 1972 827 1996 ut
853 1964 959 2004 potius
982 1962 1067 1995 inter
1091 1962 1181 2004 plura
1203 1973 1274 2005 quae
1298 1963 1350 1995 in-

345 2018 447 2054 genue
470 2007 688 2045 commendo,
712 2017 813 2041 unum
841 2005 967 2040 laudem
993 2030 1002 2045 ,
1036 2006 1118 2039 unde
1136 2007 1241 2049 potest
1264 2006 1348 2040 inter

345 2058 478 2088 cieteras,
497 2052 567 2086 illas
592 2061 661 2086 tum
687 2050 934 2086 incontinentiae
961 2051 1084 2090 urinae,
1106 2058 1177 2083 turn
1201 2048 1350 2083 ischuriae

343 2096 502 2134 Vesicalis
536 2094 642 2130 causas
665 2105 737 2138 quae
772 2093 811 2128 ad
835 2092 1048 2137 sphineterern
1081 2094 1244 2131 attinent,
1267 2103 1351 2127 nova

347 2139 495 2186 quaedam
518 2138 651 2174 referri.
674 2138 793 2180 Qot,
815 2139 847 2171 &
878 2147 977 2181 quam
1001 2136 1088 2170 varia
1112 2136 1151 2170 de
1171 2136 1351 2180 {phinetere

347 2184 460 2220 veficae
484 2183 637 2219 haetenus
670 2180 732 2216 fint
765 2181 904 2220 tradita,
929 2191 995 2214 non
1029 2181 1183 2223 ignoras,
1216 2189 1351 2223 propter

346 2234 417 2273 quae³
432 2250 442 2266 ,
468 2227 613 2271 measque
630 2225 731 2270 ipsas,
755 2226 830 2259 alias
854 2225 919 2259 alio
933 2233 1079 2266 ternpore
1102 2223 1251 2262 habitas,
1275 2224 1352 2257 Ob-

346 2273 563 2312 (erutiones,
588 2282 648 2314 ego
682 2281 813 2313 quoque
844 2268 920 2303 alias
958 2269 1052 2302 aliter
1080 2267 1120 2301 de
1152 2267 1212 2300 illo
1235 2267 1352 2301 sentire

341 2317 478 2352 ‘coastus
502 2315 581 2350 sim.
607 2314 706 2348 Nunc
729 2322 839 2347 autern
871 2323 945 2346 cum
980 2323 1038 2355 pro
1071 2310 1251 2354 sphinetere
1275 2322 1352 2353 pro-

338 2362 428 2404 ,poni
465 2360 591 2394 videam
616 2357 711 2392 fibras
743 2368 793 2391 eas
816 2356 897 2398 ipsas
936 2366 1009 2399 quae
1041 2354 1080 2389 ad
1114 2353 1224 2388 veficae
1258 2353 1353 2388 orifi-

350 2406 439 2437 cium
462 2403 528 2438 sitae
551 2411 615 2437 non
640 2401 797 2441 musculi,
820 2399 873 2434 sed
907 2399 1077 2443 ligamenti
1111 2405 1226 2432 natura
1248 2421 1258 2436 ‚
1293 2398 1351 2432 suo

340 2445 429 2491 ,ipsae
453 2449 570 2483 elatere
593 2446 715 2480 circum
749 2451 953 2487 prementes,
976 2443 1077 2477 urinae
1101 2443 1225 2475 exitum
1249 2442 1349 2475 inter·

352 2491 509 2530 cludant,
532 2490 636 2525 donec
660 2487 874 2522 validioribus
911 2486 1069 2530 potentiis
1092 2486 1218 2519 urinam
1242 2485 1348 2527 expel-

338 2535 496 2568 lentibus
518 2534 658 2573 cedant,
682 2531 795 2573 hisque
818 2529 1009 2566 cess'antibus
1042 2528 1149 2571 suapte
1184 2528 1216 2561 vi
1242 2527 1351 2578 elasti-

353 2590 391 2613 ca
414 2577 445 2612 se
481 2579 638 2611 continuo
669 2575 860 2615 restituant,
884 2576 915 2606 δε
938 2572 975 2606 ad
1009 2571 1180 2614 pristinum
1204 2571 1348 2605 officium

357 2621 512 2660 redeant,
535 2620 601 2662 ipsa
636 2618 717 2652 mihi
751 2616 780 2651 se
812 2619 860 2651 rei
892 2613 1081 2658 simplicitas
1112 2615 1318 2649 commendat
1340 2636 1351 2654 ,

335 2686 337 2688 -
357 2668 389 2699 &
413 2664 581 2708 quomodo
615 2661 770 2696 fibrarum
800 2661 928 2694 illarum
951 2658 1169 2696 distractioni,
1193 2658 1351 2699 erofioni‚

338 2709 504 2744 incisioni
538 2706 768 2750 impotentiam
790 2702 949 2738 retinendi
982 2702 1057 2736 lotii
1093 2703 1254 2744 imputare
1278 2700 1353 2750 pos-

340 2752 437 2794 sim,
461 2751 600 2788 ostendit
618 2772 626 2783 .
664 2749 739 2784 Nec
762 2749 869 2784 minus
892 2746 996 2791 placet
1020 2747 1129 2789 gravis
1150 2745 1265 2789 utique
1286 2742 1352 2779 d1f-

717 191 876 249 Liber
909 189 979 249 V,
1012 190 1097 243 De
1122 182 1382 244 'adden-dis
1416 190 1489 245 ad:
1521 191 1704 244 Libros
1738 191 2023 255 superiores

1411 266 1567 302 ficultatis
1594 267 1747 302 solutio.
1769 268 1858 300 Nam
1881 265 1902 299 fi
1927 267 2051 300 nullum
2076 263 2173 301 estin
2206 267 2403 312 ligamenta;

1411 312 1463 344 sed
1487 314 1520 345 in
1545 310 1738 346 musculosas
1769 310 1939 344 dumtaxat
1964 319 2069 352 partes
2092 309 2268 345 voluntatis
2299 314 2401 356 impe-

1411 356 1521 393 rium,
1541 354 1598 397 qui
1623 354 1683 393 fit,
1705 352 1856 394 dixisses,
1888 362 1922 386 ut
1957 364 2015 395 pro
2044 353 2182 387 arbitrio
2215 354 2401 392 hominibus

1411 398 1503 431 liceat
1536 399 1661 431 urinam
1696 397 1748 430 vel
1780 399 1814 430 in
1852 395 1958 430 medio
1980 396 2072 431 cursu
2095 397 2201 431 statim
2223 399 2402 433 cohibere?

1411 442 1611 483 Responsum
1636 441 1678 474 est
1702 441 1805 482 igitur
1828 464 1840 481 ,
1872 440 1905 473 id
1929 440 2022 473 licere
2044 450 2108 472 non
2139 450 2271 483 propter
2302 443 2400 477 fibra-

1410 496 1480 518 rum
1505 485 1629 518 illarum
1644 507 1653 521 ,
1679 482 1729 517 sed
1753 493 1883 526 propter
1907 484 2043 517 musculi
2056 484 2223 517 Levatoris
2248 487 2298 518 ani
2321 498 2401 520 con-—

1409 528 1602 561 traffionem
1636 527 1688 561 sua
1720 527 1775 561 illa
1811 537 1898 569 parte
1929 538 2000 568 quae
2031 527 2115 560 inter
2140 527 2334 568 Prostaram,
2369 532 2401 563 δε

1408 570 1546 605 urethrae
1570 571 1706 604 bulbum
1729 571 1805 604 huic
1829 570 1996 612 subjicitur
2030 568 2112 603 ansae
2146 571 2263 612 instar.
2285 573 2397 614 Qam

1407 626 1467 657 ego
1500 614 1636 648 musculi
1669 614 1757 647 illius
1803 623 1924 656 partem
1961 612 2256 655 pseudosphinc't'eris
2297 616 2400 660 vesicae

1406 660 1537 692 nomine
1569 657 1824 700 designaverim,
1850 657 1936 700 quod
1961 667 2068 690 tamen
2091 667 2207 691 nomen
2239 656 2400 700 sphincte-

1406 713 1473 735 rem
1498 701 1672 743 supponit,
1696 702 1754 743 qui
1787 701 1892 735 nullus
1917 700 1960 734 est
1985 725 1994 733 .
2029 700 2153 734 Verum
2189 708 2249 742 ego
2281 710 2317 735 ut
2347 705 2399 736 in-

1405 746 1596 788 telligeret,
1612 756 1650 777 eo
1687 745 1816 777 nomine
1838 745 1912 777 usus
1937 744 2003 777 sum
2028 754 2094 785 quo
2117 745 2163 778 usi
2196 745 2246 777 illie
2275 755 2364 778 erant
2387 768 2398 784 ,

1406 789 1551 822 adversus
1590 798 1673 830 quos
1706 788 1752 821 ibi
1785 787 1990 829 disputabam
2011 800 2023 820 .·
2051 797 2235 829 quanquam
2269 786 2291 820 fi
2316 787 2399 823 forte

1404 832 1470 873 ipse
1493 842 1609 865 nomen
1632 829 1737 869 istud3
1762 843 1777 864 a
1802 842 1862 874 qua
1895 831 2122 864 consuetudine
2152 832 2247 873 longe
2278 829 2399 874 semper

1405 874 1492 909 abfui
1514 886 1528 914 ,·
1557 876 1674 908 veteris
1706 875 1779 908 loco
1820 875 1986 917 imponere
2019 872 2219 913 voluissem,
2253 885 2316 916 non
2349 876 2400 909 vi-

1402 918 1484 958 deo,
1508 916 1825 960 quiconsequeretur
1842 939 1851 955 ,
1877 917 1983 951 vesicae
2007 916 2219 959 sphinuerem
2242 917 2401 961 supponi,

1405 974 1481 996 cum
1504 962 1577 995 satis
1599 959 1661 1001 fit,
1685 972 1775 995 veros
1787 961 1865 994 alios
1888 959 2078 1003 sphinfteres
2088 961 2204 995 alicubi
2227 972 2291 995 non
2315 962 2401 996 dees-

1405 1007 1433 1040 se
1456 1029 1468 1045 ,
1498 1004 1690 1048 quibuscum
1723 1015 1788 1038 non
1833 1015 1944 1038 verum
1976 1003 2162 1046 conferens,
2187 1004 2271 1038 hunc
2305 1006 2399 1048 poffit

1405 1049 1547 1092 quilibet
1571 1047 1908 1091 pseudosphineterern
1945 1047 2099 1090 appellare
2121 1074 2129 1081 .
2166 1048 2260 1081 Illam
2292 1049 2395 1091 igitur

1406 1094 1567 1136 praecipue
1589 1100 1735 1134 partem,
1758 1091 1779 1124 si
1816 1093 1942 1124 urinam
1975 1102 2033 1133 pro
2067 1091 2202 1125 arbitrio
2236 1091 2367 1126 cohibet
2389 1114 2401 1130 ,

1406 1135 1516 1178 posse,
1538 1135 1719 1177 intelligis,
1744 1133 1765 1167 fi
1799 1133 2004 1168 convulsione
2038 1134 2211 1177 aliquando
2241 1137 2400 1178 corripia-

1404 1188 1483 1219 tur,
1505 1176 1678 1212 ischuriam
1715 1177 1891 1212 Vesicalem
1916 1177 2027 1212 afferre
2049 1187 2142 1212 tanto
2165 1177 2290 1213 facilius
2309 1178 2399 1221 quod

1404 1223 1502 1255 etiam
1527 1232 1585 1265 pro
1609 1222 1789 1255 voluntatis
1812 1222 1950 1266 imperio
1979 1220 2100 1255 diutius
2130 1220 2170 1255 ad
2201 1222 2399 1257 retinendam

1406 1266 1535 1299 urinam
1558 1266 1745 1306 contraffa,
1769 1265 1850 1308 saepe
1871 1266 1963 1299 istam
1982 1264 2083 1307 ipsam
2106 1263 2279 1299 ischuriam
2303 1266 2399 1300 indu-

1396 1310 1454 1342 >>tit
1470 1334 1479 1349 ,
1502 1320 1578 1342 num
1603 1308 1690 1347 sola,
1714 1320 1752 1342 an
1776 1320 1848 1342 cum
1874 1310 1943 1342 aliis
1973 1318 2102 1350 quoque
2135 1309 2286 1343 musculis
2317 1320 2399 1351 quos

1405 1362 1483 1386 tunc
1506 1351 1617 1386 iisdem
1630 1353 1909 1386 ani‘Levatoribus
1920 1351 2165 1392 Cl-Gysbertus
2187 1352 2291 1387 Beudt
2310 1355 2324 1391 (
2345 1363 2367 1386 x
2385 1356 2400 1393 )

1405 1396 1613 1430 accensendos
1635 1395 1796 1436 credidit,
1821 1406 1874 1430 aut
1897 1406 1978 1438 quos
1992 1394 2046 1427 alii
2068 1394 2249 1434 credidere,
2275 1398 2398 1438 &prae-

1402 1439 1513 1472 sertim
1548 1439 1619 1472 Cel.
1649 1440 1858 1473 Winslowius
1881 1441 1913 1472 in
1938 1439 2023 1472 calce
2046 1437 2108 1471 suae
2130 1450 2297 1482 nunquam
2322 1438 2398 1472 satis

1400 1483 1534 1517 laudatae
1558 1481 1780 1524 Expofitionis
1806 1484 1976 1516 Tractatui
1999 1481 2038 1515 de
2062 1482 2186 1516 Ventre
2219 1486 2273 1525 (y
2296 1485 2319 1522 )’
2343 1483 2399 1516 ad-

1398 1525 1579 1570 jungendos
1603 1525 1803 1566 describens,
1827 1527 1866 1560 ab
1888 1525 1960 1568 ipsis
1982 1525 2095 1559 docuit
2118 1524 2253 1560 formari
2277 1525 2311 1558 in
2327 1538 2399 1569 par·

1399 1580 1431 1604 te
1446 1593 1456 1607 ,
1477 1573 1506 1603 δι
1532 1568 1662 1603 fortasse
1678 1571 1832 1612 praecipue
1856 1569 1889 1604 id
1912 1569 2000 1612 quod
2026 1567 2186 1612 sphineter
2208 1567 2318 1603 veficae
2343 1582 2399 1613 ap-

1400 1614 1556 1656 pellatur.
1583 1611 1651 1645 Etsi
1677 1615 1762 1647 enim
1787 1615 1820 1646 in
1844 1615 1884 1646 iis
1907 1624 1978 1655 quae
2002 1622 2102 1654 nuper
2124 1612 2288 1656 proposita
2301 1611 2396 1651 sunt.

1402 1657 1644 1699 simplicitatem
1668 1656 1840 1700 praesertim
1864 1655 1960 1690 laudo
1984 1668 1994 1693 ;
2027 1664 2134 1689 tamen
2166 1657 2199 1689 in
2232 1654 2399 1698 praesentia

1401 1711 1467 1733 rem
1512 1700 1651 1732 arbitrio
1682 1701 1830 1743 relinquo
1866 1708 1927 1733 tuo
1951 1723 1960 1739 ,
1991 1701 2110 1741 quippe
2153 1709 2276 1733 morem
2320 1712 2398 1735 con-

1400 1743 1526 1777 servans
1560 1753 1668 1776 meum
1691 1766 1704 1783 ‚
1742 1746 1771 1777 δι
1814 1754 1875 1784 pro
1921 1751 2009 1776 certo
2054 1741 2171 1776 habens
2197 1764 2206 1780 ,
2249 1740 2272 1774 si
2318 1743 2399 1786 quid

1400 1787 1584 1820 immerenti
1629 1785 1775 1828 alioquin
1809 1786 1890 1820 mihi
1924 1786 1963 1818 ab
1999 1789 2205 1820 Summorum
2235 1786 2400 1820 Virorum

1401 1830 1605 1872 benignitate
1639 1829 1795 1864 donatum
1820 1829 1862 1863 est
1883 1851 1895 1869 ‚
1927 1827 2033 1862 fecisse
2057 1829 2090 1863 id
2113 1829 2199 1872 ipsos
2222 1839 2286 1862 non
2318 1830 2400 1865 ‘uod

1401 1875 1548 1909 celeriter
1573 1873 1751 1916 quidquam
1775 1873 1965 1913 statuerim,
1989 1871 2039 1906 sed
2074 1872 2163 1915 quod
2193 1871 2278 1906 lente
2325 1872 2401 1908 esti-

1402 1920 1546 1951 naverim
1570 1937 1579 1953 ,
1611 1918 1680 1951 imo
1720 1917 1775 1951 ubi
1810 1915 2035 1950 subfistendum
2067 1915 2148 1954 esse,
2181 1916 2327 1958 credidi,
2350 1918 2400 1952 ibi

1402 1960 1598 1995 substiterim
1631 1960 1732 1995 donee
1776 1959 1850 1994 satis
1884 1960 2028 2002 repetitae
2060 1958 2301 1994 observationes
2323 1982 2334 2000 ,
2366 1964 2398 1995 &

1402 2014 1566 2047 nunquam
1602 2003 1875 2046 praetermittenda
1899 2013 2011 2036 eorum
2036 2002 2132 2037 lefflo
2152 2004 2210 2044 qui
2243 2013 2316 2037 ante
2350 2015 2401 2038 me

1402 2048 1488 2082 idern
1524 2046 1655 2082 fort-affe
1679 2048 1712 2080 in
1736 2058 1801 2090 quo
1825 2055 1884 2089 ego
1915 2045 2073 2080 haerebam
2096 2067 2106 2084 ,
2139 2046 2305 2089 pervidisse
2330 2070 2339 2086 ,
2369 2050 2401 2081 &

1402 2089 1554 2135 scripsisse
1585 2099 1733 2133 poterant
1755 2113 1765 2129 ,
1796 2101 1860 2124 non
1884 2090 2020 2132 amplius
2043 2088 2273 2125 subsistendum
2305 2089 2365 2124 effe
2389 2113 2400 2129 ‚

1402 2135 1584 2170 docuerunt
1600 2156 1609 2165 .
1635 2135 1825 2177 Utrumque
1849 2142 1976 2174 autem,
2001 2133 2024 2166 si
2045 2143 2189 2176 unquam
2213 2135 2312 2174 alias,
2332 2144 2401 2168 cer-

1403 2189 1436 2213 te
1459 2190 1542 2214 nunc
1567 2177 1706 2212 faciam:
1730 2178 1825 2211 Prius
1847 2178 1934 2211 enirn
1957 2187 2053 2220 quarn
2077 2178 2166 2211 istam
2199 2188 2271 2220 quae
2294 2177 2403 2211 novis-

1401 2222 1478 2257 fime
1502 2221 1665 2265 proposita
1678 2221 1745 2261 est,
1768 2221 1898 2256 uvulam
1921 2220 2044 2254 caeteris
2055 2232 2126 2264 quae
2138 2219 2312 2255 secundum
2345 2232 2403 2255 na-

1406 2275 1513 2301 turam
1537 2264 1629 2303 sunt,
1656 2265 1802 2299 Partibus
1825 2264 2017 2307 adjungam,
2042 2264 2122 2307 quid
2144 2264 2183 2298 de
2207 2264 2275 2307 ipsa
2297 2264 2403 2299 visum

1405 2311 1530 2344 interea
1553 2307 1652 2342 fuerit
1677 2309 1768 2349 aliis,
1791 2309 1919 2351 legam,
1941 2308 1982 2341 iis
2013 2307 2086 2342 dico
2108 2308 2225 2350 quibus
2247 2307 2329 2341 nihil
2350 2306 2403 2351 ju-

1403 2364 1438 2388 re
1461 2354 1569 2396 negari
1595 2351 1688 2394 poffit
1710 2352 1749 2386 de
1775 2361 1826 2386 tot
1850 2351 2042 2393 adjumentis
2065 2362 2135 2394 quae
2159 2353 2193 2384 in
2217 2361 2353 2394 magno,
2378 2352 2401 2384 fi

1402 2398 1541 2439 ingenue
1560 2396 1750 2439 loquimur,
1772 2396 1972 2429 Anatomico
1993 2397 2223 2438 requiruntur,
2244 2395 2403 2439 simulque

1401 2440 1491 2483 ipse,
1513 2439 1817 2483 quantuluscunque
1827 2439 1897 2472 sum
1912 2462 1922 2477 ,
1946 2438 1985 2472 ad
2007 2449 2059 2473 eas
2081 2449 2158 2481 quas
2180 2439 2299 2476 retuli,
2322 2440 2401 2473 alias

1402 2484 1516 2518 addam
1542 2483 1809 2525 perquisitiones.
1835 2482 1984 2519 Quarum
2005 2483 2128 2516 exitum
2161 2481 2300 2516 fideliter
2334 2482 2400 2516 tibi

1400 2528 1471 2570 post
1493 2526 1650 2561 absolutas
1672 2527 1858 2571 insequente
1882 2526 1998 2570 hyeme
2019 2525 2218 2561 diffeuiones
2240 2525 2401 2568 significa-

1401 2572 1444 2604 bo
1469 2574 1479 2610 (
1503 2582 1528 2613 z
1549 2573 1581 2610 )·

1449 2617 1499 2649 16.
1523 2614 1650 2647 Caetera
1673 2624 1748 2649 vero
1771 2625 1842 2657 quae
1864 2637 1877 2655 ,
1909 2614 1989 2649 ficut
2018 2612 2118 2647 initio
2149 2611 2263 2646 harum
2296 2613 2398 2646 Litte-

1403 2669 1509 2693 rarum
1554 2656 1684 2700 promisi
1706 2680 1716 2695 ‚
1749 2658 1787 2693 ad
1831 2658 1962 2692 morbos
2007 2656 2213 2691 Genitalium
2258 2657 2399 2690 attinent

1403 2702 1547 2780 {Initium
1569 2723 1581 2740 ,
1634 2712 1731 2744 quam
1773 2701 1915 2745 primum
1967 2708 2082 2745 potero
2103 2722 2115 2740 ,
2169 2698 2366 2744 perscribam
2389 2725 2398 2735 .

1439 2757 1455 2780 a
1471 2757 1486 2780 e
1499 2769 1509 2780 .

2241 3533 2354 3570 EPI-

412 3636 2381 3657 ww

422 3715 493 3776 22³,
505 3715 647 3777 tat-aza
673 3712 811 3774 „salt
827 3721 851 3745 ⁵·

1024 3713 1039 3743 ζ
1053 3720 1069 3738 st
1083 3715 1091 3744 1
1112 3711 1207 3738 Differt.
1221 3711 1250 3737 de
1264 3710 1364 3737 fabrica
1375 3725 1384 3741 2
1399 3709 1423 3734 8:
1437 3709 1488 3736 Usu
1503 3708 1592 3734 Viscer,
1608 3706 1788 3737 Oropoieticor.
1803 3705 1874 3732 Class-
1889 3713 1913 3736 2.

1975 3705 1990 3735 ί
2002 3711 2020 3737 1
2035 3704 2050 3734 )
2065 3713 2090 3731 n.
2104 3708 2160 3732 660.
2175 3704 2199 3729 ἃ
2213 3703 2274 3734 seqq.
