2498 4075
380 268 548 335 Epist.
585 268 748 325 Anat.
786 266 1001 323 Medica
1036 267 1328 323 LVI.‘Art.
1358 268 1426 331 ‘32-
1465 289 1530 332 33·
1564 269 1620 323 δε
1657 270 1730 333 34.-

71 356 168 391 atque
190 347 384 389 diductum,
408 359 578 384 omentum
602 350 750 390 apparuit
773 346 896 382 sursum
907 348 1070 382 totumita

69 392 265 432 retianum,
288 404 324 427 ut
347 393 432 427 infra
456 392 666 426 transversam
689 392 768 427 Coli
803 401 950 434 partem,
972 401 1069 434 quam

66 436 231 476 operiebat
246 463 255 478 ,
280 448 343 470 non
366 436 586 470 descenderet.
613 436 691 468 Lien
716 446 806 477 aequo
821 434 943 478 major,
966 437 998 468 &
1020 432 1068 467 fa-

66 478 126 512 cile
150 480 345 513 lacerabilis.
364 480 465 523 Jecur
489 479 668 522 pallidum,
691 482 722 512 δι
752 488 944 520 quacunque
977 487 1067 520 parte

64 521 273 564 diaphragma
297 523 478 565 speetabat,
501 523 584 556 arste
608 523 685 555 adeo
699 533 771 556 cum
786 520 845 554 hoc
868 530 1067 560 connatum,

65 573 101 599 ut
124 566 315 603 membranae
340 576 512 608 utrumque
535 565 735 599 investientes
751 587 759 602 ,
783 575 849 597 non
879 564 949 597 duae
971 587 984 604 ‚
1016 564 1067 597 sed

66 619 128 656 una
152 608 210 642 esse
233 609 436 643 viderentur.
463 609 561 643 Fellea
572 609 667 651 cystis
678 609 839 649 oblonga,
860 608 892 639 &
910 608 1066 648 pinguis,

65 653 122 684 etsi
148 653 297 686 vitellino
319 653 426 686 colore
448 654 587 685 exterius
610 661 697 689 erat3
720 651 817 685 bilem
829 659 936 683 tamen
956 661 996 683 ex
1006 649 1066 682 fla-

65 704 110 727 vo
133 695 292 733 viridem,
314 707 448 738 eamque
471 694 608 729 fluidam
630 719 640 735 ‚
672 707 736 728 non
762 694 966 728 faeculentam
991 718 1001 733 ‚
1035 695 1067 725 &

64 738 227 781 calculos,
251 741 283 771 in
307 738 440 772 homine
464 748 527 772 non
550 740 703 775 insterico,
728 737 933 779 undeviginti
958 736 1065 770 conti-

65 781 252 815 nebatffHi
277 791 366 814 erant
389 793 500 815 omnes
523 783 556 814 in
580 780 702 817 fundo,
726 792 783 814 nec
809 782 865 814 alii
896 779 1030 821 usquam
1053 802 1066 819 ,

65 824 125 857 nisi
150 822 236 858 forte
259 825 411 857 minimus
434 825 551 868 aliquis
573 826 659 858 inter
683 825 777 866 cystis
790 824 914 857 tunicas
927 824 959 855 in
974 824 1066 865 glan-

66 866 141 901 dula
165 868 315 910 quapiam
339 869 482 906 latebat,
508 878 544 901 ut
569 870 699 909 nigrum
724 867 877 909 punetum
900 867 1066 899 indicabat

64 909 154 953 quod
177 913 212 945 in
235 920 323 951 uno,
347 921 400 944 aut
425 912 528 944 altero
551 910 646 945 faciei
669 910 833 943 interioris
854 910 927 942 loco
951 920 1004 951 per
1017 919 1068 942 tu-

65 955 152 987 nicas
176 953 462 996 transpiciebatur.
485 954 542 987 Sed
564 955 588 986 ii
612 954 650 987 de
673 953 791 996 quibus
813 953 916 986 dicere
939 953 1066 995 incepe-

67 1007 159 1037 ram,
182 997 516 1037 subrotundiomnes‚
540 997 682 1034 modici,
699 998 808 1038 nigri,
823 994 985 1037 superficie
997 1006 1067 1037 gra-

68 1041 160 1078 nosa‚
185 1041 267 1074 nihil
291 1042 498 1084 magisquam
521 1052 610 1075 mora
636 1049 760 1074 matura
783 1038 841 1073 effe
854 1038 1068 1075 videbantur't

68 1084 138 1124 Qi
161 1095 177 1117 a
202 1096 252 1117 me
275 1086 432 1118 continuo
455 1085 488 1117 in
513 1095 629 1127 aquam
651 1082 810 1125 conjeffi,
836 1081 927 1115 illico
960 1092 1069 1115 omnes

67 1126 206 1161 fundum
230 1128 369 1169 petiere,
395 1131 424 1161 δε
448 1129 481 1161 in
506 1139 544 1161 eo
567 1128 737 1170 quievere.
762 1125 818 1159 Sed
853 1136 891 1158 ex
922 1136 958 1158 ea
992 1135 1069 1157 mox

67 1170 196 1208 educti,
218 1174 249 1204 &
273 1170 341 1214 post
364 1171 489 1213 aliquot
513 1170 579 1204 dies
603 1181 693 1213 aquae
717 1167 881 1210 impositi3
904 1179 969 1201 non
994 1177 1068 1208 pro-

69 1213 170 1256 jefih·
193 1214 289 1255 paulo
313 1213 433 1247 tardius
457 1213 684 1254 subsederunt,
717 1210 918 1253 bullulasque
953 1209 1067 1244 emise-

68 1266 165 1290 runt:
191 1256 315 1291 duobus
338 1266 444 1291 autem
470 1257 539 1299 post
563 1255 719 1290 mensibus
742 1253 889 1289 similiter
899 1252 1065 1297 impositi,

63 1300 192 1336 diutius
213 1301 248 1333 in
272 1300 400 1334 summo
424 1300 662 1342 permanserunt
677 1325 685 1333 .
711 1299 790 1337 Quo
813 1308 957 1340 tempore
991 1308 1078 1332 cum„

68 1355 108 1378 ex
130 1343 218 1378 siccis
241 1345 381 1386 aliquem
407 1344 546 1379 flammae
569 1343 798 1380 admovissem5
824 1340 904 1375 hanc
928 1341 981 1374 ille
1004 1351 1069 1373 non

67 1390 241 1430 concepit3
265 1387 420 1421 scintillas
430 1387 599 1421 dumtaxat
614 1408 622 1423 ‚
636 1390 667 1420 &
679 1383 852 1419 combustae
866 1394 977 1427 pennae
987 1383 1070 1417 odo-

67 1442 137 1465 rem
160 1433 325 1473 ingratum
348 1432 455 1465 emisit
479 1454 491 1471 ,
525 1429 741 1472 retraetusque
764 1427 808 1461 est
838 1429 940 1470 qualis
970 1424 1071 1460 ferme

68 1484 158 1507 antea
183 1474 287 1508 fuerat
311 1500 319 1508 .
354 1477 557 1508 Caeterorum
581 1482 686 1507 autem
711 1472 889 1515 fragmenta
923 1470 1072 1513 quaedam

68 1517 213 1551 bimestri
238 1519 271 1551 in
294 1529 375 1561 aqua
400 1518 613 1551 maceratione
636 1516 740 1549 nihilo
773 1515 921 1548 molliora
951 1511 1037 1547 faela
1061 1534 1072 1551 ,

68 1561 202 1595 eandem
226 1561 347 1604 semper
372 1561 606 1595 firmitudinem
620 1560 817 1593 retinuerunt
830 1583 837 1591 .
864 1556 992 1591 Addere
1005 1556 1072 1590 haec

69 1605 107 1639 ad
131 1605 185 1638 illa
212 1607 332 1646 poteris
354 1616 424 1648 quae
446 1604 527 1638 olim
550 1604 588 1636 de
611 1601 713 1636 felleis
735 1601 865 1637 calculis
878 1600 915 1633 ad
940 1599 1074 1633 Schroe-

68 1648 182 1683 ckium
207 1648 386 1692 scripseram
411 1650 423 1686 (
445 1658 476 1681 m
499 1651 531 1686 ).
555 1646 655 1680 Nunc
668 1656 775 1680 autem
799 1645 832 1679 id
858 1644 964 1687 accipe
985 1642 1074 1687 quod

69 1693 171 1727 rarius
194 1690 274 1731 elle,
298 1693 391 1729 dixi3
415 1701 475 1732 ego
497 1699 584 1724 certe
607 1689 664 1723 nisi
689 1691 721 1722 in
748 1689 809 1723 hoc
833 1698 969 1729 corpore
991 1698 1074 1721 nun-

67 1747 165 1779 quam
190 1734 276 1768 vidi.
302 1737 402 1769 Venae
423 1735 520 1767 Cavae
535 1732 847 1768 Inferioristruncus
869 1732 924 1766 ubi
945 1743 982 1765 ex
996 1733 1074 1765 Ilia-

67 1790 178 1813 carum
201 1777 359 1812 confluxu
383 1777 604 1817 coalescebat,
628 1788 692 1810 non
715 1777 900 1814 demerim,
924 1786 959 1808 ut
994 1774 1074 1808 seni-

65 1834 142 1868 per,
167 1821 218 1855 sed
241 1820 403 1855 sinistrum
426 1833 482 1864 per
502 1821 662 1854 lumbares
685 1822 847 1855 vertebras
871 1819 996 1853 tenebat
1030 1819 1074 1852 la·

66 1876 138 1912 tus..
164 1866 378 1908 pergebatque
402 1865 440 1898 ad
464 1866 576 1899 laevarn
599 1865 725 1898 arteriae
752 1866 878 1906 Magnae
900 1862 1002 1896 donec
1019 1873 1073 1902 per

67 1909 163 1951 hujus
188 1909 381 1942 anteriorem
405 1907 521 1941 ficiem
547 1908 654 1941 statim
679 1907 736 1940 sub
771 1906 983 1940 Mesenterica
1014 1906 1074 1939 Su·-

68 1954 193 1996 periore
216 1954 348 1994 oblique
371 1950 571 1985 dextrorsum
596 1951 625 1984 se
650 1947 840 1987 infleftens,
862 1950 1004 1983 debitam
1019 1949 1077 1982 sibi

67 1996 232 2030 dexteram
258 2005 377 2037 peteret
402 1994 506 2028 sedem
520 2019 527 2026 .
552 1994 629 2030 Qua
645 2005 683 2027 ex
706 1992 886 2027 inflexione
900 1992 1017 2028 fiebat,
1040 2001 1077 2025 ut

67 2041 217 2081 quamvis
240 2037 361 2073 sinistra
372 2038 546 2079 Emulgens
571 2048 649 2071 vena
671 2036 712 2071 ad
734 2035 815 2071 duos
838 2036 941 2069 tresve
952 2036 1073 2077 digitos

66 2080 202 2117 inferius
220 2082 322 2125 <quam
344 2082 493 2118 dextera,
517 2080 540 2113 fi
563 2082 687 2114 Cavam
710 2080 744 2112 in
769 2080 891 2113 reStum
926 2079 1074 2112 extende-

71 2138 141 2166 .es,
167 2128 199 2158 in
224 2126 306 2160 hanc
329 2125 481 2159 influeret
508 2137 518 2161 ·,
541 2134 594 2156 ren
620 2133 727 2156 tamen
754 2122 873 2156 sinister
896 2133 960 2155 non
987 2122 1071 2155 mul-

35 2136 105 2207 sio
130 2169 316 2203 inferiorem
342 2168 446 2202 sedem
469 2168 652 2200 obtineret.
677 2167 776 2201 Hunc
799 2177 859 2207 ego
882 2176 936 2208 per
961 2169 1070 2198 Λοπα-

67 2214 184 2249 faciem
209 2224 295 2246 venae
317 2213 414 2245 Cavae
438 2210 606 2244 transitum
629 2221 703 2243 cum
726 2212 758 2242 in
782 2219 976 2251 quocunque
996 2218 1071 2241 cor-

68 2267 147 2301 pore
173 2257 349 2291 miraturus
372 2253 521 2290 fuissem,
546 2263 610 2286 non
634 2252 708 2286 satis
731 2253 841 2286 mirari
866 2261 1013 2294 poteram
1039 2253 1073 2285 in

67 2301 138 2344 ejus
160 2311 294 2343 corpore
317 2299 373 2340 qui
396 2299 480 2331 inter
504 2296 637 2329 affiduos
661 2296 837 2338 gravesque
858 2295 987 2337 agrestis
999 2296 1073 2328 vitae

71 2346 198 2379 labores
222 2340 432 2376 consenuisset
448 2365 456 2374 .
480 2341 760 2375 Caeteruonrta
784 2340 856 2373 duri
883 2338 1007 2380 aliquid
1018 2338 1072 2372 ha-

68 2389 141 2423 buit
166 2386 205 2420 ad
230 2385 317 2419 suam
342 2386 374 2419 in
389 2384 500 2417 Iliacas
514 2381 727 2421 divisionem,
751 2386 895 2424 itemque
906 2381 942 2415 ad
954 2381 1072 2415 ostium

70 2431 290 2466 Mesentericae
315 2428 493 2469 Superioris
508 2451 516 2458 .
650 2425 798 2459 Thorace
821 2434 929 2458 autem
942 2434 1071 2466 aperto,

69 2474 127 2510 etsi
152 2475 319 2517 pulmones
341 2473 525 2513 ubicunque
548 2469 656 2511 pleura
668 2468 732 2502 five
755 2469 884 2511 ρεᾶυς,
908 2469 970 2501 sive
992 2468 1073 2501 late-

71 2532 127 2557 ra,
151 2516 214 2550 sive
237 2514 391 2550 dorsum,
417 2512 480 2547 five
505 2512 714 2555 diaphragma
737 2511 972 2549 convestiebat,
995 2523 1070 2545 cum

71 2573 107 2598 ea
131 2560 213 2594 arfte
236 2558 457 2595 coliaererent3
480 2555 548 2590 sani
574 2566 679 2589 tamen
703 2555 774 2589 sunt
799 2553 876 2588 visi:
901 2566 1004 2598 neque
1038 2556 1073 2588 in

69 2605 255 2649 propinquo
278 2600 374 2636 corde
385 2602 459 2633 vitii
472 2600 651 2642 quidquam
677 2598 864 2632 adnotatum
877 2597 939 2630 est.

68 2647 254 2684 Novissime
276 2646 362 2678 Crus
384 2642 524 2677 fractum
557 2643 702 2685 inspexi.
729 2641 809 2675 Non
832 2641 977 2674 tumebat
1002 2642 1075 2683 plu-

71 2694 211 2727 timum.
236 2688 356 2726 Tibia,
381 2689 412 2719 &
437 2686 535 2721 fibula
559 2687 657 2727 paulo
679 2684 770 2726 supra
794 2695 865 2717 eum
880 2685 987 2718 locum
1013 2685 1070 2718 ubi

70 2746 144 2770 cum
163 2733 241 2776 pede
264 2732 538 2774 committuntur,
562 2728 669 2763 fraftae
694 2737 781 2761 erant
805 2728 930 2767 ambae,
953 2725 1074 2760 frafiu-

71 2791 106 2813 ra
130 2775 436 2817 inlongitudinem,
464 2772 511 2806 sed
537 2784 601 2806 non
619 2773 722 2808 reeta,
745 2781 914 2814 pergente.
939 2771 1074 2811 Sangui-

70 2824 121 2856 nis
144 2819 190 2853 ibi
214 2821 335 2852 circum
359 2814 445 2853 effusi
470 2826 534 2849 non
559 2816 757 2858 plurimum:
782 2826 838 2848 nec
863 2814 961 2847 malus
971 2813 1074 2847 adhuc

73 2875 140 2900 erat
163 2862 268 2901 odor,
291 2870 345 2895 aut
367 2860 479 2893 color.

115 2918 166 2951 32.
193 2905 287 2939 Hanc
311 2912 418 2937 autern
442 2901 615 2936 fracturam
638 2902 760 2944 inspexi
784 2924 794 2940 ‚
830 2912 895 2934 non
918 2899 1007 2942 quod
1037 2901 1070 2933 in

72 2952 226 2989 homine,
248 2957 349 2989 eoque
374 2946 444 2979 sene
466 2946 642 2988 quidquam
664 2954 732 2978 tasn
755 2946 822 2978 cito
846 2956 894 2977 me
927 2943 1070 2978 visurum

73 2996 230 3037 sperarem
255 2988 342 3033 quod
365 2988 403 3023 acl
425 2990 499 3022 calli
522 2990 653 3021 initium
676 2987 883 3029 conspicuum
896 2987 1070 3025 attineret3

73 3039 127 3073 sed
151 3046 185 3071 ut
210 3035 269 3067 alia
294 3034 427 3075 potius,
448 3034 481 3064 in
506 3030 733 3073 hisqueillud,
759 3043 797 3064 an
822 3030 843 3063 fi
859 3029 1076 3072 fragmentum

73 3080 253 3125 quodpiam
277 3075 350 3110 esset
373 3075 412 3108 ab
435 3076 550 3109 offibus
573 3074 751 3118 sejunemm
767 3097 776 3112 ‚
799 3074 831 3107 id
853 3072 1076 3115 mucosoquo-

71 3128 146 3160 dam
170 3121 356 3156 involutum
379 3118 454 3151 esset
478 3119 632 3157 humore,
658 3119 737 3152 sicut
758 3118 792 3150 in
818 3116 977 3150 Valsalvae
990 3115 1073 3150 sche-

74 3168 125 3202 dis
148 3166 188 3200 ab
210 3176 250 3198 eo
272 3165 441 3195 inventum
462 3162 523 3195 esse
546 3187 555 3202 ‚
588 3162 724 3203 legeram
742 3186 749 3194 .
881 3160 957 3193 Hoc
990 3171 1074 3201 quo-

73 3223 138 3255 que
161 3211 195 3242 in
219 3207 315 3249 ipsius
337 3205 473 3247 quadam
499 3205 640 3248 Epistola
663 3204 707 3237 est
731 3202 816 3245 quod
841 3203 902 3236 huc
927 3202 1072 3244 spec'tet:

75 3255 133 3290 nbi
158 3252 294 3285 fracfitura
317 3259 389 3282 cum
413 3250 541 3281 vulnere
565 3248 628 3288 est,
653 3247 839 3289 sanguinem
863 3244 1073 3289 effluere-esse

76 3296 268 3333 finendum3
292 3291 333 3325 fic
358 3292 443 3324 enim
466 3295 495 3324 &
519 3291 580 3325 ossa
604 3315 616 3332 ‚
650 3294 680 3324 δε
703 3301 811 3323 carnes
844 3287 968 3323 facilius
1000 3298 1075 3329 Jun-

76 3341 164 3375 &um
188 3339 253 3370 iri.-
276 3337 383 3378 itaque
406 3336 439 3367 in
465 3335 536 3367 casu
561 3335 618 3368 sibi
631 3333 795 3377 proposito
818 3332 908 3366 fraffl
923 3331 1073 3368 femoris,

77 3387 109 3418 &
131 3381 221 3415 tibiae
235 3401 244 3417 ‚
266 3379 340 3413 ideo
364 3376 445 3411 illud
467 3379 564 3411 citius
584 3389 680 3420 quam
716 3376 816 3414 hanc,
841 3373 1074 3413 conferbuisse,

78 3425 167 3469 quod
190 3424 277 3456 illius
300 3421 439 3455 fraRura
463 3433 535 3454 cum
561 3422 689 3455 vulnere
713 3432 765 3462 per
783 3419 870 3462 quod
892 3419 1017 3461 sanguis
1028 3416 1073 3450 ef-

80 3471 238 3506 fluxerat,
259 3464 435 3507 conjumffta
458 3474 543 3501 erat;
568 3463 661 3505 hujus
682 3474 748 3496 non
777 3472 862 3497 erat.
997 3461 1072 3494 Nec

78 3510 209 3556 quando
231 3509 380 3542 adnotare
404 3508 469 3541 haec
493 3509 600 3546 coepi.
622 3507 709 3539 illam
732 3509 883 3540 omittam
896 3518 965 3550 quae
991 3504 1071 3536 mihi

81 3567 147 3590 non
171 3553 311 3595 vulgaris
333 3551 514 3593 Chirurgus
537 3550 574 3583 de
587 3549 617 3582 se
629 3549 796 3582 narrabat.
821 3552 925 3583 Crure
950 3547 1076 3583 (τεᾶς),

81 3596 261 3640 offibusque
281 3594 368 3629 τεᾶε
391 3596 420 3627 &
444 3592 610 3636 repositis,
633 3596 664 3626 &
694 3593 804 3626 locaris
828 3614 838 3630 ‚
870 3592 902 3625 id
936 3592 1077 3634 primurn

162 3640 324 3682 Morgagni
347 3637 381 3670 de
405 3639 528 3671 Sed&
549 3636 635 3679 Caus.
661 3634 934 3670 Morb.T0m.11.

1952 281 2044 333 355

1121 347 1397 388 animadvertisse,
1420 348 1550 382 auc0mm
1574 347 1633 381 sibi
1666 347 1814 381 dolorem
1836 344 1914 380 hora
1945 355 2008 379 una
2039 352 2115 379 exa:

1119 394 1170 426 eta
1195 392 1367 434 ,postquam
1392 402 1463 424 crus
1498 391 1744 433 deligaverant:
1770 390 1856 430 quod
1880 400 1952 422 cum
1986 401 2002 421 a
2034 389 2115 421 deli-

1119 435 1252 478 gatione
1274 447 1344 477 quae
1369 435 1488 467 aretior
1510 435 1630 467 interea
1655 433 1737 467 faeta
1758 433 1858 470 esset,
1883 431 1968 473 posse
1990 432 2089 472 repeti
2106 456 2115 470 ,

1117 477 1285 520 negassent·
1301 479 1334 512 id
1357 478 1559 520 explorantes
1581 476 1762 520 Chirurgi3
1785 475 1945 509 intellexit
1980 486 1996 507 a
2031 473 2118 515 stupa

1117 520 1175 555 esse
1198 533 1293 565 quam
1315 522 1627 561 circumposuerant,
1648 518 1856 562 conquassato
1877 520 1933 551 ovi
1953 518 2119 551 albumine

1118 566 1301 604 imbutam,
1324 564 1410 606 quod
1433 564 1509 597 dum
1535 563 1737 597 resiccaretur
1761 583 1770 600 ,
1805 563 1985 603 fragmenta
2008 559 2120 601 aliqua

1116 608 1198 642 ossea
1222 608 1259 641 ad
1282 610 1444 650 proximas
1467 605 1633 639 sentientes
1656 616 1759 649 partes
1775 607 1990 648 apprimeret.
2016 603 2120 637 Dein-

1116 651 1154 685 de
1176 651 1257 685 illud
1280 652 1439 687 alterum,
1461 661 1477 682 a
1500 650 1653 683 leviffirno
1674 659 1826 692 quoque,
1858 648 1935 680 dum
1967 647 2024 688 qui
2058 645 2119 678 fibi

1118 693 1269 733 aderant,
1295 694 1517 730 ambularent,
1543 693 1679 726 tabulati
1705 713 1715 729 ‚
1750 693 1780 723 δι
1803 691 1911 724 ΙεᾶιιΙί
1944 699 2082 723 tremore
2105 711 2116 727 ,

1116 739 1236 780 semper
1267 736 1413 771 dolorem
1448 737 1556 777 augeri
1583 760 1589 774 ,
1622 735 1772 767 timorem
1798 745 1836 767 ue
1872 734 1966 766 simul
1992 754 2001 768 2
2033 742 2070 764 ne
2093 732 2121 764 is

1116 791 1238 814 tremor
1279 780 1392 814 ossium
1423 778 1701 821 conglutinationi
1747 788 1768 809 o
1805 785 1890 811 teret
1914 799 1922 808 .
1971 775 2120 815 Denique

1116 836 1191 859 cum
1216 823 1396 866 persanatus
1417 821 1481 864 jam
1493 820 1588 858 esset,
1612 820 1801 853 diuturnam
1823 818 1914 852 valde
1938 818 2017 855 fibi,
2041 816 2121 849 alio.

1116 869 1196 910 quin
1222 866 1298 900 tu‘nc
1321 865 1454 908 juveni,
1476 868 1507 898 &
1531 865 1616 897 reste
1642 864 1780 902 valenti,
1804 862 1958 904 reliquam
1983 858 2072 907 fuisse
2084 860 2119 891 in

1116 913 1286 949 calcaneo,
1309 921 1384 942 cum
1396 909 1492 941 vellet
1515 907 1682 944 incedere,
1706 904 1904 943 molestiam,
1928 908 1964 938 8(
1980 902 2125 937 diflicnl-·

1116 964 1217 988 tatem
1253 960 1418 996 propterea
1452 951 1528 993 quia
1560 951 1632 984 satis
1665 959 1793 984 cautum
1819 959 1882 981 non
1905 947 2011 981 fuerat
2033 971 2042 985 ,
2073 956 2124 979 to·

1118 1007 1154 1031 to
1177 997 1235 1030 illo
1267 1005 1335 1030 tam
1367 996 1468 1036 longo
1501 1005 1567 1038 quo
1600 994 1773 1027 immotum
1806 1002 1878 1026 crus
1910 991 2087 1024 servaverat
2110 1009 2122 1026 ,

1119 1050 1286 1081 tempore,
1309 1050 1349 1072 ne
1372 1038 1519 1072 calcaneo
1544 1038 1723 1071 niteretur:
1748 1047 1788 1068 ex
1810 1046 1877 1076 quo
1909 1035 2006 1067 etiam
2040 1030 2124 1066 illud

1118 1082 1298 1125 intelliges,
1333 1092 1430 1124 quare
1465 1081 1574 1120 navi,
1611 1082 1790 1121 attentique
1825 1077 1985 1119 Chirurgi
2019 1076 2123 1110 velint

1120 1126 1216 1160 frafti
1241 1135 1328 1158 artus
1350 1125 1536 1157 calcaneum
1562 1131 1637 1164 apto
1660 1123 1818 1156 foramine
1843 1130 2010 1163 exceptum
2034 1117 2125 1162 quod

1118 1169 1323 1210 circumjeeta
1348 1168 1433 1209 stupa
1449 1191 1457 1206 ,
1480 1177 1535 1200 aut
1558 1166 1695 1199 linteum
1722 1165 1819 1199 molle
1835 1189 1844 1204 ,
1868 1165 1901 1196 in
1925 1164 2034 1204 annuli
2059 1160 2123 1194 for.

1119 1224 1203 1247 mam
1227 1211 1463 1250 convolutum,
1485 1210 1665 1250 relinquat,
1689 1211 1734 1242 ita
1768 1206 1946 1251 quiescere,
1972 1216 2008 1240 ut
2041 1214 2124 1246 aeger

1117 1257 1271 1291 calcaneo
1294 1254 1365 1297 ipso
1387 1263 1452 1286 non
1475 1255 1622 1286 nitatur.

1159 1311 1211 1344 33.
1238 1298 1355 1340 Luxasi
1376 1296 1541 1338 aliquando
1558 1296 1654 1337 juxta
1673 1294 1781 1335 pedem
1805 1293 1894 1328 ambo
1917 1292 1976 1338 offa
1995 1293 2120 1331 cruris,

1123 1342 1186 1384 jam
1209 1343 1288 1376 olim
1312 1341 1352 1375 ab
1386 1341 1588 1383 Hippocrate
1613 1338 1666 1379 (n
1691 1342 1700 1376 )
1725 1336 1882 1379 scriptum
1915 1339 1958 1371 est
1983 1348 1992 1370 .·
2026 1346 2125 1378 eaque

1122 1387 1246 1420 luxatio
1268 1386 1449 1418 breviorem
1475 1384 1586 1425 utique
1610 1392 1716 1416 artum
1742 1381 1880 1419 faceret,
1904 1379 2057 1423 fiquando
2080 1378 2127 1410 ita

1122 1428 1380 1471 disjungerentur
1396 1453 1404 1468 ‚
1428 1434 1462 1461 ut
1487 1424 1656 1467 astragalus
1679 1423 1855 1458 ascenderet
1880 1425 1965 1458 inter
1999 1432 2128 1456 utrum-

1122 1485 1205 1516 que:
1229 1472 1316 1513 quod
1351 1481 1456 1504 tamen
1491 1469 1560 1502 fieri
1586 1480 1650 1502 non
1676 1466 1783 1510 posse,
1806 1468 1863 1501 nisi
1901 1476 2018 1510 praeter
2043 1464 2129 1507 sym-

1123 1526 1265 1559 ptomata
1289 1515 1382 1554 longe
1405 1511 1604 1555 gravissima,
1629 1523 1682 1553 pes
1705 1511 1742 1544 ad
1768 1520 1933 1544 externum
1955 1510 2056 1542 cruris
2080 1510 2129 1541 la-

1124 1568 1174 1593 tus
1199 1556 1427 1592 evidentiffime
1452 1556 1617 1589 traduetus
1639 1577 1651 1593 ‚
1685 1563 1833 1595 appareat
1857 1577 1870 1593 ,
1908 1554 1981 1586 satis
2014 1551 2058 1585 est
2094 1552 2130 1583 in

1125 1601 1296 1644 Responso
1319 1599 1459 1642 quodam
1484 1609 1554 1631 meo
1579 1598 1854 1630 demonstratum:
1877 1595 1998 1638 quodfi
2016 1596 2129 1637 legeris

1126 1645 1210 1688 a-pud
1233 1643 1360 1678 Clariff.
1383 1644 1439 1685 qui
1464 1642 1568 1675 edidit
1593 1665 1601 1679 ‚
1636 1638 1802 1672 Medicum
1823 1652 1832 1675 ·,
1871 1650 1936 1672 rein
1955 1660 1964 1676 ‚
1985 1640 2104 1679 opinor
2119 1659 2129 1674 ,

1124 1690 1169 1723 ita
1195 1685 1478 1733 perspicuam-esse
1501 1708 1510 1723 ,
1546 1682 1739 1727 cognosces,
1763 1691 1798 1716 ut
1821 1681 1860 1716 de
1891 1694 1925 1716 ea
1959 1681 2041 1715 nihil
2075 1682 2129 1715 hic

1123 1732 1248 1768 censeas
1273 1729 1334 1767 effe
1361 1728 1595 1774 adiiciendum.

1168 1789 1218 1821 34.
1255 1777 1421 1810 Hastenus
1452 1772 1490 1806 de
1526 1770 1683 1805 Inferiore
1715 1780 1787 1805 artu
1818 1779 1886 1804 tam
1919 1769 2019 1803 multa
2052 1768 2126 1802 scri.

1123 1821 1265 1864 pfirnus,
1289 1828 1324 1854 ut
1348 1818 1406 1852 nisi
1431 1814 1604 1861 longissimi
1630 1813 1690 1848 esse
1715 1814 1872 1854 velimus,
1897 1824 1994 1856 pauca
2031 1811 2127 1845 durn-

1121 1874 1210 1898 taxat
1233 1865 1273 1897 de
1294 1865 1461 1905 Superiore
1484 1886 1493 1900 ‚
1526 1863 1557 1894 &
1581 1859 1620 1895 de
1644 1858 1813 1893 vertebris
1837 1857 1897 1891 sint
1922 1855 2128 1899 attingenda.

1127 1909 1280 1951 Quorum
1316 1917 1386 1949 pars
1418 1915 1524 1940 tamen
1559 1905 1598 1939 ad
1631 1903 1821 1937 Inferiorem
1855 1912 1986 1944 quoque
2021 1909 2126 1947 artum

1128 1952 1284 1993 spefiabit
1308 1974 1319 1990 ‚
1353 1960 1388 1983 ut
1413 1957 1535 1994 partem
1568 1958 1678 1983 eorum
1712 1959 1782 1990 quae
1813 1944 1933 1987 scripta
1970 1944 2065 1980 sunt>
2087 1943 2133 1976 ad·

1128 1997 1189 2028 alia
1219 1996 1319 2028 etiam
1351 1993 1416 2027 ossa
1441 1992 1605 2026 transferri
1641 1990 1749 2035 posse,
1775 1989 1931 2032 intelligis
1954 2012 1963 2022 .
1999 1986 2049 2036 ῌΧ
2087 1987 2126 2020 iis

1124 2039 1211 2073 enim
1235 2037 1316 2073 illud
1339 2048 1470 2079 quoque
1503 2036 1545 2070 est
1577 2034 1666 2078 quod
1699 2046 1737 2069 ex
1769 2033 1935 2067 Columbo
1970 2042 2128 2065 memora-

1126 2083 1267 2121 vimus(
1290 2093 1307 2115 o
1331 2084 1341 2118 )
1366 2103 1375 2118 ‚
1408 2082 1441 2112 in
1479 2080 1583 2122 pueris
1617 2078 1710 2112 facile
1733 2076 1902 2120 epiphyses
1936 2076 1975 2111 ab
2007 2073 2126 2110 offibus

1124 2125 1265 2167 disjungi
1291 2149 1298 2156 .
1331 2124 1430 2163 Quod
1454 2124 1512 2166 qui
1544 2134 1608 2156 non
1642 2122 1784 2156 attendat
1809 2143 1819 2159 ,
1855 2123 1879 2155 is
1914 2121 1947 2154 in
1985 2120 2050 2153 illis
2072 2118 2127 2153 de-

1122 2170 1191 2212 cipi
1210 2168 1374 2201 interdum
1398 2165 1523 2209 potest,
1545 2162 1975 2209 hujusmodidisjunfflones
1989 2174 2046 2205 pro
2061 2161 2126 2196 fra-

1123 2214 1222 2247 &uris
1246 2211 1434 2252 accipiendo
1459 2235 1466 2242 .
1501 2211 1692 2251 Experienti
1717 2209 1861 2250 alioquin
1895 2207 2060 2249 Chirurgo
2092 2207 2126 2241 id

1126 2256 1258 2289 memini
1283 2252 1452 2291 accidisse,
1475 2255 1531 2295 qui
1555 2264 1629 2286 cum
1653 2253 1884 2286 amborumere
1895 2250 2024 2285 brachia
2038 2251 2128 2293 puel-

1125 2300 1151 2332 li
1173 2299 1293 2332 nobilis
1314 2297 1436 2330 videret
1460 2297 1498 2330 ad
1521 2308 1653 2338 carpos,
1677 2294 1900 2338 tangendoque
1925 2318 1938 2334 ,
1971 2293 2028 2330 sub
2059 2293 2126 2329 flu-

1122 2344 1251 2377 &uante
1283 2341 1418 2374 humore
1452 2339 1593 2382 quodam
1627 2350 1733 2382 partes
1766 2338 1812 2371 ibi
1834 2348 1994 2372 extremas
2018 2338 2125 2379 radii,

1123 2388 1154 2419 &
1180 2387 1261 2419 ulnae
1286 2384 1420 2417 mobiles
1444 2382 1543 2417 fmstas
1579 2383 1638 2416 esle
1665 2405 1674 2420 ‚
1707 2384 1888 2425 perciperet
1912 2397 1921 2420 3
1959 2383 2125 2416 mulierem

1123 2441 1195 2471 quoe
1218 2427 1339 2471 gestare
1360 2426 1452 2460 illum
1478 2426 1619 2464 solebat,
1641 2426 1800 2461 accusavit
1824 2447 1833 2463 ‚
1867 2425 1959 2468 quasi,
1987 2438 2064 2469 puer
2087 2437 2125 2460 ex

1121 2471 1188 2515 ejus
1228 2471 1374 2504 manibus
1417 2470 1578 2503 excidisset
1604 2493 1615 2509 ,
1658 2473 1689 2503 &
1735 2468 1908 2509 brachium
1952 2478 2126 2512 utrumque

1122 2514 1263 2557 fregisset
1288 2539 1294 2545 .
1330 2513 1429 2554 Qod
1454 2524 1528 2546 cum
1551 2522 1736 2556 pernegaret
1758 2513 1813 2546 illa
1837 2510 2042 2552 constanter,
2068 2515 2129 2547 Pa-

1125 2569 1228 2591 rentes
1253 2558 1322 2591 utri
1353 2556 1541 2598 crederent,
1565 2557 1662 2591 nescii
1686 2578 1695 2594 ,
1731 2569 1747 2590 a
1782 2568 1831 2590 me
1863 2560 2022 2599 petierunt
2045 2581 2054 2597 ,
2089 2564 2126 2591 ut

1124 2602 1329 2642 Chirurgum
1366 2600 1508 2633 audirem
1535 2626 1545 2640 ,
1580 2602 1610 2634 &
1650 2611 1727 2633 num
1769 2600 1852 2633 sorte
1893 2601 2092 2642 deciperetur
2115 2625 2126 2641 ‚

1124 2644 1348 2686 cognoscerem
1375 2668 1381 2674 .
1415 2644 1502 2677 Cum
1533 2644 1584 2676 illi
1623 2645 1709 2677 inter
1733 2642 1905 2686 petendum
1928 2643 2125 2682 narrassent.

1125 2687 1267 2730 puellum
1303 2686 1399 2729 paulo
1433 2697 1505 2720 ante
1540 2688 1682 2729 graviter
1713 2699 1751 2720 ex
1786 2688 1916 2720 variolis
1948 2687 2125 2725 laborasse,

1123 2731 1223 2773 idque
1257 2730 1463 2764 confirmaret
1497 2729 1712 2772 Chirurgus,·
1744 2730 1816 2762 vide
1840 2753 1853 2770 ,
1886 2731 2040 2771 inquam,
2073 2729 2125 2763 so-

1123 2774 1179 2807 des
1202 2796 1210 2811 ,
1249 2786 1286 2807 ne
1309 2771 1458 2820 abscessus
1493 2773 1628 2806 variolas
1659 2772 1821 2806 consecuti
1845 2796 1856 2812 ‚
1889 2772 2050 2807 erodendo
2073 2784 2127 2815 pe.

1125 2817 1255 2855 riostia,
1281 2816 1448 2858 epiphyies
1471 2816 1537 2850 illis
1570 2827 1644 2849 cum
1667 2815 1783 2848 Offibus
1815 2815 2006 2857 colligantia
2027 2841 2036 2856 ,
2070 2816 2124 2850 has

1126 2860 1211 2894 forte
1244 2860 1489 2902 separaverint3
1523 2860 1585 2893 hoc
1616 2860 1701 2892 enim
1734 2869 1808 2892 cum
1842 2860 1881 2891 ab
1924 2859 1993 2892 aliis
2025 2860 2124 2895 etiam

1125 2904 1257 2936 internis
1278 2901 1375 2936 causis
1401 2926 1410 2940 ,
1442 2911 1511 2935 tum
1536 2903 1728 2936 nominatim
1754 2913 1770 2935 a
1791 2900 1923 2935 variolis
1939 2902 2126 2943 faepenume-

1125 2958 1158 2979 ro
1181 2947 1316 2979 accidere
1338 2967 1352 2985 ,
1383 2945 1466 2977 vidit
1498 2945 1577 2978 olim
1623 2946 1739 2978 Pareus
1761 2967 1773 2984 ,
1806 2944 1897 2986 cujus
1929 2944 1987 2978 hac
2018 2946 2057 2978 de
2092 2958 2126 2980 re

1124 2990 1213 3023 locus
1235 3000 1309 3021 curn
1331 2990 1365 3021 in
1391 2986 1633 3030 Sepulchretum
1654 2999 1782 3030 quoque
1803 2992 1818 3028 (
1836 2998 1859 3030 p
1883 2991 1894 3025 )
1919 2989 2037 3021 relatus
2061 2988 2123 3029 fit,

1128 3034 1252 3069 miror,
1276 3031 1443 3073 quomodo
1468 3031 1703 3066 Eruditiffimos
1724 3034 1922 3073 caeteroquin
1946 3032 2046 3065 Viros
2070 3032 2124 3066 fu-

1126 3076 1210 3119 gerit
1235 3097 1245 3112 ‚
1279 3076 1336 3117 qui
1358 3074 1396 3108 de
1427 3075 1535 3108 eadem
1570 3086 1603 3108 re
1635 3073 1817 3116 chirurgos
1851 3076 1949 3108 Pareo
1980 3074 2122 3116 juniores

1125 3118 1360 3152 laudaverint.
1393 3118 1484 3161 Quid
1510 3119 1663 3159 quaeris?
1699 3118 1748 3150 Sic
1781 3126 1848 3151 erat
1871 3139 1881 3155 ,
1914 3127 1949 3151 ut
1985 3117 2123 3160 suspica-

1126 3164 1181 3196 bar
1203 3183 1215 3200 ,
1245 3161 1412 3202 Chirurgo
1435 3163 1572 3201 ingenue
1597 3172 1674 3194 mox
1696 3160 1815 3194 fatente
1839 3183 1847 3197 ‚
1879 3171 1929 3193 me
1963 3171 2033 3194 veta
2067 3162 2123 3195 ad·

1124 3203 1300 3240 monuisse:
1323 3215 1418 3244 quam
1443 3205 1654 3246 ingenuitatis
1679 3203 1804 3236 laudem
1827 3213 1890 3236 non
1917 3204 2008 3245 pauci
2023 3204 2122 3246 alias,

1126 3260 1175 3282 me
1199 3258 1262 3279 non
1289 3246 1463 3289 suspicante
1476 3254 1491 3286 ,’
1510 3248 1559 3281 sed
1570 3245 1802 3280 demonstrante
1816 3268 1825 3283 ‚
1847 3245 2027 3288 consequi,
2049 3259 2122 3282 cum

1124 3290 1219 3325 facile
1242 3289 1364 3331 possent
1379 3316 1388 3330 ,
1410 3291 1582 3323 noluerunt
1596 3314 1603 3320 .
1625 3290 1772 3330 Cognito
1795 3299 1900 3322 autem
1916 3290 2052 3327 morbo,
2073 3303 2125 3325 re-

1125 3336 1174 3367 &e
1200 3333 1378 3376 persanatus
1403 3334 1444 3367 est
1468 3333 1522 3366 ille
1546 3345 1643 3374 puer.
1668 3335 1766 3365 Porro
1789 3332 1827 3366 de
1853 3330 1974 3376 dlsceffu
1994 3333 2123 3376 epiphy-

1118 3378 1184 3420 fian
1207 3388 1224 3408 a
1245 3375 1378 3409 variolis
1400 3375 1524 3430 utfscio
1547 3376 1693 3418 quaedam
1705 3375 1871 3409 observata
1894 3385 2002 3409 extare
2025 3378 2122 3412 etiam

1123 3421 1158 3455 iu
1184 3422 1423 3461 programmate
1446 3422 1459 3457 <
1482 3432 1500 3462 q
1521 3422 1558 3459 )‚
1583 3419 1668 3459 quod
1699 3420 1734 3451 in
1760 3429 1841 3451 meas
1874 3419 2018 3453 nondum
2051 3432 2123 3462 per.

1123 3464 1213 3496 venit
1259 3473 1396 3502 manus,
1432 3463 1537 3494 Praecl.
1579 3460 1729 3499 Weiffii3
1762 3462 1802 3495 fic
1838 3462 1942 3494 minus
1974 3461 2091 3499 dubito
2113 3488 2124 3504 ,

1123 3508 1204 3545 quin
1231 3504 1289 3538 hoc
1324 3515 1470 3548 tempore
1503 3502 1526 3537 si
1558 3506 1630 3546 quis
1653 3503 1736 3538 forte
1773 3504 1921 3537 scriberet
1955 3505 1990 3538 a'e
2014 3506 2121 3539 Vrio-

1128 3549 1229 3582 larum
1260 3547 1400 3590 reliquiis
1421 3570 1433 3588 ‚
1467 3558 1531 3580 non
1565 3547 1638 3581 esset
1672 3546 1783 3585 facile,
1809 3557 1843 3580 ut
1877 3547 1956 3580 olim
1991 3548 2025 3580 in
2063 3559 2124 3583 xeo-

1128 3592 1201 3625 dem
1224 3600 1411 3632 argumento
1443 3590 1505 3623 Vir
1538 3591 1681 3666 aliosquin
1722 3589 1916 3623 dofftiffimus
1959 3591 2122 3632 Georgius

1633 3645 1657 3676 y
1701 3643 1720 3665 2
1979 3634 2078 3667 Fran—

372 3719 2060 3737 *ἢκ-Μ

141 3795 154 3822 s
168 3777 221 3826 m.)
238 3796 288 3820 Ast.
307 3796 342 3818 Ν.
359 3796 388 3819 C.
405 3793 480 3818 Tom.
496 3801 519 3818 2.
538 3792 597 3817 Obs.
612 3794 661 3820 167.

141 3825 157 3854 (
169 3834 187 3858 p
205 3829 212 3858 )
229 3825 292 3853 Seii·
309 3825 353 3851 hae
368 3833 392 3856 5.
408 3824 467 3849 Obs.
485 3831 504 3850 i.
522 3823 543 3855 §.
559 3832 584 3854 7.
600 3829 659 3850 eum
675 3820 756 3847 Schol-

721 3791 735 3820 (
750 3798 766 3815 n
781 3792 793 3818 >
810 3790 827 3815 Ι.
842 3790 873 3816 de
888 3790 997 3824 FraRur.
1014 3796 1038 3813 n.
1056 3797 1092 3819 14·
1109 3790 1170 3819 apud
1188 3789 1314 3815 Marinell.

818 3822 832 3851 ί
847 3829 862 3852 q
881 3825 889 3851 )
906 3821 961 3847 vid.
977 3820 1061 3846 adnot.
1075 3819 1106 3846 ab
1121 3821 1222 3847 llailero
1235 3820 1265 3847 ad
1280 3828 1302 3846 ε.
1317 3827 1343 3850 4.
1359 3822 1388 3847 P.
1405 3827 1442 3864 ¹?-
1458 3821 1540 3847 Meth.
1557 3820 1625 3847 srud.
1641 3819 1731 3846 Medic.
1749 3818 1880 3849 Boerbassm

1374 3791 1415 3819 (υ
1434 3791 1442 3820 )
1458 3790 1523 3818 supra
1539 3806 1548 3818 ,
1571 3797 1594 3813 n.
1612 3797 1636 3813 2.
