2498 4075
439 171 538 224 216

378 252 514 284 materia
537 247 648 293 potuit
670 256 741 288 quoe
765 256 803 279 ex
824 245 961 280 urethrae
982 246 1167 282 canaliculis
1187 246 1374 291 prodiisset3

379 294 432 328 sed
456 305 557 336 neque
581 304 619 325 ex
641 289 800 331 glandulis
823 291 894 323 aliis
918 291 1097 332 proximis,
1120 300 1156 324 ut
1178 291 1244 334 jam
1256 299 1374 334 pateat,

375 350 417 371 ex
440 336 588 371 fontibus
610 334 666 376 qui
690 334 723 365 in
748 333 921 367 mulierum
951 332 1064 374 glande
1088 355 1098 371 ‚
1130 344 1182 368 aut
1216 335 1375 377 praeputio

376 380 460 418 sint,
482 382 514 412 δε
535 377 623 422 quod
648 375 878 418 consequitur,
900 376 1045 409 virorum
1069 388 1219 420 quoque,
1242 377 1300 411 effe
1322 377 1374 410 de-

375 422 541 457 rivandam
567 446 576 455 .
610 421 776 454 Caeterurn
798 419 961 452 clitoridis
985 430 1086 461 neque
1118 420 1343 463 corpusculum
1365 441 1376 458 ,

376 477 478 508 neque
502 475 595 498 crura
620 485 631 501 ,
663 474 764 505 neque
791 462 873 495 ullus
899 473 937 495 ex
960 462 1001 495 iis
1024 473 1105 505 quos
1130 464 1180 497 illi
1205 463 1305 497 solent
1330 474 1377 496 at-

377 509 541 548 tribuere,
563 505 720 541 musculis
744 505 852 539 deerat
875 517 884 536 2
921 504 1030 547 plexus
1054 515 1160 539 autem
1186 505 1378 540 Retiformis

376 553 492 594 exigua
530 559 598 584 erat
633 548 837 584 craffitudine
859 572 869 580 .
902 547 973 581 Etfi
1007 557 1113 582 autem
1137 549 1286 593 hymenis
1323 553 1380 584 vix

377 606 479 629 unum
503 603 599 637 atque
623 595 781 640 alterum,
804 590 899 634 idque
921 592 1010 629 leve,
1032 591 1167 626 restabat
1190 594 1380 636 vestigium3

369 640 497 681 vaginae
520 647 629 671 tamen
652 637 817 670 orificium
842 647 876 668 ea
899 645 965 668 erat
989 636 1133 676 angustia
1157 657 1168 673 ,
1200 647 1236 670 ut
1271 639 1377 671 virum

370 693 538 725 nunquam
564 679 716 715 admisisse
727 680 910 713 videretur.-
935 688 1019 711 certe
1045 679 1224 712 crassiorem
1247 679 1285 713 de
1297 692 1378 722 qua.

369 735 447 760 tuor
471 725 652 758 minoribus
676 734 751 756 meae
777 733 886 755 manus
911 721 1027 764 digitis
1051 733 1114 755 non
1138 723 1377 757 t1·ansmififfet.

371 770 513 812 Vaginae
538 778 670 807 autern,
694 765 867 800 secundum
890 764 1132 807 longitudinem
1166 776 1282 808 apertae
1306 792 1316 807 ‚
1347 771 1378 800 &

367 814 537 856 explicatae
564 809 704 844 latitudo
727 818 794 842 erat
819 809 874 841 vix
899 809 995 851 paulo
1019 808 1157 852 amplior
1179 809 1305 844 duobus
1327 809 1378 845 di-

367 857 452 899 gitis
474 853 656 888 transversis
681 878 690 893 ‚
725 851 903 894 longitudo
926 861 1066 894 quatuor
1097 864 1163 886 uon
1197 853 1343 896 aequabat
1366 878 1375 888 .

371 899 486 934 Nullae
509 900 598 931 intus
621 895 824 933 carunculae,
850 894 944 928 nullae
968 906 1075 936 rugae,
1098 895 1119 929 fi
1154 897 1343 939 perbrevem
1366 922 1377 937 ,

366 946 402 977 a&
427 941 589 984 angustam
613 941 771 982 exciperes
808 949 890 982 pone
926 939 1063 972 alterum
1095 941 1219 982 vaginae
1252 941 1375 974 orificii

372 987 457 1021 latus
480 984 568 1029 quali
590 983 853 1026 corrugationem
877 1007 885 1016 .
921 983 1016 1016 Uteri
1040 982 1186 1017 osculum
1210 983 1297 1017 nulla
1321 997 1376 1018 ex-

367 1031 542 1064 tuberante
565 1038 683 1063 corona
707 1028 850 1060 cinctum
874 1049 886 1066 ,
917 1024 1025 1059 forma
1050 1037 1117 1060 erat
1141 1026 1376 1070 propemodum

366 1074 505 1111 circuli,
528 1071 580 1107 sed
604 1072 694 1114 parvi
718 1070 796 1103 adeo
820 1093 829 1108 ‚
854 1080 890 1103 ut
915 1071 1077 1104 mediocre
1102 1071 1223 1112 specilli
1249 1072 1377 1113 capitu-

369 1119 439 1152 lum
463 1127 528 1150 non
551 1116 737 1150 admitteret
761 1140 771 1149 .
806 1114 886 1148 Inde
911 1112 948 1146 ad
974 1113 1149 1156 supremam
1174 1114 1273 1156 usque
1296 1115 1377 1147 exti-

371 1172 522 1203 mamque
546 1159 639 1194 fundi
665 1160 747 1192 uteri
773 1167 897 1200 partem
919 1156 1003 1190 haud
1028 1167 1154 1190 tantum
1177 1166 1243 1190 erat
1276 1158 1377 1191 inter-

369 1204 473 1243 valli,
496 1212 533 1238 ut
558 1212 697 1245 aequaret
720 1202 894 1235 maximam
919 1201 980 1233 mei
1005 1200 1103 1242 digiti
1128 1200 1376 1240 pollicislatitu-

370 1248 502 1282 dinem.
527 1247 645 1288 Neque
671 1244 814 1277 indicata
838 1242 1043 1286 longitudine
1066 1253 1134 1277 erat
1158 1242 1255 1277 latior
1292 1244 1374 1277 sum-

373 1302 450 1329 ma,
474 1290 508 1324 id
532 1290 574 1323 est
601 1287 748 1322 latiffirna
774 1288 858 1319 uteri
883 1297 974 1329 pars3
998 1297 1073 1319 nam
1097 1286 1256 1328 reliquum
1280 1288 1376 1321 nela-

369 1334 546 1369 titudinem
570 1332 703 1375 quidem
727 1330 874 1373 aequabat
898 1331 997 1371 apicis
1019 1330 1118 1372 digiti
1143 1331 1272 1364 minimi
1297 1354 1306 1369 ‚
1330 1332 1380 1365 vel

369 1389 542 1421 antequam
568 1377 789 1413 incideretur,
815 1374 968 1416 speetata.
993 1373 1196 1412 Incidendo‚
1220 1375 1379 1417 parietum

369 1420 611 1458 craffitudinem
636 1421 736 1460 reperi
761 1428 830 1450 tum
855 1416 971 1456 fundi,
995 1426 1064 1450 tum
1088 1418 1224 1451 cervicis
1250 1419 1380 1452 tenuio-

369 1478 438 1501 rem
461 1475 558 1508 quam
582 1464 641 1498 ubi
664 1464 697 1496 in
722 1473 755 1496 ea
778 1460 903 1494 Graafii
929 1462 1046 1502 Figura
1079 1463 1134 1503 (p
1157 1465 1168 1500 )
1202 1472 1275 1504 quae
1308 1472 1379 1495 ute-

365 1521 441 1547 rum
464 1507 595 1542 exhibet
619 1505 754 1540 infantis
778 1526 788 1542 ‚
821 1503 875 1537 die
900 1514 952 1547 23.
979 1515 1018 1537 ex
1040 1515 1107 1547 quo
1129 1505 1217 1538 edita
1240 1503 1343 1540 fuerat
1367 1530 1377 1545 ,

365 1563 528 1591 mortuae,
552 1549 733 1585 tenuissima
758 1547 940 1581 delineatur
963 1572 971 1581 .
996 1548 1073 1589 Qua
1098 1559 1138 1581 ex
1161 1549 1277 1590 Figura
1301 1560 1376 1583 cum

364 1611 403 1633 ea
425 1607 523 1640 quam
546 1595 643 1638 paulo
667 1603 738 1626 ante
761 1591 903 1625 indicavi
927 1613 937 1630 ,
971 1590 1181 1632 longitudine
1204 1603 1378 1634 compara-

359 1653 429 1679 τε,
454 1639 548 1679 facile
571 1637 755 1678 intelliges,
779 1646 816 1668 ex
838 1646 905 1675 quo
928 1634 1044 1668 mulier
1067 1646 1129 1677 qua
1152 1635 1190 1668 de
1221 1635 1340 1678 loquor
1363 1658 1372 1673 ‚

364 1693 441 1720 nata
465 1683 592 1722 suerat,
615 1692 679 1714 non
704 1679 805 1712 videri
830 1677 897 1721 ejus
920 1689 1047 1712 uterum
1070 1678 1202 1712 crevisse
1224 1701 1236 1719 ,
1270 1688 1324 1712 aut
1349 1678 1373 1712 fi

363 1731 401 1763 in
426 1729 530 1762 latum
567 1725 669 1759 crevit
704 1725 848 1765 suprema
883 1730 972 1763 parte
996 1743 1005 1758 ‚
1037 1730 1125 1755 certe
1160 1723 1373 1764 proportione

361 1773 480 1808 lonae,
504 1778 601 1812 atque
626 1766 705 1801 adeo
728 1766 832 1799 nimio
856 1766 959 1799 minus
984 1765 1035 1798 vel
1059 1767 1092 1797 in
1114 1776 1214 1805 parva
1239 1765 1372 1799 muliere

364 1802 497 1851 creil’isse
520 1823 618 1855 quam
642 1811 782 1853 reliquas
805 1807 872 1850 ejus
895 1809 1185 1855 corporishpartes‚
1211 1819 1268 1841 nec
1292 1807 1372 1842 faci-

364 1861 396 1895 le
419 1867 563 1901 unquam
588 1853 787 1889 menstruum
811 1852 998 1895 sanguinem
1023 1851 1147 1893 ejecisse
1171 1876 1178 1884 .
1206 1851 1370 1886 Caeterum

362 1913 404 1939 nt
426 1905 461 1936 in
485 1913 518 1935 ea
542 1901 658 1942 Figura
683 1897 791 1935 vides,
818 1896 866 1930 ita
889 1897 923 1929 in
945 1896 1078 1930 muliere
1091 1894 1150 1928 hac
1174 1895 1374 1937 quoquedu-

358 1949 420 1993 plo
444 1954 508 1980 erat
534 1944 665 1986 longior
688 1940 824 1976 cervicis
846 1951 939 1974 cavea
962 1951 1060 1983 quam
1085 1937 1294 1976 fundiuteri;
1321 1938 1372 1973 sed

359 1993 425 2027 :vix
448 1987 641 2023 subobscure
663 1985 750 2020 cerni
773 1985 807 2017 in
830 1984 964 2020 cervicis
988 1994 1083 2017 cavea
1108 1991 1259 2024 poterant
1283 1982 1372 2016 fibrae

360 2036 503 2078 aliquae,
527 2043 634 2075 eaeque
659 2030 832 2063 dumtaxat
855 2028 889 2060 in
913 2027 1154 2069 longitudinem
1179 2026 1283 2059 duetae
1308 2039 1315 2060 :
1340 2038 1375 2059 e-

358 2078 480 2124 jusque
503 2076 643 2110 interior
667 2071 765 2106 facies
786 2071 877 2110 alba,
901 2070 993 2105 fundi
1017 2082 1055 2103 ex
1081 2068 1241 2103 subrubro
1265 2067 1372 2103 fusca.

360 2127 521 2161 Attamen
545 2117 706 2159 Falloppii
729 2115 817 2150 tubae
842 2123 930 2148 erant
955 2115 1058 2148 multo
1081 2124 1178 2155 quam
1201 2121 1290 2146 tanta
1303 2122 1375 2147 ute-

361 2170 396 2204 ffi
420 2167 560 2209 parvitas
586 2160 707 2195 ferebat
723 2181 733 2197 ‚
756 2160 921 2202 longiores
944 2180 954 2196 ,
989 2156 1165 2198 osculoque
1192 2157 1276 2189 inter
1300 2157 1376 2190 fim-

362 2211 455 2246 brias
480 2217 615 2252 aperto:
640 2214 826 2247 quanquam
852 2202 984 2235 alterius
1009 2200 1154 2233 fimbrias
1190 2202 1336 2233 minimis
1361 2223 1375 2240 ,

359 2253 506 2291 albidis,
531 2247 741 2284 subrotundis
765 2246 961 2288 corpusculis
984 2244 1097 2280 osseis,
1123 2252 1176 2277 aut
1200 2253 1286 2277 certe
1297 2255 1376 2286 prae-

366 2299 479 2335 duris,
501 2295 642 2329 exterius
667 2291 789 2333 asperas
812 2288 1007 2332 deprehendi
1026 2313 1033 2319 .
1073 2289 1112 2320 In
1137 2287 1210 2320 Alis
1235 2288 1377 2331 Vesper-

363 2344 527 2377 ·tilionurn
549 2338 659 2381 plexus
682 2344 748 2368 erat
774 2334 902 2372 nullus;
926 2331 1136 2366 nervitamen
1162 2330 1380 2364 multisecun-

368 2387 449 2421 dum
472 2393 579 2417 earum
604 2377 844 2422 longitudinem
865 2375 1081 2409 decurrebant
1107 2399 1114 2408 .
1149 2374 1289 2408 Vincula
1313 2376 1380 2409 Te-

362 2431 452 2465 tretia
476 2427 529 2460 hic
553 2435 660 2459 uterus
684 2421 800 2456 habuit
826 2419 915 2453 valde
941 2420 1048 2452 tenuia
1073 2444 1080 2451 .
1128 2419 1206 2450 Lata
1238 2429 1345 2451 autem
1368 2442 1380 2459 ,

362 2474 407 2507 eid
431 2470 520 2514 quod
543 2480 581 2502 ex
625 2465 691 2508 ejus
737 2476 834 2507 parva
867 2464 945 2496 adeo
991 2460 1165 2495 latitudine
1209 2462 1384 2504 conseque-

364 2519 493 2552 staatur,
517 2522 670 2556 perquam
694 2508 816 2550 ampla.
841 2507 993 2542 Quorum
1017 2505 1153 2539 summas
1175 2515 1245 2538 oras
1269 2503 1383 2538 frustra

368 2558 577 2600 inspetshvi,
599 2564 635 2588 ut
657 2553 766 2596 quales
790 2549 883 2583 testes
908 2550 1039 2582 mulieri
1063 2549 1139 2582 huic
1162 2547 1353 2589 obtigiffent
1371 2571 1381 2586 ,

378 2603 544 2638 viderem.
569 2599 667 2632 Tunc
692 2593 763 2628 vasa
788 2593 982 2635 Spermatica
1007 2615 1016 2630 ‚
1051 2604 1122 2633 quae
1149 2591 1213 2624 visa
1238 2591 1290 2625 hic
1315 2603 1381 2625 non

367 2647 480 2683 multo
503 2653 602 2687 quam
627 2641 770 2677 soleant,
792 2639 940 2671 tenuiora
966 2662 975 2677 ‚
1008 2634 1251 2678 diligentissime
1278 2635 1382 2677 perse-

370 2700 470 2726 <ntus
494 2686 669 2731 praesertim
692 2694 755 2725 qua
781 2682 860 2714 Lata
885 2679 1015 2713 adibant
1039 2680 1122 2712 uteri
1146 2679 1382 2718 vincula‚cum

372 2735 524 2779 proxima
549 2755 558 2770 ,
598 2741 637 2762 ex
660 2738 722 2769 qua
746 2725 814 2759 haec
838 2724 967 2757 vincula
992 2724 1152 2765 incipiunt
1175 2744 1189 2762 ,
1212 2724 1384 2764 peritonaei

377 2779 534 2822 portione
557 2783 677 2806 annexa
704 2769 827 2805 adhuc,
852 2776 999 2801 accurate
1020 2766 1163 2808 deposita
1187 2788 1195 2803 ,
1221 2766 1324 2799 nullos
1346 2779 1383 2800 0-

380 2822 497 2856 mnino
520 2818 595 2852 huic
620 2815 762 2849 foeminae
788 2811 881 2845 fuiffe
905 2809 997 2844 testes
1015 2833 1028 2850 ,
1051 2810 1241 2850 nullumque
1272 2821 1382 2844 eorum

378 2865 431 2899 vel
468 2859 700 2907 perobscurum
731 2855 998 2890 inchoamentum
1022 2875 1032 2892 ‚
1080 2852 1229 2895 praeclare
1259 2865 1381 2897 cogno-

375 2909 436 2943 vi.
1161 2940 1166 2946 ,

426 2960 478 2984 21.
501 2949 552 2982 Ex
575 2947 624 2981 his
647 2956 718 2989 quae
741 2945 774 2976 in
798 2940 1049 2984 frequentiffima
1074 2938 1301 2975 Studiosorum
1325 2953 1382 2975 co-

378 3005 460 3030 rona
483 2991 723 3027 demonstravi,
748 2987 822 3021 satis
846 2986 1000 3029 superque
1023 2983 1183 3032 intelligis
1208 3006 1216 3021 ‚
1250 2994 1286 3018 ut
1309 2986 1381 3027 opi-

378 3049 442 3073 nor
466 3059 475 3074 ,
507 3033 638 3078 perinde
665 3029 756 3065 fuisse
790 3029 865 3064 huic
899 3028 1027 3062 mulieri
1052 3037 1171 3068 eXiguo
1207 3028 1266 3061 isto
1289 3037 1384 3061 utero

378 3080 551 3126 praeditam
575 3076 636 3111 esse
659 3097 668 3113 ,
703 3086 738 3107 ac
763 3075 785 3107 fi
810 3074 945 3106 omnino
966 3069 1110 3104 caruisset
1135 3093 1143 3102 .
1179 3072 1288 3108 Quam
1312 3083 1382 3106 rara

379 3135 490 3162 autem
514 3122 553 3156 sit
577 3120 760 3162 exiguitas,
785 3128 800 3150 a
825 3128 874 3149 me
886 3115 1063 3157 descripta,
1088 3125 1129 3146 ex
1151 3115 1385 3156 omnibusquae

377 3173 414 3206 in
440 3166 686 3210 Sepulcl.retum
709 3159 857 3202 congesta
882 3160 953 3193 sunt
969 3184 976 3197 ,
1002 3158 1092 3200 parvi
1117 3159 1200 3190 uteri
1233 3160 1384 3200 exemplis

376 3213 448 3258 ipse
472 3212 595 3252 poteris
617 3207 818 3241 existimare.
843 3204 983 3237 Amatus
1006 3201 1136 3250 quidem
1162 3203 1206 3234 ait
1231 3204 1315 3243 (q),
1331 3202 1384 3244 so-

377 3259 442 3293 lere
465 3251 672 3296 hujuscemodi
695 3257 838 3283 uterum,
862 3246 1067 3279 contraEtum
1090 3244 1241 3278 videlicet
1252 3256 1286 3278 ac
1309 3257 1382 3287 par-

379 3311 457 3334 vum
483 3319 493 3336 ‚
524 3298 556 3330 in
578 3292 734 3328 nonnullis
758 3301 815 3324 non
837 3301 907 3322 raro
929 3287 1062 3330 conspici
1081 3289 1233 3330 praecipue
1257 3286 1376 3327 sterili·

377 3345 437 3379 bus
462 3367 471 3381 ,
504 3340 546 3372 (9·
569 3349 632 3381 quae
654 3345 809 3377 nunquam
831 3339 1014 3374 pepererunt
1039 3342 1047 3363 :
1082 3332 1199 3372 quibus
1228 3331 1374 3365 mamillae

381 3394 498 3432 quoque
515 3392 622 3425 parvae
642 3402 656 3420 ,
689 3375 915 3412 &contram
930 3375 1007 3418 sunt
1032 3397 1042 3414 ,
1073 3382 1109 3407 ut
1132 3385 1169 3409 ex
1191 3374 1258 3410 illis
1291 3376 1373 3408 uteri

372 3543 1771 3569 W

525 3666 560 3687 De
577 3663 679 3688 Mulier.
695 3663 756 3691 otg.
773 3662 835 3686 Tab-
853 3667 891 3689 ²4·
908 3661 963 3685 Pie.
979 3667 1001 3688 4.
1020 3664 1104 3684 contra
1119 3658 1230 3683 litteram
1249 3657 1271 3681 G
1287 3655 1402 3680 sinistram
1413 3672 1420 3679 .
1482 3654 1495 3684 (
1512 3664 1526 3685 q
1546 3655 1560 3685 )

1223 3688 1237 3716 )
1252 3686 1314 3713 δεέἲ.
1331 3686 1375 3711 hac
1393 3695 1430 3716 34.
1446 3685 1505 3710 Obs.
1522 3694 1544 3714 4.
1560 3686 1586 3714 §.

435 3693 447 3721 ί
466 3701 476 3715 ν
493 3694 506 3720 )
522 3701 572 3721 quae
592 3702 609 3717 ι.
630 3694 660 3717 est
678 3693 701 3717 in
719 3693 844 3717 additam.
863 3693 893 3715 ad
910 3690 971 3714 Seu.
990 3698 1028 3714 ιο.
1046 3691 1063 3714 l.
1081 3698 1104 3713 ².
1167 3690 1179 3718 (

437 3722 447 3750 (
466 3731 481 3745 u
497 3723 510 3750 )
526 3729 553 3746 ut
573 3724 596 3746 in
612 3724 654 3747 illa
671 3726 697 3747 A.
718 3727 784 3747 16²6.
801 3724 816 3747 l.
834 3732 855 3747 2.
873 3729 893 3746 c·
912 3726 949 3750 34·

439 3751 483 3779 (z
498 3752 512 3779 )
537 3753 674 3778 commen.
698 3753 786 3779 Litter.
809 3755 839 3779 Α.
857 3759 924 3782 173¹·
951 3753 1020 3781 spec.
1045 3758 1079 3780 ¹9-
1107 3757 1131 3774 n.
1148 3758 1171 3774 a.

436 3783 477 3812 (c
494 3781 589 3811 >supra
606 3799 614 3814 ‚
639 3791 663 3808 n.
684 3791 718 3813 13-

1012 3721 1020 3749 (
1038 3729 1052 3744 x
1069 3720 1077 3750 )
1095 3725 1121 3744 ut
1138 3719 1163 3743 in
1180 3719 1221 3744 ila
1237 3720 1267 3741 Α.
1285 3721 1351 3746 1649.
1369 3717 1420 3741 eod.
1437 3724 1457 3740 c.

1233 3747 1303 3777 (α)
1327 3748 1389 3779 Eph.
1410 3748 1444 3773 N.
1472 3748 1501 3773 C·
1527 3747 1600 3772 Cent-
1625 3754 1648 3772 i.
1673 3749 1697 3772 δι
1718 3754 1744 3772 2.
1765 3746 1826 3772 Obs.
1851 3754 1900 3777 105.

1018 168 1175 223 Liber
1207 168 1295 223 ΙΙΙ.
1333 169 1411 222 De
1445 168 1650 222 Morbis
1677 169 1887 223 Ventris
1929 172 1931 174 ’

1422 248 1570 289 parvitas
1592 246 1634 279 ὡ
1654 247 1808 289 exiguitas
1827 247 1924 280 etiam
1946 250 2115 290 arguatur:
2138 247 2260 282 Sane&
2281 246 2348 291 ipse
2362 247 2421 283 stei

1427 291 1500 324 riles
1524 290 1676 332 quasdam
1700 291 1847 323 mulieres
1873 290 1951 323 novi
1975 314 1983 329 ,
2015 291 2133 332 quibus
2158 300 2285 334 .praeter
2317 292 2420 334 papil-

1425 334 1513 373 lam,
1536 336 1568 365 &
1591 333 1750 373 areolam,
1772 336 1828 366 vix
1851 345 1885 367 ac
1910 345 1947 366 ne
1970 334 2026 366 vix
2048 334 2178 376 quidem
2211 345 2422 369 mammarum

1427 374 1497 410 esset
1521 376 1697 418 quidquam
1724 400 1732 410 .
1764 377 1822 410 Sed
1846 388 1941 418 quem
1974 386 2079 409 tamen
2114 377 2254 410 uterum⁴
2276 378 2422 419 designat

1426 418 1590 453 Amatus?
1613 431 1727 462 nempe
1749 430 1844 460 quem
1868 420 1992 453 viderat
2014 420 2096 453 inter
2120 420 2235 454 rebium
2246 420 2424 460 intestinum

1428 463 1469 495 Θ
1490 460 1621 503 vestram
1642 462 1835 495 contrabium
1857 485 1867 500 ,
1900 471 1937 496 ut
1958 462 2062 496 altera
2083 462 2182 505 vefica
2205 463 2243 500 ab
2264 463 2423 504 imperitis

1429 506 1602 539 crederetur
1627 529 1634 537 .
1669 505 1761 539 Num
1785 516 1860 539 vero
1892 505 2062 549 quisquam
2095 507 2145 539 vel
2176 507 2424 549 imperitissimus

1430 556 1561 591 poterat
1582 559 1678 592 quern
1702 560 1762 591 ego
1785 548 1958 591 conspexi,
1985 560 2045 592 pro
2067 549 2165 583 altera
2189 549 2289 584 vefica
2302 552 2426 592 accipe-

1429 603 1464 625 re
1479 616 1490 632 ,
1511 592 1641 626 brevem
1658 617 1667 631 ,
1689 592 1922 634 angustumque
1945 592 2022 625 adeo
2045 615 2058 633 ,
2081 593 2232 636 nullaque
2254 604 2427 636 propemo-

1430 636 1508 668 dum
1532 635 1756 669 craffitudine?
1781 636 1881 675 Qod
1905 646 2036 677 repones
2059 637 2178 678 pariter
2196 636 2327 679 Judecii
2351 636 2426 669 Ob-

1429 678 1604 712 servationi
1626 683 1637 718 (
1662 679 1712 721 r)
1735 679 1768 711 in
1793 680 1891 712 altera
1913 677 2012 712 sterili
2037 700 2046 716 ‚
2078 688 2206 713 uterum
2229 680 2320 719 instar
2336 680 2426 721 pomi

1427 721 1634 764 Borsdorfiani'
1655 722 1785 755 minoris
1796 722 1984 755 contrabium
1999 724 2227 765 proponentis.
2254 723 2335 763 Qae
2352 723 2426 755 Ob-

1428 764 1589 806 servatio,
1615 775 1650 799 ut
1675 777 1712 798 ex
1736 764 1887 798 instituto
1909 775 1995 798 certe
2028 765 2167 799 debebat
2189 789 2198 804 ‚
2232 767 2366 799 minime
2390 767 2427 799 in

1431 808 1577 842 Sec'tione
1600 808 1659 842 hac
1682 818 1975 842 commemoratur.
2000 811 2287 843 Commemoratur
2320 819 2427 843 autem

1430 853 1529 885 altera
1554 851 1635 894 (s)
1659 852 1692 885 in
1717 864 1779 893 qua
1805 862 1914 885 uterus
1937 852 2065 894 exiguus
2089 853 2130 886 (ἔν
2162 853 2265 886 arlius
2297 853 2388 887 fuisse
2410 874 2423 893 ‚

1429 895 1581 928 scribitur
1604 917 1614 934 ,
1648 895 1750 938 qualis
1769 894 1879 937 puellae
1905 905 1952 928 10.
1976 903 2033 928 aut
2056 905 2107 928 12.
2133 907 2283 929 annorum
2304 921 2311 928 .
2349 896 2424 938 Qui

1428 948 1599 981 propterea
1623 938 1705 972 nihil
1729 937 1766 971 ad
1791 938 1889 971 nostri
1924 940 2118 981 parvitatem
2144 953 2155 977 3
2186 941 2335 982 quamvis
2367 940 2424 973 ille

1427 981 1621 1024 compressus
1645 991 1796 1024 praeterea
1818 982 1882 1015 dici
1905 992 1969 1015 non
1993 982 2094 1024 posset
2121 983 2161 1016 ab
2183 992 2274 1020 utre,
2296 994 2335 1016 ex
2356 981 2429 1025 ipso

1425 1027 1556 1059 initium
1583 1025 1746 1065 sumente,
1770 1028 1800 1058 &
1822 1026 1943 1059 ventris
1954 1027 2166 1066 capacitatem
2188 1025 2253 1067 jam
2276 1037 2294 1059 a
2317 1025 2427 1059 sexen-

1426 1070 1483 1103 nio
1506 1070 1672 1111 explente.
1697 1068 1934 1103 Describuntur
1956 1069 2097 1111 denique
2120 1081 2159 1102 ex
2182 1070 2327 1103 Riolano
2350 1069 2425 1102 Ob-

1429 1112 1619 1146 servationes
1642 1113 1711 1146 duae
1737 1117 1748 1152 (
1772 1120 1785 1145 t
1804 1111 1842 1153 ),
1865 1123 1966 1154 quaS,
1990 1110 2012 1143 si
2038 1112 2132 1154 paulo
2153 1113 2308 1146 attentius
2330 1113 2429 1155 legas,

1428 1167 1524 1189 unam
1547 1156 1739 1198 eandemque
1762 1156 1841 1192 effe,
1866 1156 2002 1188 sentias.
2029 1156 2100 1190 Nec
2122 1155 2192 1189 sane
2215 1157 2301 1191 aliud
2315 1156 2427 1190 discri-

1428 1211 1500 1233 men
1525 1198 1587 1237 est,
1614 1199 1669 1232 nifi
1693 1198 1780 1241 quod
1804 1203 1837 1232 in
1861 1199 2023 1241 prioribus
2046 1198 2364 1242 Anthropographiae
2379 1202 2427 1234 E-

1426 1242 1608 1277 ditionibus
1631 1243 1649 1286 ('
1666 1253 1685 1275 u
1711 1246 1721 1281 )
1745 1242 1829 1275 unde
1852 1243 1956 1284 prima
1978 1241 2167 1276 describitur
2192 1244 2390 1276 Observatio
2414 1265 2426 1282 ,

1426 1298 1544 1320 nomen
1567 1296 1720 1320 matronae
1744 1284 1926 1328 appositum
1949 1284 2013 1322 est3
2036 1286 2069 1318 in
2094 1285 2324 1328 posterioribus
2347 1289 2428 1328 (xa),

1432 1330 1515 1364 unde
1541 1330 1657 1367 altera,
1681 1326 1944 1372 praetermissum;
1969 1340 2043 1362 nam
2067 1329 2156 1372 quod
2178 1331 2293 1371 capitis
2315 1341 2428 1364 nume-

1431 1385 1484 1407 rus
1507 1374 1659 1407 neutrubi
1682 1372 1868 1414 respondet,
1890 1370 2020 1405 fortaffe
2043 1383 2081 1405 ex
2102 1383 2269 1415 operarum
2302 1374 2426 1408 incuria

1431 1416 1499 1451 est:
1523 1417 1729 1451 tuberculum
1753 1425 1859 1449 autem
1882 1415 1971 1457 quod
1992 1416 2026 1447 in
2050 1420 2172 1450 cervice
2195 1427 2392 1451 memoratur
2415 1441 2427 1458 ,

1429 1463 1461 1493 &
1486 1461 1519 1493 in
1544 1459 1754 1504 Sepulchreto
1777 1458 1890 1502 (y),
1915 1470 1973 1501 pro
1996 1458 2173 1493 sterilitatis
2194 1460 2283 1494 causa
2307 1461 2427 1503 accipi-

1430 1513 1505 1543 tur,
1529 1505 1708 1543 Riolanus,
1732 1502 1754 1536 si
1776 1514 1847 1545 quae
1872 1501 2069 1545 praeposuit,
2094 1504 2237 1537 attendas
2263 1527 2271 1542 ,
2297 1504 2425 1538 videtur

1428 1559 1487 1591 pro
1510 1546 1733 1581 foecunditatis
1755 1545 1847 1580 causa
1872 1545 2019 1589 accepisse
2042 1569 2051 1584 ,
2085 1546 2262 1589 praesertim
2287 1559 2361 1581 cum
2385 1559 2421 1581 ea

1426 1600 1575 1624 matrona
1600 1591 1712 1625 sterilis
1735 1600 1800 1623 non
1823 1588 1928 1623 fuisset
1953 1611 1962 1626 ‚
1996 1591 2064 1623 imo
2089 1591 2208 1624 liberos
2247 1593 2329 1625 olim
2361 1601 2426 1625 tres

1426 1633 1570 1668 edidisset
1594 1658 1601 1666 .
1636 1635 1759 1668 Verum
1782 1642 1945 1676 utcunque
1969 1631 2035 1666 haec
2059 1634 2131 1666 sunt
2154 1646 2165 1671 5
2196 1635 2283 1677 quod
2307 1635 2345 1670 ad
2369 1645 2426 1668 nos

1426 1680 1565 1715 attinet,
1589 1679 1623 1710 in
1647 1690 1684 1711 eo
1703 1678 1753 1711 est
1767 1675 1854 1719 quod
1879 1688 1954 1710 cum
1978 1687 2055 1722 anno
2075 1678 2179 1710 aetatis
2205 1688 2255 1720 55.
2288 1677 2425 1720 deceffis-

1416 1721 1491 1763 fiet,
1514 1723 1656 1762 exiguam
1680 1721 1843 1753 matricem
1858 1741 1867 1757 ‚
1890 1718 2095 1761 duriffimam,
2120 1732 2161 1765 aas
2172 1718 2275 1763 ‘ferme
2296 1723 2427 1755 cartila-

1419 1764 1544 1806 gineam
1568 1763 1726 1797 habebat.
1751 1762 1851 1796 Vides
1876 1764 1986 1796 autem·
2005 1763 2193 1805 exiguitatis
2219 1764 2353 1798 modum
2386 1764 2426 1798 ab

1422 1807 1566 1841 Auciore
1591 1818 1656 1840 non
1679 1805 1826 1840 definiri:
1851 1809 1882 1838 &
1904 1807 2053 1848 quamvis
2078 1804 2145 1839 haec
2170 1806 2294 1841 summa
2318 1819 2427 1849 reper-

1422 1859 1456 1884 ta
1479 1849 1576 1888 esset3
1599 1851 1639 1883 ab
1661 1861 1734 1883 ortu
1760 1860 1866 1882 tamen
1891 1871 1900 1886 ,
1925 1859 1960 1883 ut
1984 1859 2062 1892 pote
2087 1850 2120 1882 in
2145 1861 2178 1883 ea
2202 1863 2275 1893 quae
2297 1860 2345 1884 ter
2370 1862 2426 1893 pe-

1425 1904 1568 1936 pererat,
1596 1904 1660 1927 non
1683 1891 1795 1929 fuisse3
1820 1891 1874 1925 sed*
1893 1905 1908 1925 a
1934 1893 2075 1934 morbo,
2098 1894 2153 1934 qui
2180 1893 2282 1935 postea
2305 1894 2429 1937 sensim,

1424 1945 1461 1969 ut
1483 1937 1595 1970 duram
1619 1937 1698 1970 adeo
1722 1936 1887 1968 matricem
1912 1935 2049 1976 fecerat,
2072 1936 2113 1969 fic
2137 1939 2235 1970 etiam
2258 1937 2430 1972 contrahe—

1423 1991 1457 2013 re
1479 1991 1651 2024 potuerat.
1675 1978 1775 2020 Qod
1801 1978 1850 2012 fac
1875 1980 2054 2013 memineris
2078 1992 2152 2013 cum
2176 1982 2209 2013 in
2233 1982 2309 2015 alias
2341 1983 2429 2016 inci-

1426 2022 1478 2056 des
1503 2024 1598 2066 huius
1622 2024 1746 2066 generis
1772 2021 2027 2057 Observationes
2052 2047 2062 2063 ,
2086 2025 2119 2056 in
2142 2036 2278 2066 eamque
2303 2025 2428 2067 praeser-

1428 2067 1487 2100 tim
1513 2069 1546 2100 in
1569 2080 1632 2110 qua
1657 2071 1667 2106 (
1691 2069 1749 2109 z)
1782 2065 1926 2099 foeminae
1950 2065 2106 2099 diuturno
2128 2067 2251 2101 saccato
2281 2068 2430 2111 hydrope

1426 2108 1583 2144 confeffae
1609 2119 1735 2144 uterum
1760 2109 1892 2151 quidem
1916 2109 1996 2152 leges
2018 2111 2106 2143 nucis
2130 2110 2289 2154 moschatae
2309 2114 2431 2156 magni-

1427 2154 1566 2187 tudinem
1587 2165 1645 2187 non
1662 2150 1839 2195 superasse3
1863 2152 1997 2192 eundern
2019 2163 2125 2187 tamen
2149 2154 2244 2194 instar
2266 2156 2431 2199 cartilagi-

1427 2196 1477 2230 nis
1507 2197 1686 2230 induratum
1712 2195 1827 2241 fiiiffe.
1852 2195 2125 2231 Observationem
2159 2207 2264 2232 autem
2299 2200 2430 2235 alteram

1428 2243 1480 2279 (a
1504 2243 1514 2278 )
1537 2253 1600 2283 qua
1627 2250 1765 2281 parvum
1795 2239 1888 2279 instar
1919 2240 1973 2273 ovi
2003 2239 2171 2274 columbini
2202 2242 2395 2278 invenerunt
2415 2269 2425 2284 ‚

1429 2283 1610 2360 {xplicandi
1633 2283 1831 2318 occasionem
1865 2283 2023 2325 proximis
2055 2284 2190 2318 Litteris
2212 2288 2226 2326 (
2248 2285 2300 2328 b)
2325 2286 2425 2321 habe-

1457 2338 1540 2361 rmus
1555 2351 1562 2359 .

1477 2381 1526 2403 22.
1552 2371 1611 2405 Sed
1633 2372 1666 2403 in
1690 2370 1797 2405 nostra
1822 2370 2059 2404 Observatione
2093 2370 2174 2406 illud
2199 2383 2349 2415 praeterea
2382 2386 2435 2408 ra-

1434 2426 1505 2448 rum
1529 2413 1591 2448 fuit
1614 2437 1626 2454 ,
1657 2416 1746 2457 quod
1770 2414 1859 2448 testes
1880 2413 2019 2447 deessent
2036 2427 2052 2448 -:
2111 2417 2143 2448 ui
2168 2417 2217 2449 vel
2241 2416 2373 2453 duarum
2397 2420 2434 2453 in

1435 2458 1552 2499 quibus
1576 2459 1702 2492 nullum
1727 2458 1853 2501 prorsus
1877 2466 2003 2490 uterum
2028 2456 2074 2491 fui
2104 2470 2139 2499 e,
2161 2459 2301 2494 diximus
2323 2465 2336 2501 (
2358 2474 2373 2494 c
2394 2466 2432 2502 )‚

1434 2503 1467 2533 in
1493 2502 1598 2543 prima
1622 2511 1750 2534 tantum
1774 2524 1786 2541 ,
1818 2511 1882 2534 non
1907 2503 2026 2541 pariter
2050 2503 2083 2534 in
2107 2504 2205 2537 altera
2227 2503 2399 2540 defuerunt
2422 2530 2433 2540 .

1566 2547 1717 2582 Quorum
1750 2556 1811 2586 ego
1833 2569 1843 2583 ‚
1877 2545 1907 2576 δι
1930 2544 2083 2578 tubarum
2116 2547 2198 2579 vitia
2224 2572 2235 2587 ,
2279 2559 2434 2590 quaecun..

1435 2599 1497 2629 que
1529 2589 1562 2621 in
1606 2587 1845 2622 diffeetionibus
1890 2586 2039 2628 conspexi
2062 2610 2073 2626 ,
2120 2587 2142 2620 fi
2178 2591 2290 2624 vellem
2322 2594 2433 2626 omnia

1435 2631 1623 2673 singillatim
1647 2631 1695 2665 his
1718 2630 1854 2665 Litteris
1886 2630 2156 2673 comprehendere
2179 2643 2190 2670 ς
2222 2634 2324 2669 nullas
2347 2636 2434 2670 hisce

1436 2673 1600 2718 accepisses
1645 2675 1806 2716 longiores
1829 2698 1837 2707 .
1871 2672 1930 2706 Sed
1973 2675 2130 2708 nimirum
2161 2688 2292 2716 operam
2324 2678 2433 2722 super-

1436 2730 1569 2752 vacuam
1624 2718 1778 2752 sumerem
1810 2742 1820 2758 ‚
1874 2728 1948 2750 cum
2000 2729 2112 2750 eorum
2158 2719 2309 2764 pleraque
2363 2724 2432 2757 aliis

1435 2761 1588 2804 Epistolis
1611 2761 1808 2804 scripserim,
1832 2768 1886 2793 aut
1909 2759 1966 2794 sim
1991 2761 2183 2804 scripturus.
2209 2763 2325 2808 Itaque
2350 2777 2433 2801 non-

1434 2805 1522 2839 nulla
1546 2805 1598 2839 hic
1624 2807 1781 2847 attingam
1805 2827 1815 2842 ‚
1849 2815 1919 2845 quae
1942 2805 2152 2839 commodum
2178 2807 2258 2841 alibi
2289 2820 2353 2843 non
2387 2811 2434 2844 es.

1433 2850 1504 2927 {5th
1528 2849 1637 2883 locum
1661 2848 1834 2888 habitura,
1856 2848 1895 2880 de
1919 2849 2004 2883 tubis
2027 2849 2171 2891 primurn
2192 2872 2202 2889 ,
2229 2860 2301 2887 tum
2323 2852 2362 2888 de
2386 2863 2433 2889 te.

1462 2904 1470 2925 1
1498 2903 1553 2926 us.

1478 2948 1530 2980 23.
1555 2935 1593 2970 M
1607 2938 1640 2971 U
1656 2936 1683 2970 L
1697 2936 1712 2969 Ι
1727 2936 1854 2970 ERIS
1876 2946 1974 2970 annos
1998 2944 2081 2969 natae
2105 2938 2235 2971 circiter
2267 2941 2432 2983 quinqua-

1406 2992 1409 2994 ·
1432 2980 1524 3022 ginta
1546 2991 1620 3013 cum
1645 2980 1763 3014 exseeta
1787 2981 1940 3022 genitalia
1963 2981 1996 3013 in
2011 2978 2216 3015 Nosocomio
2237 2981 2432 3019 demonstra-

1433 3034 1500 3058 rem
1521 3024 1651 3057 ineunte
1678 3023 1786 3065 Aprili
1808 3025 1850 3057 A.
1879 3034 1975 3066 17433
1999 3021 2067 3056 haec
2090 3026 2155 3060 duo
2178 3025 2394 3062 animadverti
2419 3054 2428 3061 .

1569 3069 1604 3101 U
1630 3068 1664 3101 T
1687 3068 1716 3100 E
1739 3067 1771 3099 R
1795 3069 1808 3099 1
1836 3068 1867 3100 N
1895 3069 1909 3099 I
1942 3066 2044 3100 osculi
2077 3079 2196 3102 corona
2218 3092 2228 3107 ,
2262 3072 2337 3112 quaev
2365 3081 2431 3106 erat

1437 3111 1613 3145 crassiffima
1637 3133 1646 3148 ‚
1682 3111 1929 3153 prominentiam
1953 3110 2080 3153 insuper
2112 3123 2175 3145 una
2198 3123 2238 3145 ex
2260 3122 2352 3155 parte
2374 3115 2429 3149 ha-

1436 3155 1532 3188 bebat
1557 3153 1809 3190 subrotundam,
1835 3165 1931 3196 quam
1956 3155 2091 3188 secundo
2107 3177 2117 3192 ,
2141 3155 2243 3189 albam
2267 3157 2357 3191 intus
2381 3159 2430 3192 vi-'

1434 3198 1490 3237 di,
1516 3197 1768 3240 scirrhosamque
1790 3196 1872 3237 esse,
1894 3195 2019 3231 censui.
2045 3198 2218 3233 Tubarum
2234 3208 2340 3234 autem
2350 3210 2429 3235 neu-¹

1433 3251 1482 3275 tra
1506 3242 1723 3276 tenuiffimum
1748 3240 1913 3283 specillum
1937 3265 1946 3280 ,
1978 3253 2034 3284 per
2058 3241 2162 3283 majus
2191 3241 2357 3278 orificium
2388 3244 2426 3278 ad

1434 3286 1575 3327 aliquem
1597 3285 1754 3321 tracium,
1780 3284 1846 3326 jam
1860 3283 2024 3324 inditum,
2048 3286 2132 3319 ultra
2156 3297 2231 3319 eum
2253 3285 2425 3321 locumad-

1427 3329 1513 3364 mifit
1530 3342 1540 3360 .-
1563 3340 1595 3362 re
1619 3337 1725 3363 autem
1747 3339 1821 3362 vera
1845 3336 2017 3371 utramque
2041 3328 2110 3364 vidi
2133 3328 2193 3364 esse
2215 3330 2342 3373 prorsus
2363 3332 2421 3365 im.

1424 3374 1569 3416 perviam
1579 3395 1589 3405 .

2212 3427 2263 3460 24.
2286 3416 2379 3453 ΡΗΣ-

1576 3654 1601 3679 ἰη
1619 3655 1746 3681 Additam.
1762 3653 1792 3679 ad
1809 3656 1870 3680 Setia
1886 3653 2000 3684 hane'34.
2016 3655 2074 3680 Obs.
2092 3662 2116 3680 22

1606 3694 1643 3710 1.
1705 3686 2008 3717 (2)1bid.§.3.&5.

1604 3695 1659 3741 V7id.
1677 3716 1742 3740 inter
1757 3715 1843 3741 titulos
1861 3715 1919 3741 Obs.
1934 3724 1958 3746 4<
1976 3714 2025 3744 post
2042 3724 2067 3740 n.
2083 3723 2107 3746 4.

1520 3717 1588 3746 (y)
1962 3746 2144 3777 (b)n⁴.²6.
