2498 4075
395 208 545 277 Epist.
584 210 746 262 Anat.
780 204 993 259 Medica.
1031 200 1177 258 VIII.
1211 200 1329 251 Art.
1365 212 1439 260 ις.
1465 199 1535 251 16.
1557 196 1702 260 17.&
1723 193 1794 246 18.

68 291 226 325 minorem
237 299 331 331 quam
341 299 466 330 aequum
477 286 550 321 esset
562 309 570 324 ‚
593 285 709 318 lienem
723 283 908 325 missen),
932 286 964 316 &
979 284 1062 330 Prae-

61 333 283 367 stantisiimum
304 331 488 366 Heisterum
510 330 590 372 (s),
612 328 668 370 qui
689 326 756 361 duo
778 339 818 362 ex
841 327 907 360 illis
942 327 1062 364 secuit,

62 376 241 418 pancreatis
265 377 395 416 potius,
418 377 450 407 &
473 375 548 406 bilis
571 372 650 404 vitia
674 369 942 404 animadvertisse.
978 369 1061 405 Quae

61 418 294 453 observationes
319 417 376 451 etii
398 418 501 459 dignae
524 416 595 449 sunt
606 425 715 447 omnes
738 426 808 456 quae
832 415 864 446 in
877 410 1064 455 Sepulchre-

61 470 131 496 tum
156 461 353 498 referantur;
376 461 474 494 velim
495 468 603 493 tamen
627 457 877 497 animadvertas,
899 464 977 498 quot
994 453 1064 489 „fere

60 506 251 539 contineant
274 504 346 537 aliis
373 515 500 546 quoque
524 502 646 535 morbis
668 501 871 534 communia.
896 501 976 535 Quo
997 508 1064 530 rna-

62 550 115 592 gis
138 549 247 581 mirari
271 547 377 587 subit,
399 548 432 579 in
456 547 496 578 iis
509 548 748 584 maniacorum,
772 546 800 576 δε
816 540 1065 576 melancholico-

62 601 141 625 rum
163 591 306 625 historiis
328 601 397 633 quae
419 590 454 622 in
479 588 686 631 Sepulchreto
721 589 782 626 (t)
814 592 1060 628 proponuntur,

59 646 133 669 cum
158 634 237 678 saepe
262 634 341 666 vitia
364 644 402 665 ex
425 631 476 665 his
500 632 670 675 pleraque,
695 640 791 674 atque
812 630 876 662 alia
900 629 946 660 vel
969 637 1061 660 com-

64 680 217 712 muniora
240 674 454 710 recenseantur
473 699 485 715 ,
518 677 573 708 vix
603 674 695 708 semel
730 672 972 707 commemorari
1007 669 1062 702 illa

62 721 150 757 duo,
175 731 311 765 quorum
334 719 469 752 alterum
492 718 645 761 pei-ssepe,
672 718 807 750 alterum
830 715 949 756 semper
971 712 1065 746 nobis

61 763 193 804 quidem
216 764 249 796 in
272 762 440 796 stultorum
463 761 591 795 cerebro
614 761 748 794 obvium
769 759 851 792 fuit.
877 759 965 791 Nam
987 767 1065 799 qua-

60 805 112 841 fer
135 807 284 841 haetenus
308 809 320 845 (
343 816 364 837 u
385 808 400 845 >
424 805 561 838 Pinealis
584 803 740 847 glandulae
761 804 866 842 vitia5
889 800 1001 842 septies
1013 811 1068 832 au-

65 860 132 883 rern
147 875 155 889 ,
178 848 211 882 id
234 848 276 882 est
299 848 443 890 semper,
465 847 617 882 duritiem
640 847 759 881 cerebri
782 843 1066 887 deprehendimus.

65 893 166 929 Quod
189 903 226 924 ne
248 891 324 925 casu
347 891 487 933 quodam
512 889 657 924 accidisse
673 915 683 930 ‚
714 889 902 931 suspiceris5
923 887 1068 928 protinus

65 938 161 969 aliam
186 932 376 976 adjiciemus
401 932 589 974 historiam,
615 932 782 967 nobiscum
808 930 997 964 aMediavia
1012 940 1069 960 no-

60 979 124 1013 stro
145 981 187 1013 A.
217 989 308 1018 1729.
334 977 483 1021 postridie
509 978 583 1011 Kal.
604 978 751 1022 Januarii
776 974 1065 1018 communicatamq.

59 1023 143 1066 Quo
165 1022 219 1056 die
243 1022 316 1054 aliis
341 1021 610 1062 occupationibus
633 1019 764 1054 distenti
786 1029 860 1052 cum
883 1014 942 1059 ipsi
971 1013 1068 1048 adesle

60 1076 125 1098 non
148 1063 301 1108 possemus
317 1091 324 1104 ,
349 1064 523 1097 sestionem
547 1074 651 1098 totam
673 1063 819 1106 speetatae
842 1059 908 1104 ejus
929 1058 1067 1101 diligen-

60 1109 116 1142 tiae
139 1107 454 1141 commendavimus.

106 1163 155 1193 15.
182 1153 265 1185 VIR
288 1150 350 1184 sine
373 1150 461 1183 febre
485 1149 644 1190 delirans,
666 1150 765 1183 noetu
781 1173 791 1189 ‚
811 1146 1066 1190 imprudentibus

60 1197 102 1230 iis
124 1197 181 1238 qui
205 1196 361 1237 plurimos
384 1194 448 1238 jam
474 1193 540 1227 dies
565 1202 684 1227 attente
706 1190 945 1231 custodierant,
971 1191 1017 1223 ita
1051 1203 1066 1225 e

59 1238 161 1273 cubili
186 1237 347 1277 desilivit,
370 1248 407 1271 ut
429 1239 534 1279 capite
561 1237 599 1271 ad
622 1237 865 1280 pavimentum,
888 1246 926 1267 an
951 1234 992 1267 ad
1015 1244 1068 1275 pa-

58 1284 171 1316 rietem
193 1280 393 1315 vehementer
416 1280 534 1321 alliso,
557 1283 717 1314 continuo
739 1279 786 1312 ibi
813 1288 960 1312 mortuus
993 1275 1033 1310 sit
1057 1303 1065 1310 .

188 1326 422 1358 CRANIUM
443 1347 455 1364 ,
488 1327 520 1357 δε
552 1324 716 1357 cerebrum
752 1322 876 1357 nullum
911 1322 1067 1364 peculiare

56 1368 259 1403 ostenderunt
282 1369 364 1401 iftus
388 1367 546 1402 indicium
560 1391 569 1400 .
594 1369 690 1410 Aqua
713 1367 796 1399 inter
818 1365 979 1406 meninges
990 1376 1068 1406 pau-

60 1424 120 1451 ca3
143 1412 177 1444 in
202 1412 390 1449 ventriculis
413 1410 562 1450 dextero,
586 1410 770 1452 sinistroque
793 1420 857 1442 non
881 1418 979 1450 pauca
1001 1406 1064 1445 sic,

58 1465 96 1491 ut
121 1455 285 1497 semipleni
309 1453 424 1489 essent.
450 1455 534 1497 Qae
556 1456 590 1487 in
613 1453 664 1487 his
686 1462 773 1493 erat,
794 1464 828 1485 ea
853 1463 890 1485 ex
914 1450 999 1484 flavo
1016 1462 1068 1485 ru-

59 1497 224 1533 bescebat.
251 1499 366 1532 Plexus
389 1497 572 1531 Choroides
596 1495 765 1530 rubicundi
787 1508 794 1529 :
833 1496 912 1539 quin
943 1497 976 1527 δε
997 1494 1068 1527 vasa

61 1552 175 1576 caetera
199 1541 343 1583 pleniora
366 1541 540 1583 sanguine,
565 1539 714 1573 arteriosa
738 1549 842 1573 autem
867 1537 1067 1571 firmioribus

63 1586 186 1619 tunicis
209 1584 354 1619 suerunt.
378 1586 467 1618 Dura
492 1586 621 1617 meninx
643 1593 750 1616 revera
781 1581 904 1615 crassior
925 1579 941 1618 ‘‚'
973 1592 1070 1625 quam

63 1629 162 1663 soleat
186 1654 193 1660 .
227 1628 281 1662 Ad
306 1629 494 1661 anteriorem
519 1627 655 1661 Piuealis
677 1624 837 1669 glandulae
866 1623 962 1658 bafim
995 1636 1070 1658 cor-

61 1671 192 1716 puscula
213 1671 268 1703 illa
292 1670 443 1704 subdura.
468 1669 527 1704 Sed
547 1669 635 1713 quod
659 1669 797 1703 maxime
820 1667 923 1702 visum
956 1669 997 1702 est
1019 1669 1069 1703 di-

65 1726 166 1758 gnum
189 1712 420 1754 adnotatione,
442 1725 518 1746 cum
540 1713 685 1746 cerebelli
709 1713 872 1746 corticalis
895 1709 1067 1746 substantia

61 1760 180 1793 mirum
203 1758 236 1789 in
258 1757 392 1790 modum
428 1757 498 1790 laxa
534 1756 605 1790 esset
626 1780 639 1797 ‚
674 1758 795 1790 cerebri
834 1765 938 1789 autem
973 1754 1069 1798 ipsius

60 1802 157 1845 paulo
180 1812 276 1843 quarn
301 1800 423 1841 soleat,
445 1800 608 1840 mollior,
642 1803 674 1834 &
710 1798 788 1834 dura
821 1798 953 1843 quidem
974 1821 984 1837 ,
1019 1799 1071 1832 sed

61 1856 127 1878 non
151 1844 250 1883 adeo,
274 1843 460 1878 medullaris
485 1845 594 1885 portio
642 1854 688 1877 uae
711 1844 745 1876 in
769 1842 922 1876 cerebello
952 1842 1068 1876 condi-

60 1898 134 1925 tur,
157 1896 195 1921 ut
218 1888 317 1922 etiam
345 1887 587 1921 Protuberantia
653 1887 825 1926 nnularis3
859 1885 970 1920 durius
1003 1885 1068 1919 fuit

61 1932 199 1974 Spinalis
223 1930 370 1966 medullae
393 1931 551 1971 initium,
573 1938 643 1963 tota
667 1940 772 1965 autem
795 1930 912 1963 cerebri
948 1929 1069 1964 medul-

65 1975 144 2008 laris
168 1973 362 2015 substantia,
383 1973 450 2016 ipsa
473 1986 548 2006 vero
571 1973 730 2008 duriffima
752 1975 881 2007 invent-a
904 1973 964 2007 est.

114 2021 162 2051 16.
187 2018 451 2061 Audiam-Durae
475 2018 633 2061 meningis
643 2015 875 2052 craffitudinem
887 2016 925 2050 ad
938 2017 1076 2050 aliorum

66 2062 164 2104 paulo
188 2069 258 2094 ante
281 2063 347 2102 (x)
370 2070 560 2094 memoratas
583 2060 819 2095 observationes
843 2059 999 2102 adjicito;
1021 2061 1072 2093 Pi-

66 2105 167 2138 nealis
186 2114 298 2149 >aurern
321 2104 480 2148 glandulae
504 2106 647 2145 vitium,
670 2107 703 2138 &
724 2105 843 2138 cerebri
867 2104 1021 2138 duritiem
1035 2102 1074 2136 ad

62 2148 184 2182 nostras
199 2173 206 2186 ,
232 2149 301 2181 imo
324 2147 407 2182 &ad
418 2147 619 2191 quorundam
630 2148 815 2182 Doc‘torum
826 2148 1002 2180 Virorum.
1027 2148 1073 2180 Et

62 2190 101 2225 de
125 2191 247 2225 Pineali
271 2192 405 2234 quidem
426 2192 574 2234 glandula
598 2193 631 2223 in
656 2191 820 2232 praesentia
845 2191 993 2233 perpauci
1015 2200 1073 2222 oc-

62 2244 216 2269 currunt.
243 2234 335 2270 Quin
360 2234 666 2269 Diemerbroeckius
696 2235 779 2273 (y)
811 2244 883 2266 cum
919 2233 1072 2275 plurimas

63 2277 189 2312 indicet
214 2278 435 2317 arenularum,
458 2281 489 2310 δε
514 2278 710 2311 calculorum
734 2277 766 2308 in
790 2288 822 2308 ea
854 2276 1003 2318 glandula
1036 2274 1078 2307 ab

69 2322 142 2355 aliis
178 2319 304 2353 habitas
340 2319 575 2353 observationes
599 2343 613 2360 ,
653 2318 691 2351 ab
725 2318 775 2352 his
819 2327 924 2351 tamen
959 2320 1076 2361 pariter

68 2363 268 2410 observatum
291 2361 398 2405 legisse
423 2363 472 2403 se,
495 2373 613 2406 negat,
646 2363 680 2394 in
713 2362 828 2404 quibus
862 2362 918 2394 illa
951 2371 1075 2403 reperta

67 2409 156 2447 sunt,
168 2408 208 2440 iis
223 2406 392 2448 quidquam
403 2407 588 2440 incommodi
597 2405 680 2439 circa
691 2404 843 2438 animales
857 2405 992 2439 afflones
1005 2415 1076 2437 con-

69 2450 195 2494 tigiffe:
221 2460 277 2482 nec
300 2460 377 2482 vero
400 2459 453 2481 eos
476 2449 509 2481 in
535 2449 652 2492 quibus
677 2447 741 2489 ipse
766 2446 916 2490 conspexi
939 2471 951 2487 ,
985 2444 1075 2481 fuisse

68 2504 179 2527 omnes
203 2492 316 2526 stultos
348 2501 460 2525 contra
491 2502 527 2524 ac
562 2491 736 2534 superiores
769 2491 885 2524 docent
919 2491 1074 2533 'Epistolae

66 2539 162 2580 (z),
182 2534 364 2568 contendo.
389 2534 448 2568 Sed
472 2535 540 2568 haec
566 2534 638 2577 ajo,
662 2535 802 2576 primum
824 2533 881 2567 etsi
914 2533 1074 2577 hujusmo-

66 2578 100 2612 di
122 2580 328 2613 concretiones
350 2578 500 2620 nusquam
523 2589 582 2611 non
617 2578 753 2611 inveniri
774 2600 783 2616 ,
816 2586 852 2613 ut
886 2578 1075 2610 Santorinus

71 2621 90 2664 (
96 2626 140 2662 a)
163 2621 289 2655 dicebat
305 2645 314 2661 ,
339 2623 420 2663 apud
439 2622 652 2655 anatomicos
669 2621 739 2662 jam
771 2619 810 2661 est
845 2618 1039 2663 manifestum
1062 2632 1073 2658 3

69 2666 104 2698 in
128 2666 215 2698 nulla
239 2674 346 2697 tamen
386 2665 448 2697 alia
470 2663 589 2698 cerebri
614 2664 790 2706 particula3
826 2663 860 2698 id
892 2668 981 2708 quod
1014 2663 1073 2705 ipfi

78 2708 181 2742 fuerat
206 2706 547 2746 animadvertendum3
569 2707 648 2750 saepe
659 2707 739 2740 adeo
750 2709 888 2741 inveniri
906 2721 913 2740 .·
938 2706 1075 2746 deinde,

68 2763 143 2786 cum
168 2752 247 2794 saepe
270 2752 303 2784 in
327 2750 386 2785 hac
409 2753 613 2785 inveniantur
636 2774 646 2790 ‚
677 2750 789 2792 saepius
820 2751 910 2784 nobis
943 2749 1074 2792 quidem

72 2793 241 2834 accidisse,
265 2803 301 2828 ut
324 2797 358 2827 in
383 2794 510 2836 stultis,
531 2806 628 2838 quam
650 2795 683 2827 in
706 2794 903 2828 confli6³mti5
925 2805 991 2827 uno
1013 2794 1077 2825 alio

74 2839 186 2881 aliquo
210 2838 317 2871 morbi
339 2849 474 2881 genere,
498 2838 775 2880 conspiceremus3
798 2841 829 2871 &
853 2837 959 2870 fatuus
991 2846 1075 2870 certe

71 2891 137 2915 erat
161 2883 188 2914 is
210 2882 243 2914 in
266 2892 329 2921 quo
352 2881 540 2915 Edmundus
566 2882 709 2924 Kingius
741 2880 790 2923 (b
812 2883 846 2921 ),
870 2885 901 2914 δι
926 2892 966 2914 ex
997 2881 1078 2913 mira

75 2924 244 2957 oblivione
267 2923 405 2966 stupidus
429 2926 465 2958 in
486 2937 554 2968 quo
579 2926 794 2966 Berlingerius
818 2924 956 2967 Gipseus
988 2926 1002 2963 (
1022 2935 1038 2956 c
1064 2927 1077 2963 )

71 2967 231 3009 lapideam
255 2966 370 3013 faCtam
394 2970 558 3001 invenere:
583 2968 767 3007 no'viffime,
790 2978 907 3010 praeter
929 2965 987 3006 id,
1019 2967 1080 2999 alia

73 3010 132 3045 esse
154 3012 234 3044 vitia
257 3009 352 3051 hujus
372 3011 554 3054 glandulae,
578 3011 615 3045 &⁴
632 3022 666 3044 ea
688 3022 816 3053 quoque
839 3011 872 3042 in
888 3008 1079 3053 quibusdam

73 3055 179 3089 stultis
203 3052 413 3095 deprehensa,
434 3056 589 3095 alterurn,
611 3053 699 3098 quod
722 3055 756 3086 in
778 3053 889 3086 eodem
911 3052 1078 3094 fatu0,de

73 3110 142 3142 quo
166 3096 256 3140 supra
278 3097 343 3135 (d)
366 3096 544 3131 indicatum
561 3098 633 3141 vest,
656 3097 881 3131 animadvertit
895 3096 1079 3137 Lancisius,

74 3151 200 3188 tantam
223 3139 374 3173 videlicet
397 3142 596 3182 exilitatem,
629 3150 665 3175 ut
698 3143 732 3174 in
769 3142 840 3173 viro
874 3139 1077 3182 trigesimum

75 3187 199 3229 sextum
221 3194 338 3217 annum
363 3193 490 3226 agente,
511 3183 717 3218 cannabinum
732 3183 837 3226 semen
860 3184 1078 3225 m'xaequaret‚

76 3227 166 3271 cujus
189 3227 346 3261 diffimilis
369 3238 434 3261 non
456 3239 519 3261 erat
543 3229 624 3269 illa,
646 3239 741 3270 quam
765 3228 829 3260 tibi
853 3236 941 3259 antea
970 3228 1079 3269 (e)in

77 3272 175 3306 stulto
198 3272 270 3304 viro
293 3269 383 3303 valde
408 3269 570 3312 strigosam
585 3294 597 3311 ,
620 3281 652 3304 at
686 3269 775 3304 fimul
810 3269 994 3304 laxiffimam
1026 3269 1079 3303 de-

81 3314 217 3357 scripfiq
240 3314 377 3347 alterum
401 3322 507 3347 autern
531 3316 674 3355 vitium,
696 3314 783 3357 quod
807 3312 847 3347 ab
878 3311 941 3346 hoc
972 3312 1078 3346 diver-

80 3358 172 3398 sum,
198 3367 291 3400 atque
315 3357 419 3397 adeo,
441 3355 463 3389 fi
487 3357 575 3391 illam
596 3358 925 3391 summamlaxitatem
938 3355 1077 3398 speeies,

81 3402 175 3446 plane
197 3399 404 3442 oppositum,
426 3400 459 3432 in
479 3403 620 3434 maniaco
653 3413 668 3434 a
692 3400 872 3434 Theodoro
906 3401 1078 3441 Zwingero

82 3445 289 3480 adnotatum,
316 3453 352 3477 ut
370 3442 497 3486 prorsus
520 3444 639 3477 ruberet
661 3455 696 3477 ea
721 3443 870 3487 glandula
890 3467 902 3483 ,
933 3443 975 3476 ὠ
999 3443 1079 3486 soli-

80 3488 148 3523 dior
169 3486 241 3533 effer
256 3486 379 3528 solito,
401 3485 495 3520 habes
519 3487 615 3520 etiam
637 3489 671 3520 in
695 3486 906 3530 Sepulchreto
930 3483 989 3528 (f)
1003 3510 1010 3517 .

128 3542 175 3574 17.
202 3533 240 3564 In
263 3542 329 3573 quo
352 3528 500 3567 tametsi,
522 3538 557 3563 ut
580 3532 701 3572 pariter
711 3530 802 3573 supra
816 3529 975 3569 indicavi,
998 3540 1078 3570 una,

1990 208 2050 258 59

1112 277 1198 312 haud
1222 276 1357 319 amplius
1373 298 1382 313 ,
1405 275 1472 319 ejus
1494 284 1623 318 quoque
1647 271 1692 304 rei
1715 282 1786 315 quae
1809 269 1894 305 mihi
1926 268 2046 309 semper
2078 269 2114 302 in

1111 321 1216 355 stultis
1239 318 1429 362 deprehensa
1451 317 1515 358 est,
1538 314 1733 350 Observatio
1756 323 1843 347 extat
1865 316 1954 355 (g),
1977 312 2115 345 Henrici

1113 366 1153 398 ab
1173 365 1282 403 Heer,
1307 374 1322 394 a
1346 373 1411 404 quo
1431 361 1581 395 videlicet
1604 360 1638 392 in
1661 369 1700 389 eo
1722 359 1778 400 qui
1803 359 1964 390 maniacus
1987 353 2114 391 fuerat,

1112 407 1273 442 cerebrum
1295 406 1461 438 inventum
1483 405 1524 437 est
1546 404 1677 437 durum,
1701 411 1765 432 non
1787 402 1856 434 aliae
1879 408 1983 433 tamen
2005 396 2118 430 desunt

1115 463 1186 494 quae
1210 450 1327 483 merito
1351 446 1557 490 adjiciantur.
1582 446 1669 478 Nam
1695 444 1836 485 primurn
1858 441 1979 476 laudati
2002 452 2041 473 ex
2054 441 2119 475 Re-

1114 496 1166 537 gia
1178 495 1390 526 Scientiarum
1406 488 1564 523 parisiensi
1576 487 1747 521 Academia
1759 487 1834 520 Viri
1856 486 1928 525 (h)
1952 484 2092 517 Littrius
2104 505 2117 522 ,

1115 541 1147 571 &
1169 534 1410 578 Geoffroyusin
1421 532 1543 567 duobus
1567 530 1679 565 iisdem
1702 530 1855 563 maniacis
1878 527 1916 561 de
1937 527 2052 569 quibus
2065 524 2118 560 su-

1111 591 1168 623 pra
1190 580 1314 612 dietum
1337 577 1400 618 est,
1422 577 1541 610 cerebri
1563 585 1689 618 quoque
1711 571 1915 606 substantiam
1936 571 2042 603 multo
2064 568 2120 602 fir-

1112 624 1248 657 miorem
1271 633 1368 665 quam
1391 620 1511 661 soleat,
1532 630 1607 653 curn
1628 616 1817 652 cerebellum
1840 616 1892 650 sua
1916 613 2016 647 ferme
2027 621 2118 647 natu-

1116 667 1175 700 rali
1201 666 1338 699 mollitie
1364 662 1456 703 esset,
1479 669 1722 703 compererunt.
1750 661 1840 693 Tum
1863 659 1896 690 in
1914 657 1974 689 illo
1991 656 2061 697 ipso
2071 654 2119 688 fa·

1115 721 1195 749 ῑιιο,
1218 721 1311 753 quem
1324 707 1432 745 semel,
1458 716 1550 748 atque
1562 706 1678 737 iterum
1689 703 1934 737 memoravimus
1947 700 2024 748 (i),
2037 700 2121 731 Lan-

1116 752 1208 786 cisius
1231 751 1407 794 universam
1420 748 1536 783 cerebri
1540 746 1746 791 substantiam
1751 745 1849 787 solito
1861 743 2098 791 comprimorem
2107 764 2121 781 ,

1117 797 1283 839 ipsumque
1305 793 1473 828 Callosum
1493 802 1611 834 corpus
1628 789 1777 832 fimiliter
1799 785 2012 835 duriusculum
2049 796 2119 816 ani-

1119 839 1309 873 madvertit.
1334 835 1510 871 Addendus
1533 836 1583 869 his
1606 834 1794 866 Santorinus
1817 830 1988 879 (kh-qui
2001 838 2036 861 1n
2048 827 2121 877 sene

1121 885 1212 917 fatuo
1235 892 1305 916 tum
1329 882 1414 921 alia,
1436 889 1507 913 tum
1530 876 1692 912 cerebrum
1714 874 1815 909 multo
1833 872 1960 917 firmius
1974 881 2121 911 invenit,

1120 935 1212 968 atque
1230 936 1307 967 pars
1329 924 1389 957 baec
1413 922 1466 966 effe
1490 920 1668 962 cons‘uevit;
1691 928 1725 953 ut
1749 920 1782 950 in
1805 929 1844 951 eo
1877 915 1965 959 quod
1998 918 2030 948 δε
2062 925 2123 948 nos

1120 979 1287 1012 propterea
1310 977 1398 1000 antea
1421 966 1477 1005 (l)
1501 965 1694 1003 feceramus,
1716 965 1748 995 δε
1772 962 1846 994 alias
1871 959 2025 1009 fecimus,
2046 968 2123 991 non-

1119 1011 1206 1045 nulla
1224 1012 1385 1053 perspicue
1406 1009 1528 1051 magis,
1554 1020 1590 1040 ac
1612 1005 1764 1039 commode
1787 1005 1829 1039 ὅ)
1850 1003 2042 1050 disquirere,
2077 1002 2121 1035 ά·

1119 1055 1292 1097 dignoscere
1310 1064 1374 1095 prce
1396 1052 1511 1094 majore
1534 1049 1666 1091 esusdem
1683 1047 1844 1090 firmitate
1864 1052 2007 1087 potuerit
2031 1068 2038 1076 .
2074 1045 2122 1077 Et

1117 1099 1330 1131 Boerhaavius
1353 1099 1431 1136 (m)
1455 1093 1580 1127 fortasse
1604 1092 1680 1123 alias
1703 1090 1759 1124 fibi
1771 1098 1862 1123 notas
1875 1086 2056 1121 attendebat
2071 1085 2123 1120 hi-

1118 1141 1254 1181 storias,
1277 1151 1349 1174 cum
1371 1138 1546 1171 anatomica
1573 1134 1708 1178 sefiione
1739 1130 1902 1175 constitiffe
1920 1154 1931 1169 ,
1964 1129 2086 1178 scripsit
2114 1153 2127 1167 ‚

1119 1186 1337 1218 maniacorum
1359 1180 1515 1215 cerebrum
1532 1180 1670 1222 siccum,
1693 1176 1829 1215 durum,
1844 1173 1999 1219 friabile,
2017 1183 2057 1220 ,in
2063 1173 2125 1215 suo

1118 1230 1232 1262 cortice
1248 1226 1371 1269 flavum
1394 1222 1485 1258 fuisse
1504 1248 1511 1255 .
1526 1223 1585 1256 Sed
1607 1229 1790 1263 quanquam
1813 1220 1912 1252 etiam
1922 1217 2123 1265 Geoflroyus

1118 1275 1184 1311 (n)
1208 1282 1353 1314 magnam
1377 1267 1492 1300 cerebri
1518 1266 1693 1300 siccitatem
1715 1261 1865 1295 describit
1885 1273 1898 1300 ;
1928 1268 2034 1293 tamen
2070 1258 2127 1292 ista

1117 1314 1262 1349 universa
1284 1314 1340 1347 illa
1362 1312 1530 1345 dumtaxat
1552 1306 1836 1348 exmihicognitis
1847 1304 2028 1338 observatio
2038 1314 2128 1336 com-

1119 1359 1294 1401 plestitur,
1319 1367 1416 1400 quarn
1440 1363 1476 1388 ut
1500 1365 1594 1388 unam
1619 1350 1656 1385 de
1678 1349 1797 1384 cerebri
1820 1349 1941 1383 duritie
1965 1348 1998 1379 in
2015 1347 2128 1396 Sepul-

1120 1400 1233 1434 chreto
1255 1400 1332 1439 esse,
1354 1399 1446 1437 dixi3
1468 1399 1515 1430 ita
1539 1406 1634 1430 unam
1656 1406 1695 1427 ex
1726 1393 1876 1426 omnibus
1909 1401 1986 1434 quas
2018 1388 2129 1432 legisse

1120 1445 1318 1478 meminerim
1331 1468 1343 1484 ,
1366 1441 1606 1479 animadverto,
1630 1448 1695 1470 non
1706 1436 1868 1469 inutiliter
1887 1435 2000 1469 docere
2012 1456 2025 1472 ‚
2046 1431 2131 1466 illud

1120 1499 1225 1522 tamen
1248 1487 1353 1531 ipsum
1376 1485 1540 1520 cerebrum
1562 1483 1644 1516 circa
1666 1478 1857 1513 'ventriculos
1871 1504 1879 1518 ,
1892 1475 2040 1526 &basim
2052 1475 2133 1510 mol-

1119 1532 1205 1572 lius,
1229 1532 1272 1565 (φ
1294 1530 1452 1564 humidius
1476 1526 1566 1561 fuisse
1581 1549 1588 1556 .
1607 1524 1724 1566 Neque
1736 1523 1867 1555 enimin
1878 1520 2029 1554 omnibus
2053 1518 2132 1552 stul-

1120 1579 1163 1609 tis
1184 1586 1294 1608 omnes
1323 1572 1446 1606 cerebri
1469 1580 1572 1613 partes
1594 1567 1708 1609 aequali
1725 1564 1844 1599 duritie
1863 1564 2001 1610 inveni-ri
2022 1586 2034 1602 ,
2063 1564 2132 1595 imo

1120 1618 1291 1652 nonnullas
1313 1615 1472 1650 interdum
1493 1613 1594 1656 magis
1621 1620 1716 1652 quam
1739 1608 1911 1655 deberent,
1930 1607 1987 1641 esse
1999 1607 2134 1646 molles,

1119 1663 1204 1696 inter
1245 1661 1274 1695 se
1305 1660 1431 1694 collatae
1452 1683 1461 1700 ‚
1491 1668 1566 1700 quas
1599 1654 1662 1688 eibi
1694 1651 1913 1695 descripsimus
1933 1674 1945 1691 ,
1978 1649 2135 1684 seeuones

1124 1705 1312 1740 ostendunt.

1172 1750 1219 1782 18.
1244 1751 1405 1782 Caererum
1428 1745 1482 1780 etsi
1507 1746 1612 1780 minus
1636 1742 1703 1776 veri
1726 1739 1880 1775 ssmileest
1895 1766 1905 1780 ,
1926 1740 1999 1775 casu
2010 1738 2135 1774 fae‘tum

1123 1791 1204 1833 esse,
1227 1802 1263 1826 ut
1287 1794 1320 1824 in
1345 1793 1385 1824 iis
1409 1790 1513 1824 stultis
1535 1800 1614 1832 quos
1638 1785 1760 1820 laudati
1784 1786 1860 1819 Viri
1884 1784 2050 1818 secuerunt
2065 1806 2075 1821 ‚
2097 1785 2134 1816 in

1122 1836 1223 1879 iisque
1245 1835 1392 1869 omnibus
1416 1837 1470 1878 qui
1496 1831 1586 1866 incisi
1610 1843 1626 1864 a
1650 1842 1698 1863 me
1722 1828 1793 1863 sunt
1809 1853 1822 1870 ,
1844 1829 1901 1862 ista
1924 1826 1996 1861 esset
2011 1827 2134 1861 cerebri

1125 1879 1258 1914 durities
1282 1876 1502 1916 autuniversi,
1526 1885 1580 1909 aut
1603 1884 1705 1909 certe,
1730 1881 1767 1907 ut
1789 1885 1806 1906 a
1829 1884 1878 1906 me
1902 1871 2022 1914 semper
2044 1882 2134 1904 com-

1124 1932 1251 1967 pertum
1273 1922 1337 1962 est,
1361 1921 1543 1955 medullaris
1558 1915 1741 1958 saltemejus
1752 1914 2051 1962 hemisphaeriorurn
2062 1913 2139 1948 sub-

1128 1966 1272 2004 stantiae3
1296 1975 1401 1999 tamen
1425 1975 1461 1998 ut
1487 1975 1552 1997 rem
1577 1963 1709 1995 minime
1731 1959 1980 2003 negligendam»,
2004 1959 2046 1991 sic
2071 1969 2141 1991 non.»

1128 2011 1215 2044 tanti
1237 2008 1365 2044 demum
1388 2007 1565 2042 faciendam
1589 2007 1753 2044 arbitror,
1776 2012 1812 2037 ut
1835 2015 1875 2037 ex
1896 2015 1930 2036 ea
1942 2002 2136 2042 dumtaxat,

1128 2053 1276 2087 stultitiae
1299 2052 1424 2086 causam
1448 2048 1612 2095 speciosis,
1637 2060 1709 2092 quae
1735 2048 1868 2080 minime
1891 2044 2050 2084 deessent,
2083 2058 2137 2079 ex-

1125 2096 1353 2140 plicationibus
1376 2104 1574 2138 repetamus,
1598 2094 1740 2136 primum
1752 2090 1902 2124 videlicet
1916 2089 2112 2133 inquirentes
2125 2112 2138 2130 ,

1125 2151 1165 2172 an
1189 2151 1257 2174 eam
1279 2139 1435 2173 duritiem
1461 2138 1577 2172 efficiat
1600 2136 1747 2174 siccitas,
1769 2134 1804 2168 id
1827 2134 1870 2168 est
1903 2134 2010 2168 minor
2042 2135 2137 2176 copia

1124 2182 1292 2222 humoris,
1316 2183 1431 2216 intime
1454 2181 1658 2215 substantiam
1681 2178 1771 2211 illam
1796 2179 1965 2220 irrigantis
1980 2201 1990 2217 ‚
2017 2188 2055 2210 an
2081 2188 2147 2210 au-⁴

1123 2226 1216 2259 sterus
1239 2226 1378 2268 aliquis,
1400 2230 1433 2259 &
1455 2225 1648 2266 adstringens
1661 2223 1769 2255 succus
1780 2245 1793 2261 ,
1815 2220 1931 2255 deinde
1941 2231 2015 2254 vero
2026 2229 2138 2255 utrum

1129 2280 1315 2311 quacunque
1337 2281 1375 2302 ex
1395 2268 1485 2302 causa
1509 2267 1663 2306 inducia,
1686 2264 1742 2298 ista
1754 2263 1891 2298 durities
1902 2263 2137 2307 sapientiaeob-

1129 2312 1195 2352 sit,
1217 2313 1282 2344 vias
1305 2311 1454 2354 quasdam
1475 2309 1669 2345 tenuiffimas
1694 2307 1872 2348 metando,
1897 2318 1936 2341 an
1960 2307 2053 2341 fibras
2087 2309 2137 2340 ita

1129 2354 1372 2394 contendendo,
1397 2364 1433 2389 ut
1459 2353 1497 2387 ad
1520 2355 1673 2386 leviorem
1697 2362 1855 2394 quemque
1877 2360 2004 2385 motum
2027 2351 2138 2384 multo

1128 2410 1230 2440 magis
1255 2409 1350 2441 quam
1376 2409 1502 2441 aequum
1525 2396 1585 2436 fit,
1606 2395 1874 2433 contremiscant,
1900 2406 1938 2427 an
1962 2395 2068 2429 minus
2081 2394 2136 2429 fle-

1128 2442 1207 2475 xiles
1229 2441 1419 2482 efficiendo,
1442 2451 1478 2475 ut
1503 2451 1568 2472 non
1591 2437 1649 2471 nisi
1674 2438 1712 2472 ad
1744 2446 1847 2471 certos
1878 2437 2035 2480 quosdam
2064 2450 2138 2471 mo-

1129 2494 1199 2524 tus,
1223 2488 1254 2527 ᾃ
1276 2494 1347 2518 tum
1373 2484 1492 2526 semper
1515 2483 1553 2516 ad
1577 2480 1712 2515 cundem
1736 2481 1872 2516 modurn
1898 2505 1906 2518 ,
1940 2483 2102 2524 agitentur
2124 2496 2133 2515 ε

1128 2529 1161 2561 in
1186 2539 1287 2569 quos,
1311 2527 1451 2571 aliosque
1476 2524 1707 2569 ejusdemmodi
1733 2525 1972 2559 inextricabiles
1995 2525 2139 2568 disputa..

1129 2572 1256 2604 tionum
1280 2571 1363 2614 quali
1388 2571 1516 2614 laqueos
1537 2581 1575 2603 ne
1599 2580 1647 2601 me
1671 2567 1855 2608 induerem3
1880 2567 1953 2603 ideo
1984 2581 2138 2612 quaeeun-

1128 2625 1191 2657 que
1215 2614 1275 2647 alia
1300 2616 1408 2657 potius
1431 2625 1525 2657 quarn
1547 2611 1745 2655 conjeeiuras
1764 2635 1777 2652 ,
1800 2611 1840 2646 ad
1875 2613 2052 2656 propositas
2085 2613 2136 2646 hi-

1128 2658 1240 2692 storias
1265 2657 1437 2692 adnotavi.
1463 2659 1573 2700 Atque
1599 2666 1632 2690 ut
1655 2657 1839 2699 intelligas,
1863 2667 1919 2690 cur
1943 2668 2012 2689 eam
2045 2656 2135 2691 duri-

1129 2704 1209 2735 tiem
1233 2704 1315 2734 tanti
1338 2712 1400 2734 non
1424 2700 1563 2739 faciam5
1586 2699 1664 2733 scias
1687 2700 1802 2736 velim,
1827 2701 1860 2732 in
1875 2699 2069 2742 quibusdam
2082 2712 2135 2743 pa-

1130 2747 1207 2778 riter
1229 2746 1287 2787 qui
1310 2747 1442 2778 minime
1464 2744 1551 2778 stulti
1575 2754 1684 2781 erant,
1709 2744 1869 2777 cerebrum
1891 2755 1942 2776 me
1975 2755 2039 2782 non
2071 2746 2135 2777 mi-

1129 2799 1187 2821 nus
1209 2787 1326 2822 durum
1351 2786 1519 2821 invenisse.
1546 2788 1597 2820 Sic
1621 2787 1654 2819 in
1677 2796 1812 2821 mortuo
1835 2798 1873 2819 ex
1907 2785 2046 2820 thoracis
2080 2789 2133 2821 in—

1130 2831 1367 2865 flammatione.
1394 2833 1445 2864 Sic
1468 2832 1502 2864 in
1536 2831 1638 2863 altero
1668 2831 1723 2871 qui
1759 2841 1799 2863 ex
1831 2828 1962 2863 femoris
1995 2829 2133 2865 frauura

1129 2874 1271 2908 obierat.
1297 2877 1347 2908 Sic
1371 2876 1405 2907 in
1427 2873 1566 2917 quodam
1589 2874 1698 2914 grandi
1723 2883 1822 2913 natu,
1845 2885 1940 2916 quem
1962 2873 2028 2915 ipsa
2058 2884 2133 2908 aetas

1131 2920 1233 2961 magis
1255 2917 1353 2952 ferme
1376 2930 1473 2962 quam
1497 2917 1627 2950 morbus
1644 2942 1652 2956 ,
1676 2916 1713 2949 ad
1737 2926 1874 2949 mortem
1897 2915 2006 2949 senfim
2020 2917 2134 2960 perdu-

1132 2971 1219 2996 xerat
1244 2986 1252 2993 .
1292 2962 1350 2996 Sed
1384 2961 1539 3003 quoniam
1571 2962 1782 2994 Anatomicus
1807 2961 1958 2994 Eximius
1979 2962 2132 2996 Hallerus

1130 3009 1194 3045 (o)
1218 3006 1339 3039 cerebra
1355 3004 1465 3045 senum
1486 3005 1538 3038 vel
1559 3003 1660 3037 cultro
1679 3004 1780 3044 judice
1794 3027 1803 3040 ‚
1827 3004 1951 3037 duriora
1974 3003 2049 3049 effie,
2082 3006 2134 3039 in-

1132 3048 1230 3091 deque
1252 3050 1388 3088 mentis,
1412 3052 1454 3083 &¹
1477 3048 1630 3081 memoria
1651 3045 1849 3081 debilitatem
1872 3048 2073 3089 repetendam
2084 3048 2133 3082 es-

1130 3093 1180 3130 se,
1203 3090 1365 3128 tradidit5
1389 3089 1559 3133 grandaevo
1581 3089 1642 3123 isto
1672 3088 1809 3132 seposito
1829 3113 1841 3129 ,
1875 3090 1941 3132 ipse
1973 3091 2131 3127 recordari

1129 3146 1242 3179 potes,
1265 3146 1336 3168 cum
1360 3135 1397 3166 ad
1421 3143 1451 3166 te
1476 3133 1752 3176 apopleffieorum
1777 3134 1928 3167 sectiones
1940 3134 2132 3177 scriberem,

1129 3182 1163 3212 in
1188 3192 1219 3212 ea
1243 3176 1376 3211 foemina
1399 3189 1468 3220 quse
1493 3177 1646 3210 tredecim
1669 3178 1819 3219 utrinque
1840 3176 1939 3211 costas
1960 3176 2094 3211 habebat
2119 3203 2130 3219 ,

1130 3224 1210 3255 mira
1233 3222 1392 3254 cerebrum
1414 3220 1536 3254 duritie
1558 3218 1615 3254 esse
1639 3230 1849 3254 memoratum
1873 3223 1964 3262 (p),
1988 3222 2131 3265 itemque

1129 3265 1250 3300 duritie
1273 3264 1361 3298 valde
1384 3263 1522 3296 notabili
1545 3266 1577 3297 in
1603 3265 1783 3298 Stabulario
1808 3266 1891 3305 (q),
1914 3264 1947 3296 in
1970 3276 2035 3307 quo
2058 3274 2130 3299 tan..

1130 3319 1162 3342 ta
1186 3307 1335 3353 profeffm
1357 3307 1441 3345 fuit,
1464 3315 1500 3341 ut
1523 3318 1595 3341 cum
1628 3306 1694 3350 ejus
1725 3307 1887 3340 cerebrum
1921 3306 2032 3342 diebus
2064 3319 2129 3342 non

1128 3354 1175 3386 ita
1199 3353 1312 3387 multis
1336 3350 1508 3384 inciderem
1534 3351 1696 3393 postquam
1729 3349 1890 3383 cerebrum
1924 3349 2127 3385 dissecueram

1128 3397 1218 3430 illius
1243 3396 1371 3428 alterius
1394 3394 1508 3428 insanae
1531 3394 1696 3431 foeminae‚
1718 3404 1787 3435 quae
1812 3392 1901 3435 supra
1925 3398 1987 3434 (r)
2010 3394 2128 3428 descri-

1128 3448 1181 3481 pta
1192 3440 1256 3477 est;
1278 3438 1372 3471 facile
1383 3437 1660 3471 animadverterim
1671 3436 1703 3469 id
1715 3435 1801 3479 quod
1813 3435 1927 3469 diserte
1940 3437 1973 3469 in
1984 3438 2129 3471 adversa-

1128 3484 1185 3516 riis
1196 3492 1272 3516 tunc
1284 3481 1446 3520 adnotavi,
1456 3479 1573 3515 duritie
1585 3481 1692 3513 eadem
1705 3490 1739 3511 ac
1751 3477 1845 3522 hujus
1857 3479 1959 3513 suerat
1969 3502 1981 3519 ,
1992 3480 2127 3514 stabula..

1126 3526 1169 3559 rii
1183 3537 1311 3570 quoque
1319 3523 1478 3558 cerebrum
1488 3522 1589 3558 fuisse.
1602 3525 1727 3557 Eorum
1739 3531 1844 3556 tamen
1856 3524 2131 3565 apoplefflcorum

165 3574 331 3615 Morgagni
342 3575 377 3608 de
390 3574 457 3606 Sed.
473 3574 514 3606 ὅ]
524 3576 545 3605 C
546 3573 608 3616 aus-
621 3572 722 3607 Morb.
737 3575 834 3607 Tom.
849 3575 876 3606 I.
1651 3568 1686 3600 H
1732 3577 1749 3599 2
1981 3576 2091 3602 neuter

138 3677 149 3710 s
164 3688 176 3704 ν
189 3681 205 3710 )
219 3679 282 3709 Eph.
299 3681 333 3704 N.
352 3681 381 3705 C.
398 3680 470 3705 Cent.
486 3686 511 3707 7.
529 3677 587 3702 Obs.
604 3681 643 3703 60.
705 3680 720 3709 (
731 3680 775 3710 s)
790 3680 899 3705 Earund.
917 3681 989 3705 Ceut.
1005 3682 1029 3703 6.
1046 3677 1104 3702 obs.
1121 3679 1161 3703 28.
1224 3678 1234 3708 (
1250 3684 1261 3701 t
1277 3683 1287 3706 )
1302 3678 1346 3703 eit.
1362 3676 1422 3701 Sest.
1440 3678 1461 3701 8.
1479 3679 1501 3701 δι
1519 3685 1541 3706 9.
1601 3678 1615 3708 ζ
1630 3686 1646 3701 u
1665 3676 1674 3707 )
1689 3675 1744 3700 Vid.
1761 3674 1837 3699 etiam
1854 3676 1927 3710 Epist.
1946 3678 1966 3702 1.
1983 3684 2009 3701 n.
2027 3684 2067 3702 10.

169 3718 184 3734 x
201 3712 207 3738 )
224 3718 250 3735 ιι.
268 3717 304 3739 13.
367 3711 411 3740 (y
424 3710 439 3739 )
454 3711 569 3743 Anatom.
586 3709 603 3732 l.
622 3717 645 3737 3·
660 3713 716 3733 c.6.
777 3711 792 3740 (
806 3718 825 3739 z
839 3710 854 3740 )
870 3712 899 3735 V.
916 3718 941 3734 n.
960 3717 998 3734 11.
1016 3710 1039 3733 δι’.
1055 3710 1099 3733 VI.
1116 3716 1140 3732 n.
1159 3716 1193 3732 ιι.
1255 3710 1269 3737 (
1285 3717 1300 3732 a
1316 3714 1325 3738 )
1341 3706 1398 3733 Obs.
1415 3709 1488 3731 Anat.
1504 3715 1525 3732 c.
1545 3716 1565 3737 3.
1585 3716 1608 3732 n.
1626 3710 1649 3732 8.
1711 3705 1755 3740 (b
1771 3704 1779 3735 )
1795 3707 1843 3739 loq.
1857 3712 1899 3731 cit.
1916 3707 1997 3737 supra,
2013 3708 2076 3732 adn.
2089 3714 2128 3737 13.

171 3749 182 3764 c
196 3741 210 3770 )
226 3740 287 3774 apud
303 3741 439 3765 Contulum
456 3740 485 3764 de
502 3739 588 3773 Lapus.
606 3737 706 3768 Podagr.
723 3740 769 3766 ἃς.
786 3748 807 3766 c.
824 3749 846 3771 ς.
907 3741 921 3770 (
935 3740 952 3764 d
967 3745 978 3766 )
995 3747 1019 3763 n·
1038 3747 1066 3767 ¹4
1135 3739 1149 3768 (
1165 3747 1176 3762 e
1190 3742 1202 3765 2
1217 3746 1242 3762 n.
1261 3746 1296 3764 12.
1359 3736 1423 3768 (f)
1439 3738 1496 3762 obs.
1517 3746 1536 3763 1.
1552 3738 1613 3763 Sest.
1630 3738 1673 3762 cit·
1692 3743 1712 3763 9·
1730 3743 1758 3770 ‚m
1774 3735 1856 3760 Addlt-

149 3780 186 3801 lg
203 3773 211 3800 )
229 3779 249 3795 ι.
267 3778 292 3795 in
308 3770 372 3796 Sef'c.
388 3773 409 3796 8.
426 3778 479 3800 quae
496 3779 515 3800 ς.
532 3770 565 3794 est
581 3777 605 3792 m
621 3770 680 3794 Sest.
697 3778 721 3799 4·
780 3772 795 3800 (
811 3771 826 3794 b
842 3775 853 3797 )
868 3770 912 3795 loc.
930 3770 976 3804 cit.
993 3770 1060 3799 supra
1075 3769 1106 3792 ad
1122 3776 1145 3792 n.
1161 3776 1197 3798 ¹3·
1230 3775 1232 3777 ’
1261 3770 1275 3798 (
1291 3770 1302 3794 i
1318 3769 1327 3798 l
1342 3776 1366 3792 n.
1388 3775 1424 3796 14·
1441 3769 1464 3792 δε
1481 3771 1519 3794 ι6.
1581 3770 1595 3798 (
1611 3768 1628 3794 k
1643 3770 1658 3799 )
1675 3773 1696 3807 ς.
1715 3772 1755 3791 eit.
1774 3774 1799 3801 n.
1816 3770 1840 3791 6.
1903 3769 1953 3800 (1)
1969 3768 2050 3799 supra,
2066 3769 2127 3792 n.6.

144 3833 159 3860 (
172 3810 195 3861 τίη
209 3799 717 3861 ῗέἒέῗτέιάιειιεῗξιιοῖο.(ωςιόδῇἣῗηι.
779 3803 793 3831 (
808 3809 824 3825 η
835 3801 850 3829 )
867 3800 913 3826 loe.
930 3807 971 3827 ert.
1034 3801 1047 3830 (
1063 3808 1075 3823 α
1091 3799 1105 3828 )
1121 3798 1160 3824 Ad
1178 3798 1284 3825 Ptaelest.
1303 3800 1389 3825 Boerh.
1406 3799 1428 3830 5.
1444 3806 1499 3830 475„
1515 3803 1564 3825 not.
1579 3808 1605 3831 g.
1666 3798 1681 3827 (
1693 3803 1711 3828 p
1726 3797 1740 3826 )
1755 3797 1827 3827 Ernst.
1847 3805 1869 3828 ς.
1887 3806 1910 3823 n.
1926 3802 1949 3824 6.
