2498 4075
445 223 597 289 Epist.
633 223 795 279 Anat.
830 222 1047 278 Medica
1079 220 1279 278 XLIX.
1316 222 1438 277 Art.
1460 224 1533 278 18.
1553 224 1607 278 ὅτ
1630 240 1705 289 19.

69 299 153 334 nihil
179 301 387 350 pinguedinis
407 304 440 336 in
465 303 606 345 subjeeta
633 303 775 347 Adiposa
800 302 985 338 membrana
1019 303 1072 337 su-

68 343 170 385 perest
193 356 208 377 a
231 356 325 386 cujus
347 348 540 381 inunstione
564 346 672 380 mollis
702 348 757 380 illa
801 347 943 380 servetur
966 369 976 384 ,
1019 347 1070 380 vel

67 386 154 435 quod
179 398 242 421 non
265 399 395 431 propter
419 390 647 433 pinguedinem
673 391 777 424 modo*
795 391 828 423 in
853 389 1070 424 musculorum

66 429 269 469 interstitiis,
295 432 346 467 sed
369 436 400 467 &
424 442 558 476 propter
579 432 752 474 humores,
776 433 881 476 paffim
907 435 940 466 in
951 433 1070 467 horum

69 474 205 507 vasculis
229 486 343 518 magna
366 488 405 510 ex
440 486 533 519 parte
565 476 749 510 deficientes
773 500 782 515 ,
817 488 928 510 carnes
959 477 1069 510 conci-

67 515 174 557 dunt,
198 528 234 552 ut
257 520 342 553 cutis
364 530 428 553 non
453 520 591 561 amplius
614 519 774 557 distenta,
797 520 826 553 se
847 521 881 553 in
906 521 937 555 se
970 519 1071 564 ipsam

66 560 263 602 contrahat,
286 565 318 595 δε
344 563 471 599 crassior
493 562 574 602 fiat3
597 575 695 606 quarn
717 565 762 597 ob
784 565 1039 598 contractionem
1060 588 1071 604 ,

68 603 225 654 rugasque
251 615 417 653 propterea
442 617 505 639 non
531 605 666 649 majores
689 617 842 644 tanturn,
879 606 929 640 sed
975 610 1073 641 etiam

67 649 238 686 minimas,
264 659 334 690 ejus
357 650 440 691 perit
462 651 571 688 nitor3
595 649 635 685 sic
658 652 742 684 enim
766 651 956 684 Mortonum
989 655 1003 691 (
1024 651 1037 685 l
1058 654 1072 690 )

65 693 284 733 interpretor,
310 692 375 726 haec
399 695 638 734 attingentem.
662 696 790 728 Contra
812 715 823 730 ‚
867 705 883 726 a
928 694 1070 735 subjefta

66 736 265 777 pinguedine
288 735 424 770 distenta
446 738 531 770 cutis
553 739 584 770 &
606 739 688 771 nitet
711 759 721 774 ‚
746 746 782 770 ut
805 747 916 770 omnes
940 738 1071 777 vident,

71 780 104 811 &
127 779 261 812 mollior
285 779 446 817 servatur,
471 790 506 813 ut
530 783 563 813 in
587 779 683 814 suillo
705 781 797 814 corio
833 781 866 813 in
902 779 1073 814 minutissi-

70 832 137 866 mas
161 832 265 863 partes
289 822 490 857 concidendo
531 823 581 857 vel
629 823 832 857 farciminum
876 823 1077 857 confectores

72 874 193 898 norunt
217 878 258 898 eo
285 868 399 900 leviori
424 867 533 901 labore
567 876 690 901 utentes
722 878 788 910 quo
834 867 987 910 pinguior
1031 867 1078 900 sus

70 917 139 941 erat
162 921 172 945 ς
197 920 235 942 eo
259 910 401 953 majori,
424 922 491 952 quo
514 911 637 944 minus.
772 911 828 943 Se'd
853 911 890 944 acl
913 910 1076 944 dislefflo-

63 962 144 985 ,nem
169 951 304 987 alteram
329 954 546 991 transeamus,
570 955 604 986 in
626 965 690 996 qua
721 952 893 987 manifestae
938 954 1072 996 quidem

64 993 225 1028 viscerum
251 999 282 1030 δι
308 1000 427 1031 ventris
442 1022 452 1038 ,
476 1000 508 1030 &
529 996 672 1032 thoracis
695 1007 808 1034 noxae,
834 1006 865 1030 at
877 995 939 1030 fine
954 996 1071 1031 absces-

66 1036 102 1071 su
126 1049 346 1081 apparuerunt
360 1066 368 1074 .
835 1045 839 1049 ’

115 1081 162 1114 18.
212 1083 231 1116 S
255 1084 285 1116 E
307 1084 344 1116 N
369 1085 384 1117 I
408 1085 430 1118 S
474 1084 553 1118 adeo
575 1085 748 1123 emaciati,
771 1092 806 1117 ut
832 1082 922 1116 senili
954 1082 1072 1117 maras.

62 1134 119 1159 mo
141 1127 355 1167 absumptum
392 1128 536 1162 dicerent
557 1149 569 1165 ,
603 1128 738 1162 cadaver
782 1128 816 1160 in
849 1126 1068 1169 Gymnasium

60 1170 190 1203 illatum
235 1169 280 1203 est
303 1195 312 1210 ,
346 1171 429 1208 unde
474 1174 656 1205 Anatomes
680 1171 789 1205 saltem
812 1171 948 1204 initium
972 1170 1070 1204 duce..

58 1224 127 1246 rem
151 1222 225 1248 ante
247 1211 347 1247 finem
376 1215 523 1258 Januarii
568 1216 610 1246 A.
638 1224 731 1257 1741.
863 1212 1070 1248 VENTEK

58 1256 228 1299 glandulas
252 1256 367 1291 habuit
389 1269 466 1291 cum
499 1258 531 1290 in
556 1256 706 1292 mesaraeo
731 1268 793 1290 non
839 1256 917 1291 adeo
964 1258 1069 1291 minu-

56 1310 108 1334 tas
132 1323 143 1339 ,
180 1310 217 1334 ut
243 1308 339 1335 aetate
364 1300 420 1334 illa
443 1299 509 1334 fere
533 1300 634 1334 solent
658 1327 666 1341 ‚
700 1311 774 1334 tum
803 1312 858 1343 per
882 1301 983 1335 Iliaca
1008 1312 1064 1334 va-

57 1346 91 1381 i‘a
117 1345 158 1378 ab
179 1343 298 1378 horum
322 1344 448 1386 origine
472 1344 510 1377 ad
533 1343 635 1378 femur
659 1344 755 1388 usque
799 1353 852 1378 tot
874 1367 884 1383 ‚
919 1347 951 1377 <Sc
995 1353 1067 1377 tan-

57 1398 107 1421 tas
131 1410 141 1426 ‚
178 1397 214 1422 ut
238 1389 271 1421 ea
295 1386 366 1422 vasa
391 1397 543 1431 perpetua
566 1389 703 1431 quadam
727 1387 855 1425 illarum
888 1386 977 1430 quasi
1011 1400 1064 1421 ca-

57 1441 133 1465 tena
156 1431 419 1467 obducerenmr,
441 1441 578 1473 quarum
601 1431 717 1474 aliquae
739 1431 822 1465 duos
866 1433 968 1464 tresve
1012 1432 1065 1465 di-

59 1477 148 1517 gitos
171 1474 363 1509 transversos
386 1474 595 1517 longitudine
626 1475 794 1517 aequabant
818 1497 831 1514 ,
866 1474 1065 1509 craffitudine

62 1519 161 1552 etiam
184 1529 330 1560 magnae3
353 1526 389 1551 ut
415 1519 532 1552 mirum
556 1528 621 1551 non
645 1517 719 1552 effer
734 1541 743 1555 ‚
767 1529 816 1551 eas
847 1519 978 1551 arterias
1011 1530 1066 1561 pa-

60 1562 199 1595 rietibus
224 1560 332 1595 videre
355 1560 508 1595 nonnihil
531 1561 678 1601 inflexis,
700 1565 731 1596 &
755 1558 844 1604 quasi
877 1563 1028 1595 varicosis
1055 1586 1064 1600 ‚

60 1607 182 1648 quippe
205 1616 286 1647 quos
308 1603 466 1646 ejusmodi
488 1604 647 1646 glandulae
671 1606 841 1647 stiparent,
866 1607 897 1637 &
943 1616 1065 1647 preme·

59 1658 131 1682 rent
156 1663 164 1680 ι
199 1660 271 1690 quae
297 1657 404 1681 tamen
427 1658 501 1681 cum
526 1648 727 1688 secarentur,
751 1660 767 1681 a
803 1647 873 1681 sana
915 1648 1064 1690 lympha-

60 1694 199 1726 ticarum
224 1691 448 1734 glandularum
471 1690 706 1727 constitutione
728 1690 903 1733 discrepare
927 1702 990 1725 non
1014 1693 1063 1725 vi-

58 1735 220 1768 debantur
243 1758 251 1767 .
386 1733 450 1768 Sed
473 1734 557 1772 lien,
582 1734 708 1768 caeteris'
730 1733 983 1769 dimensionibus
1006 1747 1060 1776 po-

55 1781 122 1812 tius
144 1789 280 1821 parvus,
303 1789 396 1821 aequo
419 1781 485 1811 erat
509 1778 659 1818 craffior,
684 1778 722 1812 ad
748 1778 889 1811 medium
931 1779 1062 1819 praeser-

52 1823 143 1861 tim,
167 1824 198 1855 &
221 1831 436 1864 praeterquam
459 1820 547 1864 quod
581 1822 708 1855 vincula
755 1822 961 1856 membranea
1007 1833 1061 1864 per

53 1876 128 1906 quae
151 1875 225 1897 cum
247 1863 495 1907 diaphragmate
519 1865 681 1905 nerititur,
704 1864 772 1907 ipsa
796 1876 925 1908 quoque
960 1867 1062 1907 magis

53 1908 140 1943 faeta
163 1917 251 1941 erant
276 1907 372 1940 crassa
394 1919 491 1951 qnam
517 1907 641 1947 solent,
666 1910 809 1941 tunicam
845 1908 986 1944 habebat
1029 1910 1063 1942 in

52 1951 164 1987 medio
187 1951 258 1993 ipso
282 1950 377 1984 faciei
400 1962 553 1985 convexae
590 1962 654 1984 non
688 1952 786 1984 modo
819 1952 948 1987 crassam
981 1953 1064 1995 pari-

52 2007 112 2029 ter·
130 2018 140 2033 ,
174 2005 286 2028 verum
310 1996 407 2029 etiam
431 1994 544 2028 duram
569 2003 663 2027 tanto
687 1993 792 2036 spatio
815 2006 970 2038 quantum
1003 1997 1064 2028 cir-

53 2040 145 2074 culus
167 2047 340 2080 occuparet
362 2037 453 2080 cujus
476 2037 635 2072 diameter
665 2039 719 2070 vix
743 2039 874 2071 brevior
897 2039 1063 2073 efretduo-

52 2085 115 2117 bus
137 2079 318 2115 transversis
339 2080 481 2122 digitis,
525 2082 606 2123 quin
641 2082 739 2115 etiam
782 2082 921 2124 quadam
968 2082 1063 2125 spatii

51 2127 142 2160 illins
167 2134 255 2168 parte
279 2124 344 2165 jam
367 2123 507 2163 offeam,
532 2124 571 2158 ad
594 2135 691 2166 quarn
715 2136 866 2159 annexus
911 2136 980 2160 erat
1011 2127 1064 2158 in-

50 2172 155 2204 terius
177 2167 309 2210 quidam
333 2166 420 2210 quasi
444 2166 522 2200 vafis
546 2177 700 2205 truncus,
724 2167 790 2211 ipse
837 2180 967 2213 quoque
1004 2169 1064 2203 dn-

56 2224 133 2249 rus,
157 2212 191 2244 in
214 2211 308 2245 lienis
333 2210 541 2244 substantiam
564 2212 726 2253 pertinens
752 2236 759 2243 .
798 2212 873 2245 Hoc
896 2211 1059 2248 etiamad

55 2257 175 2290 lienem
199 2254 344 2296 speetans
366 2255 542 2288 adnotavi:
567 2255 688 2287 arteria
711 2254 815 2298 ipsum
839 2262 949 2297 petens
961 2267 1057 2298 aequo

55 2298 222 2341 angustior
247 2310 262 2331 a
287 2297 433 2331 Coeliaca
456 2295 494 2331 ad
517 2297 700 2339 digitorum
748 2299 871 2340 aliquot
919 2301 1057 2333 tracium

56 2341 233 2387 pergebat,
255 2340 356 2375 donec
380 2342 436 2375 ubi
460 2342 493 2374 in
517 2340 642 2381 plures,
664 2351 700 2374 ut
724 2341 803 2376 solet
819 2367 829 2382 ,
854 2341 951 2377 flexus
976 2344 1060 2385 inci-

55 2386 167 2428 piebat
193 2385 220 2417 se
245 2394 458 2427 contorquere
473 2410 481 2424 ,
505 2385 552 2418 ibi
576 2385 677 2417 latior
700 2384 810 2418 fieret.
943 2386 1059 2420 Vesica

55 2430 141 2464 lotio
164 2427 322 2465 distenta,
346 2439 381 2461 ut
407 2428 499 2469 supra
524 2428 642 2470 pubem
668 2427 696 2463 se
733 2428 894 2462 attolleret
909 2452 918 2466 ,
942 2431 1066 2464 tunicas

55 2472 171 2508 habuit
195 2471 326 2505 crassas:
352 2472 470 2514 quibus
495 2482 590 2504 manu
613 2472 811 2513 compressis,
837 2472 918 2506 illud
943 2484 1008 2507 non
1020 2473 1067 2506 fa-

54 2518 117 2550 cile
140 2516 269 2551 exibat,
293 2526 328 2548 ut
352 2527 448 2548 omne
477 2516 613 2557 exprimi
640 2526 703 2547 non
729 2519 876 2558 potuerit
903 2539 913 2555 ,
951 2529 989 2550 an
1020 2516 1065 2549 ob

52 2559 237 2594 Prostatam
262 2558 447 2600 glandulam
472 2559 724 2600 amplificatam,
747 2562 777 2592 δε
800 2561 833 2593 in
869 2558 979 2593 veficae
1011 2571 1064 2593 ca-

53 2614 100 2637 vo
125 2605 248 2636 circum
272 2600 411 2635 unethrae
446 2601 610 2635 orificium
657 2603 799 2644 undique
845 2604 1060 2644 protuberan-

52 2651 146 2680 tem?
169 2657 232 2688 qua
256 2648 290 2678 in
314 2643 466 2688 glandula
490 2645 568 2687 quid
602 2646 867 2686 deprehenderim
915 2646 1058 2689 Epistola

50 2691 121 2733 jam
145 2689 299 2731 scriptum
324 2691 368 2722 est
392 2684 515 2721 XLIV.
539 2693 608 2729 (m
625 2688 645 2730 )
662 2714 669 2720 .
804 2689 956 2722 Thorace
981 2715 990 2729 ,
1027 2693 1059 2722 δεῖ

51 2732 238 2776 pericardio
261 2734 378 2773 apertis
402 2757 412 2771 ‚
448 2743 505 2765 cot·
540 2731 681 2776 vidimus
726 2734 817 2766 omni
863 2733 1060 2776 pinguedine

55 2777 207 2809 orbatum
233 2797 241 2812 ‚
275 2775 377 2814 lurida
402 2774 503 2811 facie,
536 2787 591 2809 nec
638 2776 712 2808 laevi
737 2802 744 2808 .
779 2776 898 2818 Magna
944 2778 1058 2810 arteria

55 2819 202 2852 valvulas
223 2818 336 2852 habuit
359 2818 524 2852 duriores:
548 2818 614 2860 ipsa
640 2828 748 2853 autem
793 2820 924 2852 modico
969 2821 1061 2861 supra

55 2862 115 2897 has
138 2861 309 2895 intervallo
332 2862 504 2903 grandibus
529 2862 587 2896 sub
619 2864 726 2895 tunica
758 2864 874 2895 intima
921 2862 1058 2905 squamis

55 2906 206 2948 rigebat,
230 2905 364 2938 omnino
384 2906 493 2939 offeis:
517 2916 653 2948 quarum
685 2904 861 2939 ostenderat
893 2906 1061 2939 dumtaxat

56 2948 287 2982 inchoamenta
304 2971 313 2986 ,
336 2948 388 2980 seu
411 2949 549 2982 maculas
577 2948 663 2981 albas
690 2974 698 2988 ‚
733 2950 767 2981 in
790 2961 824 2982 ea
847 2951 956 2983 trunci
991 2962 1060 2992 par-

57 3003 93 3026 te
115 3004 185 3034 quae
208 2993 241 3024 in
265 3000 373 3024 ventre
395 2991 458 3029 est,
480 2995 512 3025 δε
535 2994 566 3024 in
592 2992 698 3025 Iliacis
723 2992 789 3034 ejus
814 2994 931 3026 ramis.

56 3036 131 3069 Nec
155 3036 313 3077 singulare
336 3035 497 3075 quoddam
521 3035 720 3069 Carotidum
755 3036 876 3069 vitium
909 3037 951 3070 est
983 3038 1062 3071 reti-

55 3079 224 3113 cendum:
247 3089 319 3120 quae
343 3088 416 3111 cum
463 3079 501 3112 ad
547 3078 609 3113 suae
655 3079 871 3121 longitudinis
916 3080 1058 3114 medium

55 3121 291 3160 ascendissent,
314 3121 361 3153 ibi
390 3120 417 3153 se
455 3122 693 3165 intorquebant
738 3123 878 3156 cochleae
923 3124 1021 3157 instar
1043 3148 1057 3164 ,

55 3166 228 3207 statimque
252 3164 288 3196 ad
315 3165 540 3199 reetitudinem
564 3167 701 3208 primam
725 3166 896 3199 redibant:
928 3178 1059 3210 eratque

56 3209 114 3241 ille
136 3207 240 3241 flexus
265 3209 342 3242 adeo
366 3211 511 3248 pertinax
536 3235 544 3249 ,
571 3219 605 3242 ut
629 3210 650 3243 si
675 3212 707 3242 in
733 3210 855 3243 testum
871 3211 999 3243 arterias
1012 3222 1065 3243 ex-

55 3252 223 3288 tendere53
249 3262 325 3284 mox
350 3260 457 3284 amota
480 3263 575 3286 manu
591 3276 601 3291 ‚
625 3255 661 3286 in
683 3255 813 3287 eandem
839 3253 869 3287 se
882 3254 1064 3287 contorsio-

53 3306 131 3330 nem
155 3294 376 3328 restituerent.

105 3351 153 3380 19.
179 3338 264 3380 Quae
289 3349 363 3370 cum
389 3337 551 3376 vidissem5
579 3339 650 3373 sane
675 3340 864 3384 displicuit,
890 3351 958 3373 non
992 3342 1063 3381 plu-

56 3395 91 3416 ra
114 3382 152 3416 de
176 3380 236 3414 hoc
262 3382 339 3414 Sene
356 3406 363 3419 ,
388 3392 460 3415 cum
485 3384 606 3417 viveret
623 3409 631 3424 ‚
666 3387 787 3426 quippe
824 3385 940 3426 ignoto
985 3395 1060 3427 pau-

55 3438 153 3468 pere,
177 3424 254 3457 scir‘e
279 3436 336 3457 nos
357 3424 462 3465 polle,
486 3426 543 3459 nisi
569 3426 656 3468 quod
681 3429 783 3468 palam
817 3437 882 3460 erat
909 3452 919 3467 ,
964 3429 1064 3462 macie

146 3469 309 3510 Morgagni
319 3468 354 3500 de
365 3469 432 3500 Sed.
446 3472 587 3510 &sauſs
601 3470 702 3503 Morb.
717 3472 818 3504 Tom.
832 3473 878 3504 II.

147 3683 156 3706 l
172 3680 182 3712 2
198 3682 352 3710 Phthifioiog.
369 3682 384 3704 l.
403 3690 423 3711 ς.
439 3690 460 3707 c.
477 3688 514 3712 13:

145 3715 182 3741 r)
204 3713 260 3736 obs.
294 3717 332 3742 5⁶·
365 3713 385 3741 ᾗ.
402 3721 425 3741 7.

147 3751 163 3766 u
182 3744 188 3771 )
207 3747 278 3768 Anat.
296 3751 363 3770 corp.
381 3744 448 3767 hum.
466 3744 521 3769 Diss.
539 3754 561 3774 ς.

142 3782 157 3796 a
173 3773 181 3803 )
198 3774 303 3797 Eorundt
322 3775 394 3797 Tom.
411 3782 435 3803 4.
452 3774 511 3798 Obs.
532 3780 580 3803 146.

170 3805 181 3826 ὅ
200 3807 256 3830 Dec.
273 3805 322 3828 ead.
342 3809 370 3827 A.
391 3813 412 3833 3.
430 3804 490 3831 obs„
512 3814 562 3836 139.

577 3686 585 3711 s
604 3693 627 3709 m
642 3689 653 3712 )
670 3694 693 3710 n.
710 3694 747 3710 ιο.

487 3713 556 3743 (s)
574 3718 606 3740 De
625 3718 689 3740 Mor.
707 3717 782 3741 Cord.
800 3716 896 3746 propos.
916 3726 951 3746 <3-

809 3686 819 3716 (
836 3695 854 3710 η
868 3691 879 3713 )
894 3687 949 3711 libri
968 3690 1008 3713 lv.
1026 3690 1086 3714 Sest.
1104 3698 1125 3716 x.

1015 3721 1027 3747 ζ
1044 3727 1054 3742 ,
1071 3727 1079 3748 ‚
1099 3720 1153 3745 Vfd,
1172 3722 1226 3746 Ast,
1246 3721 1317 3744 ΕΓΗ-ἀ,
1336 3718 1403 3747 Lips.
1419 3722 1451 3745 Α,
1475 3727 1541 3750 ¹500,
1569 3726 1607 3748 Μ.
1625 3719 1694 3742 Febr.
1713 3718 1743 3743 ad
1759 3717 1823 3742 Tab.
1842 3716 1959 3745 Cowperi
1977 3725 2017 3747 3⁴¹·

623 3748 665 3775 (x
681 3747 696 3776 )
711 3749 768 3771 Dee.
787 3756 809 3777 3.
827 3750 859 3772 A.
876 3755 896 3774 9.
914 3749 991 3772 ⁸110.
1009 3750 1067 3774 Obs>
1085 3754 1139 3776 218.

645 3778 658 3806 (
673 3777 687 3800 b
704 3780 713 3807 )
731 3778 833 3802 Eorund.
851 3780 923 3802 'l‘om⁴
943 3782 958 3803 8
983 3781 1040 3805 Obs.
1062 3789 1111 3809 125-

629 3808 641 3835 (
661 3807 698 3837 f)
715 3810 797 3838 evagr.
813 3817 863 3840 quo
878 3810 981 3834 Observ.
1000 3811 1023 3834 in
1042 3820 1062 3840 3-
1080 3813 1214 3838 eadaverib.
1238 3813 1291 3836 vers.
1311 3812 1352 3836 sin⁴

1949 238 2046 289 259

1121 311 1262 335 extrema
1284 301 1471 338 confeffitum
1501 302 1656 338 interiisse
1678 329 1688 337 .
1731 302 1838 345 Cujus
1882 301 2010 338 effeetus
2036 325 2045 341 ‚
2076 312 2115 334 an

1122 344 1235 382 causa,
1259 356 1297 378 an
1322 350 1430 389 potius
1452 356 1626 390 utrumque
1648 348 1739 388 plura
1762 358 1874 380 eorum
1899 347 2022 381 fuerint
2044 356 2114 388 quae

1122 390 1157 421 in
1181 397 1310 422 mortuo
1333 388 1618 432 deprehendimus,
1645 390 1730 433 ‚ipse
1756 390 1955 425 existimabis
1979 416 1986 423 .
2019 390 2117 422 Certe

1123 430 1320 475 Sepulchreti
1343 433 1422 466 hanc
1447 434 1630 467 Seffionem
1653 436 1668 472 (
1689 443 1709 466 n
1735 437 1745 472 )
1769 433 1893 468 versans
1908 458 1929 474 .,
1953 434 2061 467 austas
2085 433 2119 464 in

1122 475 1261 509 Hefflco
1284 476 1334 517 (o
1354 480 1368 516 )
1392 479 1468 510 alias
1490 477 1655 518 glandulas
1674 476 1713 510 de
1745 476 2020 518 lymphaticaru'm
2064 485 2120 517 ge·-

1122 529 1195 552 nere
1218 519 1380 556 invenies,
1405 521 1438 553 in
1464 520 1535 553 aliis
1561 529 1668 554 autem
1692 524 1746 561 (p
1769 523 1783 560 )
1814 531 1879 553 non
1925 519 1990 554 fine
2035 518 2121 552 vitio

1122 572 1202 599 cor,
1227 571 1263 595 ut
1286 562 1319 594 in
1343 573 1442 604 puero
1466 565 1564 596 etiam
1587 563 1647 597 illo
1669 562 1708 596 de
1732 574 1800 606 quo
1832 563 1926 607 supra
1959 568 1969 603 (
1993 574 2012 605 q
2036 566 2050 603 )
2079 571 2120 594 ex

1126 605 1278 638 Valsalva
1300 605 1425 638 dietum
1447 607 1513 643 est,
1535 607 1652 641 nedum
1675 608 1709 639 in
1733 606 1834 640 altero
1858 612 1868 647 (
1893 618 1908 639 r
1930 611 1943 646 )
1966 619 2005 641 ex
2036 603 2120 638 indi-

1125 658 1195 681 cata
1218 649 1388 688 Seffione,
1433 650 1491 691 qui
1539 652 1577 683 ad
1622 648 1815 683 marasmum
1858 651 2032 687 deduRus,
2064 658 2122 681 cor

1123 692 1237 725 habuit
1259 715 1270 731 ‚
1314 700 1348 724 ut
1391 692 1497 726 noster
1541 694 1641 726 Senex
1662 714 1673 730 ‚
1725 694 1807 726 omni
1833 694 2016 735 pinguedine
2049 700 2123 725 exu-

1123 742 1191 768 tum
1215 757 1224 773 ,
1266 733 1416 776 rugisque
1459 736 1616 780 inaequale
1639 758 1647 769 .
1680 735 1787 769 Mitto
1830 746 1941 769 caetera
1965 735 2048 768 unde
2072 745 2128 775 pa-

1127 780 1204 812 riter
1244 778 1387 820 intelligi
1429 778 1523 813 liceat
1548 801 1558 817 ‚
1602 778 1786 822 sanguinem
1811 803 1821 818 ,
1867 777 2064 820 secretosque
2088 787 2126 809 ex

1128 821 1189 855 hoc
1212 819 1362 854 humores
1384 833 1448 854 non
1471 823 1518 856 ita
1540 822 1663 865 impelli
1688 821 1826 865 potuiffe
1846 833 1912 865 quo
1934 820 2128 863 oportebat,

1129 874 1166 898 ut
1190 863 1271 906 justa
1295 865 1400 905 illius,
1423 864 1604 909 horumque
1626 867 1721 909 copia
1741 866 1776 898 in
1811 865 1877 899 dies
1909 865 2091 899 reficeretur
2113 882 2123 898 2

1128 911 1159 941 δι
1183 910 1215 941 in
1240 909 1376 941 minima
1399 920 1534 951 quaeque
1559 909 1684 943 vascula
1715 909 1965 942 contruderetur
1987 930 1996 945 ,
2041 917 2125 949 quo-

1124 962 1196 984 rum
1220 962 1289 993 pars
1313 952 1451 985 maxima
1476 953 1499 986 fi
1523 953 1586 986 illis
1608 961 1735 993 careat5
1759 963 1853 986 omne
1876 962 1991 994 corpus
2015 974 2024 988 ,
2048 959 2130 992 prae-

1124 1005 1172 1028 ter
1194 995 1258 1029 offa
1272 1019 1284 1035 ,
1305 997 1337 1027 δε
1359 995 1562 1038 cartilagines
1576 1022 1584 1036 ‚
1608 998 1642 1029 in
1667 996 1696 1029 se
1718 995 1898 1029 collabatur
1922 992 2039 1027 necesse
2062 990 2127 1031 est,

1132 1050 1198 1081 quo
1221 1040 1255 1071 in
1280 1038 1423 1080 collapsu
1446 1041 1561 1073 macies
1586 1038 1706 1073 summa
1742 1038 1883 1072 consistit
1909 1062 1916 1069 .
1952 1034 2126 1079 Quidquid

1123 1083 1211 1114 enim
1234 1080 1330 1114 solidi
1353 1084 1387 1114 in
1411 1082 1585 1123 musculis,
1609 1085 1640 1115 &
1667 1082 1858 1116 membranis
1904 1081 1949 1114 est
1974 1102 1983 1117 ‚
2027 1080 2123 1121 longe

1122 1127 1281 1158 minorem
1306 1122 1342 1157 ad
1368 1126 1577 1167 sanguinem,
1610 1127 1641 1158 &
1676 1125 1825 1160 humores
1856 1124 1975 1166 quibus
2011 1132 2124 1155 eorum

1122 1169 1272 1210 vascula,
1295 1171 1325 1201 ἃ(
1361 1168 1481 1203 cellulae
1515 1168 1733 1203 extenduntur
1756 1192 1767 1209 ,
1800 1168 1962 1201 rationem
1994 1165 2092 1199 habet
2116 1186 2125 1202 ‚

1120 1224 1218 1254 quam
1242 1212 1356 1255 vulgus
1382 1222 1499 1257 putat;
1521 1224 1556 1248 ut
1579 1212 1767 1248 incredibile
1797 1210 2036 1258 propemodum
2079 1206 2125 1240 es-

1121 1256 1189 1297 set,
1222 1268 1320 1299 quam
1368 1259 1407 1291 ad
1430 1259 1586 1301 exiguum
1610 1258 1741 1298 redeat,
1764 1258 1820 1292 ubi
1865 1255 1915 1288 illi
1962 1252 2090 1302 avolent
2117 1275 2127 1291 2

1119 1308 1214 1342 atque
1236 1300 1423 1334 evanescant
1439 1327 1447 1340 ‚
1470 1301 1528 1335 nisi
1553 1303 1628 1335 Viri
1653 1301 1858 1339 Doffiffimi,
1883 1296 2028 1335 collcffis
2051 1294 2127 1337 plu-

1115 1344 1201 1376 rium
1224 1347 1457 1387 experimentis
1478 1346 1512 1379 id
1544 1344 1806 1379 demonstrassent
1827 1370 1836 1377 .
1884 1345 1968 1387 Qae
2016 1348 2124 1376 tamen

1115 1387 1202 1419 inter
1234 1390 1453 1430 experimenta
1488 1390 1592 1423 minus
1622 1387 1823 1423 referendum
1848 1411 1857 1425 ‚
1893 1387 2086 1421 crediderim
2110 1403 2121 1421 υ

1116 1429 1204 1472 quod
1228 1432 1315 1465 aliud
1337 1432 1476 1474 spectans
1501 1432 1666 1466 Lancifius
1688 1431 1769 1474 (s)
1795 1431 1934 1465 instituit
1961 1442 2015 1472 per
2053 1429 2127 1462 diu-

1118 1483 1242 1506 turnam
1267 1474 1398 1508 humani
1430 1475 1537 1509 cordis
1583 1477 1832 1510 macerationem
1858 1499 1864 1506 .
1909 1476 1997 1508 Cum
2043 1482 2124 1515 aqua

1118 1518 1203 1562 enim
1219 1540 1231 1556 ,
1254 1517 1366 1560 saepius
1390 1529 1562 1556 renovata,
1590 1529 1733 1552 ramenta
1758 1519 1926 1561 plurima,
1948 1529 2020 1560 quae
2065 1516 2125 1548 illa

1116 1562 1230 1606 sensim
1253 1561 1431 1603 disjunxit,
1455 1562 1751 1596 membranularum
1767 1584 1776 1599 ‚
1799 1560 2057 1603 fibrillarumque
2071 1558 2131 1592 ab·

1115 1605 1275 1644 Jieiuntur
1301 1628 1310 1636 .
1357 1606 1522 1640 Caeterum
1566 1615 1603 1638 ut
1650 1604 1817 1648 sanguinis
1841 1628 1848 1641 ,
1886 1605 2130 1645 humorumque

1114 1656 1305 1681 caeterorum
1329 1649 1423 1690 inops
1445 1659 1562 1690 corpus
1585 1647 1667 1688 fiat,
1690 1651 1720 1681 &
1754 1647 1959 1681 contabescat
1984 1671 1996 1687 ,
2040 1645 2128 1679 nulla

1115 1690 1318 1733 frequentior
1340 1691 1430 1725 causa
1452 1692 1515 1731 est,
1538 1704 1637 1733 quam
1660 1691 1828 1725 difficilior
1854 1691 1954 1724 fabius
1983 1701 2036 1732 per
2061 1701 2133 1722 me-

1112 1733 1286 1767 senterium
1313 1735 1400 1777 chyli
1426 1735 1596 1773 transitus,
1619 1735 1681 1768 sive
1704 1747 1739 1767 ea
1775 1734 1947 1768 difficultas
1982 1736 2014 1779 in
2051 1733 2129 1766 ulti-

1113 1779 1173 1810 mis
1196 1776 1233 1810 sit
1259 1778 1441 1811 mesenterii
1467 1779 1647 1820 glandulis,
1672 1777 1734 1811 five
1758 1779 1791 1811 in
1817 1779 1929 1820 primis
1945 1803 1952 1816 ,
1978 1777 2039 1809 sive
2053 1788 2129 1817 pro-

1112 1820 1231 1854 miscue
1253 1823 1286 1854 in
1312 1822 1421 1855 multis
1445 1823 1666 1863 quibuslibet.
1706 1822 1830 1854 l’rioris
1866 1821 1955 1854 illius
1987 1819 2129 1854 difficul-

1112 1866 1189 1897 tatis
1215 1866 1396 1907 exemplum
1420 1864 1551 1898 habebis
1577 1878 1615 1899 ex
1639 1866 1802 1907 Cowpero
1825 1865 1876 1907 (t
1897 1869 1911 1904 )
1932 1889 1941 1904 ,
1989 1864 2048 1905 qui
2092 1864 2126 1895 in

1114 1907 1283 1950 juvencula
1307 1916 1379 1942 toto
1412 1920 1549 1950 corpore
1586 1920 1740 1951 perquam
1774 1907 1943 1941 macilenta
1976 1907 2054 1942 duas
2088 1917 2127 1939 ex

1114 1952 1179 1983 illis
1204 1951 1367 1993 glandulis
1390 1953 1515 1985 invenit
1538 1964 1609 1995 quae
1632 1961 1761 1985 tumore
1785 1951 1841 1985 suo
1866 1952 1957 1994 chyli
1982 1959 2124 1992 recepta-

1115 1994 1226 2029 culum
1250 1997 1509 2037 comprimebant
1534 2020 1541 2027 .
1576 1994 1789 2029 Difficultatis
1823 1995 1968 2028 secundae
2017 2005 2125 2028 exem-
2153 2021 2155 2023 .

1116 2039 1207 2079 plum
1231 2040 1320 2072 dabit
1364 2041 1416 2073 Cl.
1451 2041 1614 2073 Fautonus
1657 2042 1713 2078 <u
1735 2039 1751 2081 )
1775 2062 1786 2077 ‚
1830 2040 1887 2081 qui
1938 2039 1971 2071 iu
2016 2039 2086 2070 viro
2114 2062 2125 2078 ,

1115 2083 1199 2115 lenta
1225 2082 1306 2116 febri
1332 2094 1347 2116 a
1374 2083 1482 2116 multis
1506 2083 1571 2125 jam
1596 2082 1755 2117 mensibus
1778 2083 1914 2116 detento
1934 2105 1946 2122 ,
1984 2081 2121 2124 cbylum

1115 2127 1149 2159 in
1175 2127 1254 2159 vasis
1278 2127 1386 2159 laeteis
1411 2128 1509 2169 primi
1532 2126 1701 2161 dumtaxat
1726 2128 1851 2168 generis
1886 2125 2096 2168 deprehendit
2116 2146 2126 2161 ι

1116 2180 1299 2203 remorante
1323 2170 1471 2203 videlicet
1495 2170 1713 2204 obstruclione
1737 2169 1957 2212 glandularum
1984 2170 2021 2203 ad
2045 2178 2126 2210 quas

1113 2212 1191 2245 vasae
1209 2213 1264 2246 illa
1290 2214 1513 2255 appellebant.
1540 2215 1666 2247 Tertiae
1691 2225 1767 2247 vero
1811 2213 2021 2247 difficultatis>
2052 2212 2129 2244 Ob-

1113 2256 1327 2292 servationes,
1352 2269 1429 2299 quas
1451 2268 1524 2290 cum
1548 2259 1671 2290 duabus
1694 2257 1774 2295 ,illis
1810 2257 2021 2299 Sepulchreto
2071 2256 2130 2288 ad„

1111 2300 1167 2333 das
1184 2325 1192 2339 ‚
1215 2300 1396 2342 complures
1419 2310 1610 2335 occurrent.
1637 2300 1726 2334 Nam
1749 2301 1797 2333 vel
1827 2301 1891 2334 sola
1936 2312 2007 2342 quae
2055 2299 2126 2341 post

1113 2344 1263 2377 ultimam
1287 2342 1355 2385 ejus
1374 2345 1554 2377 editionem
1578 2343 1791 2386 prodierunt,
1816 2343 1968 2377 Caesareae
1994 2342 2131 2376 Acade-2

1119 2388 1193 2420 miae
1220 2387 1398 2420 Volumina
1424 2388 1505 2421 band
1535 2398 1648 2428 paucas
1671 2386 1824 2421 exhibent
1846 2413 1855 2427 ,
1898 2386 2122 2429 glandularum

1119 2431 1273 2464 videlicet
1296 2430 1471 2471 mesenterii
1494 2430 1636 2465 totaliter
1658 2430 1877 2470 obstruffiarnm
1889 2454 1903 2470 ,
1935 2430 2126 2463 tumentium

1116 2478 1130 2513 (
1152 2484 1174 2507 x
1198 2477 1230 2511 ),
1255 2475 1391 2506 onmium
1410 2473 1630 2515 glandularam
1653 2473 1828 2516 mesenterii
1851 2485 1911 2507 una
1934 2484 2005 2506 cum
2046 2481 2127 2514 pan-

1116 2523 1217 2550 create
1240 2515 1429 2559 infartarum
1454 2521 1464 2556 (
1482 2527 1507 2557 y
1530 2521 1562 2556 ),
1597 2516 1770 2558 rnefienterii
1798 2516 1957 2558 glandulis
1991 2517 2125 2549 maniciis

1116 2572 1148 2593 re
1166 2561 1227 2593 erti
1250 2565 1260 2599 (
1287 2572 1310 2603 z
1332 2563 1367 2599 ),
1389 2559 1564 2601 mesenterii
1588 2571 1656 2598 cum
1676 2559 1835 2602 glandulis
1871 2560 2003 2602 tradique
2041 2557 2125 2602 scir-

1116 2602 1210 2645 rhosis
1232 2606 1247 2642 (
1270 2615 1287 2635 a
1310 2608 1344 2643 )‚
1369 2604 1550 2636 mesenterii
1575 2615 1648 2637 cum
1671 2604 1753 2646 ’nafis
1786 2603 1915 2646 ebriosis
1960 2601 2122 2640 obsirnc‘t'is

1112 2645 1184 2680 hinc
1207 2647 1275 2679 inde
1299 2651 1312 2686 (
1334 2646 1352 2680 b
1376 2649 1408 2686 )‚
1433 2650 1464 2679 &
1488 2646 1543 2680 has
1567 2647 1697 2688 quidem
1723 2646 1975 2680 Observationes
1998 2645 2125 2679 habitas

1112 2692 1147 2722 in
1170 2689 1337 2732 atrophia,
1360 2690 1392 2722 in
1416 2689 1534 2723 hei't‘ica
1551 2689 1665 2733 febre,
1689 2692 1722 2724 in
1746 2702 1884 2730 corpore
1909 2698 1974 2723 toto
1990 2690 2123 2722 emacia-

1113 2742 1168 2772 to,
1192 2734 1225 2765 in
1251 2735 1347 2766 macie
1370 2741 1509 2766 extrema
1525 2759 1534 2775 ‚
1551 2733 1677 2777 febrem
1700 2734 1817 2766 lentam
1840 2733 1989 2767 bebiicam
2004 2732 2120 2774 sequu-

1112 2785 1169 2809 τα.
1194 2777 1286 2813 Quin
1312 2778 1410 2809 etiarn
1434 2787 1506 2810 curn
1531 2777 1579 2810 bis
1603 2777 1706 2817 leges,
1730 2779 1763 2809 in
1788 2775 1930 2817 atrophia
1954 2775 2045 2809 fnisse
2059 2787 2124 2808 me-

1119 2819 1292 2853 senterium
1316 2820 1487 2852 innumeris
1515 2819 1690 2853 tumoribus
1706 2818 1932 2860 steatomatofis
1969 2818 2123 2852 refertum

1116 2864 1166 2906 (c
1192 2867 1227 2903 ),
1252 2865 1281 2894 δέ
1306 2862 1433 2896 foedum
1458 2866 1468 2902 (
1492 2865 1512 2896 d
1534 2867 1547 2903 )
1566 2876 1578 2902 ,·
1610 2863 1783 2904 utrobique
1828 2863 1883 2894 vix
1928 2862 2094 2896 dubitabis
2115 2887 2124 2901 ,

1115 2908 1284 2948 glandulas
1307 2905 1399 2939 fuisse
1425 2907 1464 2938 ab
1488 2909 1653 2940 rell'itante
1677 2907 1777 2947 chylo
1801 2906 1833 2937 in
1880 2917 1933 2938 eos
1979 2915 2123 2938 tumores

1115 2960 1280 2989 mutatas,·
1305 2961 1342 2982 ne
1363 2950 1443 2992 quid
1467 2948 1634 2982 dicam'de
1660 2950 1852 2982 mesenterio
1900 2948 1967 2991 post
2003 2948 2124 2991 febrim

1115 2993 1232 3028 lentam
1254 3002 1385 3035 reperto
1408 3001 1474 3025 toto
1489 2993 1632 3034 scatente
1655 2992 1821 3034 ulcuscalis
1845 3016 1856 3032 ,
1890 2996 1920 3025 &
1946 2991 2123 3035 absceffibas

1115 3042 1127 3076 (
1151 3047 1165 3069 e
1189 3040 1218 3075 ).
1246 3036 1344 3075 rol
1369 3035 1391 3067 si
1416 3037 1507 3069 aliter
1535 3036 1669 3073 sentire,
1706 3037 1754 3068 vel
1803 3036 1990 3070 assentiente
2037 3048 2086 3070 me
2109 3058 2120 3074 ‚

1115 3081 1258 3121 placeat,
1283 3090 1383 3121 neque
1408 3079 1542 3113 illorum
1565 3090 1731 3112 tumorum
1747 3104 1756 3119 ,
1782 3089 1835 3113 aut
1861 3080 1977 3115 horum
2002 3079 2122 3112 absces-

1112 3124 1204 3157 suum
1229 3121 1331 3155 sedem
1356 3125 1388 3154 in
1415 3124 1453 3154 iis
1480 3124 1639 3165 glandulis
1664 3135 1802 3165 ponere3
1829 3133 1934 3156 tamen
1957 3126 1987 3155 in
2026 3133 2121 3156 tanto

1115 3177 1329 3208 utrorumque
1374 3178 1508 3199 numero
1558 3166 1629 3200 fieri
1676 3178 1739 3199 non
1785 3169 1889 3208 potest
1931 3167 2011 3209 quin
2036 3167 2120 3200 mul-

1117 3219 1158 3243 tae
1205 3221 1310 3242 earum
1338 3232 1346 3246 ‚
1393 3212 1424 3240 &
1468 3211 1609 3252 plurima
1659 3210 1834 3251 compressa
1880 3208 2002 3242 fuerint
2048 3209 2120 3242 vasa

1114 3252 1246 3293 chylum
1304 3253 1453 3286 vehentia
1501 3276 1526 3291 ‚.
1581 3253 1739 3296 hujusque
1799 3252 1949 3286 transitus
2005 3264 2120 3294 magna
2155 3259 2156 3262 ’

1115 3308 1155 3330 ex
1204 3307 1292 3337 parte
1339 3296 1523 3337 prohibitus
1546 3322 1556 3337 ,
1602 3295 1873 3339 quemadmodum
1918 3298 1952 3328 in
1997 3298 2121 3329 Obser-

1117 3340 1246 3372 vatione
1290 3351 1420 3381 quoque
1465 3340 1518 3375 Cl.
1568 3340 1653 3373 Phil.
1700 3341 1803 3371 Conr.
1852 3339 1989 3372 Fabricii
2037 3337 2119 3381 (f)

1116 3393 1225 3416 tumor
1249 3383 1369 3424 aliquot
1387 3393 1507 3425 pugnos
1530 3382 1741 3425 magnitudine
1763 3392 1883 3424 aequans
1897 3406 1905 3420 ‚
1922 3382 2120 3425 scirrbofias,

1116 3425 1174 3459 effe
1198 3437 1261 3459 non
1285 3428 1393 3469 potuit
1416 3429 1448 3459 in
1471 3435 1573 3460 centro
1593 3425 1766 3501 meffnsserii
1790 3423 1945 3463 infantis,
1970 3425 2120 3510 atjcophia

1757 3480 1774 3501 2
1971 3471 2005 3502 de
2022 3470 2083 3501 un-'

1187 3686 1463 3719 (olobt.16.§.z‚
1528 3686 1726 3723 fp)0bs'.12.
1791 3683 1939 3716 sq>n.4-

1204 3753 1245 3781 (y
1264 3751 1276 3777 )
1294 3753 1365 3775 cent.
1385 3758 1411 3779 3.
1429 3755 1450 3776 ἃ
1468 3763 1488 3783 4,
1508 3755 1565 3779 ΟΜ,
1584 3762 1637 3779 1¹0,
1690 3748 1712 3782 ’ζ
1728 3759 1746 3779 ζ
1761 3748 1775 3777 )
1793 3750 1844 3772 Ast.
1862 3750 1938 3772 Tom.
1957 3756 1977 3772 1.
1994 3748 2051 3774 obs.
2069 3758 2106 3779 59,

1173 3784 1213 3812 (c
1233 3787 1240 3811 f>
1257 3783 1327 3804 Cent.
1346 3785 1369 3806 Γ».
1386 3783 1444 3807 Ob?
1465 3788 1498 3809 ¹62
1562 3787 1577 3815 ζ
1593 3785 1608 3808 d
1628 3789 1634 3811 J
1656 3784 1714 3809 Deo.
1732 3791 1754 3811 3-
1773 3783 1801 3805 A.
1822 3789 1836 3810 9
1862 3783 1884 3805 δι
1904 3788 1939 3817 10⁴¹
1957 3782 2083 3812 0bs.>1,3.
