2498 4075
315 250 465 320 Epist.
502 249 664 306 Anat.
697 250 908 306 Medica
941 248 1241 306 XXXVII.
1275 248 1391 304 Art.
1413 268 1492 315 27.
1513 253 1592 306 28.
1615 270 1688 316 29.
1707 255 1760 310 ὃ(
1782 257 1858 321 363

68 339 131 368 non
156 333 355 376 concepisse,
378 345 432 369 aut
456 345 520 367 non
531 331 660 366 servasse
675 355 685 371 ‚
708 343 844 375 perquae
867 330 1067 373 potiffimum

65 378 281 418 experimenta
317 379 414 420 vulgo
438 387 553 411 notum
585 374 706 408 fanum
730 376 773 409 est
792 398 804 413 ‚
839 375 896 408 effe
928 374 1066 415 cysticos

64 420 219 463 quosdam
243 420 382 455 calculos
406 432 469 453 non
492 418 739 451 inflammabiles
760 443 769 451 .
805 418 929 461 Hisque
953 418 1032 450 alios
1054 438 1065 454 ‚

64 465 210 506 quamvis
237 474 299 497 non
325 467 453 506 nigros,
478 462 584 505 postea
606 461 730 503 adjeci,
753 472 833 503 quos
856 462 909 495 hic
932 471 999 495 non
1022 460 1066 494 est

63 518 145 550 opus
168 517 440 541 commemorare.
536 516 539 519 ’

108 560 158 592 27.
188 550 260 583 Post
284 553 414 592 longum
440 548 517 582 adeo
541 547 719 581 sermonem
743 548 780 581 de
803 548 854 582 his
876 547 1005 580 calculis
1015 546 1064 579 fa-

62 592 153 626 &um
176 594 350 636 praesertim
373 603 405 626 ut
428 592 558 635 quando
580 603 595 624 e
618 601 751 636 corpore
774 591 867 633 ejecti
892 591 989 630 sunt,
1010 590 1062 622 di-

62 636 258 676 gnoscantur
277 662 289 679 ,
323 637 389 679 jam
414 636 509 668 verba
530 634 570 667 de
591 634 703 667 iisdem
728 634 870 668 habenda
896 634 964 666 sunt
987 643 1061 665 cum

61 681 146 712 intra
174 680 259 713 suam
290 683 387 714 latent
408 677 580 711 'vesiculam
602 703 610 716 ,
646 677 668 710 sl
692 677 761 710 fieri
786 677 886 720 potest
906 698 916 713 ‚
938 687 1062 718 cogno-

63 722 206 762 scendis‚·
226 736 263 757 ne
287 724 369 757 forte
391 723 535 755 oblitum
560 733 628 759 me,
651 721 777 758 credas,
806 720 887 753 unde
912 721 1004 752 nobis
1027 720 1061 751 in

62 764 144 800 hanc
176 769 402 801 traffitationem
425 764 578 807 ingressu-s
610 764 711 797 fuerit
732 789 740 796 .
775 765 903 797 Scilicet
926 762 990 796 fuit
1023 762 1063 794 ab

62 809 127 850 ejus
152 808 390 853 reprehensione
412 810 469 850 qui
496 810 689 850 pertinacem
712 807 849 840 isterum
872 831 880 845 ‚
905 816 959 839 aut
982 806 1063 839 reci-

61 854 197 893 divum,
220 862 337 887 certum
362 852 420 886 esse
445 851 578 884 illorum
600 850 748 892 signum,
771 851 1059 891 pronunciaverat.

61 899 194 933 Quanto
216 898 340 930 cautius
364 896 523 928 Fernelius
548 899 558 934 s
582 906 599 926 a
621 897 655 933 )‚
679 894 735 936 qui
759 893 842 927 nihil
868 893 954 929 aliud
975 894 1023 929 vait
1046 913 1057 928 ‚

61 939 120 972 nisi
145 950 221 974 tunc
239 938 393 982 suspefiffos.
417 938 469 981 effe
492 937 615 973 debera
639 939 669 969 δε
694 937 832 977 ponebat
857 936 1058 969 tamenillnd

59 983 93 1015 in
118 985 230 1026 primis
247 1007 257 1023 ‚
279 982 314 1018 Asi
338 982 452 1016 duftus
486 990 617 1023 uterque
639 980 734 1022 cystis
755 1004 763 1019 ‚
798 980 830 1013 id
854 980 897 1013 est
922 979 1058 1021 Hepati-

59 1037 137 1066 cuS,
160 1029 190 1060 &
214 1026 407 1059 Communis
429 1028 443 1064 (
467 1023 485 1057 b
508 1028 518 1062 )
542 1023 646 1057 fuisset
669 1024 849 1057 obstruetur.
872 1047 880 1056 .
914 1022 1014 1062 Qud
1038 1021 1060 1055 si

59 1080 98 1103 ne
120 1069 275 1112 ejusmodi
299 1067 432 1110 quidem
462 1069 576 1101 i&erus
598 1077 722 1100 certum
745 1067 931 1108 lapillorum
962 1066 1062 1108 cysti-

59 1124 175 1146 corum
208 1113 251 1146 est
273 1112 395 1153 signum
417 1126 426 1149 3
459 1112 524 1144 dici
550 1122 615 1142 non
638 1110 766 1153 potest,
789 1119 949 1151 quantum
971 1111 1062 1143 dece-

46 1157 108 1198 'pti
134 1155 194 1188 sint
218 1157 241 1188 ii
267 1157 324 1197 qui
349 1157 414 1188 fine
447 1155 551 1187 ι’ἂετο
575 1152 634 1186 esse
667 1154 740 1187 illos
764 1165 829 1186 non
854 1153 939 1195 posse
960 1176 973 1192 ,
992 1155 1063 1187 ,6Χί-

59 1199 246 1233 stimarunt.
271 1200 379 1241 Qam
401 1198 647 1240 opinationem,
670 1199 703 1229 in
728 1196 930 1239 quorundam
954 1196 1064 1230 Medi-

55 1253 172 1276 corum
197 1242 309 1276 animis
335 1240 437 1275 adhuc
461 1240 680 1284 superstitem,
705 1250 739 1273 ut
765 1240 1061 1282 penitusconvella-

57 1297 152 1327 ωας,
174 1286 365 1320 confirmare
377 1296 435 1326 pro
460 1294 548 1318 certo
563 1283 724 1325 possumus
737 1308 745 1322 ,
769 1294 962 1317 cumomnes
981 1295 1062 1326 quo-

57 1341 130 1364 rum
152 1330 185 1362 in
209 1329 291 1372 cysti
313 1329 452 1362 calculos
476 1326 533 1370 ipsi
553 1326 838 1369 deprehendimus,
865 1326 1061 1369 undevigin-

57 1375 85 1406 ti
107 1371 227 1406 fuerint
252 1398 261 1413 ,
292 1382 434 1415 quatuor
457 1379 561 1404 autem
595 1373 627 1403 in
660 1371 777 1412 quibus
809 1370 958 1403 Valsalva
980 1391 989 1406 ‚
1023 1383 1061 1405 ne

58 1429 158 1450 unum
183 1418 314 1460 quidem
339 1427 376 1448 ex
399 1415 447 1448 his
470 1415 621 1447 omnibus
644 1415 735 1455 regio
759 1414 873 1446 morbo
896 1411 986 1447 fuisse
1011 1417 1061 1447 in-

58 1460 203 1494 fefimm.
228 1460 396 1501 Qoniam
431 1467 539 1491 autem
563 1468 624 1491 tres
652 1456 806 1490 Valsalvae
828 1482 837 1496 ‚
861 1460 892 1488 δέ
915 1457 1054 1492 totidem

57 1504 171 1537 nostrae
203 1504 455 1537 Observationes
487 1501 526 1534 ad
559 1500 714 1543 Epistolas
747 1501 849 1542 postea
884 1499 1062 1536 scribendas

59 1555 69 1592 (
93 1559 109 1581 c
131 1552 144 1588 )
168 1548 331 1584 attinent5
354 1548 474 1579 interea
488 1546 608 1586 poteris
623 1543 870 1586 quatuordecim
885 1544 955 1576 illas
978 1556 1061 1586 qua..

56 1603 129 1625 rum
155 1591 230 1624 alias
256 1591 324 1624 aliis
348 1591 381 1622 in
405 1588 537 1621 Litteris
560 1592 570 1626 (
595 1589 614 1620 d
635 1591 651 1626 )
675 1587 713 1620 ad
736 1595 767 1632 te
792 1596 882 1620 antea
895 1586 1056 1628 misimus,

55 1635 162 1668 rursus
187 1635 315 1670 videre,
342 1635 372 1665 &
394 1642 469 1664 cum
492 1632 532 1664 iis
555 1631 658 1664 tribus
669 1640 864 1672 conjungere
886 1641 964 1674 quas
977 1642 1056 1665 con-

56 1680 151 1712 tinuo
174 1677 379 1720 subjiciemus
393 1700 401 1708 .

100 1723 149 1754 28.
175 1721 308 1755 ANUS
334 1718 523 1762 paupercula
547 1717 689 1752 cadendo
712 1720 853 1761 graviter
867 1717 1055 1760 percusserat

54 1774 169 1806 caput.
196 1766 243 1797 De
266 1775 332 1807 quo
356 1773 421 1795 uno
453 1762 520 1803 ejus
541 1773 653 1795 omnes
684 1763 819 1804 querela?
842 1772 930 1795 erant
955 1762 1061 1804 quoad

53 1809 153 1846 vixit5
166 1810 247 1841 vinxit
260 1816 365 1841 autem
378 1816 442 1838 non
455 1816 572 1847 paucos
583 1806 650 1839 dies
665 1806 764 1839 donec
779 1805 889 1839 sensim
902 1805 1058 1839 deficeret.

53 1851 158 1885 Nulla
182 1851 259 1885 huic
284 1850 432 1892 pulsuum
457 1850 682 1891 inaequalitas,
707 1850 831 1883 nullum
857 1851 946 1883 icteri
970 1849 1062 1882 vesti-

55 1897 148 1938 gium
173 1894 236 1928 fuit
258 1920 265 1927 .
301 1894 384 1934 Qae
408 1892 473 1924 duo
496 1904 554 1926 cur
577 1891 729 1926 adnotem
750 1915 762 1932 ‚
795 1893 983 1927 indicabunt
1006 1893 1060 1927 illa

54 1952 127 1982 quse
152 1940 184 1972 in
209 1937 329 1974 corde,
357 1939 387 1969 &
411 1934 495 1968 fellis
519 1935 677 1975 vesicula,
700 1947 772 1969 cum
797 1937 882 1970 aliud
907 1947 1033 1979 agerem
1050 1962 1058 1977 ‚

55 1982 289 2017 animadverti.
315 1980 433 2021 Neque
457 1979 542 2012 enim
567 1990 600 2011 ut
624 1979 817 2013 detrimenta
842 1985 883 2013 ab
908 1981 1060 2014 ictuilla-

55 2038 89 2061 ta
101 2026 346 2070 cognoscerem,
372 2022 505 2057 cadaver
526 2024 647 2057 incidi.
780 2024 968 2057 CORPUS
991 2033 1060 2058 erat

54 2073 177 2115 pingue
201 2094 209 2106 .
243 2071 272 2102 &
295 2068 379 2101 cutis
406 2077 512 2099 tamen
547 2065 712 2109 praedura.
846 2068 882 2101 In
908 2067 1060 2101 Thorace

53 2115 139 2149 nihil
166 2113 246 2146 mihi
269 2111 399 2154 'quidem
424 2113 566 2143 occurrit
598 2109 868 2144 animadversione
889 2110 1024 2153 dignum
1050 2122 1060 2149 3

53 2169 129 2192 nam
153 2167 264 2192 eorum
288 2156 344 2197 qui
370 2152 453 2199 forte
479 2152 631 2194 aderant,
656 2155 817 2187 nonnullis
849 2155 933 2187 secus
957 2155 1060 2189 visum

20 2199 22 2201 ’
54 2201 97 2236 est
119 2200 157 2235 de
181 2199 385 2235 concretione
420 2198 574 2240 polypos-a
599 2209 695 2240 quam
721 2200 751 2229 in
786 2199 891 2239 cordis
917 2199 1058 2233 auricula

54 2245 182 2279 dextera
216 2242 409 2276 offendimus
442 2241 581 2273 albidam
604 2263 612 2277 ,
650 2245 679 2274 &
704 2240 724 2272 si
760 2239 927 2276 dissolvere
962 2255 1058 2277 manu

53 2298 212 2327 tentares,
238 2297 301 2319 non
326 2285 437 2317 leviter
462 2283 677 2324 resistentem,
701 2283 787 2326 quasi
813 2297 877 2319 non
902 2285 1058 2327 ejusmodi

54 2334 191 2367 crustam
205 2331 420 2371 saepenumero
445 2326 855 2366 spectaremusinsidentem
880 2328 1057 2363 missocon-

54 2386 208 2416 “egoque
234 2374 377 2414 sanguini
392 2394 402 2410 ,
429 2380 481 2403 aut
507 2370 581 2402 huic
596 2370 737 2405 foeminae
766 2373 932 2413 inaequales
948 2398 956 2412 ‚
977 2386 1057 2415 quos

54 2432 94 2453 ex
118 2421 245 2461 polypis
272 2425 412 2456 repetere
437 2414 484 2460 illi
510 2414 757 2452 consueverant,
783 2413 1049 2458 fuissentpnlsus.

183 2464 220 2494 In
236 2462 355 2492 Ventre
379 2458 524 2499 geminus
537 2458 770 2500 propemodum
794 2461 961 2500 apparebat
977 2472 1052 2494 ven-

42 2507 201 2543 triculus;
228 2504 304 2536 adeo
330 2500 518 2543 priusquam
544 2501 583 2534 ad
611 2503 717 2542 pylori
743 2512 873 2535 antrum
901 2507 1049 2546 perveni-

45 2560 115 2586 ret,
142 2549 170 2582 se
194 2545 392 2580 ventriculus
420 2553 549 2586 repente
571 2544 805 2579 contrahebat.
939 2548 1050 2588 Cystis

43 2592 136 2627 fellea
160 2591 331 2632 semiplena
354 2588 419 2621 bile
441 2613 449 2626 ‚
487 2599 549 2620 non
575 2588 658 2621 secus
683 2601 717 2622 ac
742 2590 1014 2632 auripigmentum
1039 2614 1047 2629 ,

44 2635 156 2671 vivide
181 2635 284 2673 flava,
309 2632 370 2665 hoc
393 2632 501 2664 colore
526 2633 664 2665 tinxerat
691 2634 796 2666 vicina
821 2645 956 2676 quaeque
982 2660 989 2666 .
1015 2636 1052 2667 In

47 2694 82 2715 ea
108 2680 171 2712 bile
195 2678 302 2712 decem
327 2685 418 2709 erant
443 2676 558 2707 calculi
583 2676 700 2718 dispari
725 2679 856 2718 quidem
889 2680 1053 2718 magnitu-

47 2726 155 2763 dine,
180 2721 229 2755 sed
255 2718 360 2753 nullus
384 2729 499 2761 parva.
526 2719 733 2761 Caeteraquae
758 2720 795 2753 ad
819 2731 871 2752 eos
895 2722 1054 2762 attinent,

50 2771 136 2806 leges
159 2766 193 2797 in
218 2762 358 2804 Epistola
385 2762 420 2795 ad
433 2761 664 2795 Schroeckium
689 2768 698 2802 (
724 2775 738 2797 e
759 2767 792 2802 >3
818 2762 884 2796 haec
907 2765 993 2797 enim
1019 2777 1053 2799 ea

51 2806 169 2845 mulier
194 2808 236 2841 est
259 2807 296 2839 de
317 2818 379 2848 qua
404 2806 450 2838 ibi
478 2809 573 2838 tertio
590 2806 661 2838 loco
685 2808 779 2840 verba
790 2806 949 2846 fecimus,
973 2809 1054 2848 ubi,

46 2858 83 2889 ἃ
106 2851 237 2896 quando
259 2849 548 2885 eamsecuerimus‚
573 2849 769 2883 indicantes.
906 2851 1054 2885 Indidem

49 2895 242 2935 cognoscere
266 2892 411 2925 similiter
436 2893 557 2934 poteris
590 2892 627 2925 de
652 2891 785 2926 foemina
809 2894 905 2927 altera
926 2920 933 2932 ,
964 2907 1053 2936 cujus

48 2937 274 2984 protinushuc
287 2935 497 2969 adscribemus
519 2933 684 2969 historiam
696 2938 874 2979 reliquam:
899 2939 942 2971 est
966 2942 1053 2972 enim

48 2986 106 3018 illa
133 2983 170 3016 de
183 2992 245 3022 qua
270 2981 459 3021 primoloco
483 2978 640 3011 iisdemin
667 2981 797 3014 Litteris
810 2980 965 3023 scriptum
990 2983 1053 3017 est.

95 3038 145 3068 29.
173 3023 361 3057 MULIER
376 3022 533 3064 superiore
559 3023 654 3065 paulo
669 3025 796 3064 minor,
824 3035 921 3057 annos
944 3036 1050 3059 tamen

49 3081 125 3104 nata
149 3068 249 3103 ferme
274 3066 453 3107 sexaginta,
476 3066 583 3099 colore
598 3077 661 3098 non
685 3067 784 3100 modo
807 3078 871 3100 non
896 3069 1050 3109 isterico,

49 3115 102 3149 sed
113 3114 240 3155 optimo
264 3109 416 3151 praedita,
442 3109 570 3146 bibosa‚
597 3109 751 3151 &septies
767 3121 887 3152 nupta,
910 3123 973 3144 non
986 3114 1050 3147 alio

51 3159 90 3191 de
115 3156 256 3195 morbo,
280 3152 337 3185 nisi
362 3151 399 3185 de
422 3165 458 3185 eo
482 3163 548 3195 quo
570 3152 715 3186 confecta
739 3154 780 3187 est
801 3179 810 3193 ‚
836 3155 975 3188 thoracis
998 3158 1048 3189 in-

51 3200 275 3236 flammatione
299 3195 406 3238 questa
434 3216 442 3232 ‚
466 3206 539 3229 cum
564 3208 579 3227 a
604 3198 695 3229 nobis
720 3201 783 3230 non
807 3199 850 3231 ob
875 3199 1045 3239 morbum,

50 3245 102 3279 sed
127 3253 161 3278 ut
185 3240 305 3275 ventris
330 3241 519 3271 rimaremur
532 3238 672 3279 viscera,
695 3241 937 3279 consecaretur‚
963 3255 1045 3276 non-

49 3289 138 3323 nulla
161 3288 193 3319 in
220 3283 441 3327 genitalibus,
467 3282 517 3314 sed
529 3284 630 3324 magis
654 3285 685 3315 in
700 3285 775 3318 bilis
799 3284 932 3318 vesicula
944 3285 1044 3319 osten.

49 3334 99 3367 dit
124 3342 188 3364 non
199 3329 331 3368 indigna
357 3338 427 3368 quae
440 3325 501 3358 huc
526 3326 797 3361 transcribantur.
934 3330 1048 3363 UTE-

47 3376 141 3411 RUS
164 3372 301 3406 exterius
324 3370 356 3402 in
384 3374 505 3402 summo
529 3368 845 3405 fundotuberculum
870 3371 983 3405 habuit
1008 3374 1046 3406 fi-

47 3431 145 3459 gura.
169 3421 200 3450 &
226 3412 448 3455 magnitudine
472 3413 604 3445 minoris
617 3415 789 3454 avellanae,
813 3427 850 3448 ex
874 3426 1043 3457 partepro.

48 3457 194 3498 inmens,
220 3470 257 3491 ex
282 3467 372 3499 parte
394 3458 478 3488 intra
504 3456 584 3487 uteri
609 3456 945 3499 substantiamlatens,
969 3459 1044 3492 scir-

48 3504 142 3540 rhosa
165 3502 308 3538 duritie,
332 3501 440 3533 colore
464 3500 552 3530 intus
576 3509 728 3543 extraque
753 3502 826 3535 albo
850 3526 859 3542 ,
882 3514 920 3535 ex
944 3505 1043 3544 parti..

47 3549 128 3584 culis
152 3544 295 3580 constans
320 3542 559 3585 multiplicibus
583 3555 652 3584 quae
676 3546 853 3579 contractas
875 3547 909 3578 in
933 3547 962 3579 se
986 3547 1048 3579 cel-

44 3594 125 3627 lulas
148 3589 389 3634 quodammodo
412 3585 590 3620 referebant
611 3612 618 3619 .
644 3588 731 3621 Intra
758 3591 839 3621 uteri
865 3599 970 3623 autem
993 3602 1046 3623 ca-

46 3647 124 3670 vum
147 3646 185 3667 ex
210 3632 311 3666 media
336 3626 426 3662 fundi
450 3631 608 3662 anteriore
631 3641 721 3671 parte
742 3632 888 3674 quaedam
912 3634 1042 3667 extabat

133 3676 297 3718 Morgagni
308 3674 342 3707 de
353 3674 418 3705 Sed.
436 3677 476 3708 Θ
487 3677 572 3714 faus.
587 3674 687 3706 Morb.
702 3676 800 3707 Tom.
816 3678 862 3710 II.

1118 331 1247 367 mollis,
1273 333 1304 364 δε
1327 342 1407 373 pene
1424 330 1594 373 gelatinosa
1619 330 1847 365 excrescentia.
1872 331 1942 365 Etsi
1965 342 2041 365 vero
2064 336 2117 367 tess

1118 375 1196 413 stes,
1219 374 1298 407 ficut
1321 384 1395 407 aetas
1418 374 1563 412 ferebat,
1586 373 1706 416 strigofi
1731 385 1842 412 erant,
1864 377 1894 407 &
1910 376 2114 419 perangusti5

1116 418 1227 451 cervix
1249 426 1356 450 tamen
1380 418 1486 454 uteri,
1512 418 1673 458 &vagina
1693 418 1783 450 aliter
1797 429 1969 460 apparuere
1983 442 1993 458 ,
2015 429 2115 461 quam

1116 463 1151 493 in
1175 459 1293 503 septem
1315 462 1460 493 virorum
1483 471 1581 493 uxore
1605 460 1809 502 expeeiaffes.
1834 461 1922 493 Nam
1947 462 2055 494 multae
2079 462 2115 493 in

1116 504 1175 538 hac
1199 505 1370 537 etiamtum
1393 514 1479 545 rugae
1503 506 1533 536 &
1558 512 1701 537 extantes
1725 504 1772 537 vel
1797 504 1834 537 ad
1857 504 2116 546 ipsiuslongitu-

1112 547 1197 581 dinis
1220 547 1362 580 medium
1382 560 1391 583 3
1416 550 1448 579 in
1473 548 1592 580 cervice
1617 558 1724 580 autem
1748 547 1850 588 figura
1872 548 1910 580 ad
1933 548 2114 589 virgineam

1113 589 1282 630 accedens,
1306 594 1336 622 δι
1360 589 1496 623 valvulae
1520 591 1554 622 in
1578 590 1680 623 altero
1704 591 1803 624 latere
1828 590 2020 624 conservatae
2040 613 2049 628 ‚
2075 599 2114 623 ut

1112 645 1344 676 perpaucorum
1368 633 1541 666 liberorum
1565 632 1865 675 parentem.furffe‚
1888 633 2077 667 crediderim
2103 653 2116 671 ,

1112 677 1200 720 quod
1223 677 1319 710 exiles
1353 676 1391 708 ad
1414 676 1515 709 imum
1550 677 1705 711 abdomen
1730 687 1815 718 rugae
1845 676 2080 715 confirmabant
2105 701 2118 709 -

1242 719 1339 756 Quod
1371 730 1449 752 vero
1480 719 1518 753 ad
1543 718 1627 752 fellis
1660 719 1831 753 vesiculam
1865 721 1982 753 attinet
2009 745 2021 759 ,
2054 718 2115 752 etsi

1113 765 1219 796 multo
1242 762 1309 796 haec
1333 774 1399 796 erat
1421 763 1553 796 brevior
1573 775 1670 805 quam
1693 775 1750 805 pro
1773 762 1925 805 jecinoris
1948 786 1956 801 ‚
1994 762 2058 795 sana
2082 774 2117 794 a-

1112 808 1260 848 lioquin,
1286 806 1508 848 magnitudine
1528 820 1537 842 ·,
1561 817 1663 848 neque
1687 809 1771 840 enim
1796 807 1831 838 ad
1856 805 1952 848 hujus
1977 806 2117 840 limbum

1112 851 1199 883 illius
1223 849 1338 882 fundus
1362 850 1588 892 perveniebat,
1612 852 1680 883 imo
1703 850 1782 883 duos
1794 849 1893 882 ferme
1918 849 2052 883 distabat
2065 849 2116 882 di-

1112 896 1221 935 gitos;
1244 902 1351 925 tamen
1375 905 1450 926 cum
1472 893 1535 926 bile
1550 905 1648 935 pauca
1664 916 1673 929 ,
1697 892 1819 926 &flava
1841 893 2032 927 continebat
2045 893 2115 925 cal-

1109 937 1198 969 culos
1222 937 1331 969 saltem
1355 946 1516 970 trecentos
1539 946 1675 979 triginta
1694 961 1703 975 ‚
1735 948 1815 979 quos
1839 937 1941 970 multo
1975 938 2115 969 maxima

1109 991 1148 1012 ex
1173 989 1260 1022 parte
1284 977 1373 1012 fuisse
1395 981 1527 1021 exiguos
1550 1002 1561 1017 ,
1597 979 1758 1021 proposita
1784 978 1880 1021 cystis
1905 981 2041 1013 brevitas
2067 980 2115 1013 sa-

1113 1024 1154 1055 tis
1178 1034 1231 1064 per
1258 1023 1285 1056 se
1309 1024 1374 1064 ipsa
1398 1023 1542 1055 indicat.
1570 1024 1708 1064 Reliqua
1731 1024 1770 1057 de
1794 1022 1842 1056 his
1865 1021 2117 1057 calculisobser-

1114 1076 1185 1099 vata
1208 1078 1272 1108 qua
1295 1066 1328 1098 in
1352 1066 1496 1107 Epistola
1519 1065 1723 1105 scripserim,
1748 1067 1841 1108 paulo
1865 1068 1958 1108 supra
1983 1065 2042 1110 (f)
2064 1068 2117 1100 di-

1114 1110 1202 1142 &um
1227 1110 1286 1142 est:
1312 1120 1497 1151 quanquam
1520 1120 1593 1142 cum
1620 1109 1729 1150 plura,
1755 1116 1811 1142 nec
1836 1109 1917 1142 levia
1943 1111 1976 1142 iu
1999 1122 2033 1142 ea
2057 1110 2112 1144 de*

1115 1152 1280 1186 scribenda
1304 1154 1507 1195 peccaverint
1526 1161 1635 1194 'operae
1659 1152 1960 1194 typographorum,
1986 1162 2057 1186 tum
2081 1154 2118 1186 in

1114 1208 1150 1229 ea
1183 1197 1379 1239 potissimum
1405 1205 1492 1237 parte
1526 1196 1598 1237 plus
1620 1194 1709 1227 versu
1742 1197 1869 1237 integro
1901 1195 2078 1229 omiserunt
2104 1220 2115 1228 .

1115 1242 1231 1273 Praeter
1255 1250 1306 1273 tot
1330 1248 1412 1282 quot
1435 1238 1751 1279 diximuscalculos,
1774 1240 1869 1281 cystis
1893 1251 2120 1273 cavumoccuo

1113 1295 1241 1325 pantes,
1265 1294 1364 1317 unum
1386 1284 1471 1315 inter
1494 1283 1618 1314 tunicas
1640 1281 1795 1315 latentem
1821 1281 1969 1325 scalpello
1992 1285 2119 1322 retexi,

1112 1328 1207 1368 nigro
1222 1327 1351 1363 colore,
1375 1329 1405 1359 &
1419 1327 1577 1367 parvitate
1589 1336 1699 1359 eorum
1713 1326 1912 1360 simillimum
1925 1337 2004 1369 quos
2015 1327 2047 1359 in
2059 1338 2119 1369 cy-

1114 1370 1167 1403 stis
1182 1369 1340 1413 glandulis
1351 1369 1424 1403 alias
1438 1383 1453 1403 a
1465 1381 1512 1402 me
1524 1371 1671 1402 inventos
1683 1369 1772 1410 supra
1784 1370 2092 1412 (g).commernoravi
2105 1384 2117 1408 5

1112 1414 1166 1448 hic
1180 1425 1284 1447 tamen
1299 1414 1455 1455 glandulae
1470 1413 1617 1451 osculum
1630 1414 1754 1446 nonita
1778 1413 1940 1447 evidenter
1963 1415 2093 1457 patebat
2107 1438 2116 1445 .

1155 1469 1207 1500 30.
1232 1457 1438 1490 SUTQMS
1462 1456 1596 1499 persenis
1618 1479 1626 1493 ‚
1661 1467 1764 1497 eoque
1788 1458 1853 1498 jam
1880 1457 2117 1498 propemodum

1112 1502 1250 1534 omnino
1274 1500 1441 1541 edentuli,
1464 1510 1580 1539 aetate,
1605 1503 1635 1532 δέ
1658 1499 1808 1533 catarrho
1832 1503 1919 1533 intra
1944 1501 2080 1535 biduum
2109 1527 2122 1542 ‚

1113 1556 1150 1577 an
1175 1546 1319 1577 triduum
1339 1567 1354 1583 ‚,
1376 1542 1450 1576 *sine
1474 1543 1560 1576 febre
1583 1564 1591 1580 ‚
1626 1551 1660 1575 ut
1685 1541 1811 1585 aiebant
1835 1569 1848 1582 ,,
1866 1544 2005 1578 confeffi
2020 1570 2032 1586 ,Α
2053 1544 2120 1579 fine

1112 1588 1212 1621 ictero
1235 1597 1342 1626 certe,
1366 1595 1400 1620 ut
1424 1597 1546 1620 excute
1568 1585 1703 1619 candida
1727 1587 1931 1621 manifestum
1951 1599 2043 1629 erat,
2064 1601 2118 1622 ca-

1107 1630 1203 1665 daver
1227 1631 1353 1663 illatum
1377 1631 1421 1663 est
1444 1631 1477 1661 in
1502 1630 1721 1672 Gymnasium
1747 1629 1805 1663 sub
1823 1630 1974 1675 januarii
1999 1631 2119 1671 finem,

1110 1686 1161 1707 me
1185 1675 1374 1707 Anatomen
1398 1673 1533 1706 docente
1557 1674 1599 1705 A.
1628 1683 1720 1716 1744.
1745 1675 1834 1707 Cum
1865 1675 1970 1716 igitur
1994 1678 2041 1709 ibi
2065 1685 2121 1710 to-

1113 1728 1186 1752 tum
1207 1717 1308 1752 fuerit
1331 1717 1505 1757 diligenter
1529 1716 1731 1754 consectusm
1754 1717 1914 1761 quidquid
1939 1730 2051 1762 praeter
2062 1731 2122 1754 na·-

1113 1771 1217 1795 turam
1243 1761 1309 1794 vidi
1325 1785 1332 1799 ‚
1356 1760 1409 1793 hic
1434 1758 1592 1799 reseram,
1617 1761 1657 1793 ab
1681 1761 1721 1793 iis
1744 1760 1834 1795 orsus
1856 1774 1928 1804 quae
1952 1763 2121 1797 novissime

1113 1807 1277 1839 observata
1288 1804 1357 1838 sunt
1369 1829 1376 1836 .
1510 1803 1683 1837 CRANII
1695 1804 1819 1838 fornice
1841 1804 2014 1842 difficulter
2028 1808 2122 1841 avul-

1111 1847 1147 1882 so
1169 1849 1212 1881 ob
1236 1847 1354 1881 Craffae
1380 1848 1542 1889 meningis
1562 1846 1766 1880 arffiffimam
1786 1847 2003 1883 adhaefionern
2027 1851 2067 1885 sic
2079 1860 2119 1885 ut

1111 1894 1230 1926 lamina
1252 1891 1347 1934 hujus
1370 1892 1512 1925 exterior
1538 1888 1629 1924 affixa
1654 1891 1692 1924 ad
1716 1903 1751 1924 os
1776 1890 1892 1925 frontis
1917 1904 2123 1936 remaneret„

1111 1937 1280 1969 cerebrum
1305 1937 1475 1969 inve-ntum
1499 1934 1563 1975 est,
1590 1945 1624 1968 ut
1649 1935 1842 1969 cerebellum
1856 1949 2008 1980 quoque,
2032 1939 2118 1972 mol-

1112 1981 1197 2019 lius,
1220 1981 1250 2011 &
1274 1980 1307 2012 in
1332 1979 1504 2013 substantia
1527 1979 1696 2012 medullari
1721 1978 1907 2014 subfuscum
1924 1992 1938 2014 ·:
1963 1982 2029 2020 ejus
2054 1992 2119 2017 tres

1113 2023 1287 2057 ventriculi
1321 2035 1402 2065 aqua
1427 2023 1511 2065 pleni
1548 2022 1705 2061 pellucida
1727 2026 1759 2056 &
1792 2035 1898 2066 pura:
1933 2025 2125 2061 Choroidea

1114 2067 1223 2108 plexus
1246 2065 1376 2109 pallidi:
1402 2066 1540 2100 Pinealis
1563 2067 1713 2109 glandula
1728 2068 1761 2100 in
1787 2069 1954 2104 mediocris
1970 2083 2038 2105 uvae
2051 2073 2121 2110 aci}

1113 2112 1145 2143 ni
1170 2110 1309 2144 formam
1334 2138 1343 2153 ,
1366 2114 1399 2144 ὃς
1421 2112 1680 2154 magnitudinem
1704 2111 1743 2144 ab
1768 2110 1903 2157 aqueo‘}
1925 2125 1959 2149 ut
1985 2115 2118 2153 videba-

1112 2165 1188 2194 tur,
1211 2154 1367 2196 humore,
1391 2167 1408 2189 a
1432 2167 1497 2197 quo
1522 2155 1703 2189 mollissima
1716 2166 1804 2194 erat,
1828 2157 1986 2193 distenta:
2015 2161 2117 2197 Pituin

1113 2200 1229 2232 tariam
1254 2210 1359 2233 autern
1381 2221 1393 2236 5
1425 2199 1446 2231 si
1470 2198 1600 2241 desuper
1635 2199 1804 2242 inspiceres
1827 2223 1839 2239 ,
1862 2205 2061 2239 contraftam
2080 2208 2116 2240 ’ὃς

1111 2242 1324 2276 subsidentem
1349 2243 1495 2276 videres.
1523 2245 1723 2277 Arteriarum
1748 2257 1819 2288 quae
1843 2256 1896 2288 per
1919 2249 2042 2282 cerebri
2060 2252 2117 2283 ba-

1110 2286 1168 2319 sim
1192 2284 1362 2332 fer-untur,
1388 2290 1417 2320 &
1441 2287 1547 2319 trunci
1568 2310 1580 2326 ,
1604 2290 1634 2320 δι
1657 2289 1754 2324 rami,
1779 2301 1963 2332 quanquam
1989 2303 2052 2326 non
2078 2305 2114 2328 ut

1109 2330 1292 2373 sanguisera
1315 2331 1400 2363 intra
1426 2331 1621 2364 ventriculos
1646 2330 1713 2364 vasa
1736 2353 1745 2368 ‚
1768 2331 1897 2367 distenti
1924 2334 2077 2377 sanguine
2107 2365 2116 2379 ‚

1108 2375 1178 2407 imo
1200 2374 1309 2408 inanes
1332 2384 1446 2411 erant-1
1471 2384 1577 2407 tamen
1601 2386 1695 2418 aequo
1719 2376 1847 2410 latiores
1870 2379 2115 2420 conspicieban-

1107 2427 1161 2451 tur
1176 2442 1183 2449 .
1319 2419 1356 2450 In
1381 2418 1542 2450 Thoracis
1566 2429 1647 2452 cavo
1672 2431 1762 2461 aquae
1779 2423 1913 2455 turbidae
1933 2447 1941 2462 ,
1962 2428 1992 2457 ὅ(
2016 2423 2113 2460 fuscae

1102 2463 1198 2504 copia
1214 2461 1336 2494 modica
1351 2485 1359 2494 .
1387 2461 1559 2494 Pulmones
1571 2461 1609 2494 ad
1621 2463 1751 2496 dorsum
1762 2465 1966 2499 concidentes
1983 2489 1993 2503 ,
2015 2471 2118 2512 quip-

1103 2517 1140 2547 pe
1162 2505 1298 2537 omnino
1323 2503 1388 2537 fere
1413 2516 1427 2537 a
1455 2505 1560 2545 pleura
1584 2504 1719 2547 sejunc‘ti
1777 2509 1825 2540 Ut
1849 2521 1904 2542 cor
1927 2522 2020 2553 aequo
2044 2519 2114 2547 am..r

1104 2549 1207 2590 plius,
1233 2549 1275 2580 sic
1299 2551 1328 2580 δι
1353 2550 1484 2581 truncus
1511 2552 1623 2582 Aortae
1649 2549 1765 2583 latior.
1796 2552 1885 2586 Huic
1909 2564 2015 2588 autem
2029 2568 2113 2598 prae-

1104 2592 1176 2625 fixae
1203 2591 1338 2624 valvulae
1367 2590 1405 2623 ad
1430 2602 1557 2634 aggeres
1575 2614 1584 2628 ,
1608 2603 1642 2625 ut
1670 2594 1818 2628 Valsalva
1833 2597 2034 2638 appellabat,
2059 2600 2113 2633 os-

1105 2637 1160 2668 seae
1186 2633 1310 2680 factaeg
1345 2635 1425 2677 quin
1449 2638 1541 2669 unius
1566 2636 1670 2678 ipsum
1696 2638 1830 2672 alterum
1856 2641 1939 2674 latus
1965 2643 2110 2679 ex‘ossea

1104 2678 1267 2711 constabat
1293 2681 1422 2721 squama
1446 2704 1454 2712 .
1477 2681 1562 2712 Cum
1589 2691 1662 2713 vero
1687 2682 1822 2715 interius
1847 2695 1900 2725 per
1925 2687 2110 2721 universum

1105 2723 1219 2755 Aortae
1244 2732 1415 2759 truncum,
1440 2723 1607 2765 ramosque
1629 2722 1724 2765 ipfius
1741 2725 1862 2761 ¹Iliacos
1887 2728 2000 2762 albedo
2026 2732 2111 2764 mul-

1106 2775 1142 2798 to
1167 2765 1278 2806 saepius
1292 2765 1345 2798 hic
1369 2765 1436 2799 illic
1452 2778 1548 2808 quam
1571 2766 1661 2800 osseae
1676 2767 1807 2801 braeteae
1821 2792 1830 2806 ,
1856 2782 2088 2813 propagaretur
2101 2799 2110 2815 ‚

1105 2808 1222 2842 harum
1246 2819 1341 2841 unam
1368 2809 1433 2842 vidi
1459 2812 1490 2842 in
1515 2821 1708 2849 curvatura,
1733 2812 1865 2845 alteram
1890 2826 1987 2857 prope
2011 2818 2110 2852 Lum-

1105 2853 1233 2885 barium
1251 2854 1447 2894 partertium
1461 2876 1473 2892 ‚
1497 2863 1667 2896 utramque
1682 2864 1745 2887 non
1760 2857 1926 2896 parvulam
1941 2884 1949 2898 ‚
1962 2862 1992 2892 ἃ
2006 2872 2109 2894 mem-

1106 2896 1204 2928 brana
1227 2895 1301 2929 hinc
1326 2898 1449 2928 arteriae
1474 2897 1589 2930 intima
1611 2920 1622 2936 ‚
1656 2897 1730 2930 inde
1753 2900 1875 2932 carneis
1900 2904 2108 2940 annularibus

1106 2939 1195 2972 fibris
1219 2941 1452 2980 interceptam.-
1479 2941 1562 2981 quin-
1584 2951 1693 2974 verum
1717 2952 1751 2974 os
1776 2944 1949 2978 etiams-‘uit
1974 2948 2010 2982 ad
2030 2949 2109 2983 llia-

1105 2994 1150 3016 cae
1175 2983 1304 3016 alterius
1329 2984 1361 3014 in
1389 2984 1567 3016 Externam
1591 3009 1600 3024 ,
1626 2985 1856 3028 Internamque
1879 2988 2069 3026 divisionem
2094 3018 2103 3026 .

1106 3026 1260 3059 Praeterea
1283 3037 1355 3058 cum
1390 3025 1463 3067 ipsae
1488 3028 1597 3060 Aortae
1632 3036 1764 3062 truncus
1787 3029 1870 3063 infra
1895 3033 2106 3076 Emulgentes

1105 3071 1261 3111 inciperet
1285 3068 1495 3102 sinistrorsum
1519 3069 1547 3102 se
1572 3070 1697 3104 flectere
1717 3097 1726 3112 ‚
1760 3074 1849 3115 prius
1874 3087 1981 3110 autem
1997 3073 2105 3120 *quam

1105 3115 1218 3147 iliacas
1243 3123 1422 3155 promeret,
1446 3112 1782 3149 dextrorsumiterum
1806 3118 1930 3158 redire3
1955 3122 2040 3156 idem
2055 3125 2103 3155 vi-

1102 3158 1186 3190 tium
1210 3158 1243 3188 in
1268 3155 1381 3189 Iliacas
1405 3156 1482 3189 adeo
1505 3158 1677 3199 pergebat,
1700 3168 1735 3191 ut
1759 3161 1881 3194 crebris
1910 3163 2103 3200 flexionibus

1099 3201 1278 3241 Splenicam
1290 3200 1525 3240 propemodum
1537 3203 1684 3234 arteriam
1696 3201 1850 3236 referrent
1863 3231 1869 3237 .
1883 3205 1943 3239 Sed
1957 3210 1986 3239 δι
1998 3210 2102 3242 Caro-

1097 3244 1179 3276 tides
1193 3269 1200 3282 ,
1224 3247 1254 3276 &
1268 3242 1470 3276 Vertebrales
1481 3245 1592 3278 eodem
1612 3243 1673 3278 hoc
1687 3248 1770 3278 vitio
1785 3258 1848 3279 non
1863 3250 2001 3283 omnino
2013 3261 2101 3285 erant

1097 3286 1255 3320 immunes
1271 3310 1277 3316 .
1302 3286 1385 3325 Qae
1399 3296 1561 3321 ramorum
1574 3300 1703 3331 quoque
1717 3287 1871 3324 flexiones
1883 3290 2026 3330 fecerunt
2041 3321 2049 3336 ,
2062 3307 2101 3329 ne

1098 3330 1288 3373 descriptam
1302 3330 1398 3363 modo
1410 3332 1516 3364 trunci
1540 3333 1797 3364 incurvationem
1820 3335 2101 3380 prorsusimputa-

1098 3385 1165 3407 rem
1178 3375 1343 3414 contiguis
1356 3374 1552 3408 lumbarium
1565 3376 1784 3408 vertebrarum
1796 3379 1991 3413 exostolibus
2005 3407 2012 3420 ‚
2025 3395 2098 3425 quae

1100 3418 1129 3450 se
1141 3417 1178 3451 ad
1190 3418 1274 3450 hunc
1296 3417 1427 3450 modum
1441 3416 1622 3451 habebant.
1647 3416 1757 3451 Crassa
1773 3420 1825 3452 illa
1840 3421 2013 3463 ligamenta
2025 3437 2098 3468 quae

1097 3463 1181 3494 inter
1192 3471 1302 3493 earum
1315 3461 1529 3495 vertebrarum
1543 3473 1673 3503 corpora
1689 3460 1716 3494 se
1728 3462 1951 3506 interpoqunt,
1963 3471 2071 3502 omnia
2083 3491 2096 3508 ,

1099 3504 1121 3537 fi
1134 3505 1283 3537 infimum
1296 3505 1445 3544 excipias,
1460 3507 1618 3538 anteriare
1631 3505 1721 3541 facie,
1735 3506 1771 3538 ad
1787 3516 1958 3550 utrumque
1971 3512 2101 3553 praeser..

1098 3548 1158 3580 tim
1172 3548 1272 3584 latus,
1293 3559 1378 3580 aereae
1391 3547 1488 3581 instar
1510 3548 1605 3581 bullae
1618 3549 1662 3580 ita
1676 3549 1926 3591 prominebant,
1947 3563 1980 3586 ut
1994 3556 2096 3590 trans.

1098 3591 1220 3625 versum
1233 3591 1402 3623 minimum
1414 3591 1554 3633 digitum
1577 3604 1618 3624 eae
1630 3593 1765 3625 dexterae
1780 3615 1788 3629 ‚
1814 3594 2006 3639 finistraeque
2020 3611 2107 3640 pro-v

1095 3635 1258 3668 minentiae
1269 3633 1366 3668 ferme
1377 3644 1562 3677 aequarent.
1588 3635 1849 3670 Sinistraeomnes
1869 3642 2095 3680 prominentiae

1607 3680 1633 3711 L
1678 3689 1694 3710 2
1976 3690 2048 3724 (an

55 3737 2087 3757 *μμ-Ἤ

107 3773 121 3796 (
135 3779 149 3795 a
165 3775 175 3798 )
192 3771 317 3798 Patholog.
336 3770 354 3792 1.
372 3772 393 3792 6.
411 3775 432 3791 c.
451 3776 473 3797 5.
488 3764 494 3769 ⁴
543 3798 547 3801 -

102 3803 113 3826 (
134 3810 144 3824 c
161 3803 166 3829 3
185 3801 240 3824 Vid.
259 3801 330 3829 Epist.
350 3801 385 3827 38.
405 3806 428 3822 n.
447 3805 485 3821 20.
505 3798 576 3826 Epist.
596 3806 634 3826 40.
654 3806 676 3820 n.

539 3766 574 3795 <b
590 3768 603 3795 )
620 3766 674 3790 Vid.
691 3765 764 3798 ejusd.
783 3767 920 3797 Phyfiolog.
938 3769 955 3792 l.
975 3776 993 3792 1.
1011 3776 1032 3792 c.
1051 3777 1075 3797 7.
1095 3769 1149 3794 Vid.
1167 3770 1241 3794 etiam
1258 3766 1322 3794 infra
1338 3778 1359 3793 n.
1378 3779 1417 3800 33.

695 3804 717 3820 2.
737 3799 781 3826 Ep.
801 3801 837 3828 56,
856 3807 878 3823 n.
895 3808 919 3828 7.
939 3807 961 3826 9.
981 3807 1016 3829 31.
1035 3801 1078 3828 Ep.
1097 3808 1131 3829 57.
1152 3809 1188 3825 ιω.

1252 3801 1292 3828 sd
1309 3805 1318 3830 )
1336 3802 1389 3825 Vid.
1406 3801 1479 3829 Epist.
1498 3809 1519 3831 3.
1536 3809 1560 3824 n.
1583 3810 1604 3828 4.
1623 3803 1668 3830 Ep·
1687 3810 1707 3829 4-
1725 3810 1748 3825 n.
1769 3810 1804 3832 ¹3·
1824 3806 1867 3834 Ep.
1886 3815 1907 3836 ς,
1924 3813 1950 3832 ῃ,
1967 3809 1989 3833 6,
2005 3807 2028 3832 ἃ
2051 3816 2089 3838 19·

38 3834 92 3862 Ἑρ,
110 3839 146 3855 21.
165 3839 187 3853 n.
205 3839 227 3853 2.
247 3839 274 3859 30
303 3831 324 3853 8:
342 3834 375 3857 325⁴
396 3831 439 3858 Ep>
457 3836 495 3856 24.
509 3836 537 3852 =n.
560 3831 594 3852 16⁴
614 3830 656 3856 Ep.
672 3831 713 3864 26&
731 3836 754 3853 n.
773 3836 810 3852 21.
829 3831 872 3858 Ep.
890 3837 927 3857 27.
946 3837 970 3853 n,
989 3837 1012 3853 2.
1031 3831 1073 3858 Ep.
1092 3838 1131 3859 30.
1149 3839 1172 3855 n.
1191 3840 1227 3862 14.
1244 3833 1290 3861 Ep.
1308 3839 1344 3861 34.
1362 3840 1385 3857 n.
1406 3839 1440 3862 ις.
1456 3834 1500 3862 Ep.
1519 3839 1555 3862 35.
1572 3839 1595 3856 n.
1615 3836 1652 3858 16,
1669 3833 1715 3862 Ep,
1733 3836 1769 3863 3⁶,
1783 3842 1807 3859 n,
1824 3843 1847 3865 4,

106 3864 119 3888 t
130 3870 144 3887 e
159 3862 172 3891 )
189 3861 242 3887 Vid.
260 3862 286 3886 in
302 3860 355 3886 Ast.
373 3862 408 3886 N.
425 3861 454 3885 C.
469 3861 543 3885 Tem.
558 3866 578 3885 2.
596 3858 655 3885 Obs.
673 3861 726 3888 167.
788 3858 850 3893 (f)
864 3867 891 3887 n.
907 3860 949 3885 28.

1008 3859 1177 3891 (ΕΜ-ὴ.
