2498 4075
404 215 626 282 EpIstola
664 217 834 270 Anat..-
862 214 1256 270 Medicavnt.
1291 215 1413 269 Art·
1446 220 1521 276 28,
1554 217 1608 269 ὅτ
1645 229 1726 280 29.

53 301 91 325 ne
111 289 233 325 morsus
266 288 429 324 fueratin
463 290 590 326 sinistro
619 298 801 334 metacarpo
833 301 903 325 ante
936 291 1054 327 meuses

54 345 132 370 tres.
159 336 247 367 Cum
268 333 380 367 vulnus
404 333 476 367 esset
497 334 537 367 ad
561 333 742 368 cicatricem
766 334 954 378 perdustum
971 359 984 376 ,
1017 346 1054 368 ne

54 379 117 413 hoc
138 376 263 419 quidem
286 376 471 418 persanato,
496 378 597 411 ullum
620 375 712 410 senex
745 376 982 421 hydrophobiae
1006 380 1054 411 in-

54 422 177 455 dicium
199 419 381 462 praebebat,
405 420 461 453 nifi
484 418 638 463 vigesimo
653 430 724 453 ante
746 431 883 455 mortem
906 421 957 455 die
968 431 1055 454 atro-

51 464 141 500 cibus
163 464 260 496 minis
278 485 288 501 ,
317 462 526 506 gravibusque
548 462 725 497 verberibus
758 474 773 496 a
798 464 942 507 ‘quodam
966 476 1056 499 exce-

53 515 127 552 ptus
149 530 163 547 ,
194 518 233 539 ex
256 518 293 540 eo
324 517 467 547 tempore
488 504 630 548 coepiss‘et
663 508 746 540 miro
781 516 873 549 atque
906 507 1057 543 insolenti

53 552 167 596 praet'er
189 551 344 584 rationem
366 551 484 584 timore
506 550 644 592 agitari,
670 559 705 583 ut
727 561 791 583 non
816 551 938 592 modo,
960 551 1056 594 quid-

47 593 130 637 quid
154 594 345 635 increparet,
371 591 492 634 semper
502 592 778 631 contremisceret,
802 592 897 628 sed&
917 596 1054 638 quicun-

51 648 114 681 que
137 637 267 679 ignotus
289 645 488 675 occurreret,
514 635 714 678 proditorem
725 638 884 671 continuo
907 646 1054 679 putaret,

50 683 108 719 ἅτ,
131 680 154 713 fi
176 691 242 723 quo
266 676 364 720 posset
387 705 396 720 ,
432 678 598 721 aufugeret
617 702 629 718 ‚
654 690 688 714 ac
712 680 846 714 latebras
869 690 1020 723 quaereret
1045 704 1052 711 .

51 724 104 759 Ad
128 724 217 760 haec,
244 722 379 756 luminis
401 746 414 762 ,
447 726 477 755 δε
502 733 591 765 aquae
619 722 734 756 horror
758 722 916 757 accesserat
941 746 950 762 ‚
983 734 1056 758 cum

52 768 88 800 in
112 765 351 801 Nosocomium
374 767 570 805 importatus
591 765 634 799 est
651 789 663 805 ‚
697 767 731 799 in
763 778 833 809 quo
853 767 986 801 biduum
1008 768 1058 800 vi-

56 810 128 845 xit.
155 810 208 843 Ibi
231 819 346 852 aquam
370 807 467 852 j'uss‘us
490 809 617 848 bibere,
641 809 752 847 tarde,
779 813 810 843 &
834 811 938 844 coacti
964 810 1061 844 instar

54 853 83 887 se
107 862 322 894 contorquens
338 875 351 892 ,
374 852 482 886 bibere
505 862 613 886 tamen
634 852 810 887 conabatur
824 878 831 890 ,
858 856 890 886 ὃς
911 852 978 887 sane
988 865 1062 887 cum

59 895 275 933 difficultate,
300 898 332 929 &
356 896 500 929 molestia
525 895 682 938 deglutire
706 896 899 939 incipiebat3
925 896 973 930 sed
998 898 1062 939 pri-

58 950 110 974 ma
134 940 280 980 potionis
304 949 391 980 parte
416 939 547 979 hausta,
572 940 727 981 reliquam
749 938 833 973 haud
856 938 986 973 difficile
1009 939 1062 973 de-

52 982 211 1024 glutiebat
237 1005 244 1012 .
275 982 459 1026 ‘Nunquam
483 984 594 1025 spuma
618 983 655 1016 ad
676 995 711 1017 os
745 983 957 1016 animadversa
989 982 1032 1017 est
1055 995 1062 1015 :

52 1026 183 1072 spuebat
206 1024 360 1069 quidem;
383 1026 433 1059 sed
458 1026 581 1069 liquida
614 1035 680 1059 erat
703 1025 815 1060 saliva.
849 1025 903 1059 Ad
926 1036 1064 1060 mortem

51 1069 153 1111 usque
179 1078 250 1102 tum
273 1069 472 1103 incredibilis
495 1070 551 1103 ille
575 1080 693 1112 pavor,
717 1079 787 1103 tum
809 1081 843 1102 ea
868 1081 956 1112 aquae
979 1081 1064 1103 aver-

55 1111 161 1148 satio,
185 1115 221 1145 -&
246 1110 311 1152 ejus
334 1111 534 1155 deglutiendi
559 1113 659 1146 initio
681 1112 846 1152 molestia,
870 1124 903 1145 ac
928 1112 1066 1147 difficul-

53 1165 102 1189 tas
138 1154 340 1198 perstiterunt
362 1180 370 1187 .
424 1190 425 1193 ¹
506 1157 713 1191 VENTRE
741 1165 853 1197 aperto
874 1179 884 1194 ‚
918 1156 1064 1189 intestina

49 1200 159 1233 omnia
189 1199 355 1240 conspeeta
379 1198 450 1233 sunt
483 1210 549 1233 aere
581 1200 719 1234 maxime
750 1197 882 1233 distenta
905 1223 914 1238 ,
952 1210 1066 1242 praeter

50 1253 144 1285 quem
171 1242 255 1275 nihil
292 1242 388 1275 ferme
421 1243 507 1276 aliud
541 1244 754 1277 continebant
775 1267 783 1275 .
817 1245 856 1276 In
887 1244 1065 1277 ventriculo

54 1286 173 1319 humor
197 1284 432 1326 craffiusculus,
454 1298 518 1320 non
543 1287 686 1327 multus,
719 1298 775 1320 nec
808 1285 947 1320 viscidus
971 1311 984 1327 ,
1013 1298 1066 1320 co-

53 1330 122 1361 lore
145 1330 419 1364 cinereo-'Pauca
442 1331 475 1362 in
501 1330 552 1363 sua
577 1329 709 1364 vesicula
720 1330 821 1370 bilis,
843 1331 977 1363 omnino
990 1341 1067 1364 cro-

52 1384 130 1413 cea,
153 1384 331 1415 croceoque
355 1373 463 1406 colore
476 1372 675 1408 Duodenum
690 1373 885 1415 *intestinum
908 1371 1068 1413 inficiens,

54 1419 86 1449 &
109 1418 292 1459 proximam
314 1416 481 1457 veficulae,
503 1415 652 1459 jecinoris
687 1426 827 1459 partem.
852 1416 958 1449 Iliacae
981 1428 1067 1450 venae

54 1459 205 1501 sanguine
232 1467 319 1492 erant
355 1459 432 1493 adeo
465 1460 601 1503 turgida?
626 1484 634 1499 ‚
668 1469 704 1493 ut
737 1460 915 1495 naturalem
938 1461 1067 1502 gracilis

52 1501 198 1536 intestini
223 1502 415 1536 diametrum
437 1511 621 1546 aequarent;
643 1512 674 1535 at
698 1503 790 1538 sociae
824 1504 949 1537 arteriae
974 1514 1067 1544 pror-

54 1545 105 1580 sus
128 1547 257 1580 inanes.
391 1548 429 1579 In
454 1546 607 1583 Thorace
630 1571 638 1586 ,
670 1548 838 1588 pulmones
860 1559 870 1585 ς
903 1555 940 1581 ut
967 1547 1066 1580 noer.

59 1590 167 1623 haavii
190 1593 203 1629 (
226 1601 242 1622 c
264 1593 278 1630 >
301 1590 404 1623 verbis
428 1598 580 1628 utamur5
603 1598 786 1624 coacervato
798 1591 882 1624 omni
896 1588 969 1634 fere
980 1601 1069 1624 cruo-

51 1643 85 1666 re
108 1631 336 1666 incredibiliter
353 1632 461 1674 pleni:
486 1632 656 1674 posteriore
680 1643 786 1668 autem
811 1642 897 1677 parte
920 1633 968 1666 vel
991 1645 1069 1676 gan-

51 1688 154 1719 graena
177 1673 282 1709 affecti
315 1673 382 1708 dici
416 1685 586 1717 poterant.
723 1679 761 1710 In
786 1676 965 1719 pericardio
988 1660 1062 1711 spub-

55 1721 130 1755 dava
154 1730 231 1761 aqua
261 1717 300 1751 ad
333 1718 442 1752 uncias
475 1717 604 1753 fortasse
628 1729 692 1754 tres
715 1733 725 1753 .·
760 1722 793 1753 in
816 1720 912 1755 corde
935 1720 1062 1764 sanguis

55 1775 119 1796 non
143 1762 289 1809 multus,
314 1762 402 1805 isque
426 1763 525 1804 nigrae
559 1763 641 1805 picis
675 1763 785 1797 similis
819 1764 1029 1808 semiliquatae
1053 1791 1059 1797 .

52 1808 143 1839 Vena
166 1805 229 1838 sine
252 1806 320 1847 pari
345 1806 495 1848 exiguam
518 1807 706 1845 continebat
731 1807 891 1850 sanguinis
913 1812 1062 1851 copiam.-

56 1849 189 1884 amnino
213 1857 319 1882 autem
342 1849 450 1882 inanes
484 1859 570 1882 erant
604 1862 659 1893 per
691 1851 814 1885 collum
846 1860 912 1886 tam
934 1852 1066 1886 Car-oti-

0 1906 1 1909 ¹
49 1892 101 1928 des
125 1893 249 1925 arteriae
267 1915 280 1931 ,
302 1904 407 1939 quam*
422 1904 506 1926 venae
530 1894 665 1927 Internae
676 1894 867 1939 jugulares.
1000 1898 1069 1930 De-

55 1934 216 1974 glutiendi
241 1946 362 1977 organa
386 1937 449 1969 sine
472 1936 540 1969 ullo
564 1936 829 1972 inflammationis
849 1939 997 1977 indicio,
1019 1940 1069 1972 ni-

52 1974 77 2014 si
100 1979 188 2023 quod
213 1978 252 2012 ad
276 1979 451 2021 pharyngis
473 1978 630 2014 summum
664 1981 741 2014 levis
766 1981 898 2024 quidam
922 1982 1068 2016 cerneba-

53 2033 105 2057 tur
129 2022 249 2056 rubor:
274 2023 457 2056 membrana.
491 2033 596 2057 autem
620 2025 865 2067 Epiglottidem
898 2026 1066 2069 cartilagi-

53 2078 126 2101 nem
149 2065 299 2104 vestiens,
324 2066 459 2108 crispata
473 2091 480 2099 .
614 2068 808 2111 Meningum
832 2070 901 2103 vasa
920 2079 991 2103 tum
1013 2081 1066 2102 ve-

51 2109 151 2149 nosa,
174 2118 246 2143 tum
269 2109 418 2143 arteriosa
451 2120 567 2153 praeter
590 2110 723 2145 modum
758 2112 908 2155 sanguine
942 2113 1034 2155 plena
1057 2135 1068 2152 ‚

53 2165 155 2197 eoque
178 2177 191 2194 ‚
221 2161 263 2188 ut,
291 2153 409 2197 ubique
430 2176 441 2193 ,
475 2155 627 2196 pernigro
648 2178 655 2185 .
689 2155 792 2188 Nervi
817 2156 936 2198 optici
970 2156 1069 2190 solito

54 2197 237 2233 craffiores,
261 2194 313 2230 sed
336 2197 497 2235 laxiores,
520 2200 551 2229 ἅτ
578 2197 795 2231 flaccidiores.
824 2200 897 2231 Nec
921 2209 995 2231 vero
1016 2210 1067 2232 ce-

31 2270 35 2273 .
57 2241 206 2276 rebium,
229 2239 439 2278 cerebellum,
464 2240 602 2281 Spinalis
618 2240 891 2274 medullaficciora
914 2240 1067 2281 fuerunt,

54 2290 154 2328 quam
179 2281 322 2323 soleant,
345 2291 382 2315 ut
404 2292 502 2322 neque
525 2284 667 2323 ventris,
691 2282 895 2327 thoracisque
918 2284 1036 2317 viscera
1057 2307 1066 2322 ‚

54 2331 87 2361 &
112 2325 279 2360 musculi.
317 2327 355 2358 In
379 2324 498 2357 cerebri
532 2326 717 2369 ventriculis
754 2327 893 2360 subflava
928 2338 1007 2370 aqua
1029 2327 1068 2361 ad

52 2371 161 2406 uncias
184 2379 247 2401 tres
269 2392 277 2401 .
313 2366 437 2401 Habita
461 2367 528 2402 haec
564 2368 661 2407 scetio
694 2368 736 2403 est
766 2371 842 2404 XII.
880 2370 954 2404 Kal.
975 2372 1068 2417 Junii

54 2417 98 2450 A.
126 2423 217 2455 1727,

100 2457 151 2490 28.
178 2454 247 2489 Etsi
272 2455 388 2487 mortis
412 2458 514 2488 metus
529 2476 539 2491 ‚
562 2455 680 2491 minis,
705 2457 737 2488 ἃ
761 2456 944 2490 verberibus
961 2457 1067 2491 incus.

56 2498 131 2541 sus,
153 2498 244 2532 simul
272 2497 397 2531 videtur
416 2498 516 2530 latens
540 2496 877 2541 hydrophobiaevirus
899 2499 1066 2539 excitasse,

53 2542 146 2578 simul
169 2540 235 2584 ejus
259 2538 439 2584 temperasse
463 2538 613 2580 effectum
639 2543 744 2584 negari
769 2551 874 2576 tamen
898 2542 983 2578 haud
1009 2554 1067 2585 po-

55 2586 137 2626 test,
163 2583 363 2618 affeetionem
394 2584 477 2617 hanc
511 2584 547 2617 ad
573 2582 836 2628 hydrophobiam
869 2586 1031 2621 attinuisse
1053 2611 1066 2628 ,

55 2631 176 2674 quippe
197 2639 271 2663 cum
307 2630 339 2661 &
362 2626 479 2662 rabiosi
504 2629 589 2662 canis
624 2628 745 2663 morsus
779 2629 969 2672 praecesserit
990 2656 999 2670 ‚
1032 2633 1065 2664 δε

57 2685 144 2717 aquae
169 2672 284 2710 horror
306 2670 344 2705 fit
367 2671 553 2706 consecutus
576 2685 584 2704 :
617 2671 674 2705 nisi
698 2671 807 2710 forte,
830 2684 903 2707 cum
929 2673 1062 2708 Andreae

58 2715 294 2752 Senatoribus,
318 2713 410 2749 fuiss'e
433 2715 541 2748 malles
567 2715 845 2759 Pantaphobiam.
872 2718 927 2751 Illi
951 2719 1062 2757 enim,

57 2769 93 2794 ut
116 2760 158 2794 est
180 2757 265 2802 apud
287 2758 426 2792 Caelium
449 2758 661 2793 Aurelianum
684 2763 697 2799 (
719 2760 739 2793 d
759 2764 793 2800 ),
818 2761 1037 2795 memorabant
1051 2784 1064 2801 ‚

59 2816 73 2838 e
100 2814 114 2836 e
134 2800 367 2844 pantaphobos,
394 2814 468 2844 quos
479 2812 534 2835 nos
557 2804 736 2845 omnipanos
750 2804 848 2837 dicere
870 2806 1064 2847 poterimus,

71 2846 208 2889 zquidem
230 2844 331 2879 omnia
364 2846 473 2880 timere
495 2845 642 2880 dicantur
663 2859 672 2878 .-
704 2858 801 2888 quem
832 2846 981 2881 morbum
1004 2870 1015 2887 ,
1039 2846 1067 2890 fi

59 2900 132 2924 vere
156 2897 259 2922 tamen
273 2884 327 2930 effe
347 2886 443 2933 posset
461 2911 471 2927 ,
495 2888 571 2921 hinc
595 2887 730 2922 discerni
754 2890 872 2925 Caelius
897 2890 1042 2925 voluisset
1058 2916 1068 2931 ,

61 2933 140 2977 quod
162 2942 218 2965 non
236 2929 337 2972 solius
355 2939 471 2972 potus,
486 2931 544 2973 sed
565 2933 702 2965 omnium
725 2943 828 2966 rerum
851 2934 995 2969 timorem
1010 2932 1068 2978 fc:-

63 2983 146 3011 ceret
171 2998 178 3007 .
203 2975 326 3009 Verum
348 2973 372 3008 fi
394 2975 485 3009 illam
507 2975 760 3018 qualemcunque
782 2976 984 3019 deglutiendi
1009 2989 1066 3020 po-

63 3030 135 3056 tus,
160 3028 230 3061 quse
254 3017 288 3049 in
312 3017 476 3064 proposito
498 3018 567 3052 sene
591 3028 656 3051 erat
678 3042 691 3058 ,
715 3017 961 3060 difficultatem,
983 3022 1068 3055 mul-

63 3073 100 3097 to
124 3074 162 3095 ue
187 3060 289 3103 magis
311 3061 333 3092 {1
356 3071 391 3103 pr
420 3061 587 3098 cedentem
609 3060 723 3096 rabiofi
735 3064 821 3096 canis
845 3062 987 3099 morsum
999 3064 1067 3107 spe-

65 3075 246 3150 &ssoimuffi
269 3101 353 3139 nihil
377 3115 392 3148 e
418 3116 433 3137 e
455 3104 578 3145 causae,
601 3106 841 3148 intelligemus,
865 3118 922 3140 cur
933 3117 1066 3150 propter

66 3150 148 3183 alios
170 3148 313 3183 fortuito
336 3145 501 3189 adjunctos
524 3150 655 3184 timores
669 3171 679 3187 ‚
704 3147 769 3191 ejus
794 3149 941 3185 morbum
966 3152 1066 3185 alium

66 3194 105 3227 ab
128 3189 357 3235 hydrophobia
380 3189 568 3227 statuamus.
594 3194 682 3226 Nam
705 3192 727 3226 si
752 3191 836 3227 forte
848 3204 911 3227 non
934 3196 1042 3230 omnia
1056 3221 1066 3236 ‚

67 3235 121 3271 sed
144 3236 250 3278 aliqua
265 3233 455 3271 dumtaxae,
478 3244 513 3268 ut
536 3236 640 3270 lucem
655 3260 665 3275 ,
687 3237 824 3280 exempli
837 3238 963 3279 gratia,
985 3249 1068 3280 prae-

69 3290 119 3312 ter
142 3290 253 3322 aquam
277 3275 437 3317 timuisset
456 3288 467 3315 3
501 3289 577 3312 num
601 3289 767 3322 propterea
791 3281 890 3314 alium
921 3282 1070 3315 morbum

69 3322 126 3357 else
146 3346 156 3360 ‚
180 3321 354 3355 diceremus
376 3324 386 3355 ?
420 3323 475 3355 'eos
498 3322 661 3357 imitantes
684 3345 697 3363 ,
733 3322 772 3358 de
804 3324 920 3367 quibus
955 3326 1072 3367 pariter

68 3366 190 3400 Caelius
212 3368 225 3403 (
247 3377 262 3399 e
285 3369 295 3404 )
319 3364 492 3403 meminit,
513 3366 568 3407 qui
590 3364 825 3408 Aerophobiam
847 3367 1039 3402 vocavissent
1061 3392 1075 3409 ,

30 3447 31 3450 Ἴ
72 3410 149 3442 aeris
172 3408 321 3442 videlicet
345 3408 517 3445 timorem,
540 3407 596 3444 nifi
620 3408 675 3443 hic
695 3410 882 3452 generaliter
886 3410 1074 3453 phreniticis

71 3451 294 3495 ascriberetur,
319 3462 392 3484 nam
415 3450 533 3484 horum
556 3452 681 3493 quidam
704 3464 804 3487 aerem
824 3453 969 3495 lucidum
992 3456 1074 3493 emi-7

73 3494 215 3531 mescunt
234 3519 243 3536 ,
266 3493 398 3541 quidam
421 3492 581 3540 obscurum
607 3520 614 3529 .
649 3496 771 3530 Verum
794 3498 977 3533 communia
997 3521 1010 3539 ,
1041 3501 1074 3533 Bc

1104 301 1159 334 per
1181 290 1288 323 varios
1312 291 1439 327 morbos
1472 292 1619 335 vagantia
1643 302 1660 323 a
1684 289 1822 332 propriis
1846 288 1919 324 sunt
1951 290 2109 326 secernen-

1104 335 1143 368 da
1165 348 1174 367 :
1208 345 1391 376 quanquam
1413 335 1494 377 saepe
1519 335 1636 369 accidit
1660 332 1883 376 hydrophobis
1904 356 1916 373 ,
1954 343 1990 366 ut
2013 346 2124 369 aerem·

1107 380 1259 411 timeant.
1286 377 1401 420 Neque
1424 378 1457 412 id
1481 392 1519 413 eo
1539 378 1637 416 dico,
1660 375 1746 419 quod
1766 399 1778 416 ‚
1814 377 2004 410 imminente
2029 390 2114 411 mor-

1107 422 1151 454 bo
1172 446 1181 459 ,
1213 419 1311 452 soleat
1337 422 1370 453 in
1393 421 1466 463 ipsis
1492 420 1700 456 animadverti
1723 443 1735 459 ,
1768 428 1804 452 ut
1827 421 1946 453 Caelius
1976 421 2110 463 quidem

1107 468 1121 504 (
1133 463 1162 506 f
1176 468 1189 503 )
1211 461 1360 501 tradidit,
1387 464 1506 506 insueta
1528 462 1651 507 querela
1661 464 1765 499 aeris,
1789 470 1937 503 tanquam
1959 463 2113 505 austrini,

1109 509 1254 550 quamvis
1271 505 1381 552 serena
1407 506 1511 550 fuerit
1534 508 1622 550 quies
1645 530 1653 537 .
1687 503 1748 538 Sed
1770 515 1808 537 eo
1841 505 1918 538 dico
1945 528 1955 544 ,
1988 506 2076 549 quod
2098 530 2112 547 ,

1109 549 1257 593 praesente
1274 560 1336 590 jam
1362 550 1611 594 hydrophobia,
1637 550 1740 591 plures
1750 548 1908 590 agitatum
1932 560 2035 583 aerem
2048 561 2115 584 me-

1105 602 1215 627 tuant.
1243 594 1294 625 Sic
1318 592 1373 626 ille
1396 593 1434 627 de
1455 606 1520 637 quo
1545 594 1730 635 Zwingerus
1751 594 1766 630 <
1784 601 1806 634 g
1821 592 1861 633 )‚
1886 601 1945 624 non
1960 591 2050 632 secus
2072 593 2115 627 li-

1105 636 1211 670 berum
1234 646 1353 674 aerem,
1378 645 1470 679 atque
1494 636 1611 679 liquida
1635 633 1800 671 horrebat,
1825 639 1858 669 δε
1882 633 1951 666 sane
1968 634 1996 676 fi
2021 633 2115 677 fene-

1100 680 1188 721 stra»,
1206 679 1234 721 fi
1251 676 1338 721 fores
1348 679 1583 721 aperiebantur,
1601 678 1814 720 symptomata
1825 676 1930 714 filatim
1951 677 2117 711 vehemen-

1109 723 1190 756 tiora
1212 721 1438 756 reddebantur.
1464 723 1547 766 Qae
1569 721 1672 758 alius,
1696 730 1731 754 ut
1754 721 1789 752 in
1813 718 2023 762 Sepulchreto
2047 720 2116 761 (h)

1110 766 1214 807 leges,
1236 765 1461 809 diligentzffime
1484 766 1590 803 claudi
1611 762 1743 797 curabat
1766 788 1774 803 ,
1797 762 1874 796 sono
1891 786 1902 803 ‚
1934 774 2031 806 quem
2055 763 2116 797 fibi

1110 809 1277 842 videbatur
1307 809 1417 844 audire
1439 837 1448 851 ‚
1475 808 1628 854 fulminei
1658 807 1746 842 venti
1777 805 2018 847 perterrefaetus
2038 831 2045 839 .
2081 809 2113 841 Is

1114 864 1208 890 vero,
1232 851 1269 885 de
1293 865 1358 896 quo
1385 856 1531 897 Prymius
1555 858 1565 893 (
1589 854 1601 887 i
1622 857 1636 893 )
1674 849 1786 886 retulit
1819 849 1857 883 ad
1880 850 2017 892 Regiam
2040 850 2112 883 An-

1114 897 1231 936 glicam
1256 897 1449 931 Societatem
1469 922 1482 938 ,
1515 898 1564 930 vel
1586 897 1625 929 ab
1649 896 1801 930 leviffimo
1824 901 1921 930 vento
1943 890 2001 926 fibi
2025 893 2116 926 vide-

1113 938 1206 972 batur
1229 936 1399 973 suffocari.
1434 944 1470 974 In
1494 938 1714 974 suffocationis
1738 949 1843 974 autem
1869 937 2047 978 periculum
2080 936 2119 979 ab

1114 981 1223 1016 eadem
1245 983 1334 1016 causa
1358 983 1518 1017 incidebat
1544 984 1680 1023 mulier,
1702 983 1791 1025 cujus
1817 983 1982 1018 historiam
1996 978 2120 1026 scripsit

1117 1027 1257 1059 l'laterus
1279 1029 1294 1064 (
1316 1026 1336 1067 le
1359 1030 1392 1065 ).·
1414 1038 1593 1070 quanquam
1616 1026 1683 1060 haec
1707 1037 1771 1059 non
1793 1026 1831 1059 ab
1852 1027 1964 1060 rabido
1987 1026 2123 1062 animali

1115 1067 1378 1111 hydrophobiam
1402 1080 1602 1103 contraxerat
1625 1095 1633 1108 ,
1666 1079 1701 1102 ut
1725 1069 1780 1101 alii
1805 1078 1955 1110 praeterea
1977 1082 2118 1113 quorum

1115 1123 1178 1145 non
1203 1123 1299 1154 pauca
1323 1112 1462 1154 prostant
1485 1113 1626 1154 exempla
1649 1125 1658 1150 ς
1693 1110 1750 1144 nisi
1775 1111 1858 1144 forte
1891 1123 1966 1145 curn
1990 1114 2123 1155 quibus—

1116 1154 1189 1188 dam
1214 1154 1398 1197 suspiceris,
1420 1157 1574 1198 quoniam
1598 1154 1772 1198 aliquando
1794 1157 1808 1193 (
1829 1155 1840 1188 l
1861 1159 1874 1195 )
1905 1157 1937 1188 &
1963 1154 2119 1190 facillime

1117 1210 1157 1232 ex
1177 1199 1369 1240 contagione
1391 1198 1425 1232 id
1449 1201 1534 1233 virus
1556 1198 1780 1236 contrahitur,
1808 1199 2055 1232 &contrastum
2078 1199 2123 1232 la-

1117 1251 1164 1275 tet
1188 1241 1371 1284 longissimo
1395 1253 1562 1286 tempore3
1587 1254 1603 1274 a
1626 1242 1821 1283 contagione
1846 1250 1899 1274 aut
1924 1242 2061 1275 minime
2085 1255 2119 1276 a·

1117 1284 1336 1326 nimadversa,
1361 1296 1413 1320 aut
1435 1298 1451 1318 e
1475 1285 1630 1318 memoria
1653 1283 1780 1326 prorsus
1792 1284 1916 1326 elapsa,
1940 1284 1998 1318 hos
2011 1297 2120 1320 omnes

1118 1339 1233 1372 aquam
1256 1328 1417 1364 metuisse:
1441 1328 1562 1362 tametfi
1587 1327 1719 1362 viciffim
1742 1326 1894 1370 suspicari
1917 1329 1989 1370 quis
2001 1329 2127 1370 potest,

1117 1372 1151 1405 in
1176 1371 1318 1415 spumam
1339 1372 1470 1415 ej'estam
1492 1395 1501 1410 ‚
1537 1381 1590 1405 aut
1614 1373 1649 1404 in
1671 1371 1786 1405 vulnus
1819 1370 1900 1405 olim
1923 1371 2085 1418 inflictum
2109 1384 2126 1407 a

1118 1426 1182 1449 non
1207 1414 1313 1449 rabida
1337 1415 1464 1450 fortasse
1487 1415 1583 1450 bestia
1606 1416 1771 1449 immerito
1793 1437 1806 1454 ,
1830 1412 1852 1446 si
1877 1425 1942 1447 non
1966 1416 2088 1456 {emper
2111 1439 2125 1457 ,

1119 1468 1151 1492 at
1175 1469 1401 1501 nonnunquam
1425 1458 1562 1492 conferri
1586 1458 1673 1502 quod
1695 1468 1813 1491 veneno
1825 1456 2055 1499 ejusdemmodi
2077 1460 2129 1492 in-

1118 1512 1170 1536 tus
1203 1504 1314 1544 genito
1335 1511 1499 1546 acceptum
1534 1505 1643 1543 potius
1665 1500 1703 1534 fit
1739 1499 1939 1534 referendum
1961 1525 1968 1532 .
2004 1502 2064 1536 Sed
2088 1512 2126 1535 ne

1117 1545 1230 1580 harum
1253 1545 1471 1588 suspicionum
1497 1545 1640 1579 discuffio
1664 1554 1747 1577 nunc
1782 1544 1909 1586 longius
1933 1554 1990 1578 nos
2016 1545 2054 1578 ab
2077 1546 2129 1579 in-

1119 1589 1233 1622 stituto
1257 1589 1397 1624 sermone
1422 1587 1554 1623 abducat
1573 1601 1584 1628 3
1615 1587 1653 1621 de
1677 1587 1741 1621 hoc
1764 1585 1868 1629 postea
1890 1589 1974 1626 (m)
1996 1588 2124 1623 videbi-

1122 1644 1210 1666 mus.

1168 1687 1218 1717 29.
1240 1674 1308 1709 Hic
1338 1686 1415 1709 vero
1439 1673 1477 1708 ad
1511 1683 1649 1718 quatuor
1679 1674 1823 1716 exempla
1857 1673 2093 1718 hydrophobiae
2116 1699 2130 1717 ‚

1115 1730 1191 1753 cum
1214 1720 1291 1754 aeris
1314 1720 1431 1752 timore
1450 1718 1630 1761 conjunetae
1645 1744 1653 1756 ,
1677 1719 1848 1761 quinetum
1860 1717 2031 1759 addemus,
2056 1730 2131 1762 pro-

1117 1760 1240 1796 missam
1262 1766 1275 1802 (
1298 1775 1317 1796 n
1337 1766 1350 1801 )
1376 1762 1566 1796 Mutinensis
1591 1762 1742 1805 Virginis
1767 1761 1935 1796 historiam
1955 1762 2126 1805 subjicien-

1116 1815 1185 1843 tes,
1209 1818 1246 1838 ne
1269 1805 1353 1839 forte
1377 1815 1481 1848 pereat
1504 1817 1578 1839 cum
1588 1805 1643 1838 illa
1666 1805 1797 1845 italica,
1822 1806 1856 1837 in
1880 1817 1943 1848 qua
1967 1807 2049 1840 olim
2064 1807 2131 1839 Bo-

1116 1851 1221 1884 noniae
1235 1850 1389 1891 legimus,
1413 1861 1508 1883 manu
1518 1857 1644 1882 exarata
1666 1852 1681 1890 (
1705 1851 1720 1868 '⁶
1741 1847 1987 1891 >Responfione
2003 1876 2012 1889 ‚
2034 1861 2129 1892 quam

1118 1895 1334 1928 Ramazzinus
1365 1892 1466 1927 noster
1498 1902 1569 1926 ante
1604 1892 1663 1925 hos
1697 1890 1929 1935 propemodum
1961 1894 2132 1936 oetoginta

1118 1949 1219 1971 annos
1242 1936 1406 1978 scripserat
1420 1960 1432 1976 ,
1457 1935 1507 1970 sed
1530 1937 1657 1977 vulgare
1680 1934 1868 1978 prohibitus
1890 1935 1954 1974 est,
1979 1935 2126 1971 adversus

1121 1982 1281 2023 Qrtam
1300 1981 1356 2024 Jo-
1380 1978 1484 2013 Andr.
1510 1978 1888 2022 MonigliaeCensuram.
1913 1980 2129 2024 Qinquage-

1120 2024 1214 2059 simus
1240 2033 1307 2057 erat
1331 2022 1398 2056 dics
1422 2035 1460 2056 ex
1482 2035 1549 2067 quo
1573 2024 1600 2056 ei
1614 2023 1746 2065 Virgini
1772 2022 1896 2056 labrum
1910 2024 2035 2057 catulus
2059 2035 2133 2057 moa

1119 2069 1283 2102 morderat
1307 2065 1400 2105 suus,
1423 2077 1498 2100 cum
1519 2067 1574 2100 illa
1597 2067 1721 2108 egregie
1745 2066 1850 2100 valens
1873 2092 1881 2106 ,
1906 2069 1939 2100 &
1963 2066 2047 2100 nihil
2071 2068 2135 2100 mi.

1119 2122 1176 2145 nus
1201 2110 1377 2152 suspicans,
1401 2120 1498 2152 quam
1520 2108 1548 2143 se
1561 2121 1639 2143 mox
1663 2108 1912 2153 hydrophobam
1935 2108 2004 2144 fore
2019 2134 2029 2150 ‚
2053 2110 2133 2145 dum

1120 2154 1317 2188 amniculum
1349 2152 1509 2197 quendam
1541 2153 1628 2187 forte
1661 2152 1807 2188 tranfiret
1828 2179 1837 2194 ,
1879 2152 2132 2197 hydrophobarn

1117 2197 1287 2231 manifesto
1311 2195 1339 2230 se
1364 2195 1523 2231 ostendit.
1551 2199 1641 2231 Inter
1662 2206 1776 2232 caetera
1797 2197 1914 2241 quibus
1938 2198 2134 2236 vexabatur,

1118 2241 1326 2274 incommoda
1349 2240 1451 2273 sensus
1474 2251 1540 2274 erat
1562 2241 1650 2273 venti
1673 2240 1869 2281 tenuiffimi,
1892 2249 1989 2284 caput
2014 2242 2133 2275 ferien-

1120 2285 1186 2324 tis,
1208 2283 1419 2327 quamobrem
1442 2284 1542 2317 etiam
1567 2293 1661 2327 atque
1684 2285 1782 2317 etiam
1806 2283 1918 2317 orabat
1939 2307 1952 2325 ‚
1983 2294 2020 2318 ut
2045 2284 2132 2318 fene-

1119 2327 1209 2366 strae,
1232 2337 1325 2370 atque
1347 2326 1426 2360 ostia
1451 2337 1594 2362 accurate
1617 2326 1840 2362 clauderentur
1861 2341 1869 2362 ε
1904 2331 1935 2361 &
1960 2327 1998 2361 ad
2023 2340 2133 2372 quem.

1122 2372 1169 2403 vis
1192 2381 1316 2405 motum
1340 2370 1389 2403 vel
1420 2371 1593 2406 minimum
1615 2371 1673 2414 qui
1704 2372 1738 2404 in
1761 2371 1912 2406 cubiculo
1937 2370 2093 2406 accideret
2121 2397 2132 2413 ,

1122 2413 1302 2447 clamabat:
1327 2413 1348 2446 si
1372 2414 1444 2457 quis
1468 2423 1573 2448 autem
1606 2413 1742 2457 stragula
1766 2422 1927 2448 excuteret
1949 2437 1960 2453 ‚
1995 2424 2048 2449 aut
2074 2416 2131 2451 fla-

1121 2457 1238 2490 bellum
1260 2455 1410 2490 offerret:
1435 2466 1505 2490 tum
1529 2469 1604 2490 vero
1628 2457 1852 2498 horrescebat,
1876 2460 1908 2491 ἃ·
1933 2458 2132 2494 atrocissimis

1118 2500 1376 2534 convulsionibus
1400 2499 1671 2542 prehendebatur.
1696 2502 1771 2535 Fuit
1794 2503 1990 2544 quicogeret
2016 2514 2132 2546 aquam

1120 2553 1287 2585 tantopere
1310 2541 1444 2576 invisam
1465 2553 1575 2585 potare
1591 2568 1604 2585 ,
1635 2556 1767 2589 eamque
1791 2545 1946 2579 multam.
1980 2547 2060 2588 Qo
2083 2546 2131 2581 fa·-

1117 2588 1196 2627 έὲο,
1221 2585 1328 2620 amissa
1349 2585 1500 2629 loquendi
1525 2587 1679 2622 facultate
1700 2611 1712 2628 ,
1745 2591 1777 2622 &
1802 2587 1971 2623 saeviffimis
1992 2591 2131 2625 convul-

1117 2629 1260 2668 sionibus
1283 2631 1447 2671 cruciata,
1470 2631 1539 2673 post
1564 2632 1661 2674 paulo
1683 2633 1788 2665 vivere
1810 2630 1921 2667 defiit.
1947 2635 2037 2668 Dum
2060 2636 2130 2668 ani-

1117 2685 1204 2708 mam
1225 2672 1289 2716 J'am
1311 2672 1377 2716 jam
1400 2683 1504 2716 ageret
1526 2698 1538 2715 ,
1560 2686 1634 2710 cum
1657 2673 1742 2708 forte
1767 2675 1942 2710 crustulum
1965 2677 2128 2721 quispiam

1116 2719 1215 2751 altera
1238 2725 1327 2760 parte
1349 2718 1426 2751 vino
1463 2717 1677 2753 madefactum
1700 2718 1750 2752 illi
1787 2719 1825 2752 ad
1848 2731 1883 2754 os
1907 2718 2094 2756 admovisset
2116 2732 2130 2763 ;

1117 2761 1230 2795 abnuit
1250 2773 1258 2792 :
1293 2770 1370 2794 tunc
1393 2759 1479 2794 idem
1503 2773 1566 2805 qua
1590 2772 1678 2805 parte
1710 2771 1775 2796 erat
1797 2762 1912 2797 ficcurn
1938 2785 1948 2800 ,
1983 2765 2129 2800 oblatum

1118 2804 1183 2843 cst3
1207 2803 1274 2848 ipsa
1295 2815 1371 2837 vero
1394 2805 1516 2847 accepit
1540 2829 1552 2845 ,
1575 2817 1632 2840 nec
1655 2805 1801 2841 mandere
1824 2805 1978 2841 recusavit
2001 2831 2008 2838 .
2044 2809 2127 2843 Haec

1120 2847 1219 2884 ferme
1250 2847 1321 2882 sunt
1345 2859 1416 2891 quae
1450 2849 1582 2881 memini
1605 2849 1705 2892 legere
1736 2850 1770 2882 in
1794 2861 1828 2883 ea
1851 2850 2044 2885 Ramazzini
2067 2852 2128 2886 ob-

1121 2891 1316 2927 servatione:
1342 2903 1381 2924 ex
1403 2903 1488 2934 qua,
1515 2892 1645 2934 aliisque
1678 2891 1743 2934 ipse
1768 2904 1894 2936 quoque
1915 2893 1992 2926 colli
2019 2895 2089 2929 ebat
2111 2919 2126 2938 ,

1120 2946 1220 2978 neque
1241 2944 1367 2969 acutam
1390 2934 1511 2969 febrem
1530 2958 1539 2973 ,
1565 2946 1664 2979 neque
1687 2935 1837 2971 delirium
1860 2935 1979 2979 semper
2025 2938 2126 2980 ydro-

1118 2976 1275 3021 phobiam
1298 2979 1477 3011 comitari:
1510 2989 1622 3022 cogere
1645 2988 1750 3014 autem
1784 2990 1822 3013 eo
1853 2980 1967 3013 morbo
1997 2981 2127 3018 affeetos

1120 3031 1155 3055 ut
1178 3022 1311 3061 bibant,
1336 3031 1387 3054 aut
1411 3022 1445 3054 in
1468 3032 1586 3065 aquam
1606 3022 1807 3065 demergere,
1831 3024 2053 3068 exitiumiplis
2076 3037 2126 3060 ac-

1120 3065 1274 3099 celerare.-
1299 3076 1398 3107 neque
1421 3066 1505 3098 enim
1529 3074 1643 3108 praeter
1666 3069 1826 3101 rationem
1837 3078 1950 3110 aquam
1974 3067 2124 3112 horrere,

1120 3110 1238 3152 quippe
1260 3119 1320 3151 qua
1343 3119 1406 3141 non
1430 3109 1570 3150 mentis,
1595 3108 1644 3143 sed
1667 3109 1894 3154 deglutitionis
1916 3113 2000 3145 vitio
2022 3123 2124 3146 corre-

1119 3153 1168 3196 pti
1191 3176 1203 3192 ,
1238 3150 1331 3184 facile
1357 3150 1580 3197 suffocationis
1612 3154 1791 3195 periculum
1813 3165 1980 3188 vereantur
2002 3179 2009 3186 .
2048 3157 2123 3200 Ego

1120 3207 1196 3229 vero
1219 3195 1299 3228 hanc
1323 3194 1594 3230 Obici-varronem
1618 3197 1789 3231 retulinon
1814 3197 1900 3231 adid
1923 3197 2023 3232 modo
2033 3200 2123 3242 quod

1119 3237 1366 3281 proposueram,
1391 3249 1512 3274 metum
1528 3239 1679 3274 videlicet
1704 3242 1817 3284 agitati
1830 3242 1908 3275 aeris
1930 3241 2039 3275 crebro
2050 3253 2124 3278 curn

1123 3281 1352 3325 hydrophobia
1375 3283 1539 3325 copulari,
1562 3282 1614 3317 sed
1638 3283 1675 3318 ad
1701 3286 1762 3318 alia
1784 3295 1912 3327 quoque
1934 3285 2124 3320 confirman-

1123 3325 1183 3359 da.
1210 3327 1339 3360 Scilicet
1364 3324 1457 3360 faciet
1482 3325 1548 3360 haec
1572 3327 1767 3361 Observatio
1788 3338 1860 3361 curn
1893 3339 1927 3362 ea
1949 3328 2122 3372 conjuneca

1124 3381 1195 3412 quae
1218 3381 1257 3403 ex
1279 3368 1405 3403 Foresto
1427 3381 1503 3404 mox
1527 3370 1718 3413 producetur
1736 3396 1744 3410 ‚
1777 3372 1809 3404 &
1834 3371 1882 3404 vel
1916 3373 2018 3414 magis
2048 3384 2122 3407 cum

1125 3413 1159 3445 ea
1181 3425 1251 3456 quae
1276 3411 1314 3446 de
1337 3410 1438 3446 Baldo
1454 3414 1540 3458 J.C.
1554 3414 1670 3456 legitur
1693 3414 1774 3455 apud
1797 3415 2014 3455 Matthiolum
2036 3420 2122 3457 (0),

1124 3455 1223 3491 faciet
1238 3481 1247 3496 ,
1268 3456 1399 3498 inquam
1410 3479 1423 3497 ,
1445 3466 1481 3491 ut
1503 3457 1539 3491 id
1562 3456 1807 3499 comprobatum
1829 3456 1942 3494 habeas
1962 3456 2048 3502 quod
2072 3459 2123 3493 su-

1124 3510 1179 3545 pra
1201 3502 1215 3540 c
1233 3509 1257 3542 p
1278 3503 1291 3540 )
1314 3501 1348 3532 in
1374 3510 1473 3543 puero
1494 3511 1512 3535 a
1535 3511 1585 3535 me
1607 3500 1710 3535 visum
1733 3500 1811 3542 effe,
1832 3501 1924 3544 dixi,
1946 3502 2122 3578 quagivisa

1976 3557 2010 3580 ra
2035 3556 2083 3578 10-

163 3720 174 3736 c
188 3713 202 3741 2
220 3713 310 3741 Aphor.
326 3712 370 3737 cit.
391 3713 415 3743 §.
434 3721 503 3743 ¹¹40·
564 3714 578 3742 (
595 3714 611 3738 d
626 3714 640 3744 )
654 3716 725 3738 Acut.
742 3716 800 3741 1³³ss.
816 3718 833 3740 ι.
851 3723 872 3745 3.
889 3722 910 3739 c.
929 3724 966 3740 ιι.

164 3744 178 3766 h
193 3743 207 3772 )
224 3745 241 3770 l,
262 3751 281 3769 ι.
299 3744 365 3769 sest.
379 3745 404 3768 8.
423 3743 534 3773 Append.
553 3743 577 3773 §.
593 3753 614 3769 2.

162 3778 212 3799 m)
233 3780 255 3796 n.
272 3781 308 3802 31.
371 3774 645 3804 (nDsupra,n.19.

166 3812 177 3827 ss

192 3803 206 3832 2
222 3805 318 3830 Corum.
333 3803 358 3831 in
374 3805 480 3831 Dioscor.
499 3806 516 3829 l.
536 3808 557 3830 6-
576 3812 595 3829 e.
613 3808 651 3837 36.
711 3804 755 3837 (p
771 3806 785 3835 )
801 3814 825 3833 n.
842 3813 879 3832 υ..

1028 3718 1043 3747 Ε
1058 3726 1069 3743 e
1084 3717 1099 3745 )
1115 3716 1176 3742 lbid.

677 3743 686 3775 (
702 3745 713 3767 i
734 3745 843 3789 &Saggio
859 3745 905 3780 dell
936 3747 1053 3772 Transaz.
1070 3749 1099 3771 P.
1115 3754 1138 3772 2.
1155 3755 1178 3773 e.
1195 3749 1220 3773 8.
1237 3756 1260 3771 n.
1277 3757 1301 3777 4.

1240 3719 1254 3747 (
1267 3717 1284 3747 f
1297 3720 1306 3748 )
1321 3720 1338 3744 1.
1356 3717 1397 3742 cit¹
1417 3725 1438 3742 c.
1458 3725 1493 3743 lx.
1552 3721 1567 3751 ζ
1580 3731 1599 3752 g
1615 3724 1624 3752 )
1642 3721 1697 3746 Vid.
1716 3719 1776 3756 Obs-
1791 3722 1832 3747 cit.
1851 3723 1935 3754 supra,
1951 3722 1981 3747 ad
1998 3732 2020 3749 n.
2039 3730 2076 3753 ¹9-

1361 3750 1375 3778 (
1390 3748 1407 3773 k
1422 3747 1437 3776 )
1453 3749 1511 3774 Obs-
1527 3752 1544 3774 l.
1563 3759 1585 3776 1.
1647 3754 1661 3782 ζ
1677 3752 1686 3775 t
1701 3752 1715 3781 )
1732 3751 1787 3778 vid.
1805 3753 1889 3783 supra,
1907 3763 1931 3780 n.
1948 3761 1986 3779 ιι.

763 3776 778 3804 )
798 3783 872 3804 nuper
887 3782 994 3808 interea,
1011 3785 1067 3804 cum
1083 3782 1136 3803 tota
1152 3779 1194 3804 ina
1209 3778 1392 3808 Controversia,
1408 3778 1474 3810 typis
1489 3781 1684 3812 Mutinensibus,
1700 3788 1727 3808 ut
1743 3783 1816 3808 audio
1828 3799 1836 3814 ‚
1851 3785 1919 3810 edita
1931 3803 1938 3810 .
