2498 4075
302 238 453 307 Epist.
491 240 653 302 Anat.
687 238 898 292 Medica
934 239 1080 291 XIV.
1114 239 1232 289 Art.
1255 236 1326 288 18.
1347 254 1420 303 19.
1442 254 1521 289 20.
1539 252 1618 291 21.
1637 238 1780 288 δίῃ.

33 316 115 356 fior,
140 319 173 350 δε
195 316 391 352 manifestius
413 312 599 359 glandulos'a
621 314 802 360 membrana
825 316 867 349 est
891 316 1027 358 pituita-

30 362 100 393 ria.
126 361 179 393 Ex
203 360 261 393 hac
285 361 369 393 enirn
393 360 472 393 oriri
488 382 497 395 .,
530 357 577 389 vel
610 355 687 389 hinc
721 358 793 390 satis
828 360 992 401 intelliges
1017 380 1027 395 ‚

30 402 118 446 quod
141 403 213 436 inde
236 405 332 435 etiam
355 414 420 446 quo
442 401 507 444 ipsa
531 409 618 432 extra
629 410 716 433 nares
727 402 931 441 extenditur,
955 412 1031 443 pro-

31 446 221 480 nascuntur.
248 447 299 478 Sic
323 448 355 478 in
381 445 473 479 Ac'tis
497 443 674 477 Helveticis
696 442 756 485 (f)
781 443 1031 487 longumcras-

32 488 162 532 sumque
187 489 342 532 polypum
367 499 428 521 non
460 499 498 520 ex
533 487 660 520 naribus
685 510 696 526 ,
731 486 782 519 secl
816 500 853 521 ex
887 487 1031 523 faucibus

33 542 163 566 enatum
175 533 274 574 leges.
289 534 340 565 Sic
353 533 386 563 in
394 530 603 564 Commercio
614 530 791 563 Litterario
802 534 848 573 (g)
861 531 1030 573 polypum,

31 577 89 618 qui
114 575 279 610 hominem
303 573 506 608 suffocaverat
528 597 540 613 ‚
574 573 739 606 inventum
765 572 855 607 fuisse
879 574 932 607 offi
966 584 1030 606 non

32 619 132 652 modo
154 621 312 659 vomeris,
336 616 386 650 sed
410 620 442 650 &
465 615 618 659 proxim‘o
640 615 710 649 offis
732 618 884 659 occipitis
907 616 1034 650 addita-

33 673 169 703 mento,
194 661 271 695 idest
296 660 474 704 pharyngis
498 660 660 695 lacunari,
696 658 912 693 adhaerentem
937 687 943 691 .
981 661 1033 693 Ex

33 706 141 739 eadem
166 717 240 739 vero
263 704 463 739 membrana,
487 714 555 745 quae
581 702 678 735 modo
701 702 802 737 dictas
826 713 929 745 partes
950 713 1028 735 con-

31 750 146 789 vestit,
170 748 241 782 inde
266 748 370 781 multo
394 746 506 789 saepius
530 744 661 778 existere
683 746 820 787 polypos
833 746 887 779 ubi
904 746 1029 779 narium

32 794 175 826 internos
199 792 350 833 parietes,
375 799 428 823 aut
452 789 707 833 protuberantias
732 788 888 829 obducit,
922 800 995 823 cum
1019 813 1030 827 ‚

33 837 85 870 uti
108 835 273 874 dicebam,
297 836 405 867 notius
429 832 491 870 s1t3
514 842 577 864 non
599 841 634 865 ut
658 831 691 865 id
723 830 910 865 confirmem
932 857 944 872 ,
979 832 1030 865 sed

36 880 145 921 potius
167 888 202 911 ut
226 877 304 911 scias
328 876 405 921 quid
429 875 603 915 Valsalva,
628 877 731 918 &ego
742 874 1030 917 viderimusssion-

34 923 136 956 nullas
160 920 327 965 subjiciam
350 919 617 954 Observationes.

82 966 131 999 18.
157 966 282 999 VIRO
303 964 430 997 cuidam
455 964 487 996 in
511 970 645 1005 utraque
668 973 741 996 nare
764 963 877 1006 polypi
888 972 1033 996 excreve-

39 1017 111 1041 rant
135 1033 142 1039 .
279 1007 479 1041 MORTUI
503 1015 609 1047 aperta
633 1008 761 1049 penitus
783 1017 874 1039 cavea
908 1007 1034 1039 narium

35 1051 187 1092 dextera,
208 1051 273 1085 duo
295 1050 409 1093 polvni
432 1049 594 1091 conspecti
620 1049 715 1091 sunt,
738 1049 852 1091 finguli
877 1049 1034 1091 asingulis

37 1094 218 1137 Spongiofis
233 1119 240 1130 ‚
263 1093 324 1127 five
349 1092 541 1126 Turbinatis
562 1091 676 1126 offibus
700 1090 891 1136 pendentes.
907 1094 985 1125 Erat
995 1092 1036 1124 il-

36 1138 140 1173 lorum
163 1140 256 1180 origo
279 1149 317 1171 ex
340 1136 523 1178 glandulosa
548 1135 666 1169 horum
689 1136 801 1170 offium
831 1136 1035 1175 membrana,

36 1181 199 1215 manifeste
225 1181 325 1217 adeo,
348 1189 382 1215 ut
405 1191 469 1221 quo
492 1178 568 1213 huic
591 1188 680 1211 erant
703 1181 892 1222 propiores,
917 1192 955 1212 eo
973 1190 1039 1212 ma-

36 1226 86 1262 gis
109 1225 328 1267 glandulosam
350 1232 493 1256 naturam
519 1221 737 1262 ostenderent;
758 1234 822 1265 quo
845 1233 950 1257 autem
973 1234 1039 1256 ma-

35 1263 85 1311 },is
111 1268 318 1308 recedebant,
340 1279 378 1299 eo
403 1268 503 1307 magis
526 1279 541 1299 a
565 1264 750 1307 glandulosa
772 1277 884 1300 natura
906 1267 1039 1309 degene-

37 1322 161 1345 rarent.
187 1312 301 1354 Neque
324 1309 481 1343 absimilia
507 1310 540 1341 in
566 1308 691 1342 sinistro
704 1311 828 1345 narium
844 1321 922 1344 cavo
936 1309 1038 1353 reper-

35 1364 69 1388 ta
93 1355 184 1388 sunt.

81 1410 128 1439 19.
154 1401 205 1432 Ut
228 1398 493 1431 observationem
523 1396 602 1430 lianc
626 1408 664 1430 ex
688 1396 845 1430 Valsalvae
879 1395 1000 1430 schedis
1026 1419 1036 1435 ‚

35 1442 80 1475 ita
105 1441 187 1476 illud
209 1452 248 1474 ex
270 1439 366 1483 ipsius
389 1451 443 1471 ore
467 1441 574 1481 accepi
597 1463 606 1478 ‚
629 1439 658 1472 se
690 1451 766 1473 curn
803 1439 895 1472 aliter
929 1449 1037 1474 certus

35 1485 94 1520 effe
117 1496 180 1519 non
206 1483 306 1526 posset
322 1510 331 1525 ,
353 1493 459 1517 totum
484 1484 608 1525 penitus
633 1483 789 1526 polypum
814 1483 869 1516 suo
882 1481 968 1516 ferro
986 1496 1041 1516 ex-

35 1529 163 1568 scindi,
188 1537 265 1561 tunc
298 1538 335 1561 ne
359 1529 387 1559 is
409 1529 526 1559 iterum
551 1526 722 1569 pullularet
746 1551 758 1566 ,
790 1537 852 1559 non
884 1525 1038 1560 dubitasse

35 1573 176 1614 aliquam
200 1571 292 1604 simul
316 1570 382 1615 ejus
405 1571 457 1603 cui
482 1569 677 1606 adhaereret,
702 1570 784 1602 sedis
805 1570 968 1603 lame-llam
985 1582 1038 1603 au-

36 1615 143 1656 ferre3
167 1625 313 1649 naturam
336 1616 421 1660 enirn
444 1612 536 1646 facile
559 1613 594 1646 id
616 1612 809 1656 pe1·curaffe,
833 1616 865 1646 &
900 1624 964 1647 rem
1000 1625 1038 1647 ex

35 1660 193 1693 sententia
218 1657 399 1691 succeffisse.
423 1657 501 1688 Non
527 1657 664 1698 ignoro,
678 1668 750 1689 cum
764 1657 927 1699 polypus,
947 1658 1039 1700 Ruy-

37 1702 128 1736 schio
150 1701 299 1745 praesente
322 1699 389 1740 (h)
420 1700 620 1734 excideretur
640 1723 652 1740 ‚
688 1704 719 1735 ἃ
738 1702 845 1742 portio
876 1701 1040 1743 cartilagi-

35 1757 92 1780 nea
108 1745 203 1788 fimus
225 1755 294 1777 cum
314 1743 426 1785 polypo
442 1742 646 1785 sequeretur,
672 1755 735 1776 non
759 1743 862 1777 visum
887 1742 948 1777 hoc
981 1743 1040 1786 ipsi

37 1788 213 1827 laudabile,
238 1787 288 1820 sed
302 1787 411 1829 satius
435 1786 489 1831 effe
508 1787 656 1829 polypum
683 1786 845 1820 extrahere
867 1798 936 1821 cum
965 1798 1040 1829 por-

35 1833 119 1865 tione
144 1830 355 1877 integumenti
373 1831 552 1864 interioris.
580 1832 736 1864 Attamen
748 1828 825 1873 quid
837 1839 947 1864 contra
958 1831 1040 1864 Val-

34 1874 127 1909 salvae
151 1877 183 1908 &
207 1873 309 1907 visum
334 1874 395 1913 sit,
420 1876 448 1905 8<
467 1872 663 1914 successerit,
687 1885 750 1907 non
763 1873 962 1908 reticendum
973 1875 1040 1907 exi-

35 1918 181 1951 stimavi.
210 1917 269 1951 Sed
293 1915 471 1958 optandum
495 1917 556 1956 est,
579 1916 672 1950 licere
697 1918 805 1959 potius
830 1920 985 1951 rationem
997 1917 1041 1950 se-

33 1963 91 2005 qui
116 1974 132 1994 a
155 1961 372 1994 Celeberrimo
392 1961 477 1993 'Viro
499 1960 649 1993 Heistero
671 1961 734 2001 (i)
758 1961 897 1994 feliciter
918 1964 950 1994 in
965 1962 1041 1994 No-

33 2005 94 2038 bili
119 2006 264 2038 Foemina
287 2004 583 2046 praemonstratam,
608 2014 686 2045 aut,
709 2015 784 2037 cum
808 2004 841 2038 id
865 2006 1040 2044 nonlicet,

34 2060 143 2082 cavere
166 2048 274 2082 saltem
297 2047 415 2081 funesta
440 2048 583 2090 exempla
605 2048 771 2081 dilacerati
797 2051 903 2082 trunci
927 2048 1040 2082 nasalis

33 2094 183 2136 arreriae,
205 2091 296 2134 cujus
322 2089 424 2124 sedem
449 2092 644 2133 praecipuam
676 2092 762 2126 idem
785 2092 850 2133 (k)
873 2101 1039 2135 propterea

32 2135 216 2173 indicavit,
242 2134 511 2168 Praestantiffimus
533 2143 640 2169 autem
673 2136 825 2169 Hallerus
861 2136 921 2175 (l)
955 2134 1040 2168 sum-

32 2192 105 2216 ma,
133 2189 169 2212 ut
193 2181 321 2212 arterias
345 2187 491 2216 caeteras,
518 2177 686 2221 diligentia
709 2191 782 2212 eum
806 2190 932 2222 quoque
950 2187 1042 2211 trun-

32 2235 106 2258 cum
131 2222 320 2266 proposuit.

78 2278 128 2299 20.
154 2268 229 2308 Ego
250 2277 351 2301 vero3
375 2273 411 2297 ut
445 2265 483 2297 acl
519 2263 687 2307 promissas
719 2262 955 2298 observationes
989 2276 1039 2296 re-

33 2310 149 2346 cleam3
170 2309 267 2342 semel
292 2308 387 2354 initia
412 2308 604 2353 polyporum
629 2307 850 2351 deprehendi,
874 2320 969 2352 eaque
1004 2310 1038 2341 in

32 2353 162 2387 naribus
184 2352 311 2384 intimis
325 2351 497 2395 *cujusdam
530 2349 642 2390 stulti,
665 2351 702 2385 de
725 2350 814 2394 cujus
837 2354 966 2385 cerebro
1000 2351 1038 2385 ad

33 2407 67 2429 te
90 2396 167 2429 alias
190 2399 203 2434 (
226 2407 257 2428 m
276 2398 291 2434 ),
315 2392 440 2435 scripfi.
461 2395 536 2437 jam
560 2395 641 2429 nosti
666 2394 706 2428 ad
729 2397 830 2427 imam
866 2394 1038 2428 Turbina-

33 2449 145 2474 torum
167 2437 278 2472 ossium
301 2448 388 2470 oram
413 2438 582 2477 peculiares
606 2437 756 2481 quasdam
781 2441 813 2471 δε
846 2438 1038 2471 rubicundas

32 2485 160 2517 narium
186 2481 373 2514 membranae
405 2479 489 2513 haud
522 2481 740 2524 infrequentes
769 2481 989 2515 craffitudines
1021 2494 1037 2515 a

33 2538 85 2560 me
109 2525 184 2558 alibi
210 2528 224 2564 (
246 2537 265 2558 n
287 2528 301 2564 )
325 2522 515 2564 adnotatas,
537 2528 570 2557 &
594 2536 652 2567 pro
675 2523 868 2567 glandulofis
891 2523 949 2558 esse
981 2525 1039 2559 ha-

33 2571 134 2604 bitas.
161 2570 198 2601 In
223 2579 261 2601 eo
285 2576 390 2600 autem
412 2565 511 2600 stulto
540 2568 607 2602 vidi
642 2580 691 2601 eas
725 2568 940 2602 crassitudines
976 2581 1037 2611 qua

33 2613 72 2647 ad
97 2612 284 2655 postremam
308 2609 503 2644 Inferiorum
527 2623 638 2646 eorum
661 2612 772 2646 ossium
806 2621 926 2656 partem
959 2615 1036 2646 atti-

32 2656 149 2691 nebant
164 2678 173 2693 ‚
196 2656 231 2688 in
256 2655 393 2688 laxiores
417 2654 585 2688 excrevisse
609 2657 818 2697 carunculas,
849 2655 986 2698 singulas
1018 2668 1034 2691 a

32 2699 164 2743 singulis
187 2700 228 2731 iis
250 2698 360 2731 offibus
386 2696 575 2739 pendentes.
602 2700 691 2736 Quas
715 2712 789 2734 cum
810 2701 845 2732 in
859 2711 1033 2743 quamcun-

31 2756 97 2787 que
122 2753 243 2786 partem
267 2741 466 2780 inciderem3
490 2742 536 2775 ita
559 2743 753 2778 constructas
787 2743 998 2777 animadverti
1023 2767 1033 2782 ‚

32 2797 70 2821 ut
96 2789 181 2820 intra
206 2785 313 2818 album
336 2785 528 2826 reticulum,
553 2785 614 2818 slve
640 2789 740 2820 mavis
763 2789 847 2820 intra
861 2788 947 2820 albos
959 2798 1035 2821 can-

32 2831 131 2864 cellos
153 2828 342 2863 rubicundas
366 2839 447 2861 areas
471 2830 643 2872 complecti
666 2830 870 2865 viderentur.-
894 2842 964 2874 quae
987 2842 1035 2865 res

34 2873 125 2909 fimul
150 2871 369 2915 glandulosam
392 2883 497 2905 earum
522 2873 762 2908 craffitudinum
786 2885 933 2908 naturam
957 2886 1033 2910 con-

33 2916 180 2950 firmabat
195 2940 206 2956 ,
231 2913 323 2949 fimul
346 2915 563 2957 glandulosam
597 2917 825 2961 polyposarum
850 2918 1035 2952 caruncula-

32 2972 103 2994 rum
126 2961 287 3002 originem
308 2957 487 2992 ostendebat
502 2986 509 2992 .
535 2959 589 2993 Ad
612 2960 692 2993 hanc
717 2960 843 2995 fortasse
876 2960 1035 2995 referenda

33 3004 105 3038 sunt
123 3028 134 3044 ,
155 3015 226 3047 quae
250 3003 284 3034 in
308 3001 427 3037 duobus
450 3003 519 3037 aliis
543 3006 638 3044 viris,
662 3003 712 3037 sed
737 3006 807 3039 aliis
829 3007 861 3038 in
887 3004 1033 3045 sedibus,

33 3051 65 3081 ἃ
90 3048 181 3080 aliter
215 3045 243 3078 se
267 3044 436 3086 habentia,
460 3048 671 3081 animadverti
696 3073 703 3080 .
737 3051 775 3081 In
810 3050 911 3081 altero
944 3050 1029 3081 enim

33 3090 71 3124 ad
95 3091 292 3135 superiorem
311 3089 372 3121 nafi
397 3099 514 3131 partem
538 3101 599 3125 tres
633 3101 686 3124 aut
719 3101 858 3135 quatuor
888 3094 972 3125 inter
1005 3092 1033 3125 se

31 3135 144 3168 vicinae
167 3132 252 3176 quasi
278 3131 383 3166 ieffiles
407 3144 539 3169 verrucae
562 3135 796 3176 occurrebant,
819 3146 954 3179 quarum
965 3136 1037 3169 sub-

33 3177 147 3211 stantia
163 3200 173 3215 ,
195 3185 352 3219 quantum
374 3177 405 3207 in
428 3187 534 3211 earum
557 3180 669 3221 exigua
696 3179 869 3212 altitudine
892 3178 1034 3223 judicare

31 3222 153 3263 potui,
175 3219 312 3261 fungosa
335 3218 527 3255 videbatur.
555 3223 656 3255 Erant
690 3221 738 3256 hae
770 3224 803 3255 in
838 3223 933 3256 altera
967 3223 1031 3256 nasi

30 3275 122 3298 cavea
145 3275 243 3306 prope
270 3263 548 3310 foraminulentam
573 3266 725 3299 laminam
748 3267 817 3300 offis
852 3266 1030 3301 ethmoidis

31 3308 66 3340 in
90 3309 188 3350 Septo
209 3307 280 3350 ipso
297 3333 306 3347 ‚
331 3307 352 3339 s1
376 3307 457 3339 recte
482 3311 630 3342 memini.
656 3310 800 3344 Alterius
812 3320 917 3344 autem
938 3311 1025 3351 viri,

32 3352 89 3394 qui
115 3351 312 3394 hydropicus
335 3350 390 3383 ille
414 3348 499 3387 fuit.
523 3352 555 3384 in
578 3365 643 3395 quo
666 3352 829 3388 dexterum
852 3355 1027 3396 Lacryma-

31 3394 94 3428 lem
118 3394 251 3429 ductum
271 3392 441 3434 coaluisse,
465 3394 615 3429 adnotavi
639 3397 723 3439 (o),
745 3409 818 3431 cum
843 3396 938 3440 hujus
959 3399 1024 3431 ori-

31 3436 139 3471 ficium
164 3437 276 3472 duc‘tus
301 3437 413 3471 frustra
445 3449 614 3480 quaererern
639 3451 649 3478 3
681 3441 893 3475 animadverti
917 3467 925 3479 ‚
957 3452 1025 3474 eam

31 3479 144 3515 faciem
165 3482 235 3515 offis
260 3481 436 3514 Turbinati
460 3480 628 3515 Inferioris
643 3502 656 3523 3
678 3485 729 3517 cui
753 3484 847 3518 faciei
859 3484 1023 3518 orificium

30 3523 112 3558 illud
135 3525 235 3568 objici
259 3524 450 3565 consuevit,
475 3534 577 3559 totam
600 3525 697 3560 ferme
722 3551 732 3567 ‚
765 3528 941 3571 praesertim
973 3528 1026 3561 in-

109 3570 279 3612 'Morgagni
290 3569 324 3603 de
337 3569 404 3602 sed.
419 3570 460 3602 (7*
470 3572 492 3602 C
493 3568 556 3612 aus.
568 3569 669 3605 Morb.
683 3572 781 3605 Tom.
796 3574 822 3605 I.

1920 248 2005 293 115

1076 314 1191 349 seriora
1213 313 1340 354 versuS,
1361 312 1515 347 consitam
1539 312 1712 345 tuberculis
1725 309 1984 350 confertissimis,
2007 311 2076 343 for-

1078 370 1128 392 ma
1155 360 1187 391 &
1211 358 1431 398 magnitudine
1454 366 1623 399 granorum
1651 355 1757 394 milii,
1780 353 1836 387 nisi
1858 355 1945 397 quod
1958 356 2076 395 partim

1082 408 1170 434 erant
1194 400 1290 443 paulo
1312 400 1467 442 majores,
1490 398 1656 442 glandulas
1680 399 1804 430 cinereo
1829 398 2078 436 colore‚&hu-

1081 455 1191 482 more,
1215 453 1308 486 quem
1332 443 1436 484 pressae
1460 455 1523 476 non
1548 440 1763 484 paucissimum
1785 441 1997 480 emittebant,
2028 451 2078 473 re-

1083 487 1282 521 ferentibus.
1307 487 1388 519 Erat
1411 488 1438 519 is
1463 487 1578 519 humor
1602 485 1727 523 tenuis,
1753 486 1785 516 &
1809 484 1962 517 inodorus
1989 495 2078 525 aqua:

1081 530 1201 565 instar:
1226 529 1389 563 tubercula
1411 538 1517 563 autem
1540 526 1690 567 dissecta,
1714 524 1768 559 etfi
1802 527 1886 559 mole
1921 525 2079 560 decresce-

1081 575 1157 608 bant
1172 597 1184 614 ‚
1206 584 1270 606 non
1294 581 1396 605 tamen
1419 572 1710 610 oblitterabantur;
1732 569 1782 603 sed
1806 570 1894 603 suam
1917 581 2029 611 magna
2041 581 2080 603 cx

1083 627 1170 660 parte
1192 615 1416 649 conservabant
1439 614 1666 653 substantiam,
1688 625 1757 656 quae
1769 613 1939 650 concolor,
1965 616 2080 655 &pez--

1083 660 1195 694 similis
1217 657 1283 702 ejus
1306 668 1372 691 etat
1397 670 1435 691 ex
1456 671 1517 702 qua
1539 658 1699 691 constabat
1733 655 1908 702 membr-ana
1945 657 2080 697 pituita-

1082 706 1148 737 ria.
1172 705 1286 745 Itaque
1314 700 1438 736 tametsi
1461 702 1631 743 conspicua
1656 700 1762 733 oscula
1795 701 1949 742 nusquam
1982 710 2081 742 appa-

1079 747 1210 785 rebant3
1233 757 1266 779 ea
1289 745 1452 779 tubercula
1475 744 1558 777 nihil
1581 743 1637 776 effe
1661 743 1747 776 aliud
1763 768 1771 781 ,
1795 741 1851 775 nisi
1877 743 1981 776 auctas
1993 742 2084 789 glan-

1080 790 1169 823 dulas
1191 788 1389 827 existimavi,
1415 799 1551 832 quarum
1576 788 1712 829 aliquae‚
1738 797 1772 820 ut
1797 797 1859 828 prae
1882 787 2082 827 caeteriSJam

1081 831 1348 875 grandescebant,
1372 832 1435 869 fic,
1459 830 1612 864 crescente
1636 831 1694 863 illo
1717 842 1781 873 quo
1803 827 2082 875 distendebantur,

1082 871 1241 915 humore,
1263 875 1357 908 facile
1381 877 1415 908 in
1441 875 1622 908 carunculas
1646 872 1767 916 possent
1805 875 1978 906 excrescere
2000 898 2006 906 .
2042 874 2082 905 ln

1083 929 1198 953 neutro
1221 918 1336 952 horum
1360 918 1530 952 hominum
1552 929 1627 952 cum
1652 917 1790 958 reliquos
1815 927 1923 949 omnes
1947 916 2085 949 interio-

1083 965 1127 996 ris
1151 960 1214 995 nasi
1237 964 1370 1004 parietes
1393 961 1565 1004 diligenter
1588 960 1774 1002 inspicerem
1793 983 1806 999 ‚
1830 959 1959 1002 usquam
1981 982 1991 997 ‚
2025 957 2085 992 nifi

1085 1007 1140 1040 ubi
1166 1005 1256 1041 dixi,
1277 1017 1415 1039 verrucae
1434 1029 1447 1046 ,
1471 1013 1523 1037 aut
1548 1004 1710 1038 tubercula
1734 1013 1857 1044 reperta
1882 1002 1972 1036 sunt.

1130 1060 1181 1083 21.
1206 1048 1391 1091 Antequam
1414 1048 1453 1080 ab
1475 1056 1617 1079 extremo
1642 1048 1697 1079 IX.
1716 1045 1963 1079 Observationis
1988 1043 2087 1079 Scho-

1087 1094 1135 1126 lio
1159 1090 1357 1128 recedamus,
1379 1092 1414 1124 in
1437 1102 1503 1135 quo
1527 1102 1579 1122 vas
1604 1090 1641 1122 ab
1664 1090 1799 1121 Stenone
1824 1090 2087 1122 inventumcom-

1088 1145 1311 1174 memoratur,
1335 1146 1375 1167 ex
1397 1145 1493 1176 eoque
1516 1135 1613 1166 etiam
1649 1132 1814 1165 stillicidia
1845 1134 1971 1165 narium
2003 1143 2089 1173 repe-

1090 1189 1205 1214 tuntur
1223 1189 1237 1218 ‚·
1270 1189 1366 1220 quam
1388 1177 1536 1210 vellemus
1560 1199 1570 1214 ‚
1603 1185 1639 1209 ut
1663 1183 1820 1219 quantum
1841 1175 1896 1220 ille
1932 1174 2020 1218 (p)
2053 1176 2089 1207 in

1092 1223 1207 1256 ovibus
1234 1246 1242 1261 ,
1274 1221 1349 1263 styli
1372 1220 1523 1254 videlicet
1557 1230 1658 1261 capax
1682 1241 1692 1257 ‚
1725 1217 1893 1261 proposuit
1916 1242 1928 1259 ,
1961 1226 2090 1252 tantum

1090 1270 1125 1300 in
1160 1264 1345 1299 hominibus
1377 1275 1504 1307 quoque
1537 1263 1670 1306 reperire
1695 1261 1750 1295 alii
1776 1259 1949 1305 potuissent
1976 1286 1983 1293 .
2018 1263 2089 1295 Nec

1089 1321 1165 1343 vero
1188 1308 1220 1341 id
1245 1309 1320 1341 dico
1351 1307 1394 1340 ob
1427 1305 1508 1340 illud
1542 1304 1771 1340 tantummodo
1793 1329 1806 1346 ‚
1837 1315 1874 1338 ut
1906 1303 1949 1338 fic
1979 1306 2085 1348 expli-

1089 1354 1154 1388 cari
1200 1351 1328 1385 facilius
1373 1349 1473 1394 posset
1505 1348 1688 1383 observatio
1720 1349 1879 1381 Salmuthi
1905 1373 1916 1389 ‚
1949 1349 2005 1391 qui
2036 1361 2092 1382 na·-

1090 1409 1137 1431 rcs
1183 1395 1265 1430 vidit
1299 1394 1553 1438 quemadmodum
1584 1393 1659 1434 aljis
1686 1392 1836 1435 sanguine
1862 1391 2017 1433 stillant,
2051 1391 2094 1425 sic

1085 1440 1209 1484 pituita
1249 1439 1337 1473 tenui
1369 1438 1491 1471 cuidam
1508 1436 1629 1477 stillare
1655 1437 1811 1478 integram
1834 1436 1973 1468 triduum
1998 1460 2006 1475 ,
2035 1445 2096 1477 per

1091 1482 1261 1518 intervalla
1286 1490 1413 1522 tamen,
1437 1479 1516 1514 sicut
1539 1481 1573 1512 in
1598 1477 1806 1522 Sepulchreto
1829 1477 1899 1521 ipso
1921 1481 1935 1517 (
1958 1478 1978 1520 q
1997 1483 2011 1518 )
2048 1479 2093 1510 ΙΕ-

1091 1528 1173 1569 geris
1198 1551 1205 1558 .
1243 1525 1302 1559 Sed
1328 1524 1522 1567 potiffimum
1547 1523 1623 1557 dico
1644 1523 1687 1555 ob
1710 1522 1818 1555 multo
1844 1523 1945 1556 rarius
1969 1521 2095 1555 stillici-

1090 1571 1181 1603 dium
1203 1571 1236 1602 in
1260 1567 1422 1602 leffiffima
1446 1569 1568 1600 Veneta
1594 1566 1756 1606 Mulier-e,
1779 1577 1839 1607 pro
1862 1577 1923 1607 qua
1942 1566 1984 1599 A.
2000 1576 2095 1609 1745.

1091 1614 1147 1647 sub
1168 1613 1263 1659 Junii
1285 1611 1381 1645 finem
1401 1610 1563 1644 consultus
1587 1609 1655 1643 sum
1678 1633 1686 1641 .
1722 1611 1775 1642 Ex
1797 1620 1862 1651 quo
1895 1610 1982 1643 enim
2019 1620 2097 1653 pro-

1091 1658 1178 1690 xima
1202 1657 1316 1698 hyeme
1339 1665 1459 1697 coryza
1494 1654 1690 1687 laboraverat
1729 1664 1803 1686 curn
1835 1652 1996 1697 frequenti
2029 1654 2098 1686 acri

1091 1700 1262 1734 stillicidio
1285 1711 1300 1732 e
1325 1709 1397 1731 nare
1419 1697 1586 1731 dumtaxat
1610 1696 1752 1737 sinistra,
1775 1696 1843 1737 post
1865 1706 2000 1734 caetera,
2023 1697 2100 1730 bre--

1091 1746 1123 1777 vi
1149 1744 1268 1778 sublata
1283 1768 1292 1783 ,
1314 1740 1542 1781 incommoda,
1566 1741 1605 1773 ab
1628 1740 1737 1773 codem
1759 1738 1823 1782 jam
1833 1741 1939 1783 plures
1955 1739 2070 1775 menses
2083 1764 2101 1779 ,a

1091 1787 1234 1822 indidem
1258 1787 1379 1829 semper
1401 1808 1410 1822 ‚
1445 1784 1622 1831 stillicidio,
1637 1785 1718 1817 male
1741 1783 1848 1818 haberi
1882 1795 2059 1828 perrexerat
2083 1809 2096 1825 ‚

1092 1840 1225 1874 tumque
1250 1831 1346 1863 ctiam
1371 1829 1539 1873 pergebat,
1566 1829 1624 1862 nist
1646 1827 1735 1871 quod
1759 1827 1848 1861 fimus
1871 1840 1945 1863 curn
1977 1840 2098 1872 coryza

1090 1875 1241 1908 omnibus
1265 1873 1418 1908 acredinis
1440 1873 1568 1907 indiciis
1593 1871 1779 1906 abeuntibus
1796 1897 1803 1911 ,
1829 1872 1932 1914 postea
1956 1881 2057 1915 guttae
2083 1896 2101 1912 5,

1091 1919 1188 1953 instar
1212 1930 1299 1962 aquae
1324 1917 1478 1960 purissimi
1503 1916 1629 1956 fontis,
1652 1916 1837 1949 excidebant
1850 1928 1883 1949 ea
1896 1915 2073 1959 frequentia
2084 1940 2103 1954 ,a

1094 1972 1128 1996 ut
1155 1963 1263 2006 unciaef
1282 1960 1453 1995 dimidium
1477 1960 1608 2003 singulis
1630 1971 1788 2002 aequarent
1813 1958 1901 1994 horis
1918 1984 1929 2001 ‚
1961 1961 2097 1993 muliere.

1092 2006 1223 2048 quidem
1247 2005 1312 2038 nen
1335 2005 1563 2043 decumbente3
1587 2014 1661 2037 nam
1682 2002 1888 2037 decumbente
1912 2027 1921 2041 ‚
1955 2015 2008 2047 per
2041 2015 2097 2037 na-

1090 2049 1112 2083 fi
1137 2049 1306 2092 posteriora
1330 2047 1491 2082 foramina
1515 2049 1548 2081 in
1574 2047 1678 2081 fauces
1704 2048 1809 2081 multo
1832 2049 1973 2089 minori,
1997 2059 2097 2091 quan-

1092 2102 1164 2126 tum
1196 2091 1356 2134 conjicere
1389 2091 1503 2125 licebat
1526 2115 1539 2132 ,
1570 2092 1664 2134 copia
1697 2091 1899 2125 divertebant
1925 2104 1933 2125 .·
1970 2091 2096 2135 jamque

1093 2136 1238 2170 mulieris
1263 2135 1415 2175 habitus,
1439 2146 1552 2169 natura
1578 2136 1727 2178 plenior,
1758 2137 1923 2170 extenuari
1957 2137 2099 2179 incipie-

1092 2180 1147 2213 bat
1171 2203 1184 2219 ,
1216 2178 1299 2212 nihil
1323 2181 1459 2213 omnino
1483 2178 1725 2221 proficientibus
1759 2179 1889 2213 auxiliis
1910 2205 1920 2220 ,
1950 2192 2021 2223 quae
2056 2191 2071 2211 a

1093 2222 1301 2256 minuendum
1325 2222 1526 2256 stillicidium
1550 2234 1566 2254 a
1590 2222 1728 2256 Medicis
1741 2222 1999 2257 Praestantiffimis
2022 2233 2097 2257 tum

1091 2266 1235 2300 exhibita
1256 2289 1267 2305 ,
1301 2275 1370 2300 tum
1403 2266 1547 2300 adhibita
1586 2263 1711 2300 fuerant
1734 2291 1742 2299 .
1874 2267 2097 2301 Veruntamen

1089 2309 1177 2353 quod
1200 2320 1255 2352 per
1277 2321 1376 2343 unum
1402 2310 1593 2352 ampliorem
1615 2310 1754 2343 canalem
1775 2333 1786 2350 2
1810 2309 1898 2353 cujus
1930 2309 2094 2344 orificium

1090 2355 1231 2386 laxatum
1256 2353 1350 2394 esset,
1373 2353 1501 2387 facilius
1525 2353 1668 2395 intelligi
1693 2352 1870 2396 potuisset,
1895 2365 1949 2396 per
1979 2366 2093 2398 quam-

1089 2398 1227 2440 plurima
1252 2398 1394 2430 tenuiora
1419 2396 1526 2430 oscula
1551 2406 1663 2439 praeter
1698 2397 1830 2430 modum
1865 2399 2007 2439 patentia
2039 2410 2093 2431 ex-

1090 2441 1249 2483 plicatum
1269 2441 1333 2481 est,
1357 2453 1427 2483 quae
1460 2441 1608 2482 videlicet
1635 2438 1809 2479 ¹humorem
1839 2450 1928 2475 antea
1963 2442 2092 2475 emitte-

1089 2492 1158 2517 rent
1180 2507 1193 2524 ‚
1229 2495 1324 2525 quam
1347 2494 1530 2526 opportuna
1556 2493 1645 2516 mora
1668 2484 1814 2526 plurimae
1848 2496 1953 2528 aqueae
1988 2487 2090 2529 parti-

1088 2528 1168 2561 culae
1194 2527 1263 2559 aliae
1296 2527 1492 2567 avolarent,
1527 2527 1596 2560 aliae
1631 2527 1664 2558 in
1702 2526 1884 2570 sanguinem
1916 2529 2055 2563 redirent
2082 2544 2090 2564 :

1088 2569 1384 2614 commendatisque
1409 2572 1550 2613 primum
1573 2582 1642 2613 qua:
1668 2569 1705 2604 ad
1731 2572 1805 2605 alias
1828 2573 1896 2605 vias
1919 2571 2090 2608 humorem

1090 2613 1274 2652 avocando,
1298 2616 1425 2648 narium
1448 2615 1658 2648 membranam
1682 2614 1869 2654 allevarent‚
1895 2625 1966 2651 tum
2000 2617 2090 2651 dein-

1087 2657 1126 2691 de
1148 2670 1218 2702 quae
1240 2657 1318 2692 huic
1342 2659 1500 2692 retinendi
1534 2659 1603 2691 vim
1634 2657 1743 2692 sensim
1774 2658 1973 2694 restituerent
2005 2662 2089 2694 inte.

1085 2704 1151 2734 rius
1175 2725 1185 2740 ‚
1220 2701 1417 2746 exteriusque
1451 2702 1624 2745 praesertim
1660 2714 1714 2745 per
1744 2701 1857 2736 idonea
1881 2726 1890 2742 ‚
1933 2707 1966 2737 &
1997 2715 2088 2739 caute

1086 2744 1267 2779 adhibenda
1291 2743 1502 2789 sustbmigia,
1534 2744 1715 2788 praescripta
1748 2745 1819 2780 sunt
1844 2770 1856 2787 ,
1888 2748 2089 2792 analogismo

1086 2790 1120 2821 in
1144 2788 1287 2822 rariffimi
1311 2787 1438 2824 affectus
1462 2790 1623 2823 curatione
1648 2790 1685 2823 ab
1708 2790 1748 2823 iis
1770 2789 1908 2823 deduCto
1930 2803 2000 2833 qnae
2031 2792 2087 2826 ad-

1085 2833 1188 2867 versus
1212 2832 1498 2877 frequentiffimum
1527 2856 1541 2873 ,
1586 2842 1663 2875 puta
1710 2833 1844 2867 fluorem
1888 2836 2049 2869 uterinum
2072 2859 2087 2876 ,

1085 2877 1287 2919 opitulantur
1322 2901 1330 2908 .
1378 2875 1587 2911 Stillicidium
1643 2876 1747 2918 postea
1794 2876 1900 2911 audivi
1935 2902 1947 2919 ‚
2001 2879 2085 2913 lente

1086 2918 1165 2953 adeo
1189 2921 1398 2954 imminmum
1425 2944 1436 2960 ‚
1470 2930 1506 2954 ut
1530 2920 1632 2963 plures
1668 2919 1737 2963 post
1771 2920 1889 2954 menses
1921 2923 2047 2956 duraret
2073 2950 2083 2964 ,

1083 2964 1168 2996 intra
1192 2965 1264 2997 anni
1289 2965 1417 2997 circiter
1440 2964 1579 3006 spatium
1610 2963 1747 3006 denique
1781 2963 1877 2999 finem
1909 2965 2048 3001 habuisse
2072 2993 2081 2999 .

1086 3008 1197 3041 Multo
1220 3007 1347 3040 uberius
1371 3019 1465 3049 quam
1507 3009 1569 3042 hoc
1592 3031 1604 3049 ,
1636 3007 1839 3042 stillicidium
1862 3032 1875 3050 ‚
1914 3019 1950 3044 ut
1975 3009 2082 3053 spatio

1085 3051 1203 3093 viginti
1227 3052 1358 3093 quinque
1380 3051 1523 3086 horarum
1544 3076 1556 3093 ‚
1590 3052 1716 3085 circiter
1735 3053 1856 3095 viginti
1873 3054 2082 3098 purzffimila-

1089 3094 1163 3126 ticis
1209 3095 1303 3129 unciae
1347 3094 1382 3128 de
1415 3096 1536 3130 narium
1567 3095 1674 3129 dextra
1707 3095 1933 3136 destinaverint
1954 3122 1966 3139 ‚
1999 3098 2082 3136 leges

1088 3137 1220 3180 quidem
1244 3138 1325 3180 apud
1351 3138 1503 3172 Bidloum
1525 3142 1539 3178 (
1561 3142 1613 3185 r.)
1635 3163 1642 3171 .
1679 3140 1801 3173 Verum
1825 3139 1858 3173 id
1881 3152 1919 3174 ex
1942 3137 2081 3183 gravisfi-

1085 3191 1157 3219 ma,
1184 3182 1222 3216 ab
1244 3182 1399 3214 exteriore
1421 3182 1532 3223 causa,
1554 3181 1692 3225 eiusdem
1715 3184 1798 3216 naris
1821 3183 1945 3217 laesione
1963 3207 1976 3224 ,
1999 3184 2083 3218 unde

1083 3225 1173 3258 ulcus
1195 3249 1208 3266 ‚
1240 3226 1385 3269 quamvis
1407 3226 1592 3260 leviffimum
1616 3250 1628 3267 ,
1661 3236 1766 3260 totam
1789 3228 1876 3261 intus
1899 3238 2078 3269 occupave-

1082 3278 1133 3302 rat
1157 3292 1169 3309 ,
1202 3272 1233 3302 &
1268 3279 1345 3301 mox
1381 3268 1497 3303 humor
1519 3269 1670 3308 turbidus
1703 3269 1803 3304 factus
1825 3295 1838 3311 ‚
1868 3273 1900 3303 &
1931 3271 2077 3306 turundae

1079 3312 1212 3351 inditae,
1237 3323 1312 3354 pure
1335 3313 1504 3355 conspersae
1527 3313 1648 3347 eduetae
1673 3313 1743 3347 sunt
1768 3338 1775 3345 .
1801 3316 1858 3347 Per
1879 3326 1955 3357 quas
1978 3338 1991 3355 ,
2013 3316 2076 3347 im-

1078 3355 1166 3390 miffa
1189 3379 1202 3397 ,
1237 3355 1415 3399 injectaque
1438 3356 1666 3391 medicamenta
1689 3358 1760 3389 cito
1780 3356 1963 3392 cohibitum
1985 3356 2079 3391 stilli-

1077 3400 1222 3433 cidium.-
1246 3409 1328 3446 :xe-ger
1352 3411 1455 3433 autern
1478 3401 1547 3443 post
1569 3399 1766 3434 vehementia
1789 3410 1859 3434 tum
1869 3402 1988 3439 initio,
2004 3411 2077 3435 tum

1075 3443 1179 3484 postea
1201 3443 1372 3485 conjuneta
1395 3444 1498 3484 mala,
1520 3446 1605 3478 intra
1628 3444 1767 3486 septem,
1790 3454 1844 3478 ant
1868 3445 1945 3479 osto
1956 3445 2074 3479 menses

1075 3488 1118 3521 est
1139 3496 1284 3521 mortuus
1298 3511 1306 3518 .

1120 3541 1171 3565 22.
1185 3532 1344 3564 Proximae
1355 3531 1424 3566 sunt
1438 3531 1647 3574 graveolentis
1660 3529 1823 3565 saniosaeve
1836 3533 1975 3609 matetssiae
1995 3542 2070 3574 pro-

1583 3577 1608 3607 Ρ
1654 3585 1671 3607 2
1957 3586 2034 3609 eun-

30 3657 2084 3681 Q

142 3729 153 3754 )
170 3727 224 3750 Vol.
246 3734 266 3751 i.
329 3725 373 3757 (g
388 3723 398 3756 Ὶ
413 3726 442 3750 Α.
459 3734 526 3758 ¹731-
543 3725 649 3755 Sveeim.
666 3733 702 3754 45.
720 3733 744 3751 n.
760 3735 784 3757 4,

150 3759 165 3785 )
180 3758 274 3783 Dissert.
290 3758 319 3783 de
336 3760 408 3782 Anat.
425 3757 485 3786 maj.
501 3760 525 3783 in
542 3758 614 3783 Chir.
630 3757 713 3781 necess.
729 3764 753 3782 c.
770 3767 791 3784 1.
809 3768 833 3784 n.
849 3768 875 3784 2.

142 3788 165 3848 ³)
179 3790 275 3814 Advers.
291 3791 365 3814 Anat.
383 3794 407 3812 ⁶.
425 3789 506 3813 Anim.
524 3791 562 3815 88.
579 3789 605 3813 in
621 3787 663 3812 fin.

361 3819 367 3825 v
535 3821 540 3825 ·
727 3789 737 3819 (
753 3797 766 3813 ο
780 3792 792 3819 )
807 3792 879 3822 Epist.
899 3800 934 3823 13.
950 3801 975 3818 n.
993 3801 1032 3822 ²7.

171 3821 228 3846 Dec.
243 3828 265 3846 ².
282 3823 389 3846 Exercit.
405 3821 479 3846 Anat.
496 3822 561 3846 Chir.
578 3828 605 3850 7·
1025 3853 1033 3856 „

847 3731 861 3758 (
875 3731 890 3754 b
906 3732 920 3761 )
936 3731 1009 3757 Thes.
1028 3734 1105 3761 Anat.
1121 3741 1143 3762 3«
1161 3742 1187 3759 n.
1201 3736 1240 3758 80.

936 3764 950 3791 (
965 3762 976 3785 Ι
991 3764 1000 3791 )
1015 3764 1046 3788 ²⁰1
1064 3765 1169 3792 Praelest,
1187 3766 1276 3791 Boerh.
1293 3766 1318 3790 in
1337 3766 1410 3791 Instit-
1428 3766 1451 3796 §.
1468 3776 1524 3798 494.
1543 3774 1595 3792 not·
1611 3775 1623 3791 e

1304 3725 1368 3765 (i)
1385 3735 1464 3760 Instit.
1481 3737 1549 3762 ehir.
1567 3739 1593 3761 P.
1610 3743 1631 3760 ι.
1649 3737 1671 3760 S.
1692 3745 1713 3761 ι.
1730 3744 1751 3761 e.
1767 3746 1805 3766 7¹·
1823 3746 1847 3762 n.
1863 3747 1887 3768 7.

1685 3768 1698 3797 (
1714 3776 1736 3791 m
1754 3767 1768 3796 >
1788 3768 1862 3797 Epist.
1881 3772 1901 3794 8.
1919 3778 1943 3795 n.
1964 3778 2001 3796 11.

1097 3798 1105 3828 (
1121 3802 1138 3825 ρ
1157 3797 1171 3825 )
1186 3798 1222 3822 De
1237 3798 1352 3823 Grande».
1369 3806 1397 3823 n.
1411 3790 1436 3821 ἑ.
1498 3799 1507 3829 (
1525 3808 1539 3829 q
1556 3799 1568 3828 2
1585 3798 1646 3823 Seth
1665 3804 1699 3827 17.
1718 3799 1827 3828 Append.
1852 3808 1877 3825 2.
1903 3802 1936 3826 ad
1958 3801 2017 3827 Obs-
2036 3809 2075 3827 ιο-
