2498 4075
418 165 516 219 206

353 241 505 277 sentiret.
639 239 761 273 Verum
784 236 839 269 etsi
863 235 964 274 hanc,
990 231 1105 266 aliasve
1128 240 1278 274 praeterea
1291 240 1365 263 cau-

355 288 402 321 sas
425 283 562 331 proferri
587 281 748 315 interdum
773 279 884 323 posse,
908 289 963 311 nec
986 275 1049 309 fine
1070 277 1137 307 veri
1171 271 1363 308 similitudi-

356 342 417 370 ne,
439 327 581 362 censeam
596 351 606 367 ‚
628 336 685 358 cur
709 318 1134 368 peripneumoniciquidam
1144 319 1272 352 austum
1284 315 1361 349 adeo

355 372 521 417 pulmonis
545 368 669 412 pondus
694 379 757 400 non
783 366 988 409 percipiant,
1013 374 1062 396 me
1085 372 1190 395 tamen
1214 360 1360 393 fateorin

355 427 467 449 eorum
491 412 654 446 nonnullis
679 410 772 454 hujus
796 410 841 441 rei
864 407 1011 445 causam,
1035 418 1107 448 quae
1131 403 1212 437 mihi
1228 402 1360 446 quidem

356 460 434 493 satis
458 458 604 500 placeat,
628 466 693 488 non
716 454 821 487 videre
847 475 859 491 ‚
893 451 1060 492 multoque
1092 450 1190 482 etiam
1222 448 1326 479 minus
1351 468 1359 482 ,

355 513 413 536 cur
434 509 548 534 caetera
562 498 659 540 hujus
684 497 789 531 morbi
813 494 899 537 signa
922 494 988 538 ipsa
1013 504 1141 535 quoque
1166 490 1284 533 partim
1306 489 1361 521 de-

356 546 441 585 sint,
466 544 587 587 partim
612 543 692 575 levia
719 540 819 578 adeo,
842 541 873 570 ἃ
898 538 1032 570 obscura
1055 534 1142 575 sint,
1165 542 1200 566 ut
1224 534 1364 566 vixcum

356 588 555 622 inevitabilis
579 596 665 618 mors
688 585 754 626 jam
777 582 926 614 imminet
942 604 953 620 ‚
977 591 992 611 a
1019 578 1158 612 Medicis
1177 600 1188 616 ‚
1221 578 1291 608 imo
1328 586 1365 607 ne

357 643 426 672 tum
449 630 582 673 quidem
608 636 836 669 nonnunquam
853 647 864 663 ‚
889 624 939 656 sed
964 631 1090 655 tantum
1114 619 1182 664 post
1203 617 1366 652 diss'effcio-

355 687 429 709 nem
452 673 662 716 cognoscatur
687 695 694 702 .
830 667 990 707 Intelligis
1012 689 1024 706 ,
1056 677 1105 697 me
1137 663 1174 695 de
1209 674 1240 695 re
1274 661 1366 703 loqui

356 718 492 752 maximi
517 716 695 750 momenti,
719 715 750 745 &
775 711 863 754 cujus
889 720 998 749 norm,
1021 717 1115 751 atque
1138 706 1258 739 indicia
1290 705 1366 737 dili-

356 760 532 805 gentiffime
555 758 617 791 fint
640 754 826 800 quaerenda,
853 765 886 785 ac
912 750 1170 795 pervestiganda,
1194 748 1367 791 ursiquan-

359 805 403 837 do
428 803 575 842 incidat,
600 801 695 833 liceat
719 798 846 830 noscere
862 820 875 836 ‚
898 800 930 829 &
952 795 1027 828 satis
1051 804 1195 836 tempore
1219 802 1366 825 occurre-

357 859 410 880 re.
437 849 547 888 Atque
571 847 699 878 utinam
722 841 892 879 Vallalva‚
915 851 930 871 a
953 850 1019 882 quo
1044 839 1181 880 primam
1205 834 1300 877 liujus
1324 835 1368 868 rei

356 891 555 924 mentionem
580 888 688 921 audivi
707 907 716 922 ‚
740 885 773 916 in
799 883 860 917 suis
882 894 1009 925 quoque
1036 880 1160 915 schedis
1170 889 1369 912 commemo-

356 932 469 972 resset,
494 931 648 975 fignisque
673 927 838 961 nonnullis
862 923 1063 968 defignaffet.
1089 921 1286 958 Verumfive
1298 920 1366 955 haec

360 977 403 1010 ob
426 976 554 1010 casuum
581 975 749 1007 raritatem
773 970 1021 1004 animadvertere
1045 992 1054 1008 ‚
1091 967 1149 1001 nisi
1182 967 1276 1008 aegris
1305 964 1370 1009 jam

361 1020 557 1061 desperatis,
579 1029 643 1052 non
667 1015 776 1059 potuit
790 1039 802 1055 ,
822 1013 882 1046 five
906 1012 1131 1047 animadvertit
1142 1010 1296 1054 quidem,
1321 1007 1371 1041 sed

365 1063 530 1106 postremis
554 1062 667 1100 annis,
689 1070 765 1093 cum
787 1057 939 1090 videlicet
963 1056 1085 1090 affiduis
1110 1053 1295 1097 prohibitus
1316 1063 1372 1084 oc-

361 1106 613 1150 cupationibus,
635 1105 693 1136 vix
717 1102 856 1144 amplius
873 1100 1051 1144 quidquam
1074 1097 1256 1140 ejusmodi,
1279 1094 1373 1128 char-

358 1153 403 1183 tis
429 1149 619 1185 mandabat3
643 1146 727 1180 nihil
751 1155 837 1178 certe
861 1146 894 1177 in
918 1143 982 1186 ejus
1007 1143 1135 1184 scriptis
1161 1142 1293 1181 reperire
1317 1150 1376 1180 po-

361 1197 411 1227 tui
437 1193 525 1235 quod
551 1192 613 1226 huc
640 1191 811 1223 attineret.
838 1189 946 1230 Igitur
981 1185 1068 1229 quod
1104 1185 1143 1217 ab
1176 1183 1246 1226 ipso
1282 1181 1373 1215 audi-

356 1240 389 1270 vi
417 1260 424 1274 ‚
461 1240 493 1270 &
527 1247 587 1278 ego
620 1234 688 1266 vidi
715 1255 724 1270 ,
760 1231 1030 1270 communicabo,
1058 1241 1073 1262 a
1097 1228 1184 1261 brevi
1210 1227 1370 1269 incipiens

354 1280 487 1314 historia
513 1302 521 1316 ‚
556 1276 647 1319 cujus
679 1287 747 1308 eam
782 1285 905 1317 partem
940 1285 1012 1316 quae
1046 1272 1085 1305 ad
1119 1269 1270 1304 morbum
1303 1269 1370 1310 spe-

354 1326 420 1357 &at
445 1347 453 1362 ,
491 1321 645 1355 Valsalva
678 1320 851 1356 narravit3
889 1329 960 1360 quae
994 1325 1101 1349 autem
1136 1314 1175 1349 ad
1205 1312 1371 1347 disl'ec‘tio-

357 1375 452 1405 nem,
477 1367 569 1400 illam
593 1375 669 1397 vero
692 1363 760 1406 ipse
784 1360 879 1402 vidi,
903 1371 937 1394 ut
961 1362 1016 1402 qui
1039 1370 1114 1393 cum
1138 1357 1288 1393 Valsalva
1320 1366 1372 1388 ca-

363 1411 459 1445 daver
484 1410 592 1444 secui.
1075 1418 1077 1425 ν

409 1466 457 1487 11.
493 1451 786 1487 FRANCISCUS
821 1447 1093 1481 CORALLIUS
1129 1442 1337 1478 Bononienfis
1360 1465 1374 1482 ‚

356 1500 421 1543 jam
445 1497 536 1531 senex
554 1520 565 1536 ,
589 1493 765 1528 catari-hali
789 1491 981 1531 affeftione,
1000 1499 1036 1524 ut
1059 1490 1207 1523 homines
1231 1486 1264 1520 id
1297 1495 1373 1519 zeta-

355 1545 399 1576 tis
425 1541 558 1580 solent,
582 1539 635 1572 sed
660 1539 720 1570 levi
746 1538 826 1569 adeo
851 1536 884 1566 in
909 1534 1043 1576 speciem
1066 1532 1269 1565 detinebatur
1293 1556 1302 1570 ‚
1334 1538 1371 1563 ut

356 1598 395 1620 ne
418 1585 551 1627 dignam
579 1581 713 1625 quidem
736 1578 876 1613 crederet
914 1579 958 1610 ob
992 1589 1088 1620 quain
1120 1575 1288 1610 Medicum
1322 1585 1371 1606 ac-

355 1628 538 1664 cersendum
563 1635 710 1659 curaret.
738 1626 854 1665 Itaque
876 1621 949 1654 casu
976 1620 1097 1654 factum
1122 1619 1164 1653 est
1183 1645 1192 1659 ‚
1225 1627 1261 1651 ut
1295 1629 1369 1650 cnm

357 1672 511 1718 postridie
533 1669 633 1703 domo
654 1670 740 1701 exire
762 1667 923 1708 cogitaret
947 1686 955 1701 ‚
979 1664 1161 1697 domesticis
1195 1671 1300 1696 autem
1335 1659 1369 1693 id

357 1728 453 1761 aequo
478 1713 636 1749 maturius
661 1710 848 1748 videi-etur,
883 1709 922 1740 ab
960 1707 1010 1740 his
1045 1706 1198 1739 Valsalva
1236 1713 1370 1747 rogatus

357 1761 420 1801 fit,
444 1768 480 1793 ut
506 1757 670 1792 hominem
693 1753 751 1787 fibi
776 1761 911 1790 notum,
946 1754 979 1784 δε
1024 1750 1216 1784 familiarem
1262 1749 1371 1781 obiter

359 1804 476 1838 viseret
499 1824 507 1839 ‚
540 1801 582 1834 ab
603 1810 704 1841 eoque
728 1796 865 1831 consilio
899 1794 1067 1828 abduceret
1091 1819 1097 1825 .
1137 1794 1237 1827 Venit
1269 1793 1372 1834 igitur

359 1847 518 1890 postridie
542 1855 654 1883 mane,
679 1845 710 1874 &
734 1854 766 1875 ea
792 1839 1018 1873 animadvertit
1042 1837 1188 1876 indicia,
1210 1847 1280 1879 quae
1315 1834 1374 1867 sibi

357 1894 394 1926 in
417 1888 612 1935 quibusdam
636 1887 708 1918 aliis
733 1883 890 1927 ejusmodi
915 1880 1035 1914 casibus
1059 1881 1211 1913 adnotata
1234 1879 1376 1910 vicinam

360 1945 523 1972 mortem,
549 1939 662 1974 praetet
697 1928 888 1962 adstantium
926 1927 1114 1968 opinionem
1135 1946 1148 1963 ‚
1180 1920 1376 1964 :significave-

359 1989 451 2013 rant.
480 1973 702 2018 Qarnobrem
726 1972 878 2005 sevocatis
903 1968 1106 2007 domesticis,
1128 1965 1212 1999 nihil
1237 1965 1299 1997 tale
1325 1964 1375 1998 su-

359 2020 556 2066 spicantibus
571 2044 580 2059 ,
605 2016 684 2060 quid
708 2017 897 2053 immineat,
921 2012 1080 2045 continuo
1102 2007 1321 2047 demonstrat,
1343 2013 1376 2040 ὅς

358 2065 503 2111 quamvis
527 2074 610 2105 aeger
633 2060 758 2093 nullum
782 2059 815 2091 in
839 2057 971 2090 thot-aee
994 2053 1054 2088 five
1077 2063 1281 2096 gravantem,
1315 2050 1376 2083 sive

360 2116 553 2155 pungentem
576 2104 723 2139 dolorem
747 2102 903 2145 percipiat
918 2122 927 2136 ‚
951 2100 1020 2131 imo
1043 2097 1102 2130 fibi
1125 2096 1191 2139 ipse
1214 2095 1287 2128 satis
1321 2094 1374 2126 be-

361 2166 399 2188 ne
423 2152 537 2186 habere
562 2148 739 2183 videatur3
764 2155 870 2178 tamen
894 2143 1059 2186 pulmonis
1083 2140 1340 2174 inflammatione
1362 2161 1375 2178 ,

361 2209 455 2239 eaque
480 2195 542 2238 jam
555 2193 735 2234 desperata,
760 2188 882 2228 teneri,
906 2185 1077 2220 confirmat
1094 2208 1101 2215 .
1127 2182 1376 2217 Praediffionem

362 2238 589 2283 comprobavit
637 2241 798 2271 eventus;
842 2242 916 2264 nam
949 2231 1034 2262 intra
1058 2226 1231 2261 duodecim
1256 2225 1376 2266 horas,

363 2294 418 2320 aut
445 2295 481 2316 eo
504 2282 603 2315 citius
627 2288 714 2311 mors
739 2277 866 2317 ingruit
890 2299 897 2305 .
923 2272 1037 2306 Morbi
1070 2280 1175 2305 autem
1208 2269 1377 2312 cognitio-

364 2340 436 2364 nem
463 2326 563 2359 sceno
585 2321 743 2357 cadaveris
767 2317 992 2351 confirmavit.
1127 2313 1377 2347 ·THORACE

366 2373 453 2406 enim
477 2378 586 2411 aperto
612 2391 621 2405 ,
656 2364 766 2397 lobum
800 2361 993 2403 superiorem
1040 2358 1208 2401 pulmonis
1252 2356 1376 2389 dexteri

366 2413 528 2450 tumidum
553 2434 562 2450 ‚
597 2409 713 2444 durum
737 2429 749 2447 ,
785 2404 937 2448 sanguine
968 2399 1143 2435 infarffitum
1166 2398 1378 2442 deprehendi-

368 2471 438 2495 mus
458 2482 465 2489 .

416 2514 464 2535 12.
492 2501 559 2534 Hic
583 2497 717 2531 minime
741 2492 884 2534 dubito,
907 2492 988 2535 quin
1012 2489 1079 2523 duo
1109 2498 1230 2531 quaeras
1261 2509 1269 2522 ‚
1303 2486 1383 2518 alte-

369 2558 463 2585 rum,
486 2555 547 2587 qua
572 2543 696 2574 ratione
720 2537 871 2572 Valsalva
897 2546 965 2568 rem
987 2530 1188 2575 explicaret?
1223 2530 1384 2568 alterum,

371 2590 488 2635 quibus
512 2586 609 2629 signis
633 2583 732 2618 fuerit
756 2580 794 2613 ad
818 2577 1094 2622 dignoscendum,
1127 2573 1384 2618 praedicendum-

372 2646 432 2678 que
457 2627 650 2675 permotus?
786 2623 886 2664 Qod
910 2621 948 2655 ad
972 2623 1112 2664 primum
1137 2619 1252 2651 attinet
1273 2628 1285 2657 ;
1319 2617 1382 2650 ini-

370 2678 458 2714 ranti
495 2674 577 2707 mihi
602 2696 614 2712 ,
647 2672 701 2714 qui
734 2668 804 2701 fieri
838 2664 958 2709 posset,
984 2674 1020 2698 ut
1043 2662 1176 2696 infarSti
1218 2661 1380 2704 pulmonis

372 2719 500 2765 pondus
525 2718 659 2751 minime
682 2713 854 2747 sentiretur
881 2732 893 2749 ,
927 2707 1012 2742 nihil
1045 2705 1134 2740 aliud
1169 2706 1301 2737 memini
1335 2715 1381 2736 re-

373 2760 530 2808 spondisse
545 2784 553 2798 ‚
577 2757 635 2793 nisi
659 2758 694 2791 id
717 2754 804 2799 quod
829 2753 974 2786 similiter
997 2751 1151 2789 mirarer,
1175 2759 1286 2792 nempe
1310 2746 1386 2782 scire

377 2809 406 2842 se
433 2831 442 2846 ‚
467 2805 653 2849 plumbeum
676 2801 813 2844 globum
839 2797 916 2830 duas
941 2794 1131 2838 pendentem
1155 2793 1265 2826 uncias
1288 2814 1297 2828 ‚
1320 2790 1385 2822 bel-

377 2853 445 2885 lico
469 2849 682 2883 instrumento
729 2842 794 2876 uod
818 2839 985 2882 moschetto
1007 2838 1189 2870 vocitamus
1206 2861 1214 2874 ‚
1248 2833 1385 2875 ejacula-

377 2905 473 2933 tum‚
495 2893 528 2925 in
552 2891 702 2933 pulmone
751 2884 865 2924 aefisse,
888 2893 987 2925 neque
1011 2880 1162 2924 ponderis
1186 2878 1307 2912 sensum
1341 2875 1386 2909 fe-

378 2938 473 2972 cisse.
610 2934 661 2966 De
685 2930 780 2972 signis
805 2936 911 2961 autem
937 2926 1027 2964 illis,
1052 2934 1087 2958 ut
1111 2925 1145 2956 in
1168 2922 1300 2956 historia
1311 2932 1380 2963 quae

380 2982 511 3016 aberant
527 3003 535 3015 ‚
559 2975 756 3012 memoravi,
780 2973 826 3005 ita
849 2982 918 3013 quae
943 2969 1092 3008 aderant,
1117 2978 1181 2999 non
1213 2963 1383 2998 omisl‘urus

380 3036 487 3063 eram,
507 3021 529 3055 fi
553 3018 700 3054 Valsalva
725 3017 842 3059 pariter
864 3010 1065 3046 narravisset.
1089 3012 1214 3044 Verum
1237 3019 1310 3041 cum
1349 3006 1387 3039 si-

381 3071 458 3103 leret
483 3065 572 3109 ipse,
595 3074 654 3105 ego
680 3070 785 3094 autem
808 3068 861 3101 per
888 3057 915 3090 se
939 3055 1102 3089 editurum
1127 3053 1307 3096 sperarem5
1331 3061 1388 3082 no-

381 3114 429 3147 lui
454 3120 529 3144 tunc
552 3106 678 3141 iteratis
702 3100 1010 3143 interrogationibus
1034 3100 1239 3140 importunus
1266 3093 1387 3126 videri.

382 3155 482 3191 Casus
506 3162 611 3186 tamen
636 3149 736 3186 fecit,
757 3155 798 3180 ‘ut
821 3156 890 3186 quae
918 3144 972 3176 illa
996 3141 1141 3181 suerint,
1162 3139 1323 3180 conjicere
1347 3148 1395 3169 me

385 3199 490 3245 posse,
511 3195 635 3229 credam
659 3204 698 3225 ex
722 3191 763 3223 iis
785 3200 854 3232 quae
879 3187 932 3220 hic
955 3188 998 3219 A.
1027 3197 1119 3229 1730.
1154 3185 1188 3216 in
1219 3181 1396 3215 Celeberri-

384 3256 441 3280 mo
464 3237 632 3284 professore
655 3234 805 3269 Antonio
816 3230 1032 3268 Vanisnesio,
1055 3240 1150 3270 quem
1173 3225 1283 3259 eodem
1307 3236 1395 3256 mor-

385 3290 420 3323 bi
445 3294 555 3329 genere
580 3281 674 3314 nobis
697 3285 842 3319 ereptum
866 3273 980 3315 fuisse,
1002 3272 1134 3310 censeo,
1158 3281 1222 3304 non
1246 3268 1308 3302 sine
1330 3278 1397 3300 ma-

385 3343 452 3377 gno
472 3327 573 3361 animi
598 3324 706 3357 dolore
731 3319 879 3354 adnotavi
897 3343 903 3349 .

436 3385 484 3416 13.
512 3374 549 3403 In
574 3368 630 3401 illa
654 3364 831 3409 epidemica
855 3360 1090 3394 catarrhalium
1115 3357 1253 3392 febrium
1270 3354 1401 3388 Consti-

390 3419 519 3454 tutione
543 3409 795 3456 quamEpistola
819 3405 881 3439 tibi
905 3402 1051 3446 descripsi
1075 3404 1170 3436 XIII.
1194 3403 1207 3438 (
1232 3398 1250 3438 l<
1274 3403 1284 3437 )
1309 3409 1399 3431 com-

391 3461 481 3496 inuni
506 3456 622 3491 morbo
646 3450 816 3496 prehensus
841 3449 883 3481 est
908 3447 1012 3490 pridie
1036 3446 1111 3480 Idus
1129 3444 1297 3491 januarias
1315 3465 1327 3482 ,
1351 3441 1398 3474 fe-

394 3518 425 3538 re
448 3500 599 3535 omnibus
622 3498 708 3536 levi,
733 3498 764 3527 &
789 3493 929 3528 salubri,
954 3489 1012 3532 ipsi
1037 3502 1113 3522 vcro
1137 3488 1198 3521 levi
1224 3487 1340 3529 pariter
1365 3486 1398 3516 in

396 3548 553 3591 speciem,
579 3541 628 3575 secl
653 3539 792 3578 lethali,
816 3535 877 3569 five
901 3534 988 3577 quod
1012 3533 1189 3566 laxioribus
1221 3528 1291 3563 esset
1327 3529 1399 3570 pul-

397 3589 546 3625 monibus
561 3610 573 3626 ,
597 3584 655 3618 sive
678 3581 768 3626 quod
792 3578 910 3613 viscida
943 3578 1073 3610 materia
1111 3586 1188 3609 tunc
1225 3574 1402 3616 plurimum

403 3709 1329 3734 ffl—

457 3781 571 3812 (kJn.
587 3786 610 3807 4.
674 3774 930 3807 (l)supra,n.ii.

932 146 1093 212 Liber
1127 153 1189 206 ΙΙ.
1222 152 1306 205 De
1343 148 1549 203 Morbis
1581 146 1836 199 Thoracis

1417 221 1608 260 abundaret,
1632 221 1694 255 five
1714 222 1813 254 etiam
1836 221 1933 265 [quod
1965 218 2089 254 tametsi
2125 228 2223 251 annos
2258 221 2349 247 natus
2387 205 2426 242 ad

1415 269 1534 302 LX1X.
1559 275 1663 299 tamen
1687 272 1723 297 ut
1748 262 1843 297 cruda
1877 273 1941 297 erat
1961 287 1973 305 ,
2009 267 2041 296 &
2076 262 2200 295 robusta
2236 258 2393 292 senectute
2414 272 2427 289 2

1413 311 1563 345 morbum
1586 308 1620 341 in
1643 308 1751 350 primo
1774 307 1845 349 ipso
1868 309 1992 348 initio,
2017 317 2072 339 nec
2097 305 2191 338 semel
2223 311 2356 346 quoque
2391 297 2426 342 in

1412 354 1576 398 progressu
1601 350 1751 384 nonnihil
1777 350 2025 392 contempserit.
2053 351 2097 384 Et
2122 350 2150 381 is
2173 348 2242 380 sane
2265 352 2331 376 erat
2368 347 2425 383 qul

1411 398 1573 431 videretur
1596 394 1680 438 posse
1702 396 1888 427 contemni.
1907 395 2082 436 Namque3
2107 403 2143 426 ut
2164 392 2316 424 omittam
2338 382 2427 427 quod

1412 454 1427 473 a
1450 440 1576 475 duobus
1602 439 1708 480 aceepi
1733 436 1870 471 Medicis
1895 436 1952 480 qui
1979 435 2117 470 secundo
2138 434 2190 468 die
2225 433 2309 465 forte
2342 428 2427 460 invi-

1411 484 1513 518 serant
1537 483 1616 516 altei·
1639 480 1697 515 sub
1720 480 1910 521 meridiem,
1934 481 2014 513 alter
2037 480 2075 513 ad
2098 479 2282 521 vesperam,
2306 471 2426 514 inpul-

1415 527 1498 562 sibus
1523 525 1607 559 nihil
1632 524 1731 558 ferme
1756 522 1847 558 fuisse
1872 523 2004 564 febrile,
2029 526 2099 557 imo
2121 533 2174 555 eos
2199 520 2238 552 ad
2269 517 2426 559 vesperam

1416 570 1507 605 suiffe
1530 571 1683 606 rariores,
1709 578 1809 609 neque
1833 568 1892 599 alia
1917 567 1979 609 tibi
2004 577 2126 600 narrem
2142 586 2150 601 ,
2173 562 2232 597 nifi
2255 572 2324 605 quae
2357 557 2425 590 vidi

1417 615 1504 657 ipse,
1527 616 1560 646 ἅς
1584 613 1713 649 inveni3
1738 621 1813 643 cum
1835 610 1887 644 die
1910 615 2030 653 ‘quarto
2053 608 2248 653 gratulatum
2273 603 2357 647 quafi
2383 601 2422 633 ad

1417 655 1685 691 convalescentem
1706 652 1876 701 venissem,
1901 656 1931 686 8<
1957 653 2031 687 cibo
2063 653 2126 696 J'am
2158 651 2286 693 sumpto
2319 645 2425 680 seden-

1418 711 1483 733 tem
1507 702 1540 733 in
1567 700 1652 733 letto
1674 696 1891 744 ostendissem5
1917 696 2031 730 faciem
2045 721 2057 738 ,
2082 696 2345 739 respirationem,
2367 700 2425 721 vo-

1416 747 1462 778 cis
1485 745 1551 777 vim
1566 767 1579 783 ,
1603 745 1633 775 &
1656 750 1767 775 caetera
1792 740 1972 782 ejusmodi,
1993 752 2134 784 quorum
2157 736 2345 782 specftaiiclm
2370 743 2425 764 au-

1416 787 1571 822 diendove
1594 785 1668 832 ferri
1692 783 1852 827 judicium
1875 784 1999 825 potest,
2021 786 2129 817 omnia
2152 781 2259 824 qualia
2282 780 2317 811 in
2351 777 2427 810 sano

1419 830 1562 865 solebant
1585 830 1666 869 elle,
1689 826 1900 870 deprehendi.
1927 828 2017 861 Tum
2040 828 2116 867 ille,
2141 835 2177 861 ut
2200 835 2266 858 erat
2299 824 2426 858 officio-

1419 875 1490 913 sus,
1516 873 1779 922 videsrinquit,
1801 870 1982 914 cujusmodi
2006 882 2093 906 meus
2124 870 2225 904 fuerit
2261 872 2390 904 morbus
2414 894 2424 908 ,

1417 930 1516 961 neque
1541 930 1590 951 rne
1613 916 1675 949 tibi
1700 925 1830 958 purgare
1852 923 2019 957 oportere,
2042 914 2065 947 fi
2098 922 2129 947 te
2161 923 2325 956 propterea
2362 926 2427 947 non

1421 962 1572 996 advocavi
1587 986 1594 994 .
1619 962 1706 993 Cum
1731 957 1924 998 assedissem,
1946 960 1977 991 &
2000 957 2056 991 ille
2078 957 2196 992 tuffiret
2219 957 2390 999 aliquando
2414 969 2427 996 ;

1422 1006 1613 1044 materiam,
1634 1013 1729 1046 quam
1754 1001 1848 1035 facile
1870 1000 2040 1038 eduxerat,
2063 1001 2206 1044 inspexi,
2232 1002 2362 1044 vidique
2386 1002 2427 1035 sic

1408 1049 1497 1082 ,satis
1520 1047 1726 1081 concoetam.
1750 1047 1911 1088 Linguam
1933 1043 2071 1078 ostendit
2092 1058 2104 1084 ,-
2135 1044 2287 1081 viscidula
2327 1057 2392 1080 erat
2416 1073 2428 1091 ,

1425 1091 1573 1141 &.³.¹b³·
1599 1088 1735 1123 Brachia
1759 1090 1924 1131 porrexit3
1947 1099 2054 1122 carnes
2077 1098 2186 1129 erant,
2209 1100 2245 1124 ut
2268 1091 2333 1123 sani
2369 1091 2428 1125 ho-
2459 1085 2462 1091 ’

1426 1146 1547 1185 minis,
1571 1133 1678 1177 pulsus
1703 1142 1809 1179 autern
1834 1132 1990 1175 aequales,
2013 1135 2046 1165 &
2069 1132 2231 1166 moderata
2264 1138 2428 1176 magnitu-

1425 1178 1498 1212 dine
1517 1202 1529 1218 ,
1554 1189 1587 1210 ac
1611 1177 1747 1226 robore,
1770 1175 1854 1217 Justo
1876 1178 1961 1208 inter
1994 1175 2076 1210 iftus
2106 1175 2247 1218 singulos
2281 1180 2430 1212 interval-

1421 1223 1476 1259 lo,
1500 1221 1557 1254 nisi
1583 1229 1692 1262 potius
1718 1219 1850 1261 paululo
1872 1220 2040 1261 longiore,
2065 1229 2100 1253 ut
2122 1221 2164 1254 ad
2188 1224 2429 1256 raritatemvern

1423 1274 1552 1312 gerent.
1578 1265 1660 1310 Haec
1685 1272 1720 1295 ut
1744 1262 1837 1299 dixi,
1868 1261 1919 1294 die
1953 1263 2057 1295 morbi
2092 1273 2209 1305 quarto
2230 1290 2237 1296 .
2274 1266 2430 1302 Postridie

1421 1311 1494 1357 miii
1517 1309 1574 1351 qni
1597 1307 1748 1341 salutaret
1772 1316 1845 1338 meo
1868 1306 1997 1339 nomine
2020 1331 2027 1337 .
2062 1306 2123 1338 Vel
2158 1310 2258 1351 magis
2295 1310 2429 1345 alacrem

1422 1354 1501 1393 esse,
1524 1351 1656 1391 retulit,
1682 1359 1718 1384 ut
1742 1351 1775 1382 in
1799 1349 1885 1382 lecto
1919 1348 2022 1383 sedens
2065 1350 2222 1393 quandam
2266 1352 2431 1395 epistolam

1424 1397 1581 1446 diffiteri-et.
1609 1396 1707 1427 Sexto
1730 1392 1804 1430 die,
1829 1392 1883 1426 etfi
1908 1392 1952 1426 ob
1975 1392 2143 1436 publicum
2174 1396 2344 1437 Gymnafii
2379 1408 2431 1430 ne-

1423 1449 1551 1480 gotium
1574 1450 1659 1471 eram
1681 1436 1957 1479 occupatissimus,
1982 1448 2071 1471 mane
2094 1447 2200 1473 tamen
2222 1438 2263 1472 sic
2285 1441 2318 1473 in
2343 1450 2433 1474 tran-

1424 1479 1487 1518 situ
1510 1482 1642 1516 invisere
1665 1481 1820 1514 Amicum
1840 1481 1950 1515 volui.
1973 1482 2057 1514 Ecce
2079 1492 2185 1516 autem
2207 1483 2301 1527 longe
2332 1484 2431 1520 alium

1424 1539 1458 1561 ac
1481 1525 1597 1562 nudius
1619 1527 1756 1571 tertius,
1782 1525 1928 1556 invenio.
1955 1525 2062 1559 Facies
2085 1525 2217 1559 decolor
2236 1551 2249 1568 ,
2270 1527 2398 1562 demissa

1421 1570 1613 1607 concidens3
1640 1567 1811 1610 respiratio
1832 1567 1997 1605 difflcssis3
2021 1579 2085 1601 vox
2110 1568 2267 1612 humilis,
2294 1575 2325 1605 ἂ-
2362 1553 2433 1606 lan:

1420 1615 1538 1658 guida,
1564 1616 1596 1646 &
1618 1622 1769 1654 tanquam
1793 1622 1832 1644 ex
1854 1609 2018 1652 profundo
2050 1611 2161 1646 edusta
2181 1624 2195 1654 ;
2228 1616 2435 1657 expecomrata

1423 1660 1552 1691 materia
1577 1657 1711 1688 omnino
1735 1664 1889 1696 perpauca
1914 1676 1924 1692 ‚
1949 1653 2152 1689 crudiuscula
2170 1679 2183 1696 ,
2216 1660 2249 1690 δε
2282 1657 2434 1701 permisto

1422 1702 1475 1735 hic
1500 1702 1570 1733 illic
1592 1699 1742 1741 sanguine
1766 1697 1901 1730 obsoleti
1924 1698 2045 1731 coloris
2061 1722 2073 1738 ‚
2098 1698 2218 1732 infe&a
2239 1725 2245 1732 .
2284 1702 2433 1737 Percuiii*

1421 1746 1513 1777 illico
1535 1745 1678 1776 animum
1701 1748 1789 1774 tanta
1814 1743 1973 1777 mutatio,
1997 1753 2097 1784 eoque
2122 1745 2249 1785 magis,
2272 1756 2347 1779 cum
2370 1749 2435 1780 mi-

1424 1788 1459 1823 hi
1483 1797 1517 1821 ut
1543 1787 1571 1820 se
1595 1785 1742 1821 haberet,
1767 1785 1945 1827 quaerenti,
1969 1787 2000 1817 δε
2024 1796 2081 1818 cur
2115 1787 2155 1819 iis
2189 1786 2278 1821 horis
2301 1801 2312 1828 3
2345 1800 2434 1824 erant

1426 1833 1512 1865 enirn
1535 1832 1605 1880 duae
1630 1837 1701 1861 ante
1725 1828 1914 1874 meridiem,
1937 1828 2103 1871 tempestas
2136 1839 2242 1864 autem
2274 1832 2436 1875 praefrigi-

1428 1875 1493 1913 da3
1516 1874 1556 1908 fic
1580 1884 1613 1906 in
1637 1872 1722 1905 leeto
1747 1870 1890 1904 sederet?
1911 1870 2023 1905 eodem
2046 1871 2075 1905 se
2100 1872 2219 1915 modo,
2253 1874 2301 1908 vel
2336 1879 2436 1911 etiam

1427 1920 1561 1952 meliore
1578 1942 1586 1957 ,
1608 1926 1703 1959 quam
1725 1915 1825 1948 biduo
1847 1924 1918 1948 ante
1942 1914 2101 1955 videram,
2126 1916 2241 1950 habere
2265 1944 2273 1957 ‚
2308 1920 2438 1964 respon-

1427 1962 1496 1995 dit.
1523 1963 1614 1994 Tum
1639 1971 1723 2009 egoi
1743 1970 1819 1993 num
1843 1958 1963 1993 sensum
1986 1958 2127 2002 aliquem
2149 1961 2325 2004 ponderis,
2359 1976 2437 1999 num

1426 2005 1572 2038 dolorem
1619 2013 1800 2045 uempiam‚
1832 2013 1908 2036 num
1941 2002 2083 2036 calorem
2115 2003 2198 2037 forte
2232 2009 2369 2051 percipis
2403 2010 2439 2042 in

1427 2046 1587 2082 thorace?
1650 2046 1741 2079 iserte
1764 2048 1913 2088 negavit.
1939 2049 2014 2081 Hoc
2038 2056 2163 2081 tantum
2189 2048 2315 2083 addidit
2363 2052 2438 2085 sein

1427 2093 1505 2142 lava
1528 2090 1667 2135 perstoris
1691 2091 1812 2123 extima
1838 2098 1924 2132 parte
1949 2101 2018 2123 eam
2040 2102 2057 2125 a
2079 2090 2148 2124 tussi
2172 2076 2348 2128 molestiarii
2373 2096 2441 2129 sen-

1429 2145 1514 2173 tire,
1537 2144 1633 2184 quam
1654 2142 1765 2166 omnes
1789 2132 1891 2166 solent
1913 2155 1927 2173 ,
1949 2144 2047 2175 eoque
2082 2143 2279 2170 contemnere
2305 2152 2315 2171 .-
2349 2125 2439 2182 quod

1428 2191 1506 2212 vero
1529 2177 1606 2217 siti,
1628 2185 1665 2211 ut
1688 2176 1770 2219 saepo
1791 2177 1889 2209 etiam
1913 2175 2023 2210 diebus
2049 2176 2289 2221 superioribus,
2312 2193 2441 2216 vexare-

1429 2233 1507 2273 τρι-Ι,
1530 2233 1568 2254 ne
1593 2228 1759 2270 propterea
1783 2220 1921 2253 calorem
1944 2220 2046 2254 ullum
2071 2223 2232 2262 internum
2257 2224 2295 2258 al)
2319 2225 2346 2258 se
2371 2238 2440 2268 per-

1428 2277 1519 2316 cipi,
1542 2263 1738 2305 suspicarer3
1764 2263 1825 2298 suae
1849 2266 1935 2297 enirn
1958 2262 2025 2298 fitis
2049 2264 2151 2298 sedem
2174 2266 2254 2299 adeo
2277 2270 2309 2300 in
2343 2269 2441 2303 visce-

1429 2309 1603 2356 ribushon
1626 2305 1707 2352 esse,
1730 2316 1766 2356 ut
1790 2307 1950 2353 quidquid
1974 2311 2065 2350 aquei
2088 2310 2218 2343 coacftus
2241 2311 2366 2345 biberet
2390 2337 2400 2352 ‚
2425 2326 2442 2347 a

1428 2350 1613 2385 ventriculo
1636 2352 1739 2391 respui
1754 2360 1767 2387 ’,
1791 2352 1943 2383 sentiret:
1972 2351 2029 2384 ess'e
2055 2352 2145 2386 illam
2169 2352 2271 2387 sedem
2296 2365 2359 2389 non
2392 2359 2443 2390 in·-

1435 2395 1484 2445 fra
1507 2393 1640 2432 fauces3
1665 2391 1721 2439 has
1745 2394 1830 2426 enim
1854 2393 1972 2426 viscida
2007 2394 2145 2428 obsideri
2178 2399 2310 2432 materia
2334 2422 2343 2437 ,
2381 2412 2444 2443 qua

1437 2448 1537 2488 etiam
1559 2447 1672 2469 eorum
1695 2448 1765 2483 qua:
1790 2436 1943 2474 sumeret,
1966 2435 2025 2471 sibi
2049 2438 2155 2480 gustus
2177 2440 2408 2477 obtunderetur
2437 2436 2441 2441 “

1436 2493 1505 2514 Vini
1529 2490 1658 2530 quoque
1673 2505 1680 2516 ‚
1705 2491 1794 2522 cnjus
1818 2480 2058 2522 pauxillulum,
2082 2490 2117 2515 ut
2140 2482 2174 2515 in
2198 2484 2315 2517 morbo
2338 2498 2353 2518 a
2378 2468 2446 2520 lens

1435 2534 1470 2558 ta
1494 2534 1626 2558 materia
1651 2521 1761 2559 facto,
1786 2523 1814 2556 se
1837 2524 1940 2565 pridie
1960 2547 1972 2563 ‚
2004 2524 2107 2567 ajebat
2131 2548 2143 2564 ‚
2177 2525 2307 2561 hausisse
2331 2555 2339 2562 .
2373 2531 2445 2563 Etsi

1434 2578 1544 2605 mens,
1570 2576 1606 2601 ut
1629 2577 1668 2599 ex
1691 2565 1889 2600 sermonibus
1922 2566 2007 2600 hisce
2040 2569 2200 2610 intelligis
2220 2594 2232 2612 ,
2264 2582 2345 2614 qnos
2364 2562 2446 2607 'non

1432 2613 1634 2647 continenter
1657 2619 1761 2642 tamen
1785 2608 1922 2650 habuit,
1955 2611 2053 2652 probe
2077 2612 2204 2654 vigebat
2226 2637 2235 2651 ‚
2281 2616 2335 2649 etsi
2382 2618 2448 2653 lin-

1435 2668 1521 2706 gua,
1543 2664 1670 2700 carnes,
1695 2653 1826 2695 pulsus,
1849 2653 1906 2686 nifi
1931 2654 2019 2696 quod
2043 2654 2077 2688 hi
2103 2656 2208 2690 minus
2243 2668 2330 2692 erant
2366 2662 2448 2694 vali-

1439 2701 1494 2738 di,
1517 2710 1581 2731 non
1607 2699 1691 2730 secus
1716 2695 1749 2729 se.
1768 2696 1949 2736 habebant,
1972 2709 2005 2730 ac
2029 2699 2080 2731 die
2103 2710 2241 2742 quarto,
2265 2703 2371 2737 urinas
2394 2717 2450 2738 au.

1439 2754 1528 2782 tem,
1550 2752 1627 2785 quas
1651 2750 1719 2789 nori
1743 2740 1835 2780 vidi,
1858 2739 2064 2776 confirmavit
2088 2743 2152 2784 ipse
2175 2745 2312 2779 omnino
2348 2747 2448 2782 bonas

1439 2791 1471 2821 &
1494 2786 1616 2828 semper
1638 2783 1749 2820 fuisse,
1776 2787 1808 2817 &
1832 2783 1936 2817 adhuc
1959 2783 2040 2824 esse,-
2063 2786 2146 2819 mihi
2172 2797 2301 2830 tamen,
2333 2801 2450 2833 praeter

1439 2830 1648 2880 expe&01·atae
1675 2835 1814 2876 materiae
1836 2829 2026 2870 qualitatem
2046 2853 2058 2869 ‚
2092 2829 2310 2875 summamque
2342 2835 2452 2868 immi-

1439 2883 1631 2923 nutionem3
1658 2871 1847 2912 respiratio,
1870 2882 1953 2911 vox,
1979 2871 2071 2906 facies
2095 2875 2197 2917 magis
2221 2876 2382 2920 magisque
2395 2890 2451 2921 pe-

1440 2929 1479 2951 ne
1523 2927 1556 2949 in
1600 2915 1719 2957 singula
1765 2925 1926 2948 momenta
1972 2915 2068 2958 usque
2101 2917 2178 2951 adeo
2206 2918 2415 2962 displicebant
2449 2927 2454 2933 '

1440 2971 1548 2994 meum
1561 2968 1608 3009 *ut
1632 2959 1801 3007 dolorem,
1836 2963 2044 3001 quantumvis
2082 2962 2226 2995 occulere
2258 2962 2414 2999 studerem
2439 2948 2450 2965 ’

1440 3004 1535 3037 vultu
1558 3003 1628 3045 ipso
1651 3001 1799 3034 nonnihil
1826 3001 2011 3043 proderem.
2039 3006 2128 3038 Tum
2153 3005 2228 3038 ille:
2253 3008 2331 3049 quid
2354 2991 2451 3043 dubi:

1440 3050 1512 3080 tas?
1536 3045 1573 3079 ad
1599 3045 1753 3079 summam
1776 3069 1784 3082 ‚
1806 3043 1882 3077 huic
1907 3047 2030 3087 pulsai,-
2055 3047 2170 3086 digitis
2194 3059 2298 3083 autem
2321 3063 2452 3094 carpum

1446 3090 1617 3132 tangebat,
1641 3087 1832 3122 credendum
1857 3088 1918 3121 est.
1945 3091 2003 3123 Sed
2030 3102 2078 3124 me
2092 3087 2229 3125 ”interea
2263 3096 2453 3136 proditrici5

1446 3133 1647 3183 quorundam
1672 3130 1859 3165 morborum
1884 3142 2002 3167 naturae
2027 3145 2089 3167 non
2111 3136 2260 3177 ignarum
2286 3161 2296 3176 ,
2329 3142 2362 3172 ἃ
2383 3125 2453 3172 Co..

1450 3178 1536 3211 rallii
1561 3182 1570 3216 (
1597 3176 1608 3209 l
1630 3180 1643 3215 )
1666 3175 1765 3218 probe
1787 3186 1957 3208 memorem
1975 3201 1987 3217 ,
2022 3177 2078 3210 ista
2114 3179 2180 3221 ipsa
2213 3182 2384 3215 certiorem
2419 3185 2455 3217 in

1449 3230 1571 3254 metum
1596 3219 1752 3262 agebant,
1774 3218 1861 3261 quod
1886 3229 2011 3253 tanturn
2029 3221 2125 3255 :suum
2148 3233 2211 3255 non
2226 3223 2352 3259 sentiret
2366 3237 2455 3259 mor.

1449 3266 1552 3315 bum,
1570 3266 1608 3313 ’δε
1634 3262 1720 3306 quod
1743 3273 1815 3295 cum
1841 3265 1945 3304 pravis
1970 3266 2092 3298 caeteris
2116 3264 2211 3308 fign'ts
2235 3268 2317 3309 alia,
2348 3272 2381 3303 δε
2420 3271 2455 3303 in

1453 3308 1505 3359 his
1529 3317 1650 3356 urinae,
1673 3318 1707 3338 ac
1731 3305 1836 3352 pullus
1860 3307 2032 3348 praesertim
2056 3318 2118 3341 non
2142 3310 2375 3345 consentirent:
2402 3326 2459 3349 cui·

1454 3363 1540 3402 enirn
1565 3350 1617 3383 hic
1642 3361 1706 3382 non
1731 3352 1932 3391 frequentes,-
1954 3350 2005 3383 sed
2030 3353 2092 3383 rari
2127 3355 2237 3394 potius
2265 3354 2279 3387 Ρ
2312 3356 2456 3393 Quaefivi

1452 3398 1576 3441 igitur,
1599 3404 1676 3426 num
1700 3393 1789 3425 sanus
1815 3394 1988 3427 rarioribus
2011 3392 2095 3429 forte
2130 3396 2270 3437 pulsibus
2303 3398 2359 3432 esse
2379 3411 2459 3434 con-

1451 3439 1584 3487 menet?
1610 3435 1712 3486 Quod
1735 3446 1807 3469 cum
1832 3436 1990 3479 negasset,-
2015 3436 2151 3480 subjecit
2167 3466 2177 3482 ,
2208 3452 2226 3473 a
2263 3441 2458 3484 sexagesimo

1451 3493 1535 3514 anno
1559 3489 1839 3530 intermittentes,
1863 3490 1898 3512 ut
1923 3481 2059 3513 seniores
2094 3494 2157 3514 uon
2192 3486 2285 3525 pauci
2321 3485 2423 3520 solent

1453 3526 1568 3574 imber?
1592 3522 1741 3572 coepisse,
1767 3535 1815 3556 eas
1840 3523 2081 3570 intermissiones
2106 3526 2155 3558 his
2180 3527 2293 3561 diebus
2314 3511 2459 3564 defiiffe'

1453 3568 1577 3602 indicio
1602 3567 1749 3601 Videlicet
1773 3568 1906 3608 alicujus
1930 3569 2067 3609 impetus
2090 3569 2186 3608 paulo
2210 3573 2359 3612 majoris.
2385 3555 2463 3607 Hos:

2299 3627 2419 3657 unum,

1827 3702 2254 3709 *ss-——ffi—

2257 3707 2460 3718 Ἢ--Ἢ
