2498 4075
9 1692 11 1694 ·
59 1677 225 1710 virulenta
269 1674 480 1709 Gonorrhoea
515 1673 610 1707 verba

427 214 580 276 Epist.
619 214 783 267 Anat.
818 210 1033 267 Medica
1065 211 1255 266 XLVI.
1292 212 1409 268 Art.
1445 228 1490 275 7.
1524 209 1571 261 8.
1606 211 1660 263 &
1693 225 1744 273 9.

64 292 105 327 ab
127 293 230 327 altero
262 294 361 327 latere
395 291 477 327 nihil
512 291 630 326 horum
662 292 768 326 deerat
792 313 803 330 ‚
834 291 941 335 inquis
963 317 971 324 .
1004 291 1065 326 Sed

63 345 172 369 tamen
199 346 358 379 quantum
381 336 420 370 ab
454 336 552 369 latere
576 336 728 376 opposito
751 336 863 369 inertis
878 361 886 376 ‚
909 336 940 367 &
964 347 1065 378 aquo-

61 379 84 412 fi
127 379 253 413 seminis
301 376 439 413 defluere
483 387 610 421 poterat
633 403 641 417 ‚
677 387 807 411 tantum
845 379 975 420 optimo
1009 379 1063 411 cui

61 422 92 455 se
126 421 321 464 adjungebat
346 445 357 460 ,
389 421 576 456 detrimenti
609 421 799 455 afferebatur
824 447 832 455 .
868 421 959 461 Qu
996 420 1065 453 sen-

65 464 124 497 sim
157 465 259 507 potest
302 466 381 500 adeo
424 464 597 498 increscere
639 464 775 498 durities
800 490 808 505 ‚
849 466 879 497 δι
917 463 1066 498 craffities

62 509 246 542 tunicarum
281 509 411 542 seminis
442 508 554 541 ἀυᾶιιε
579 529 587 543 ,
619 509 653 540 in
686 509 787 540 altero
809 508 903 540 latere
938 508 975 540 ad
1009 519 1064 540 ex-

62 560 203 585 tremum
238 552 412 586 accedentis
435 572 445 590 ,
477 558 514 584 ut
538 552 727 593 proximum
756 551 893 585 alterum
918 561 1063 593 premat,

64 595 157 637 eique
191 594 315 629 officiat
337 619 346 628 .
380 595 430 628 Sic
475 604 523 626 me
559 592 754 636 respondisse
790 595 923 627 memini
955 592 1064 626 lauda-

61 646 99 671 to
128 638 205 671 alias
238 639 322 671 Viro
348 638 523 670 Laurentio
558 637 708 670 Mariano
733 659 740 674 ,
773 648 847 671 cum
874 647 957 670 anno
990 647 1064 669 ver-

61 690 150 714 tente
184 683 276 724 1736.
311 682 395 715 hunc
426 679 463 713 ad
488 691 536 713 me
557 682 703 722 generosi
725 681 859 724 Juvenis
894 678 1063 722 scripsisset

60 724 168 757 casum
193 749 200 756 .
236 725 276 757 Ei
309 724 366 767 qui
405 722 523 756 nullius
558 734 700 766 unquam
732 725 897 760 mulieris,
923 734 985 756 una
1009 734 1065 755 ex-

61 777 154 808 cepta
187 776 287 801 uxore
311 791 321 806 ‚
358 766 512 799 notitiam
536 764 694 800 habuerat
717 790 727 804 ‚
764 779 802 800 ex
837 778 938 809 eaque
961 765 1065 799 filiam

61 810 237 853 susceperat
259 833 272 850 ,
307 810 503 852 Spermatica
544 807 667 843 finistra
699 809 770 844 vasa
803 821 867 843 non
913 811 978 843 fine
1006 809 1065 841 do-

62 854 130 887 lore
163 854 382 887 intumuerant
418 862 493 885 curn
526 852 750 895 epididymide
777 878 785 891 ‚
820 855 852 885 δε
884 852 954 885 vase
988 851 1063 885 hinc

63 897 168 929 semen
203 896 412 940 Deferentew,
450 895 539 938 quod
561 917 574 935 ,
606 896 696 929 molli
732 896 881 930 testiculo
907 896 1029 929 servato
1052 918 1062 933 ‚

61 940 177 973 durum
211 952 285 973 curn
318 937 541 980 epididymide
574 938 840 981 percipiebatur.
875 940 920 973 Et
964 948 1066 971 reme-

62 984 115 1018 dia
150 983 282 1026 quidem
317 982 468 1024 impolita
502 980 652 1015 dolorem
682 983 754 1024 post
789 982 912 1024 aliquot
946 981 1066 1014 menses

60 1025 152 1060 valde
183 1027 448 1062 imminuerant3
479 1034 641 1059 tumorem
674 1034 781 1058 autem
806 1050 815 1064 ‚
848 1025 1067 1067 duritiemque

63 1081 129 1102 non
163 1069 254 1103 valde
278 1095 287 1103 .
322 1068 411 1103 Cum
434 1080 451 1100 a
483 1068 604 1101 dextris
627 1093 636 1106 ,
668 1077 830 1110 quantum
874 1067 1068 1102 extrinsecus

59 1112 199 1156 judicari
231 1121 358 1156 poterat
382 1134 391 1150 ‚
424 1110 579 1144 saniffima
604 1111 701 1145 essent
724 1113 834 1145 omnia
860 1137 869 1151 ‚
902 1112 933 1145 &
958 1112 995 1144 ad
1019 1112 1069 1153 gi-

62 1156 225 1198 gnendum
250 1180 261 1196 ,
293 1153 627 1197 transvehendumque
652 1154 757 1188 semen
790 1154 946 1198 aptiffima
970 1169 979 1192 3
1016 1158 1067 1187 ni-

61 1200 110 1234 hil
143 1210 256 1241 ramen
285 1199 381 1243 hujus
405 1221 414 1237 ‚
446 1209 532 1239 aegro
555 1223 564 1237 ,
596 1197 802 1241 Medicisque
842 1198 1035 1232 mirantibus
1061 1221 1070 1236 ‚

60 1245 96 1276 in
118 1243 294 1276 concubitu
306 1241 547 1285 egrediebatur.
683 1242 848 1275 Caeterum
864 1242 999 1275 coalitus
1022 1242 1068 1275 al-

61 1286 163 1319 terius
187 1285 286 1324 vafis,
310 1285 414 1319 semen
437 1284 475 1317 ad
500 1282 667 1318 veficulam
693 1284 901 1322 Deferentis‚
924 1285 1069 1327 itemque

60 1330 176 1363 calculi
201 1332 235 1363 in
273 1328 370 1362 altera
395 1327 607 1361 veficularum
630 1329 773 1362 concreti
797 1328 1070 1365 Observationes,

60 1372 141 1414 quas
175 1372 246 1406 aliis
271 1372 364 1406 addas
381 1394 389 1409 ‚
413 1371 503 1404 illius
524 1370 657 1413 quidem
681 1382 720 1404 ex
743 1372 914 1405 Brunnero
946 1374 1015 1412 (p)
1039 1374 1071 1404 &

62 1415 235 1450 Walthero
251 1416 269 1458 (
286 1427 305 1457 q
326 1413 469 1457 );hujus
492 1424 569 1448 vero
579 1426 618 1449 ex
630 1415 809 1448 Valentino
831 1417 896 1454 (r)
919 1413 1070 1448 habebis.

106 1469 141 1500 7.
167 1461 220 1493 De
243 1458 381 1502 strigosis
405 1467 512 1492 autem
548 1458 598 1491 vel
620 1459 655 1491 in
684 1458 808 1500 Juvene
843 1456 991 1491 vesiculis
1023 1458 1070 1490 se-

62 1502 241 1536 minalibus
265 1528 273 1542 ,
300 1505 337 1542 ¹&t
359 1501 398 1536 de
418 1502 597 1535 obcaecatis
621 1526 631 1541 ‚
664 1501 752 1543 quod
779 1501 964 1534 Waltherus
988 1500 1069 1541 (s)

60 1547 158 1579 eriam
190 1545 273 1581 vidit
303 1568 316 1585 ‚
346 1544 474 1579 seminis
496 1545 531 1577 in
557 1543 722 1578 urethram
755 1544 815 1577 viis
836 1566 850 1583 ,
880 1555 951 1585 quae
975 1569 984 1584 ,
1017 1556 1068 1577 ca-

60 1587 174 1623 davera
223 1588 328 1624 secans
352 1612 362 1626 ‚
399 1588 643 1626 animadverti,
675 1586 853 1621 adscribere
887 1587 951 1621 huc
997 1587 1069 1629 pos-

59 1632 123 1666 sem
148 1657 157 1671 ‚
188 1631 247 1666 nisi
278 1643 353 1666 cum
377 1630 416 1665 de
450 1631 522 1664 aliis
565 1631 688 1665 morbis
711 1651 720 1667 ‚
753 1632 783 1663 &
822 1630 997 1673 praesertim
1029 1629 1069 1664 de

652 1672 773 1706 faciens
801 1699 810 1713 ,
847 1672 916 1707 haec
961 1683 1070 1708 tecum

60 1720 138 1752 alias
174 1715 257 1760 (f)
287 1715 573 1751 communicassem
596 1742 605 1750 .
650 1717 708 1750 Ob
754 1715 949 1758 eandemque
993 1729 1070 1750 cau-

59 1762 127 1795 sam
160 1762 283 1794 omitto
316 1772 388 1804 quae
412 1762 448 1795 ad
472 1760 610 1794 calculos
633 1761 772 1793 attinent
807 1761 954 1793 Proilatae
979 1762 1071 1802 glan-

60 1804 145 1838 dulae
170 1827 182 1844 ,
204 1804 327 1837 *semini
365 1806 487 1838 exitum
529 1801 781 1837 intercludentes
803 1828 812 1837 .
857 1804 940 1838 Haec
983 1805 1071 1837 enim

54 1848 203 1892 Epistola
236 1847 375 1881 habuisti
399 1848 508 1881 XLII.
532 1850 546 1886 ζ
568 1857 588 1879 u
610 1850 624 1886 )

103 1893 134 1925 8.
178 1892 230 1924 De
264 1902 384 1932 magno
417 1892 537 1932 pariter
575 1889 715 1923 urethrae
762 1889 845 1922 vitio
889 1889 977 1931 quod
1024 1890 1069 1923 A.

60 1934 155 1977 1718.
187 1934 221 1966 in
245 1934 363 1968 rustico
390 1934 518 1977 Juvene
552 1943 625 1966 cum
665 1933 737 1966 Cel.
769 1933 909 1974 Collega
945 1932 1069 1966 Vallis-

56 1979 149 2011 nerio
185 1977 403 2016 examinavi,
436 1976 490 2010 hic
521 1975 620 2010 fufius
665 1975 835 2010 scriberem
858 1999 872 2016 ‚
908 1976 965 2009 nifi
1013 1976 1068 2009 ille

54 2022 157 2054 tertio
191 2019 308 2054 exinde
342 2031 425 2052 anno
459 2024 469 2059 (
493 2019 548 2061 x)
572 2043 583 2059 ,
618 2021 801 2062 iterumque
825 2020 974 2052 omniurn
999 2019 1068 2061 ejus

61 2066 212 2107 Operum
248 2064 399 2097 Editores
423 2065 437 2106 ('
457 2074 475 2105 y
498 2066 507 2101 )
537 2061 715 2105 vulgass‘ent
741 2088 748 2095 .
786 2065 901 2105 Itaque
926 2064 1069 2097 nonnul-

59 2107 90 2141 la
125 2117 253 2140 tantum
299 2106 482 2150 adjiciam.
519 2105 607 2139 Cum
653 2105 796 2139 scrotum
830 2118 894 2139 non
941 2109 1069 2148 penitus

57 2151 131 2185 esset
155 2175 165 2191 ,
203 2151 254 2183 sed
288 2151 429 2184 anterius
474 2147 578 2182 solum
603 2171 612 2186 ,
647 2150 681 2182 in
714 2148 791 2181 duas
836 2159 939 2191 partes
983 2150 1070 2182 divi-

59 2194 131 2228 sum
158 2219 168 2235 ,
203 2196 287 2226 inter
311 2192 481 2234 utriusque
516 2192 677 2235 superiora
710 2191 875 2225 orificium
901 2191 993 2225 fuisse
1016 2204 1070 2225 ca-

57 2238 139 2271 nalis
173 2236 312 2270 urethrae
338 2258 347 2273 ,
382 2237 454 2269 inde
477 2241 555 2268 vero
578 2235 617 2269 ad
652 2236 775 2277 apicem
809 2234 908 2276 usque
942 2235 1068 2277 glandis

22 2302 25 2307 ‹
58 2292 116 2322 per
141 2288 245 2313 totam
270 2278 458 2313 inferiorem
482 2280 573 2320 penis
599 2277 714 2311 faciem
742 2303 751 2318 ‚
788 2280 845 2320 qui
871 2278 977 2311 multo
1001 2288 1068 2312 erat

60 2324 191 2357 brevior
223 2334 322 2365 quam
354 2324 389 2356 in
427 2324 522 2355 lcone
569 2324 661 2364 (ῖς)
698 2321 939 2363 repraesentatur
962 2346 970 2360 ,
1004 2334 1067 2355 non

62 2366 128 2409 jam
165 2368 308 2399 canalem
333 2389 342 2403 ,
376 2364 425 2399 sed
458 2364 677 2398 semicanalem
715 2364 882 2406 perrexisse
907 2390 915 2404 ‚
953 2365 986 2398 id
1023 2364 1068 2398 est

63 2408 205 2444 urethrae
239 2411 392 2448 parietem
416 2408 585 2442 dumtaxat
611 2407 808 2449 superiorem
823 2433 830 2446 ,
854 2419 989 2450 eumque
1013 2409 1066 2441 lae-

32 2468 35 2470 ·
63 2464 157 2489 vem,
184 2455 214 2484 &
239 2452 411 2488 nitidums
443 2460 481 2485 ut
517 2452 613 2493 paulo
638 2451 742 2485 minus
774 2451 902 2485 difficile
924 2452 1067 2485 crederes

60 2495 257 2530 adolescenti
283 2519 294 2535 ‚
328 2496 359 2528 &
393 2495 594 2528 mulierculae
618 2504 689 2536 quae
713 2494 752 2526 ab
775 2505 813 2527 eo
846 2494 873 2528 se
899 2495 1065 2537 gravidam

60 2539 183 2573 saetam
214 2538 341 2572 dicebat
368 2561 378 2576 ,
408 2549 548 2580 quorum
582 2536 663 2570 alter
700 2536 923 2578 asseverabat,
955 2550 1028 2572 cum
1052 2561 1062 2577 ‚

59 2582 228 2617 sublevato
271 2582 423 2615 nonnihil
469 2592 548 2624 pene
572 2603 580 2617 ‚
620 2582 774 2623 mingeret
799 2602 808 2618 ‚
846 2582 963 2616 lotium
1010 2593 1065 2625 per

61 2626 285 2660 semicanalem
317 2625 485 2659 decurrere
509 2638 518 2662 ς
553 2625 711 2662 alterum,
734 2623 924 2665 ejaculatum
958 2625 997 2659 ab
1027 2637 1066 2658 eo

59 2670 163 2703 semen
187 2670 337 2711 vaginam
361 2669 485 2711 ingredi
510 2683 519 2706 3
553 2678 617 2699 non
641 2668 815 2701 interlabi.
839 2670 974 2702 Lotium
998 2681 1068 2702 cer-

68 2722 100 2746 te
124 2734 134 2749 ,
169 2722 243 2746 curn
278 2713 317 2747 ad
350 2714 505 2755 parietem
550 2712 708 2753 mingeret
734 2733 743 2748 ‚
787 2712 883 2746 altius
927 2712 1067 2746 vidimus

62 2766 161 2798 quam
205 2754 368 2789 orificium
414 2754 550 2789 urethrae
575 2778 584 2792 ‚
615 2753 783 2789 ascendisse
805 2779 812 2786 .
856 2755 975 2798 Neque
1008 2763 1065 2789 nos

63 2798 212 2841 fugiebat
246 2798 323 2841 quid
349 2800 435 2840 penis
458 2799 614 2832 strustura
638 2797 721 2831 ferat
744 2821 757 2838 ,
791 2801 823 2831 &
856 2810 926 2840 quae
959 2799 1065 2832 Graa-

64 2842 125 2876 fius
159 2844 214 2880 (a
236 2844 277 2881 ),
307 2841 517 2884 laudatusque
549 2841 588 2874 ab
619 2853 657 2875 eo
687 2841 852 2883 Harvejus
897 2853 1064 2883 propterea

65 2885 209 2919 viderint
232 2906 241 2921 ,
277 2885 432 2918 nimirum
464 2896 574 2927 penem
598 2885 760 2918 admodum
784 2886 930 2927 exiguum
959 2888 1063 2927 prima

56 2927 170 2974 fronte
192 2936 390 2969 apparentem
410 2951 422 2967 ‚
457 2928 513 2961 ubi
537 2926 671 2961 inflatus
694 2926 767 2961 esset
791 2952 803 2968 ,
836 2938 872 2961 ex
894 2930 1011 2962 occulto
1034 2929 1062 2962 se

66 2976 101 3007 in
136 2981 254 3013 corpus
278 2971 384 3012 ingens
402 2970 585 3015 protendisse
607 2993 617 3009 ,
653 2971 886 3013 interdumque
906 2994 919 3011 ,
950 2981 1063 3014 praeter

67 3025 159 3058 quam
192 3024 261 3047 cum
307 3015 455 3055 tentigine
495 3021 717 3055 provocaretur
738 3036 750 3054 ‚
784 3014 863 3047 niln'l
895 3016 927 3048 in
960 3026 1064 3048 corru-

63 3066 141 3102 gato
171 3056 324 3101 praeputio
354 3054 454 3098 supra
470 3057 608 3099 scrotum
633 3080 645 3097 ,
673 3064 785 3099 praeter
798 3057 955 3099 summum
976 3058 1066 3100 glan-

68 3103 118 3135 dis
163 3103 284 3143 apicem
307 3120 317 3135 ‚
357 3099 556 3143 prominuiffe
580 3125 588 3133 .
631 3102 743 3143 Itaque
774 3102 1033 3143 concipiebamus
1056 3125 1066 3140 ,

67 3145 130 3181 hoc
164 3144 193 3178 se
216 3141 412 3177 distendente
436 3153 536 3185 parvo
557 3143 688 3184 quidem
714 3165 723 3180 ,
756 3143 805 3177 sed
830 3155 894 3177 non
919 3147 1036 3188 exiguo
1058 3151 1085 3182 ‚¹

70 3199 150 3231 pene
174 3209 183 3224 ‚
218 3185 311 3220 fimul
343 3185 429 3231 quod
460 3186 593 3229 Juvenis
637 3187 812 3220 affirmabat
840 3210 848 3225 ‚
888 3188 1069 3222 extrorsum

68 3229 220 3274 protendi
255 3229 343 3263 illam
368 3239 435 3271 ejus
457 3238 577 3271 partem
601 3231 642 3262 in·
658 3242 720 3273 qua
744 3230 880 3264 urethrae
904 3232 1068 3266 orificium

68 3275 271 3317 speRabatur
293 3294 305 3311 ,
338 3270 443 3314 fitque
467 3274 613 3315 vaginam
637 3273 709 3307 satis
743 3273 849 3307 subire
871 3297 883 3314 ,
915 3276 954 3308 ab
976 3275 1071 3318 hujus

69 3328 177 3353 autem
212 3315 366 3349 inferiore
400 3316 520 3356 pariete
553 3315 582 3349 se
614 3317 652 3350 ad
689 3326 802 3360 apertae
828 3317 965 3352 urethrae
1000 3332 1070 3362 par-

69 3371 135 3395 tem
169 3360 328 3402 reliquam
372 3359 556 3401 applicante
579 3381 588 3396 ‚
623 3372 661 3394 ex
712 3361 895 3394 semicanali
928 3363 1070 3396 canalem

69 3405 139 3439 fieri
160 3426 169 3441 ‚
208 3414 271 3436 non
304 3403 389 3436 secus
422 3412 517 3444 atque
539 3401 781 3439 semicanalibus
806 3406 923 3438 accidit
945 3429 958 3445 ,
990 3408 1072 3448 quos

69 3449 104 3483 in
136 3446 335 3482 Adversariis
359 3444 447 3487 (b.)
470 3441 613 3488 descripsi
637 3448 669 3479 in
694 3447 859 3481 testudinis
885 3473 893 3487 ‚
926 3451 957 3482 &
981 3451 1070 3493 vipe-

158 3490 322 3533 Morgagni
333 3492 368 3522 de
379 3489 446 3522 Sed.
466 3487 604 3532 &Caufi
617 3489 717 3523 Morb.
731 3492 831 3527 Tom.
844 3493 890 3524 11.

1958 228 2044 262 211

1116 302 1158 325 rae
1191 292 1324 334 penibus
1347 314 1360 332 ,
1393 290 1449 324 ubi
1489 289 1614 322 suarum
1655 285 1872 322 foemellarum
1917 288 2115 322 naturalibus

1117 335 1242 377 excepti
1273 334 1343 368 sunt
1367 358 1383 372 .,
1408 331 1506 366 Haud
1547 329 1694 374 equidem
1738 331 1804 363 scio
1828 356 1838 372 ,
1882 341 1958 362 num
2004 332 2116 363 trime-

1117 379 1172 411 stri
1206 376 1324 411 infanti
1350 400 1360 416 ,
1396 384 1492 419 quem
1537 375 1577 408 ab
1622 373 1652 407 se
1697 373 1800 406 visum
1836 373 1985 406 Palfinius
2030 377 2115 414 (c)

1116 420 1239 463 scripsit
1262 443 1271 458 ‚
1306 419 1385 454 ficut
1418 420 1465 453 ibi
1499 415 1635 451 urethrae
1668 418 1786 450 canalis
1831 417 1887 451 ubi
1921 415 2028 448 nostro
2054 416 2116 458 Ju-

1116 465 1189 497 veni
1211 486 1224 503 ‚
1254 464 1414 497 definebat
1438 484 1449 501 ,
1482 463 1527 495 ita
1563 460 1762 494 semicanalis
1795 460 1833 494 ad
1866 460 2013 502 glandem
2047 469 2116 500 per-

1114 516 1203 550 geret
1231 518 1239 539 :
1277 507 1339 541 hoe
1384 506 1449 540 scio
1471 526 1483 544 ,
1521 503 1544 537 fi
1586 503 1652 547 ejus
1683 502 1904 537 conformatio
1937 501 2021 535 haud
2054 501 2114 548 alia

1115 558 1181 584 erat
1213 562 1247 583 ac
1282 551 1404 587 nostri,
1441 549 1549 581 minus
1579 556 1700 581 certam
1734 546 1793 579 effe
1826 544 1964 589 potuisse
1998 544 2115 588 praed(-

1114 595 1256 627 &ionem
1280 615 1289 631 ,
1321 594 1354 628 id
1387 593 1556 629 vitium„
1590 589 1766 623 inhabilem
1811 588 1991 631 generando
2042 587 2115 620 red-

1117 659 1139 676 ‚‚
1164 636 1345 677 diturum,
1391 635 1592 676 multumque
1636 633 1837 666 incommodi
1882 635 1914 665 in
1960 630 2115 664 reddenda

1115 705 1137 720 2,
1161 682 1252 713 urina
1285 681 1479 714 allaturum.
1507 702 1531 718 „
1578 676 1648 710 Nec
1683 687 1733 709 me
1769 675 1901 717 quidem
1937 677 2080 715 praeterit
2102 695 2112 709 ‚

1115 724 1265 765 antiquos
1301 723 1447 757 Medicos
1468 742 1480 759 ,
1515 722 1546 753 &
1577 718 1760 762 Chirurgos
1794 719 1844 751 vel
1865 721 1900 751 in
1934 720 1974 750 iis
1997 718 2115 758 quibus

1114 767 1179 808 ipse
1214 766 1351 800 urethrae
1386 764 1503 799 canalis
1536 762 1574 795 ad
1594 763 1742 804 glandem
1777 761 1873 803 usque
1906 760 2116 801 producitur,

1115 809 1165 843 sed
1199 809 1304 843 subter
1337 809 1419 843 hanc
1455 806 1523 841 hiat
1545 828 1554 844 ‚
1578 804 1817 848 hypospadiaeis
1841 814 2008 846 propterea
2033 814 2117 836 nun-

1117 855 1265 893 cupatis,
1289 852 1373 886 idern
1400 877 1410 892 ,
1442 849 1531 893 quod
1556 849 1592 882 ad
1629 848 1827 891 gignendum
1858 849 1975 882 attinet
1998 868 2008 883 ,
2043 854 2120 895 prei-

1117 896 1277 930 nunciasse
1300 921 1309 935 ,
1348 892 1617 928 confirmantibus
1657 891 1885 926 recentioribus
1909 913 1918 928 ,
1951 892 1981 923 δε
2016 899 2121 922 nonn-

1117 941 1221 972 natim
1267 938 1415 973 Dionifio
1448 937 1503 977 (d
1524 941 1537 977 )
1561 961 1570 975 ,
1607 936 1662 970 ubi
1697 934 1850 976 quasdam
1884 934 1931 967 vel
1965 934 2034 973 post
2066 943 2121 965 or-

1117 993 1189 1016 tum
1221 982 1327 1016 causas
1349 981 1469 1016 indicat
1504 979 1599 1021 hujus
1633 979 1707 1011 vitii
1733 1002 1741 1011 .
1773 980 1831 1012 Sed
1867 978 1968 1010 miror
1992 985 2122 1012 tamen,

1119 1037 1193 1059 curn
1229 1026 1413 1059 Fabricium
1448 1024 1625 1060 nostrum3
1661 1022 1693 1055 id
1730 1022 1818 1064 quod
1853 1031 1965 1053 eorum
2000 1021 2123 1060 Scripta

1119 1069 1291 1103 ostendunt
1317 1080 1327 1106 5
1360 1067 1553 1111 perlegerint
1578 1079 1586 1102 ς
1623 1065 1704 1098 nihil
1738 1062 1890 1106 excepisse
1927 1064 1960 1094 in
1986 1075 2019 1095 ea
2043 1074 2123 1104 prae-

1120 1113 1262 1145 dizffione
1288 1124 1298 1149 5
1332 1111 1382 1145 sed
1413 1111 1548 1143 omnino
1571 1109 1622 1142 hic
1657 1108 1717 1141 effe
1755 1107 1961 1141 necess'ariurn
1984 1104 2126 1139 Chirur-

1118 1157 1153 1198 gi
1178 1166 1260 1197 opus
1283 1176 1292 1191 ‚
1324 1152 1486 1188 tradidisse
1508 1176 1520 1193 ‚
1552 1151 1680 1194 quando
1712 1151 1767 1183 ille
1810 1150 1923 1184 diserte
1956 1150 2126 1182 admonuit

1123 1203 1138 1238 (
1159 1209 1173 1231 e
1195 1202 1228 1238 )‚
1257 1197 1286 1230 se
1308 1197 1410 1232 tamen
1434 1197 1473 1230 ab
1496 1198 1535 1229 iis
1558 1197 1615 1238 qui
1640 1206 1679 1226 eo
1704 1195 1788 1227 vitio
1821 1201 2008 1227 tenerentur
2032 1216 2041 1230 ‚
2074 1192 2128 1223 vi-

1120 1240 1192 1285 diffl?
1214 1239 1327 1275 liberos
1351 1240 1405 1284 effe
1425 1241 1548 1283 genitos
1570 1261 1579 1276 ,
1615 1240 1702 1279 quod
1740 1239 1771 1269 δι
1805 1238 1861 1270 alii
1893 1232 1976 1278 (f)
2009 1234 2127 1283 confir-5

1123 1295 1252 1319 marunt
1278 1309 1285 1315 .
1322 1284 1532 1326 Quapropter
1563 1282 1663 1322 magis
1698 1279 1903 1322 Ruyschium
1928 1279 2047 1313 laudo,
2069 1288 2127 1319 qui

1125 1338 1201 1362 cum
1233 1328 1314 1361 olim
1338 1331 1425 1370 (g)
1459 1324 1624 1360 censuisset
1649 1346 1658 1360 ,
1694 1325 1835 1362 vitium,
1861 1332 1897 1356 ut
1930 1331 2009 1362 puto
2029 1320 2128 1367 ‘illius

1127 1371 1218 1415 quod
1257 1370 1407 1413 descripsi
1431 1392 1443 1409 ‚
1479 1380 1544 1402 non
1576 1367 1723 1401 dissimile
1749 1366 1953 1405 sterilitatem
1985 1362 2094 1406 afferre
2116 1375 2130 1403 ;

1126 1417 1173 1448 ita
1197 1438 1207 1453 ‚
1238 1414 1277 1448 de
1309 1414 1371 1448 hoc
1396 1413 1499 1446 altero
1525 1411 1621 1444 verba
1655 1409 1773 1443 faciens
1796 1433 1809 1450 ,
1845 1420 1912 1442 rem
1946 1408 2129 1440 moderatus

1121 1458 1165 1492 est
1198 1460 1303 1500 postea
1329 1457 1383 1500 (h
1404 1461 1418 1496 >
1442 1480 1451 1495 ,
1487 1466 1522 1489 ut
1546 1454 1700 1494 doceret,
1723 1452 1780 1486 hoc
1812 1451 1924 1496 affebiu
1958 1449 2132 1498 laborantes

1122 1512 1193 1534 raro
1215 1502 1414 1542 impraegnare
1437 1510 1549 1532 uxores
1566 1522 1574 1530 .
1602 1499 1659 1530 Sed
1684 1496 1723 1529 ad
1747 1497 1822 1529 illos
1844 1505 1880 1529 ut
1905 1494 2031 1527 redeam
2055 1503 2132 1534 qui-

1123 1546 1183 1578 bus
1217 1544 1346 1577 urethra
1378 1542 1501 1582 obtigit
1537 1550 1644 1582 aperta
1669 1549 1785 1580 magna
1818 1550 1858 1571 ex
1882 1546 2006 1580 parte,
2041 1537 2131 1585 ὃςίῃ

1121 1589 1258 1629 longum
1295 1585 1516 1620 semicanalem
1549 1582 1787 1618 conformata3
1818 1583 1861 1613 A.
1900 1583 1994 1623 1756.
2030 1579 2134 1620 prius—

1121 1643 1220 1673 quam
1255 1628 1337 1664 hanc
1360 1627 1555 1663 recenserem
1589 1625 1773 1668 Epistolam
1795 1649 1804 1663 ,
1837 1625 1917 1658 alter
1943 1626 1981 1657 ad
2005 1634 2056 1656 me
2080 1634 2134 1655 ru-

1122 1675 1220 1708 sticus
1248 1674 1386 1718 Juvenis
1409 1671 1563 1705 addufius
1587 1669 1629 1703 est
1653 1679 1752 1703 annos
1774 1677 1866 1701 natus
1891 1669 2007 1710 viginti
2033 1665 2135 1715 duos⁹

1124 1719 1178 1752 c'ui
1202 1717 1244 1750 sic
1268 1725 1333 1750 erat
1358 1726 1394 1750 ut
1418 1718 1452 1749 in
1478 1716 1606 1755 priore,
1633 1714 1694 1746 nifi
1719 1711 1808 1754 quod
1841 1710 2036 1745 semicanalis
2072 1710 2136 1741 ini-

1128 1772 1214 1794 tium
1238 1761 1338 1802 paulo
1369 1758 1508 1793 distabat
1531 1768 1547 1789 a
1573 1756 1700 1790 summo
1738 1755 1846 1789 scroto
1873 1780 1882 1795 ‚
1913 1755 1988 1797 pilis
2020 1752 2137 1786 instru-

1125 1808 1180 1837 ἃς)
1204 1827 1211 1840 ,
1247 1815 1303 1836 nec
1328 1803 1377 1835 vel
1411 1802 1525 1834 leviter
1560 1799 1715 1835 bifariam
1752 1797 1861 1832 diviso
1885 1822 1892 1829 .
1929 1797 2020 1830 Huic
2053 1807 2136 1838 quo-

1121 1859 1184 1890 que
1210 1848 1329 1880 lotium
1355 1857 1418 1879 non
1446 1843 1613 1877 excidebat
1650 1843 1736 1875 inter
1771 1840 1863 1884 pedes
1887 1854 1898 1878 3
1931 1841 1983 1874 sed
2009 1840 2046 1873 ad
2081 1851 2137 1881 pa..

1122 1892 1236 1923 rietern
1261 1889 1441 1931 jaciebatur
1469 1900 1478 1918 .-
1512 1889 1601 1929 penis
1637 1895 1766 1923 autem,
1793 1896 1868 1918 cum
1902 1885 2062 1926 tentigine
2085 1883 2137 1916 di..

1122 1934 1351 1971 stendeoemr,
1386 1943 1426 1965 ex
1449 1932 1561 1971 brevi,
1584 1941 1648 1962 non
1674 1929 1770 1970 paulo
1798 1953 1807 1967 ‚
1838 1938 1873 1961 ut
1897 1928 1962 1970 ipse
1998 1926 2138 1973 affirma-

1122 1978 1178 2010 bat
1203 2002 1214 2016 ,
1248 1977 1347 2010 fiebat
1382 1976 1512 2017 longior
1539 1998 1545 2006 .
1579 1973 1683 2013 Qud
1716 1982 1752 2006 ut
1787 1973 1908 2005 rationi
1955 1972 2135 2005 consonum

1121 2030 1189 2054 erat
1213 2042 1222 2057 ‚
1257 2020 1298 2054 sic
1331 2019 1385 2053 illa
1418 2029 1490 2060 quae
1512 2018 1725 2052 cernebantur
1749 2038 1762 2056 ‚
1794 2017 1833 2048 &v
1858 2014 2040 2057 praesertim
2059 2026 2138 2055 pau—

1120 2065 1154 2097 lo
1188 2065 1295 2097 minor
1342 2062 1541 2096 semicanalis
1588 2059 1765 2102 longitudo
1805 2069 1870 2092 non
1917 2058 2134 2101 improbabile

1121 2107 1299 2142 reddebant
1325 2132 1335 2145 ,
1367 2105 1453 2139 hunc
1490 2104 1610 2146 pariter
1657 2111 1878 2146 praegnantem
1926 2101 2098 2136 foeminam
2126 2128 2134 2142 ,

1121 2151 1211 2193 quod
1246 2160 1382 2192 uterque
1407 2148 1592 2188 fatebatur,
1616 2145 1723 2180 fecisse
1746 2171 1754 2180 2
1788 2145 1857 2188 Q
1882 2144 2051 2188 Petropoli
2076 2145 2134 2184 (i)

1122 2194 1235 2227 multis
1261 2193 1330 2236 post
1366 2191 1486 2226 editam
1511 2191 1707 2235 Vallisnerii
1728 2213 1736 2226 ‚
1774 2200 1944 2231 meamque
1969 2189 2136 2222 Observa-

1121 2239 1244 2270 tionem
1267 2237 1358 2270 annis
1382 2260 1393 2275 ‚
1426 2232 1592 2268 urethram
1626 2235 1662 2267 in
1692 2234 1804 2269 sulci,
1836 2242 1890 2266 aut
1937 2232 2135 2266 semicanalis

1123 2280 1257 2314 modum
1281 2289 1450 2322 patentem
1487 2277 1637 2311 viderunt
1660 2300 1673 2316 ,
1704 2276 1743 2309 de
1777 2275 1850 2310 sexu
1876 2274 2059 2310 definiendo
2084 2276 2132 2309 so-

1100 2325 1206 2357 ‘liciti
1239 2323 1345 2365 (qua
1378 2324 1419 2355 de
1457 2332 1488 2354 re
1521 2319 1686 2363 quaerendi
1722 2320 1817 2353 nobis
1859 2319 1994 2362 quidem
2039 2320 2133 2353 causa

1120 2379 1186 2401 non
1209 2365 1313 2401 fuerat
1336 2371 1349 2406 )
1382 2376 1420 2399 an
1457 2377 1490 2398 ea
1514 2363 1671 2397 struaestura
1695 2363 1850 2406 gignendi
1882 2364 1949 2409 vim
1972 2364 2132 2406 impedire

1121 2411 1259 2444 omnino
1291 2408 1394 2452 poffet
1420 2433 1429 2448 ‚
1464 2419 1528 2442 non
1562 2406 1780 2449 quaesiverunt
1804 2432 1812 2440 .
1845 2407 1900 2440 Cl.
1926 2417 2032 2441 autem
2066 2409 2132 2444 Vir

1121 2455 1204 2487 Abr.
1229 2454 1320 2486 Kaau
1345 2453 1563 2485 Boerhaavius
1599 2461 1673 2483 cum
1708 2462 1820 2484 eorum
1854 2449 2022 2486 observata
2054 2463 2129 2495 pro„

1120 2497 1242 2534 ferret,
1269 2507 1326 2536 pro
1350 2495 1480 2533 nostra,
1504 2506 1601 2537 quam
1631 2493 1742 2527 vidisse
1776 2505 1840 2528 non
1864 2494 1992 2528 videtur
2015 2519 2023 2533 ,
2059 2497 2129 2530 sen-

1116 2542 1219 2574 tentia
1255 2539 1340 2573 stetit
1368 2552 1376 2571 :
1411 2550 1470 2582 pro
1504 2549 1566 2581 qua
1600 2538 1671 2572 Cel.
1707 2538 1803 2571 etiam
1838 2538 2006 2572 Hallcrum
2039 2539 2125 2584 (4)

1117 2585 1196 2619 stare
1220 2608 1229 2623 ,
1260 2583 1367 2617 credes
1389 2603 1401 2622 ,
1436 2582 1492 2615 ubi
1517 2594 1587 2615 eam
1611 2580 1651 2615 fic
1685 2582 1717 2614 in
1752 2581 1888 2615 transitu
1926 2581 2056 2621 refert,
2094 2588 2125 2617 δε

1117 2628 1273 2662 staturum
1298 2629 1329 2660 in
1355 2637 1455 2668 puero
1489 2637 1622 2668 quoque
1645 2652 1656 2666 ‚
1689 2625 1779 2667 cujus
1810 2624 2051 2661 deformitatem
2081 2629 2124 2661 si-

1119 2672 1232 2705 milem
1267 2669 1350 2703 vidit
1375 2694 1385 2710 ‚
1418 2669 1440 2703 fi
1466 2675 1619 2711 provecta
1644 2679 1755 2709 κως,-
1778 2671 1910 2703 triennis
1935 2674 2022 2705 enim
2045 2682 2123 2706 tunc

1118 2725 1184 2748 crat
1208 2725 1221 2753 ;
1252 2712 1434 2754 inspexiffet
1458 2738 1465 2744 .
1500 2713 1579 2745 Non
1614 2712 1676 2745 huc
1710 2711 1814 2745 refero
1841 2714 2037 2749 Saltzmanni
2061 2715 2121 2755 (l)

1118 2761 1151 2792 in
1188 2759 1328 2791 ruricola
1356 2757 1483 2799 Juvene
1521 2756 1796 2789 Observationem
1822 2778 1830 2793 ‚
1865 2758 1954 2800 cujus
1990 2759 2120 2793 urethra

1115 2814 1178 2836 non
1200 2801 1282 2835 infra
1307 2825 1316 2839 ,
1351 2800 1401 2833 sed
1427 2800 1517 2842 supra
1541 2822 1552 2838 ‚
1584 2802 1615 2831 <Sc
1640 2801 1723 2831 inter
1745 2811 1882 2842 corpora
1906 2802 2120 2845 nerveospon-

1113 2846 1202 2888 giosa
1236 2844 1398 2878 ferebatur
1422 2854 1477 2885 per
1509 2842 1636 2876 dorsum
1669 2843 1758 2884 penis
1782 2853 1925 2884 aperta5
1956 2847 2032 2887 quia
2066 2845 2119 2881 hic

1113 2900 1150 2923 ut
1183 2891 1307 2930 Figurae
1343 2893 1352 2926 (
1387 2896 1417 2918 m
1451 2890 1465 2924 )
1501 2884 1674 2919 ostendunt
1698 2908 1708 2923 ‚
1743 2896 1809 2918 erat
1843 2899 1896 2928 per
1932 2888 1962 2921 se
1994 2899 2118 2932 quanto

1115 2931 1199 2975 justo
1232 2930 1360 2965 craffior
1384 2953 1393 2967 ‚
1428 2939 1521 2962 tanto
1546 2930 1673 2962 brevior
1696 2952 1706 2967 5
1740 2939 1840 2971 neque
1863 2944 1878 2964 a
1904 2935 2041 2966 venereis
2063 2946 2119 2966 co-

1117 2975 1331 3018 gitationibus
1363 2973 1503 3006 multum
1528 2973 1688 3006 crescebat
1713 2994 1722 3009 ,
1759 2981 1830 3006 tum
1854 2975 1930 3015 quia
1964 2976 2116 3010 nonnihil

1117 3027 1182 3053 erat
1205 3017 1351 3052 deorsum
1384 3018 1570 3050 incurvatus
1594 3041 1603 3056 ‚
1636 3015 1801 3049 noviffime
1832 3019 1908 3060 quia
1931 3021 2026 3053 urina
2052 3032 2116 3053 non

1117 3074 1191 3097 curn
1222 3063 1345 3103 impetu
1370 3071 1424 3102 per
1459 3059 1622 3093 urethram
1654 3059 1805 3093 fluebat.
1851 3061 1940 3101 Qas
1962 3063 2006 3095 ob
2042 3075 2117 3096 cau·

1118 3105 1164 3139 sas
1188 3116 1298 3139 ornnes
1321 3106 1440 3136 merito
1463 3102 1639 3143 judicatum
1673 3102 1739 3144 est,
1759 3103 1919 3147 Juvenem
1949 3108 1986 3140 ad
2021 3118 2116 3149 gene-

1119 3149 1251 3183 randum
1276 3159 1339 3180 non
1364 3145 1422 3180 effe
1456 3149 1630 3180 idoneum.

1161 3205 1192 3234 9.
1214 3192 1317 3227 Quod
1342 3193 1370 3223 &
1409 3201 1469 3230 ego
1502 3189 1540 3223 de
1572 3189 1712 3233 quodam
1746 3191 1809 3223 alio
1828 3191 1952 3233 Juvene
1977 3192 2115 3232 censui,

1122 3239 1211 3269 annis
1234 3237 1368 3275 triginta
1392 3234 1511 3266 minori
1535 3256 1544 3271 ,
1577 3237 1724 3276 quamvis
1759 3237 1922 3268 urethram
1957 3247 2058 3278 neque
2084 3241 2115 3271 in

1122 3279 1218 3313 dorso
1240 3279 1326 3320 penis
1352 3304 1360 3318 ,
1393 3288 1495 3318 neque
1518 3284 1619 3310 totam
1656 3277 1786 3310 haberet
1818 3290 1978 3319 apertam.
2005 3280 2114 3319 Qiem

1121 3324 1316 3365 diligenter».
1340 3329 1375 3354 ut
1398 3333 1412 3352 a
1439 3332 1488 3353 me
1512 3322 1650 3361 petitum
1674 3319 1802 3360 fuerat,
1826 3325 1856 3354 ὅ(
1880 3334 1926 3355 res
1959 3324 2113 3364 ipsa'per

1123 3367 1152 3400 se
1177 3365 1376 3408 postulabat,
1400 3364 1520 3404 inspexi
1557 3365 1598 3396 A.
1624 3364 1714 3404 1738.
1738 3366 1770 3395 Is
1797 3366 1901 3398 minus
1923 3376 1989 3399 erat
2015 3367 2113 3401 robu-

1123 3409 1185 3443 stus
1202 3432 1209 3443 ‚
1233 3420 1330 3449 quam
1352 3408 1418 3440 duo
1438 3407 1490 3440 ‚illi
1516 3406 1570 3438 alii
1594 3418 1609 3438 a
1633 3418 1683 3438 me
1707 3406 1863 3447 inspecfti,·
1886 3409 1976 3442 sanus
2007 3420 2113 3444 tamen

1123 3454 1167 3486 fic
1199 3451 1294 3489 sato,
1320 3451 1424 3484 oculis
1448 3471 1458 3487 ‚
1489 3452 1520 3483 δε
1553 3460 1633 3526 ρεἙ
1654 3451 1817 3526 Saeptis,
1840 3462 1980 3494 quorum
2001 3453 2050 3486 illi
2074 3454 2114 3487 ab

1719 3504 1736 3525 2
2019 3506 2074 3530 an-

80 3570 2074 3593 mmm-*mm*

190 3636 205 3665 )
221 3638 256 3660 De
272 3633 358 3659 Gland.
376 3634 459 3659 Duod-
473 3633 514 3658 ubi
530 3633 558 3657 de
574 3640 620 3658 ear.
636 3634 662 3658 in
678 3634 743 3660 horn.
761 3635 898 3661 Demonstr.

186 3670 197 3697 j
215 3668 279 3694 Epir.
295 3667 328 3689 N.
346 3665 376 3689 C·
396 3667 453 3689 Dec.
471 3673 494 3689 2.
512 3667 542 3688 A.
559 3668 583 3688 6.
600 3664 657 3688 Obs.
672 3667 711 3689 68.

191 3696 282 3757 {sspn
302 3697 334 3720 N.
351 3697 382 3720 C.
400 3697 472 3720 Cent.
492 3702 514 3724 9-
531 3695 590 3719 Obs.»
606 3702 646 3724 7².

199 3761 210 3784 )
227 3760 246 3781 C

156 3642 175 3666 Ρ

132 3635 143 3666 (

133 3668 142 3695 (
160 3675 172 3691 r

135 3698 145 3730 (
161 3706 175 3721 ⁸
520 3724 525 3729 .

134 3731 150 3758 (
166 3735 181 3751 a
248 3735 260 3751 e
277 3727 358 3751 Viror.
377 3727 468 3754 otgan.
485 3726 527 3753 ub1
543 3726 572 3749 de
590 3725 678 3750 nervos.
702 3734 769 3755 penis
787 3728 906 3757 eorporib.

136 3761 151 3788 (
166 3757 182 3781 ὀ
248 3765 304 3781 ours
319 3756 341 3780 d‘
355 3758 454 3786 Opem.
470 3756 500 3780 de
516 3755 584 3782 Chir.
603 3757 739 3780 Demonstr.
756 3764 777 3786 3.

136 3791 150 3816 (
166 3795 184 3816 ἔ
205 3787 212 3815 )
227 3787 290 3813 Mus.
308 3788 380 3812 Anat.
396 3787 470 3812 Thec.
488 3788 518 3811 C.
536 3787 617 3815 Repos.
637 3793 655 3810 ι.
672 3795 695 3811 n.
713 3795 732 3810 1.

141 3819 156 3848 ζ
168 3818 185 3842 k
200 3817 215 3848 )
229 3820 370 3844 comment.
389 3819 442 3842 Soc.
460 3820 491 3842 R.
507 3819 544 3842 Sc.
561 3817 673 3847 Gotting.
691 3820 765 3843 Torn.
783 3825 800 3843 1.

967 3730 980 3756 (
997 3729 1010 3752 b
1027 3730 1040 3758 )
1060 3731 1103 3753 lv.
1121 3729 1237 3753 Animad.
1254 3739 1276 3758 4.

836 3759 845 3787 (
860 3766 878 3782 re
894 3759 907 3787 )
923 3759 959 3782 De
976 3759 1150 3788 Chir.0perat.
1162 3760 1201 3783 ubi
1219 3762 1247 3784 de
1264 3759 1350 3788 glande
1369 3768 1416 3784 non
1434 3761 1520 3789 persor.

793 3789 807 3818 (
825 3789 839 3812 b
855 3787 866 3819 )
880 3788 946 3812 Thes
961 3790 1086 3813 ωηατ-λη
1104 3798 1142 3819 30.

861 3820 875 3849 (
892 3820 901 3842 l
917 3819 930 3847 )
947 3819 1000 3844 Ast.
1020 3821 1053 3843 Ν4
1071 3822 1099 3844 C.
1117 3822 1190 3844 Tom.
1207 3829 1228 3849 4.
1245 3820 1299 3845 Obs
1319 3824 1356 3851 ⁶5·

960 3637 969 3665 s
987 3646 1002 3667 q
1017 3638 1031 3664 )
1047 3637 1099 3663 Ast.
1116 3638 1187 3663 Erud.
1205 3638 1269 3667 Lips,
1286 3639 1315 3661 Α.
1334 3645 1400 3668 1725.
1418 3641 1458 3663 M.
1476 3640 1610 3664 Novembr.

774 3667 783 3694 (
798 3667 841 3695 s)
859 3668 913 3691 loco
930 3668 1003 3692 modo
1019 3668 1092 3692 indic:r

709 3696 780 3730 (γ’)
796 3698 871 3721 Tom.
889 3705 909 3726 3.
929 3699 955 3721 P.
972 3706 993 3727 3.
1010 3706 1034 3722 m
1052 3701 1091 3722 28.

1153 3670 1167 3698 (
1183 3675 1194 3692 t
1210 3670 1223 3697 )
1239 3669 1311 3697 Epist.
1329 3677 1367 3697 44.
1384 3677 1407 3692 n.
1424 3678 1446 3696 7.
1464 3670 1485 3692 8<
1502 3671 1573 3696 Epist.
1592 3678 1630 3698 40⁴
1649 3677 1672 3693 n.
1690 3676 1728 3697 29.

1153 3701 1166 3728 (
1183 3707 1199 3727 z
1215 3701 1228 3728 )
1244 3702 1313 3724 Cent.
1330 3705 1371 3723 Ωιτ.
1387 3700 1448 3723 Tab.
1466 3708 1488 3722 2.
1507 3702 1559 3730 Frg.
1578 3709 1599 3724 ιΔ

1339 3731 1352 3759 (
1368 3739 1379 3754 c
1396 3731 1402 3757 l
1420 3732 1485 3754 Anat
1512 3730 1542 3755 du
1559 3737 1627 3758 corps
1644 3728 1710 3752 hum.
1727 3729 1753 3752 P.
1770 3736 1791 3754 ι.
1808 3735 1841 3754 tr.
1859 3738 1881 3754 2.
1898 3731 1936 3755 ch.
1953 3737 1993 3759 ¹7·

1582 3763 1595 3790 (
1608 3760 1647 3789 f)
1666 3760 1717 3787 Eph
1737 3761 1900 3784 N.C.Dec.i.
1918 3764 1948 3785 A.
1967 3762 2057 3792 3.obc
2074 3769 2110 3786 οι.

1204 3788 1215 3820 (
1232 3792 1241 3813 ί
1258 3792 1269 3818 )
1286 3791 1352 3814 Nov.
1364 3795 1501 3817 comment⁴
1522 3791 1640 3815 Acadssc.
1652 3791 1714 3823 lmp-
1728 3791 1847 3819 Pezropol.
1858 3794 1958 3816 Tomi.
1977 3794 2002 3817 in
2023 3795 2113 3823 l’liylica,

1417 3822 1432 3851 (
1448 3830 1470 3845 m
1488 3821 1500 3850 )
1516 3822 1578 3847 Tab.
1596 3825 1609 3846 ό
1637 3822 1679 3850 Frg
1707 3828 1724 3845 ι.
1743 3822 1764 3845 δι
1780 3829 1800 3845 2.

1790 3668 1959 3699 (κὶα-37-
