2498 4075
357 86 448 141 218

282 178 367 202 cerat
390 171 403 207 )

283 211 372 253 quod
388 208 462 242 'veri
487 210 548 243 hoc
571 209 604 239 in
629 207 703 243 loco
728 206 831 239 fuerat
853 221 871 245 ,s
895 203 1062 236 obscurare
1085 227 1092 233 .
1120 204 1220 246 Qod
1245 215 1284 239 20

282 256 463 289 Martianus
487 252 619 289 fecerit,
644 248 697 282 hic
722 261 785 282 non
809 259 946 291 quaeram
971 271 978 278 .
1014 245 1072 278 Sed
1097 247 1202 280 videre
1228 259 1286 289 po-

283 302 363 333 reris
393 298 440 330 vel
466 300 497 330 in
532 294 602 337 ipso
626 292 836 335 Sepulchreto
869 289 952 333 (f)
986 300 1061 336 curn
1084 289 1121 323 de
1147 290 1209 323 hoc
1231 302 1287 332 eo-

284 345 357 378 dem
380 339 594 382 Hippocratis
628 338 701 369 loco
724 336 901 378 disputaret
927 355 934 369 ‚
972 333 1092 365 rectene
1116 345 1226 366 contra
1252 345 1285 366 ac

286 387 454 432 Joubertus
487 389 495 422 (
518 385 573 425 g)
604 379 798 422 infinitorum
821 379 1006 411 cadaverum
1028 378 1183 417 apertione
1217 377 1286 410 sub-

279 426 377 466 ‘nixus
392 454 399 468 ‚
421 427 504 460 illud
529 424 730 459 affirmaverit
745 445 753 459 ‚
768 433 846 466 raro
871 420 992 453 evenire
1013 442 1025 459 ,
1047 431 1142 456 uriam
1165 420 1286 462 pulmo-

283 476 334 509 nis
355 479 477 515 partem
500 466 708 510 inflammari,
735 465 832 498 altera
856 471 1055 503 permanente
1078 463 1172 505 illaesa
1198 475 1206 495 .-
1233 474 1286 496 aut

284 516 417 549 dolorem
451 514 527 546 oriri
560 522 617 543 non
655 511 775 543 ratione
812 506 1075 551 inflammationis
1092 508 1251 547 pulmonis
1277 507 1294 545 ‚'

284 560 335 594 sed
360 558 464 591 lateris
487 570 494 588 :
528 558 559 588 &
583 565 655 587 cum
678 551 831 592 objecerit
856 560 964 582 eornm
1000 549 1289 583 Observationibus

284 604 343 646 qui
378 601 405 635 se
429 599 615 640 scripserant
640 620 651 636 ,
681 591 843 638 pulmones
866 592 948 634 laesos
971 594 1003 625 in
1024 593 1191 633 pleni-uide
1207 593 1290 634 sem-

282 658 338 689 per
374 642 513 687 reperiffe
539 665 549 681 ‚
582 652 655 673 cuin
691 636 845 682 objecerit
881 662 889 673 ,
935 637 1067 678 inquam
1093 661 1100 670 ,
1132 646 1196 668 non
1228 639 1290 668 mi-

285 700 356 724 rum
379 686 436 720 ess‘e
462 684 485 728 ‚'
505 686 526 718 {i
550 684 583 717 id
620 687 721 723 Romae
754 680 986 714 observaverint
1011 702 1022 718 ,
1056 679 1110 712 ubi
1142 679 1291 720 pleuriti-

286 735 338 768 des
361 756 373 772 ,
407 733 448 764 &²
478 727 738 771 pcripneumoniae
766 724 831 767 sint
854 723 924 766 fere
958 732 1062 770 omnes
1093 722 1128 755 de
1166 733 1290 756 numero

285 786 389 809 earum
424 774 458 806 de
491 772 603 813 quibus
636 769 690 802 hoc
725 768 757 800 in
791 766 1003 808 Hippocratis
1028 771 1103 798 ioco
1131 763 1291 806 flamen-

285 820 331 851 tio
347 840 354 854 ,
379 817 537 850 continuo
562 811 708 854 subjiciat
724 833 735 849 ,
758 811 897 852 quotidie
921 810 1035 842 Romae
1060 807 1217 850 observari
1238 821 1290 842 ca-

284 863 399 895 daversi
438 857 678 902 pleuriticorum
719 855 753 886 in
795 852 999 886 Nosocomio
1043 852 1072 883 S.
1118 853 1255 893 Spiritus
1281 878 1290 890 ,

288 905 406 938 scilicet
440 914 478 935 ex
513 905 651 940 Romano
673 908 758 940 vagro
790 898 960 931 illatorum
992 896 1023 928 in
1046 895 1172 938 ¹quibus
1205 895 1290 929 lacus

285 948 386 991 lasum
429 946 471 979 Θ·
503 949 685 985 corruptum
729 941 885 982 reperitur
917 963 948 979 ‚.
970 939 1055 972 nulla
1100 939 1290 981 pulmonum

284 991 443 1025 mentione
477 988 590 1023 habita
615 1011 623 1019 .
658 986 715 1018 Tu
750 996 824 1016 vero
862 982 910 1016 fac
949 985 1010 1016 tibi
1053 982 1183 1015 illarum
1217 983 1291 1016 Ob-

286 1035 503 1068 servationum
547 1031 654 1062 veniat
688 1029 724 1061 in
756 1037 894 1061 mentem
919 1049 927 1065 ,
962 1038 1038 1069 quas
1073 1024 1290 1060 Hoffmannus

283 1078 339 1119 (l)
362 1082 375 1117 )
402 1083 557 1110 memorat
581 1073 638 1107 sub
660 1083 693 1104 ea
716 1080 861 1114 tempora
886 1073 917 1103 iii
943 1069 1054 1103 eodem
1078 1069 1138 1102 illo
1157 1071 1192 1101 S.
1219 1071 1291 1112 Spi-

284 1124 375 1155 ritus.
404 1119 612 1153 Nosocomio
650 1129 665 1148 a
701 1118 796 1148 Petro
829 1116 941 1148 Servio
975 1113 1028 1147 vel
1069 1113 1100 1145 in
1142 1115 1289 1146 trecentis

283 1165 462 1209 pleuriticis
500 1162 659 1202 institutas
684 1184 691 1196 ‚
726 1160 759 1191 in
791 1158 908 1201 quibus
943 1157 996 1192 hic
1032 1156 1155 1198 semper
1188 1155 1291 1192 lolium

283 1209 438 1243 uit-imonis
470 1203 619 1249 infeffum
644 1227 654 1243 ,
686 1204 879 1243 materiaque
912 1200 1064 1242 repletum
1100 1197 1257 1240 conspexit
1281 1222 1291 1237 ,

277 1245 386 1295 ‘pleura
419 1258 475 1283 aut
511 1247 591 1282 nihil
624 1246 747 1281 omnino
779 1247 818 1279 ad
850 1243 972 1286 sensum
995 1243 1116 1276 vitiata
1133 1265 1145 1281 ‚
1167 1250 1222 1274 aut
1245 1242 1291 1276 le-

276 1292 366 1330 viter
396 1300 521 1327 tautam
552 1289 772 1332 quodammodo
818 1289 982 1330 inquinata
1009 1291 1024 1318 .'
1054 1287 1144 1319 Turn
1182 1285 1254 1318 vide
1277 1309 1288 1326 ‚

285 1347 409 1382 quanto
442 1346 516 1369 cum
561 1334 611 1366 his
644 1333 746 1373 magis
780 1356 792 1371 ,
839 1342 935 1374 qnam
965 1342 1041 1363 cum
1075 1329 1141 1360 illis
1176 1329 1288 1363 nosti-:e

283 1383 347 1417 fere
388 1391 497 1415 omnes
532 1376 784 1411 Observationes
809 1373 1011 1409 ,consentiant
1038 1386 1055 1422 :k
1081 1384 1152 1415 quae
1186 1383 1294 1413 certe,

285 1438 323 1461 ne
348 1436 443 1469 quem
476 1423 540 1455 tibi
573 1420 756 1461 scrupulum
788 1417 915 1460 injiciat
951 1418 1131 1451 Martianus
1169 1440 1180 1456 ‚
1222 1417 1294 1452 aliae

283 1471 356 1503 aliis
392 1471 427 1501 iri
462 1467 542 1499 locis
567 1489 578 1504 ,
611 1463 745 1506 aliisque
787 1461 987 1504 temporibus
1031 1462 1148 1494 habitae
1192 1459 1261 1492 sunt
1285 1484 1295 1493 .

285 1512 418 1547 Eaedem
448 1509 638 1553 singillatim
662 1531 672 1547 ,
709 1517 772 1541 non
807 1505 841 1539 ut
870 1506 1047 1550 Joubcrtus
1072 1528 1083 1545 ,
1116 1505 1295 1546 generatim

282 1557 443 1592 ostendent
469 1576 482 1595 ‚
517 1564 593 1587 num
641 1552 740 1583 rarius
784 1549 822 1585 sit
853 1572 865 1589 ‚
913 1549 1048 1582 alterum
1090 1547 1257 1580 dumtaxat
1281 1571 1294 1588 ,

287 1613 323 1636 an
349 1600 460 1635 ambos
493 1595 688 1631 inflammari
714 1594 881 1635 pulmones
905 1615 914 1631 ‚
949 1594 1087 1634 itemque
1111 1602 1187 1623 nuni
1212 1602 1294 1632 pun-

282 1655 357 1683 gens
390 1643 484 1678 dolor
517 1641 637 1682 semper
673 1638 780 1673 lateris
814 1635 1073 1669 inflammationi
1107 1634 1257 1680 debeatur
1282 1659 1289 1668 .

282 1684 384 1732 Οχιιοά
419 1696 484 1719 non
518 1684 617 1717 modo
654 1681 733 1722 saepe
765 1691 829 1712 non
863 1678 1102 1716 inflammatum
1128 1700 1136 1715 ‚
1170 1679 1220 1711 sed
1256 1689 1292 1711 ne

282 1734 382 1766 ullam
416 1728 547 1773 quidem
593 1724 755 1762 interdum
786 1734 860 1756 cum
897 1722 1107 1755 inflammato
1139 1722 1290 1764 pulmone

280 1771 666 1810 connexionemshabens
699 1777 777 1801 tunc
811 1768 966 1811 reperitur
992 1778 999 1802 ζ
1036 1765 1069 1797 id
1100 1765 1186 1807 quod
1228 1776 1290 1797 cae-

283 1821 432 1863 teroquin
476 1816 516 1849 ab
551 1810 828 1850 Diemerbroeckii
870 1812 953 1849 (i)
997 1808 1291 1843 Observationibus

282 1864 456 1906 discrepare
480 1884 492 1900 ,
526 1863 555 1892 δε
600 1868 673 1891 cum
710 1856 944 1889 Recentiorurn
988 1851 1190 1897 quorundam
1222 1852 1291 1894 pla-

282 1910 358 1941 citis
381 1908 488 1939 minus
527 1902 698 1935 convenire
722 1922 734 1938 ,
766 1909 830 1934 non
862 1901 992 1939 ignoras
1016 1920 1030 1945 ¹.
1058 1895 1176 1938 Qd?
1200 1894 1291 1944 qnod

282 1952 304 1985 ii
328 1951 446 1986 nostras
469 1944 620 1991 quasdam
645 1942 794 1986 inspicias
814 1964 823 1979 ‚
846 1942 940 1979 XVI.
967 1939 1112 1982 Epistola
1136 1942 1149 1980 (
1170 1939 1189 1978 k
1211 1943 1224 1978 >
1248 1947 1291 1971 tl·-

283 1996 318 2030 bi
344 1994 539 2034 descriptas,
565 1987 815 2022 Observationes
828 2008 849 2031 ,ι
865 1986 1004 2027 pleuram
1031 1982 1203 2029 aliquando
1226 1993 1291 2013 non

282 2039 344 2073 {ine
369 2038 457 2070 omni
482 2032 746 2068 inflammatione
770 2028 884 2069 fuisse,
908 2028 1088 2070 intelliges,
1114 2036 1144 2064 at
1158 2028 1219 2060 ime
1245 2027 1291 2057 la-

284 2085 359 2119 teris
392 2082 460 2114 ullo
484 2078 595 2111 dolore
619 2088 628 2114 3
665 2083 700 2107 ut
725 2084 861 2116 quaerere
894 2072 1085 2105 omittamus
1110 2093 1122 2110 ‚
1152 2081 1191 2118 an
1232 2067 1295 2101 huc

284 2129 374 2160 olane
398 2125 554 2157 attineant
579 2116 766 2161 pleuritides
791 2116 856 2158 fine
894 2115 1059 2157 punffiorio
1096 2114 1208 2146 ‘lateris
1241 2113 1296 2144 do-

283 2158 292 2171 I

283 2173 347 2205 lore
384 2175 448 2205 ‚non
479 2166 537 2205 uni
571 2163 707 2198 Arietori
741 2159 903 2196 adnotatae
941 2157 1024 2205 apud
1057 2155 1294 2192 Ettm'ullerum

282 2219 297 2255 (
319 2214 380 2301 ἒξ),
401 2258 476 2303 Jam
500 2264 574 2285 vero
597 2250 617 2283 ii
642 2248 760 2283 nostris
772 2258 901 2285 omnes,
924 2246 1080 2288 simulque
1103 2245 1205 2278 Servii
1221 2243 1294 2277 Ob,

286 2303 478 2336 servationes
510 2295 690 2334 attenda57·
723 2293 880 2325 continuo
904 2290 1064 2332 intelliges
1089 2313 1102 2330 ‚
1134 2300 1230 2330 quam
1254 2289 1295 2320 iis

288 2346 383 2381 facile
408 2342 548 2378 assentiri
586 2337 678 2381 poffis
705 2337 760 2378 qui
792 2336 825 2368 in
849 2333 962 2367 lethali
1001 2332 1175 2376 pleuritide
1193 2331 1294 2374 solam

284 2389 428 2432 pleuram
448 2411 460 2427 ,
494 2384 646 2428 pulmone
670 2380 739 2421 ipso
750 2375 1047 2424 illaeso,saepiffime
1071 2374 1260 2423 inflammari
1283 2398 1295 2414 ‚

288 2441 477 2467 autumant,
502 2429 578 2463 licet
602 2435 675 2458 cun'i
699 2423 741 2455 iis
768 2423 866 2455 iacere
893 2420 1036 2453 videatur
1061 2417 1295 2459 Sydenhamius

288 2481 301 2516 (
323 2488 353 2510 m
378 2480 390 2515 )
410 2499 420 2517 ,
452 2473 508 2517 qui
532 2470 697 2506 materiam
718 2473 898 2507 peccantem
922 2464 954 2497 in
986 2462 1130 2506 pleuram
1153 2461 1261 2510 deponi
1284 2482 1296 2498 ,

289 2520 413 2557 censet,
442 2522 659 2556 nonnunquam
693 2509 735 2542 &¹
759 2509 789 2542 in
808 2508 999 2549 pulmones.
1034 2506 1168 2543 Quanto
1202 2504 1297 2537 aliter

290 2567 316 2598 ii
340 2562 488 2600 Medici,
511 2559 567 2601 qui
594 2566 646 2599 per
672 2561 840 2587 anatomen
864 2549 944 2592 quid
970 2548 1080 2591 saepius
1104 2548 1297 2595 contingat,

289 2608 336 2640 vel
363 2607 443 2639 olim
467 2601 659 2644 indagarunt
684 2621 695 2638 ,
728 2605 763 2629 ut
787 2595 940 2628 Coiterus
965 2595 978 2631 (
1001 2603 1019 2624 n
1043 2595 1055 2632 )
1080 2615 1090 2631 ‚
1114 2603 1204 2633 cujus
1229 2602 1297 2623 vei·-

289 2652 329 2687 ba
353 2651 464 2683 omnia
488 2645 541 2680 hic
565 2642 775 2678 describemus
808 2650 872 2671 non
897 2635 996 2673 modo
1026 2637 1102 2678 quia
1125 2647 1199 2685 cum
1224 2636 1297 2684 Ob-

290 2692 522 2729 servationibus
545 2685 748 2720 consentiunt
773 2681 918 2726 nostris«,
950 2690 1059 2712 verum
1091 2688 1188 2726 etiam
1222 2690 1300 2720 quia

292 2742 324 2772 in
359 2738 417 2771 hac
455 2731 652 2776 Sepulchreti
698 2728 846 2761 Seffione
881 2723 995 2757 frustra
1021 2724 1295 2766 perquisivimus,

290 2785 389 2817 ¹Anno
405 2778 526 2823 salutis
550 2777 644 2816 1563«
669 2779 819 2805 autumno
841 2779 912 2802 cum
941 2777 996 2808 per
1013 2774 1120 2815 ntorum
1137 2763 1215 2815 fere*
1231 2768 1298 2814 Ira-

293 2827 370 2860 liam
393 2820 484 2866 tusses
509 2844 520 2861 ‚
549 2814 806 2861 peripneumonia
830 2836 839 2851 ,
874 2814 916 2846 &⁹
939 2809 1080 2852 maligna»
1110 2809 1298 2852 pleni-mdes

293 2863 525 2911 epidemialium
548 2853 725 2898 morborum
737 2856 829 2897 instar
848 2852 1064 2902 graffalqancur
1077 2876 1095 2903 ,Ι
1110 2861 1204 2895 atque
1216 2851 1298 2885 mul-

295 2921 345 2948 tos
379 2907 561 2943 occidebant
582 2928 590 2942 ‚
624 2901 730 2936 inveni
745 2923 755 2938 ,
778 2900 886 2942 inquit
913 2921 921 2935 ,
956 2908 988 2929 m
1012 2896 1152 2945 omnibus
1177 2920 1197 2943 ³.
1224 2907 1299 2943 quos

288 2955 375 3002 secui
407 2977 420 2993 ³
466 2948 549 2993 quasi
601 2955 682 2979 totos
723 2942 885 2986 pulmones
922 2940 1073 2983 sanguine
1116 2940 1218 2988 media
1263 2949 1301 2972 ex

292 3007 383 3041 parte
414 2994 543 3038 putrido
574 2988 705 3033 repletos
728 3010 740 3026 ,
783 2986 922 3029 turgidos
947 3006 955 3020 ‚
990 2991 1084 3024 atque
1116 2993 1231 3018 mirum
1268 2984 1301 3015 in

296 3041 420 3075 modum
444 3038 609 3072 induratos
635 3045 644 3065 .·
668 3031 699 3066 id
717 3030 817 3075 spatii
842 3051 850 3065 ‚
889 3028 968 3071 quod
987 3027 1149 3069 pulmones
1174 3037 1232 3059 nou
1256 3037 1302 3060 re-

292 3085 419 3127 plerant
440 3106 452 3123 ‚
485 3089 564 3122 aqua
596 3077 703 3110 lotura
731 3073 894 3117 sanguinis
919 3082 977 3104 non
1010 3069 1147 3112 diffimili
1176 3070 1303 3118 plenum

290 3127 360 3172 fuit
387 3140 395 3159 :
430 3125 535 3167 capita
568 3122 667 3154 etiam
700 3127 811 3159 magna
846 3126 928 3157 aquae
959 3114 1093 3156 limpida
1136 3123 1221 3154 copia
1257 3124 1305 3146 re-

290 3173 379 3216 ferta
411 3176 499 3203 erant
523 3191 531 3198 .
567 3162 664 3199 Vides
689 3185 698 3199 ‚
732 3170 806 3194 cum
842 3160 904 3192 alia
936 3165 1087 3205 memoret
1108 3180 1128 3206 ,ι
1162 3157 1307 3206 pleuram

300 3227 362 3248 non
387 3220 560 3247 memorare
582 3234 588 3239 .
627 3205 685 3240 Sed
708 3214 745 3241 tu
767 3202 901 3236 viciffim
924 3201 1062 3243 objicere
1087 3199 1168 3236 mihi
1208 3201 1307 3234 Veia-

300 3261 380 3295 lium
402 3261 416 3297 (
442 3269 457 3290 o
481 3259 494 3294 )
517 3262 606 3295 potes
619 3260 636 3289 ‚⁴
657 3250 776 3292 pariter
801 3249 833 3278 in
870 3245 1079 3287 Sepulchreto
1113 3243 1306 3285 praetermis-

301 3305 367 3337 sum
391 3326 400 3341 ‚
437 3300 494 3344 qui
530 3307 604 3329 cum
634 3293 671 3326 de
698 3291 841 3325 foeminis
875 3288 995 3321 duabus
1029 3289 1223 3320 mentionem
1259 3289 1309 3318 in-

302 3347 415 3391 jiciat,
438 3351 573 3387 quarum
596 3338 729 3373 alteram
763 3346 800 3370 ex
832 3332 959 3367 laterali
1004 3332 1104 3367 dolore
1138 3331 1310 3367 exambiam

875 83 1047 135 Liber·
1068 80 1134 133 ΙΙ.
1168 80 1253 135 De
1291 78 1498 135 Morbis
1533 79 1793 135 Thoracis

426 166 538 199 eodem
562 164 639 203 uti,
663 173 760 205 qua-m
777 161 819 195 ob
844 162 924 195 alios
936 160 1150 201 Hippocratis
1174 161 1285 198 locos,
1329 156 1447 207 fm'ffi')
1471 158 1664 201 conjiciebat
1686 182 1697 198 ‚
1730 160 1826 192 altera
1851 167 1888 192 ex
1911 159 2153 197 inflammatione
2177 158 2275 190 tertia
2302 156 2351 190 die

1336 204 1535 241 interierat,-
1570 203 1712 245 pleuram
1745 200 1875 244 quidem
1901 225 1913 242 ‚
1940 200 1997 235 ‘sei
2043 213 2106 236 non
2145 202 2312 243 pulmones
2339 224 2349 240 ,

1336 254 1569 278 commemorat
1593 271 1600 277 .
1648 248 1686 280 In
1719 245 1776 277 illa
1806 246 1890 279 enim
1925 246 2200 287 inflammationem
2225 268 2236 284 ‚
2270 243 2348 278 scri-

1335 289 1386 322 bit
1413 313 1421 326 ,
1454 296 1552 322 totam
1569 286 1639 330 fere
1657 287 1812 329 sinisiram
1831 287 1933 330 sedem
1957 288 2140 321 membrana
2160 287 2255 326 costas
2271 285 2348 328 suc·
2382 309 2384 311 v

1338 332 1492 374 cingentis
1517 353 1525 368 ‚
1555 332 1707 373 pracipue
1741 339 1844 365 tamea
1875 333 1915 362 ad
1937 331 2085 371 costarum
2109 330 2227 364 radices
2251 352 2264 369 ‚
2297 341 2346 361 oc-

1338 371 1455 417 cupaJJe
1480 397 1488 406 .
1523 377 1562 408 In
1594 373 1653 408 hac
1686 385 1760 406 vero
1785 373 1955 418 secundum
1984 385 2066 409 venae
2098 375 2168 415 pari
2209 374 2347 406 carentis

1339 416 1543 461 ingreffum.,
1587 418 1629 451 &⁹
1663 417 1758 462 ipsius
1789 418 1971 460 propagines
2004 426 2107 451 totam
2149 414 2348 457 posteriorem

1340 461 1477 495 thoracis
1502 459 1607 501 fiedem
1639 459 1829 504 occupaviffe
1852 485 1860 498 ‚
1898 464 1939 496 &
1967 460 2029 504 fibi
2062 461 2102 494 ad
2135 457 2235 492 morbi
2273 457 2353 493 late-

1340 505 1417 538 ralis
1450 502 1608 548 effentiam
1640 502 1870 546 dignoscendam
1905 505 2061 547 egregium
2089 502 2245 549 specimen
2267 510 2352 543 prae-

1342 546 1464 592 buiffe.
1502 549 1575 589 Ego
1607 558 1683 580 vero
1715 557 1779 581 non
1815 545 1868 579 hic
1901 548 2004 582 dicam
2028 569 2038 584 ‚
2072 547 2237 579 Vetilium
2275 553 2351 578 tunc

1348 588 1434 624 aliud
1460 601 1602 633 agentem
1627 615 1639 630 ‚
1672 593 1704 623 δε
1727 600 1761 621 ea
1793 590 1900 623 obiter
1923 600 2153 625 memorantem
2173 612 2186 630 ,
2220 589 2351 631 pulmo-

1348 647 1424 668 num
1450 634 1608 671 laesionem
1631 636 1782 667 omittere
1806 632 1941 675 potuisse
1963 645 2001 666 eo
2024 632 2176 672 facilins,
2199 630 2287 675 quod
2311 633 2353 664 il-

1342 680 1374 711 lo
1409 689 1550 720 tempore
1573 679 1678 712 minus
1702 676 1771 711 haec
1805 676 2017 711 controversia
2050 677 2263 719 agitabatur:
2301 675 2352 710 sed

1343 722 1510 763 pulmones
1537 748 1545 762 ,
1577 721 1599 755 si
1624 723 1672 754 vis
1695 744 1707 761 ‚
1741 719 1856 754 illaesos
1890 722 1923 754 in
1947 719 2070 755 duabus
2102 720 2168 753 illis
2202 719 2352 753 mulieri-

1343 766 1401 798 bus
1425 764 1518 799 fuisse
1545 787 1552 801 ‚
1584 764 1669 799 dabo
1689 788 1702 805 ,
1733 763 1810 797 dum
1835 773 1942 796 tamen
1974 773 2011 798 tu
2044 775 2170 807 quoque
2193 763 2246 795 des
2271 787 2284 803 ,
2318 764 2352 796 in

1341 809 1409 842 illis
1432 809 1584 842 omnibus
1604 832 1615 848 ‚
1650 819 1730 850 quos
1752 816 1836 840 certe
1860 807 1966 840 multo
1991 807 2095 851 plures
2118 807 2274 842 Coiterus
2298 807 2352 840 de-

1340 852 1442 894 signat
1457 878 1465 892 ,
1489 853 1630 896 pleuram
1653 851 1716 884 sine
1740 849 1862 883 laefione
1885 849 1976 886 fuiss'e
1995 873 2008 891 ,
2041 861 2094 883 aut
2117 861 2192 884 cum
2224 861 2257 882 ea
2281 862 2352 893 quae

1341 897 1462 938 negligi
1487 896 1605 938 posset.
1632 897 1698 930 Hic
1724 903 1830 927 autem
1855 894 1934 937 quid
1958 893 2069 936 saepius
2093 892 2146 926 fiat
2169 917 2179 932 ,
2204 893 2353 935 profeeto

1342 941 1546 982 quaerimus3
1590 950 1653 972 non
1687 937 1764 981 quid
1800 948 2028 980 nonnunquam
2062 962 2070 969 .
2116 938 2234 980 Neque
2265 938 2351 971 enim
2388 958 2397 963 —

1342 984 1391 1016 vel
1425 985 1458 1016 in
1493 983 1638 1023 Epistola
1673 981 1833 1024 superiore
1864 983 1954 1022 (p)
1985 979 2134 1023 quasdam
2176 980 2351 1023 aliquando

1343 1026 1482 1061 accidere
1513 1026 1760 1060 Observationes
1787 1048 1800 1065 ‚
1832 1025 2017 1067 negavimus
2044 1049 2053 1064 ,
2088 1036 2158 1067 quae
2183 1024 2243 1057 sint
2274 1023 2348 1058 ista.

1342 1082 1412 1104 rum
1436 1070 1558 1103 Vesalii
1585 1069 1719 1103 finiiles-
1747 1069 1839 1111 an
1863 1069 1960 1102 etiam
1985 1077 2023 1101 ut
2046 1066 2119 1101 istas
2142 1067 2284 1106 Vesalii‚
2311 1067 2352 1103 fic

1343 1115 1438 1147 aliam
1462 1115 1601 1156 aliquam
1626 1137 1637 1153 ,
1671 1115 1704 1145 in
1731 1111 1788 1145 hac
1814 1111 2012 1155 Sepulchreti
2050 1112 2197 1145 Seffione
2231 1113 2353 1154 pariter

1343 1157 1489 1190 omissam
1514 1181 1525 1196 ,
1558 1156 1697 1190 Harderi
1735 1156 1886 1199 videlicet
1920 1158 1933 1194 (
1956 1166 1974 1197 q
1997 1159 2010 1197 )
2048 1154 2233 1189 adderemus
2257 1177 2267 1193 ‚
2294 1155 2352 1190 nisi

1323 1211 1460 1244 praeter
1493 1201 1624 1233 alteram
1648 1201 1762 1234 mortis
1795 1198 1920 1232 cansam
1943 1210 1975 1230 in
2000 1199 2121 1231 cerebri
2144 1201 2266 1231 cortice
2290 1210 2354 1241 pu-

1343 1246 1471 1278 rulento
1496 1243 1689 1287 propositam
1712 1267 1721 1281 ,
1757 1244 1863 1276 minus
1885 1241 2027 1276 dilucide
2060 1241 2162 1276 sedem
2187 1241 2354 1277 indicasset
2376 1251 2379 1256 ’

1342 1289 1440 1321 multi
1464 1289 1552 1329 puris
1575 1310 1583 1324 ‚
1615 1286 1701 1329 quod
1724 1288 1758 1319 in
1791 1283 1932 1320 thoracis
1954 1296 2080 1318 caveam
2110 1283 2243 1319 effusum
2266 1287 2355 1319 inve-

1346 1333 1395 1364 nit
1417 1343 1430 1371 ,·
1463 1340 1606 1365 accurate
1629 1332 1716 1364 enim
1748 1327 1903 1372 ejusmodi
1928 1328 2010 1362 sedes
2035 1328 2107 1363 sunt
2130 1327 2316 1362 definiendae
2339 1353 2354 1371 ,

1346 1386 1449 1418 neque
1465 1398 1474 1413 ‚
1500 1385 1536 1409 ut
1561 1373 1736 1418 aliquando
1760 1374 1884 1407 factum
1906 1372 2035 1419 videas,
2060 1371 2354 1414 marsupiumidern

1347 1421 1381 1452 in
1404 1430 1468 1462 quo
1492 1430 1549 1461 pus
1574 1417 1672 1453 fuerit
1697 1442 1706 1457 ,
1741 1427 1796 1452 aut
1820 1416 1922 1451 adhuc
1947 1416 1985 1450 iit
2007 1441 2014 1456 ,
2040 1415 2139 1450 modo
2162 1416 2201 1449 ad
2226 1417 2354 1459 pulmo-

1348 1473 1419 1496 nem
1439 1485 1448 1500 ,
1486 1462 1586 1496 inodo
1610 1461 1647 1497 ad
1680 1462 1821 1503 pleura‘rn
1845 1459 1887 1493 est
1908 1458 1993 1504 quasi
2028 1470 2089 1502 pro
2112 1459 2249 1493 arbitrio
2272 1460 2354 1494 refe-

1347 1506 1501 1539 rendum.
1529 1500 1778 1540 Observationes
1800 1505 1921 1547 igitur,
1945 1505 1979 1537 iri
2000 1514 2078 1546 quas
2101 1502 2266 1537 dubitatio
2287 1516 2354 1539 non

1344 1549 1459 1586 cadat,
1486 1550 1683 1591 ampliorum
1699 1572 1707 1586 ,
1731 1549 1974 1592 graviorumque
1997 1569 2007 1585 ,
2040 1547 2143 1580 illaeso
2168 1548 2319 1590 pulmone
2343 1572 2352 1587 ‚

1345 1593 1461 1635 pleurae
1486 1592 1650 1633 laesionum
1672 1594 1707 1626 in
1731 1590 1904 1634 pleuritide
1927 1601 1990 1623 non
2013 1601 2164 1632 negamus
2185 1603 2195 1630 3
2222 1590 2272 1624 sed
2295 1604 2355 1635 op-

1346 1636 1426 1679 pido
1450 1648 1594 1679 perraras
1616 1635 1698 1675 esse,
1720 1636 1882 1676 dicimus,
1904 1634 1926 1668 fi
1952 1635 2106 1667 nimirum
2130 1646 2205 1667 cum
2217 1636 2353 1669 immani

1344 1691 1450 1713 earum
1480 1691 1613 1714 numero
1635 1689 1895 1721 comparentur,
1930 1688 2006 1719 quas
2031 1680 2062 1710 &
2096 1676 2251 1712 Coitems
2275 1703 2285 1719 ‚
2321 1683 2354 1713 &

1345 1724 1468 1756 Servius
1494 1723 1633 1757 habuere
1647 1748 1657 1763 ,
1682 1726 1713 1756 &
1734 1724 1791 1766 qui
1815 1721 1899 1756 idem
1918 1720 2006 1762 quod
2031 1722 2178 1761 Servius,
2198 1722 2235 1756 in
2249 1724 2356 1765 vigin-

1344 1768 1371 1799 ti
1396 1767 1580 1810 pleuriticis
1604 1765 1781 1800 observavit
1797 1788 1806 1805 ‚
1830 1762 1978 1798 Barthol.
2005 1765 2154 1798 Vicarius
2177 1768 2190 1804 (
2214 1777 2229 1799 r
2250 1770 2263 1806 )
2286 1790 2298 1806 ,
2322 1769 2354 1800 δε

1344 1810 1544 1853 Gagliardus
1578 1809 1661 1851 (s)
1683 1833 1694 1849 ,
1728 1811 1785 1852 qui
1821 1809 1958 1850 triginta
1993 1809 2123 1841 circiter
2156 1807 2355 1844 dissecandos

1341 1856 1490 1892 curavit,
1514 1857 1547 1887 &
1572 1854 1721 1886 Nannius
1745 1855 1758 1891 (
1781 1861 1796 1886 t
1818 1856 1853 1892 )‚
1877 1854 1935 1889 &5
1961 1862 1996 1883 ric
2020 1851 2057 1884 de
2082 1862 2154 1891 me,
2179 1863 2232 1885 aut
2259 1853 2297 1886 de
2322 1865 2355 1886 a-

1343 1900 1419 1935 ]iis,
1443 1909 1522 1940 quos
1546 1895 1629 1930 infra
1655 1896 1813 1932 laudabo,
1839 1895 2018 1938 quidquam
2043 1895 2097 1928 hic
2114 1895 2245 1935 dicam3
2270 1898 2359 1930 Val-

1345 1942 1428 1975 salva
1450 1941 1605 1980 demum,
1627 1941 1683 1983 qui
1710 1940 1866 1981 plurimos
1890 1938 2072 1972 inciderunt
2094 1963 2100 1970 .
2127 1939 2244 1982 Neque
2269 1943 2357 1975 enim

1344 1986 1462 2018 horum
1485 1984 1698 2027 quisqiiamin
1722 1992 1813 2015 tanto
1826 1981 2198 2016 numerodiss'eftionum
2210 1995 2352 2027 unquam

1348 2030 1382 2061 in
1407 2029 1521 2070 pleurae
1545 2028 1703 2061 laesionem
1726 2025 1842 2059 incidit
1865 2036 1932 2059 tam
1956 2036 2107 2067 gravem,
2131 2036 2263 2071 tamque
2286 2041 2358 2064 am..

1349 2072 1455 2115 plam‚
1479 2070 1586 2103 illaesis
1611 2070 1839 2112 pulmonibus.
2217 2073 2219 2075 '

1352 2117 1355 2119 “
1395 2126 1446 2157 39.
1473 2114 1566 2154 Qiri
1596 2114 1693 2146 etiarn
1717 2114 1833 2156 pleurae
1868 2114 2084 2148 inflammatio
2116 2125 2190 2148 cum
2227 2117 2357 2158 pulmo-

1349 2170 1425 2192 num
1448 2156 1711 2191 inflammatione
1735 2156 1905 2200 conjun6³m
1929 2168 1993 2190 non
2018 2167 2084 2190 tarn
2105 2157 2217 2190 crebro
2251 2162 2285 2195 in
2309 2173 2358 2195 ca,

1349 2201 1515 2235 daveribus
1548 2199 1797 2243 deprehenditur
1824 2225 1833 2240 ,
1863 2212 1959 2245 quam
1995 2202 2069 2234 Viri
2103 2201 2250 2243 alioquin
2283 2206 2357 2238 Do-

1349 2245 1477 2278 ctiffimi
1512 2243 1662 2278 videntur
1696 2244 1905 2277 existimare.
1944 2243 2047 2286 Qud
2090 2255 2239 2280 verumne
2272 2245 2312 2282 fit
2347 2274 2358 2290 ‚

1347 2299 1385 2320 an
1425 2288 1508 2321 secus
1542 2312 1550 2323 .
1594 2297 1671 2320 tunc
1704 2289 1830 2330 optime
1861 2288 2060 2331 intelligitur
2091 2311 2105 2328 ‚
2135 2299 2209 2322 cum
2245 2300 2360 2331 magna

1348 2331 1441 2364 series
1476 2330 1752 2364 Observationum
1773 2330 1963 2373 spectatur.
2001 2333 2033 2364 Si
2066 2343 2137 2375 quae
2170 2329 2324 2369 Coitertis
2345 2359 2359 2376 ,

1350 2377 1475 2410 Servius
1500 2399 1507 2412 ,
1543 2375 1695 2408 Vicarius
1720 2373 1904 2409 indicarunt
1929 2398 1940 2414 ,
1962 2375 2039 2407 bene
2062 2376 2260 2417 perpendas3
2286 2379 2359 2420 plu..

1348 2417 1573 2453 rimas>habes
1608 2429 1684 2461 quas
1719 2418 1757 2451 ad
1798 2417 1956 2453 Valsalvae
1981 2441 1990 2454 1
2032 2417 2209 2460 nostrasque
2247 2420 2361 2464 adjun.

1349 2474 1421 2504 gas.
1448 2462 1578 2499 Quibus
1605 2461 1660 2496 has
1684 2472 1813 2504 quoque
1838 2460 1931 2494 addes
1956 2485 1967 2501 ,
1999 2469 2114 2504 praeter
2147 2462 2225 2496 alias
2245 2488 2253 2502 ‚
2284 2468 2361 2507 quae'

1349 2508 1384 2538 in
1409 2504 1620 2548 Sepulchreto
1646 2506 1794 2547 leguntur
1815 2530 1821 2535 .
1850 2506 2036 2546 Zwingerus
2059 2507 2073 2544 <
2096 2515 2116 2537 u
2137 2507 2151 2543 )
2174 2527 2187 2544 ‚
2225 2510 2259 2539 δι’
2280 2509 2359 2540 Dil-

1350 2550 1452 2582 lenius
1474 2551 1488 2588 (
1510 2560 1532 2582 x
1554 2552 1567 2588 )
1590 2549 1757 2591 pulmones
1779 2547 1947 2588 duriores,
1971 2551 2002 2584 ὃς
2028 2558 2197 2590 gangraena
2220 2549 2288 2593 jani
2312 2550 2360 2586 af..

1350 2592 1453 2626 sectos
1478 2591 1650 2632 viderunt,
1674 2595 1705 2628 &
1728 2603 1802 2626 cum
1826 2600 1953 2624 caeteras
1978 2601 2082 2634 partes
2106 2592 2145 2624 iis
2169 2592 2202 2623 in
2227 2593 2360 2627 cadave-

1350 2637 1437 2669 ribus
1464 2638 1542 2670 male
1568 2636 1595 2669 se
1619 2635 1767 2669 habentes
1790 2634 1993 2674 describant,
2018 2645 2116 2677 neque
2133 2636 2277 2677 pleuram
2302 2649 2360 2671 no-

1350 2682 1498 2718 minant,
1526 2683 1556 2713 &
1583 2683 1703 2722 primus
1726 2678 1841 2715 diserte
1866 2678 1982 2719 addit,
2004 2677 2117 2712 nullibi
2140 2687 2243 2713 tamen
2266 2682 2360 2715 adna-

1351 2733 1421 2757 tum
1445 2721 1535 2759 fuisl'e
1571 2724 1756 2767 pulmonem
1780 2725 1812 2755 in
1845 2732 1932 2765 aegro
1954 2722 2012 2764 qui
2044 2733 2117 2754 cum
2142 2722 2248 2757 lateris
2273 2726 2361 2759 into-

1350 2767 1477 2800 lerabili
1501 2777 1659 2810 pungente
1685 2766 1796 2803 dolore
1821 2766 2005 2808 sanguinem
2027 2765 2226 2801 extuffiverat
2247 2780 2257 2806 ς
2283 2768 2363 2801 alte-

1351 2822 1422 2844 rum
1447 2820 1551 2845 autem
1575 2812 1722 2853 pleuritis
1746 2809 1901 2853 exquisita
1925 2808 2110 2849 sustulerat,
2135 2812 2168 2844 in
2192 2813 2362 2854 peripneu-

1353 2855 1498 2889 moniam
1509 2854 1717 2896 degenerans.
1743 2856 1912 2887 Lanzonus
1936 2863 2063 2895 quoque
2088 2856 2152 2895 (y)
2177 2855 2210 2887 in
2230 2865 2362 2889 mortuo

1352 2910 1392 2932 ex
1415 2896 1493 2930 forti
1520 2898 1689 2942 pleuritide
1716 2897 1880 2940 pulmonis
1905 2895 2074 2931 abiceii‘um
2099 2898 2223 2931 invenit
2249 2900 2364 2932 mortis

1354 2954 1389 2975 ac
1411 2941 1512 2976 morbi
1534 2941 1682 2984 causam3
1709 2942 1745 2974 de
1771 2941 1877 2984 pleura
1902 2951 1937 2974 ne
1960 2939 2088 2973 verbum
2112 2941 2262 2983 quidem.
2280 2944 2362 2976 'Imo

1354 2988 1386 3018 in
1411 2983 1588 3025 epidemica
1612 2985 1750 3028 ejusdem
1775 2985 1845 3017 anni
1858 2983 2099 3018 Constitutione
2122 2996 2197 3021 cum
2222 2998 2260 3019 ex
2271 2986 2363 3030 pleu-

1353 3028 1460 3065 ritidis
1495 3028 1591 3071 signis
1616 3030 1759 3072 plerique
1788 3026 1912 3062 Medici
1946 3026 2185 3064 inflammatam
2217 3030 2364 3075 pleurarrt

1355 3071 1411 3105 esse
1436 3096 1447 3112 ,
1475 3072 1636 3105 censerent
1659 3097 1671 3113 ,
1704 3073 1775 3105 aliis
1798 3080 1908 3103 contra
1943 3070 2181 3114 disputantibus
2207 3094 2216 3110 ,
2250 3085 2364 3117 aperto

1356 3116 1527 3155 cadavere,
1552 3125 1587 3151 ut
1611 3115 1653 3149 lis
1676 3123 1768 3150 tanta
1780 3115 1979 3149 dirimeretur
2001 3117 2015 3155 c
2038 3126 2063 3158 z
2085 3119 2098 3155 )
2112 3139 2124 3157 ,
2148 3117 2284 3152 alterum
2309 3117 2365 3151 de-

1357 3158 1532 3202 prehendit
1557 3159 1759 3201 pulmonem,
1786 3157 1896 3200 absque
1919 3157 2108 3201 ullapleurae
2130 3159 2265 3202 lafione,
2293 3172 2366 3204 ery..

1357 3202 1486 3245 fipelate
1509 3203 1686 3239 infcftum,
1712 3205 1742 3235 &
1768 3201 2001 3239 manfiestum,
2026 3204 2057 3235 δε
2082 3215 2119 3236 ex
2141 3202 2232 3236 flavo
2256 3215 2365 3239 macu-

1358 3247 1479 3280 losum.
1616 3246 1779 3279 Sed&Cl.
1795 3244 1958 3279 Fischerus
1982 3250 1994 3285 (
2018 3245 2071 3287 a)
2094 3247 2129 3278 in
2153 3247 2252 3281 altera
2273 3249 2366 3281 Con-

1362 3290 1530 3324 stitutione
1546 3315 1554 3330 ‚
1576 3299 1610 3322 ut
1635 3288 1779 3330 videret,
1803 3290 1836 3321 in
1870 3288 2075 3331 controverfia
2098 3291 2133 3323 de
2156 3290 2220 3325 loco
2243 3289 2366 3332 inflam-

1363 3335 1512 3369 mationis
1536 3342 1601 3370 cam
1625 3334 1738 3367 acriter
1770 3345 1787 3367 a
1810 3332 1990 3377 quibusdam
2013 3334 2134 3375 agitata
2157 3357 2169 3375 ,
2205 3335 2279 3384 quia
2294 3333 2366 3375 sen-

2241 3385 2324 3412 tlen-

1097 3484 1105 3489 .
1141 3484 2364 3493 -—-—-———-—------—-—-—---—---—--.
2179 3494 2183 3501 ,

418 3579 432 3607 )
451 3578 530 3602 ςεὴοῑ,
548 3577 575 3602 ad
595 3576 615 3606 §.
634 3584 656 3605 ς,
674 3574 732 3598 Obs.
750 3582 786 3603 14.
807 3571 877 3599 hujus
893 3572 953 3598 Sest.

421 3610 435 3637 )
452 3609 506 3633 Vid.
524 3607 598 3636 Epist.
615 3615 654 3630 ²0.
672 3613 688 3630 n
714 3606 750 3635 58,
790 3634 793 3636 .
813 3605 826 3632 (
842 3602 859 3626 k
877 3603 890 3630 )
907 3611 931 3627 n.
950 3610 989 3631 30.
1006 3610 1044 3632 3¹·
1061 3610 1101 3630 40.

423 3640 436 3667 )
453 3639 510 3662 Obs.
529 3641 602 3662 Anat.
666 3636 679 3664 (
695 3644 707 3659 0
723 3640 734 3662 >
753 3634 823 3664 Epist.
841 3634 869 3657 de
886 3633 945 3667 Rad.
964 3633 1045 3662 Chyn.

423 3670 488 3699 Jcit.
508 3669 593 3695 supra,
609 3666 636 3689 ad
655 3674 678 3688 ne
696 3671 732 3693 28.
797 3666 810 3693 ζ
828 3671 837 3687 t
856 3664 869 3691 )
886 3664 940 3696 V¹d5
959 3665 1028 3690 Epist
1048 3671 1076 3685 20
1102 3671 1125 3685 ri.
1146 3671 1180 3691 57.

425 3704 431 3732 )
452 3699 512 3724 ibid.
531 3702 559 3722 Α,
578 3706 600 3726 3.
618 3695 675 3720 ΟΜ.
697 3703 746 3720 122.
810 3696 822 3723 ζ
840 3702 858 3726 ’ς
876 3695 883 3725 Ji
903 3693 964 3717 ibid.
983 3693 1041 3718 Obs.
1061 3701 1114 3721 120.

1108 3633 1218 3662 (Νη
1239 3641 1275 3661 57·
1294 3635 1329 3662 58-

1015 3573 1029 3601 (
1043 3579 1061 3602 g
1078 3572 1091 3599 )
1108 3569 1169 3596 8εᾶ-
1187 3569 1238 3595 ead.
1256 3570 1315 3593 Obs.
1336 3580 1347 3595 2

1179 3695 1184 3723 l
1204 3697 1242 3720 a)
1264 3695 1335 3719 Cent.

1350 3580 1371 3601 4.
1435 3573 1445 3596 (
1465 3573 1479 3595 h
1495 3571 1508 3601 )
1526 3572 1616 3595 Medic.
1636 3575 1690 3598 Rat.
1709 3575 1781 3597 Τοπι.
1799 3581 1822 3598 4.
1844 3575 1870 3596 Ρ.
1891 3582 1911 3599 i.
1930 3575 1955 3598 S.
1972 3582 1993 3597 2.
2010 3581 2032 3597 c.
2048 3576 2069 3596 6.
2090 3572 2112 3602 §⁴
2131 3580 2154 3599 2,

1165 3602 1178 3630 (
1194 3602 1202 3625 l
1219 3602 1232 3629 )
1251 3602 1319 3624 Praxi
1337 3605 1355 3626 1.
1376 3609 1395 3627 1.
1414 3604 1438 3626 S.
1457 3604 1495 3626 18.
1512 3608 1554 3636 art.
1575 3612 1596 3631 9-
1659 3605 1672 3632 (
1691 3612 1713 3626 m
1733 3605 1744 3631 )
1761 3603 1819 3628 obs.
1838 3606 1904 3628 Mei.
1921 3605 1987 3628 eirca
2003 3603 2085 3629 Morb.
2103 3610 2167 3628 aeut.
2187 3606 2209 3631 S,
2228 3607 2250 3629 ὅ,
2268 3613 2289 3629 c.
2309 3614 2330 3635 3.

1393 3631 1403 3661 (
1421 3634 1464 3661 11)
1483 3635 1563 3662 Apiar.
1582 3633 1642 3656 Obs.
1661 3642 1696 3663 53.
1760 3633 1768 3658 (
1786 3638 1824 3661 r)
1845 3635 1896 3660 Vici.
1916 3635 1940 3658 in
1958 3634 2016 3658 obs,
2033 3636 2071 3660 87.
2092 3636 2163 3658 Cent·
2185 3644 2203 3659 ι.
2222 3637 2254 3659 N.
2274 3638 2303 3660 C.

1245 3664 1255 3691 (
1274 3671 1287 3684 u
1306 3664 1316 3690 )
1334 3663 1393 3691 Epn
1413 3666 1446 3687 N>
1463 3665 1490 3687 C.
1508 3666 1557 3687 Dec
1589 3672 1596 3691 ς
1627 3667 1652 3687 Α.
1673 3674 1691 3693 5v
1713 3665 1769 3689 ΟΜ,
1788 3667 1811 3689 8.
1873 3668 1885 3694 (
1904 3674 1918 3689 x
1934 3667 1946 3694 )
1964 3665 2021 3689 Ead.
2040 3667 2098 3689 Dec.
2118 3668 2146 3690 A.
2169 3674 2206 3690 io,
2235 3666 2288 3691 obi
2314 3676 2366 3701 ²4¹·

1353 3702 1372 3723 9.
1393 3696 1425 3718 N.
1445 3696 1473 3719 C.
1492 3694 1549 3718 obs,
1571 3697 1607 3719 lie.
