2498 4075
445 73 506 127 88

370 158 505 201 quisque
527 155 769 196 descriptionem
796 154 979 194 edidissent3
1003 152 1171 195 Pechlinus
1187 155 1312 188 tandem
1334 155 1367 187 in

370 202 540 238 Observat.
577 198 670 240 Phys.
695 199 784 231 Med.
817 203 831 238 (
856 199 901 242 l)
938 197 1025 231 suam
1048 194 1172 230 addidit
1194 223 1203 237 ‚
1226 209 1290 231 non
1313 197 1371 230 ob-

371 245 456 278 scure
478 242 685 287 fignificans,
717 240 885 275 historiam
907 241 996 274 illam
1029 250 1093 273 non
1125 240 1198 274 satis
1228 250 1369 275 accurate

369 287 408 320 ab
431 289 501 320 aliis
525 285 674 318 traditam
693 284 770 318 esse.
796 287 877 319 Eam
899 296 958 326 ego
980 308 992 324 ,
1026 284 1132 325 inquit
1150 307 1163 324 ,
1196 286 1275 327 quod
1297 295 1369 318 rara

361 331 428 374 fit,
453 328 612 371 minusque
629 337 688 369 pro
705 329 759 369 sui
786 329 889 371 pretio
912 326 1085 369 defhriptcz,
1107 328 1254 369 curiosius
1277 338 1367 369 expo-

366 385 456 406 nam.
483 374 526 405 Et
552 381 665 412 magna
689 370 757 404 sane
779 372 826 403 vel
852 372 884 402 in
911 381 997 411 aquae
1010 368 1145 411 pondere
1170 370 1366 404 suntdiscri-

365 418 474 454 mina,
498 426 570 448 cum
594 413 759 447 Pechlinus
784 426 799 446 a
821 425 884 455 quo
908 411 1014 445 inhoc
1037 412 1165 456 quidem
1188 415 1242 446 vix
1252 412 1366 447 discre-

365 470 420 502 pat
446 457 604 492 Paisenius
626 479 635 495 ‚
668 459 774 489 uncias
806 464 903 498 ponat
925 457 1066 501 CLXIII.
1100 467 1174 499 quas
1196 458 1365 492 Cummius

363 502 487 534 dixerat
511 501 644 543 triginta
661 499 735 541 sex.
761 501 885 532 Caetera
909 499 973 540 ipse
996 499 1161 532 conferens
1183 501 1367 541 intelliges,

365 543 509 588 illudque
543 545 575 575 in
600 544 712 585 primis
733 540 831 584 ⁴quod
867 539 905 573 ad
939 552 1005 574 rem
1039 542 1223 584 praesentern
1253 542 1332 576 facit
1354 566 1367 583 ,

361 599 435 625 cum
461 587 618 621 Paisenius
643 584 730 627 ajat,
750 583 931 626 glmzdzilam
950 585 1158 627 pituitariam
1176 584 1338 627 flaccidum
1355 609 1364 624 ‚

360 633 402 664 Θ
420 631 504 674 satis
537 639 679 671 magnam
702 625 791 661 fuisse
812 650 825 666 ,
856 628 1026 661 Cummius
1050 638 1154 661 autem
1177 637 1290 662 contra
1313 640 1365 662 ne—

358 683 435 716 get,
459 673 494 706 de
512 671 660 715 glandula
680 671 849 712 pituitaria
874 669 973 704 ullum
984 670 1155 714 apparuiffi’
1178 670 1339 715 vestigium
1353 684 1364 710 3

359 717 398 750 de
423 717 481 749 bac
513 714 665 757 glandula
692 711 880 746 Pechlinum
904 712 990 745 silere
1017 727 1026 752 ς
1059 723 1094 747 ut
1119 714 1268 756 suspicari
1293 718 1364 758 quis

359 758 460 802 poffet
485 781 495 796 ‚
540 758 579 790 ab
601 757 730 798 lingulis
764 754 899 797 singulas
924 755 1234 799 hydrocephalorum
1266 761 1362 792 trium

356 803 395 838 ab
419 802 551 835 Hor-nio
574 812 654 832 anno
676 798 787 831 eodem
812 798 970 832 sectorum
993 800 1227 834 observationes
1248 801 1365 834 descri-

356 846 413 885 bi,
439 844 495 877 nisi
521 841 673 885 ejusmodi
699 841 953 875 observationem
986 854 1090 877 raram
1113 843 1169 877 effe
1191 866 1200 882 ,
1234 855 1269 878 ut
1294 845 1363 878 sane

355 888 416 925 est,
443 887 621 919 admoneret
648 884 815 918 Pechlinus
833 909 844 925 ,
880 888 912 918 ἃ
937 895 988 919 tot
1011 887 1071 918 alia
1104 898 1198 921 unam
1221 888 1363 923 eandem-

354 942 414 973 que
438 928 550 970 fuisse,
575 930 648 963 satis
675 927 890 962 ostenderent.
918 931 982 963 Cui
1006 931 1113 971 potins
1138 932 1288 973 igiturde
1301 934 1361 965 tri-

355 974 412 1007 bus
436 972 597 1009 credemus
622 971 635 1004 ?
671 973 852 1007 Brunnerus
885 975 898 1011 <
920 973 984 1015 m)
1017 975 1072 1015 qui
1095 974 1234 1017 singulos
1257 973 1361 1017 legisse

353 1026 504 1060 poterat,
529 1016 687 1050 Cummio
711 1025 796 1049 certe
820 1017 854 1048 in
877 1026 915 1048 eo
936 1015 1096 1054 credidit,
1122 1017 1208 1060 quod
1228 1019 1361 1061 glandu-

355 1061 387 1093 la
409 1060 579 1102 pituitaria
599 1058 691 1101 plane
715 1057 869 1101 defuerim
892 1070 990 1103 neque
1011 1062 1096 1093 enim
1122 1061 1242 1101 aliam,
1264 1073 1361 1104 quam

350 1104 499 1137 Cummii
523 1102 680 1145 delignare
704 1102 805 1145 potest
829 1101 1094 1146 descriptionem3
1119 1103 1240 1137 tametli
1264 1106 1297 1137 in
1310 1116 1363 1137 an·

349 1158 393 1179 no
415 1158 504 1181 error
527 1146 569 1179 est
591 1148 637 1180 vel
662 1148 694 1178 in
712 1146 880 1188 exemplari
908 1151 917 1185 (
943 1158 962 1179 n
984 1151 998 1187 )
1021 1147 1108 1190 quod
1131 1149 1163 1180 in
1176 1147 1362 1190 Sepulcbre-

351 1201 386 1222 to
412 1190 621 1224 describitur:
645 1201 746 1232 neque
769 1191 854 1222 enim
877 1188 996 1231 semper
1020 1190 1114 1232 hujus
1125 1191 1362 1234 typographis,

351 1234 408 1277 qui
432 1234 578 1276 alioquin
605 1233 716 1274 saepius
740 1244 897 1271 erravere,
920 1233 1122 1275 imputandus
1144 1234 1185 1268 est
1204 1258 1214 1272 ‚
1248 1245 1284 1268 ut
1309 1246 1363 1267 ne-

349 1288 408 1319 que
433 1276 609 1310 obscuritas
634 1276 690 1308 illa
712 1285 801 1308 tanta
836 1277 946 1318 primae
969 1278 1002 1308 in
1028 1278 1172 1311 Sectione
1208 1278 1265 1311 hac
1290 1278 1363 1311 Ob-

347 1321 536 1355 dervationis
566 1332 575 1358 3
611 1317 766 1362 liquidem
792 1319 830 1352 ad
863 1319 997 1353 eundem
1020 1319 1152 1354 modum
1186 1321 1306 1364 legitur
1329 1322 1363 1354 in

347 1363 518 1406 Opusculo
545 1361 731 1396 Bartliolini
755 1365 769 1401 <
791 1366 865 1407 οἱ),
888 1361 978 1405 cujus
1003 1373 1110 1397 tamen
1135 1376 1250 1397 nomen
1263 1364 1363 1398 Scho-

347 1407 402 1440 liis
438 1418 563 1449 quoque
586 1408 619 1438 in
654 1418 721 1440 eam
754 1405 1018 1440 Oblervationem
1051 1406 1153 1441 fuerat
1197 1407 1363 1451 subjicien-

349 1450 448 1488 dum.
586 1449 643 1485 Sed
668 1459 702 1482 ut
740 1448 816 1494 illuc
840 1449 961 1484 redeam
986 1463 997 1489 3
1031 1463 1092 1494 ego
1115 1450 1245 1492 lingulis
1269 1453 1302 1484 in
1325 1464 1362 1484 eo

347 1495 474 1527 credam
497 1494 530 1526 in
555 1505 620 1537 quo
644 1494 726 1526 inter
759 1495 786 1525 ie
811 1494 1007 1526 conveniunt
1030 1507 1039 1526 .·
1072 1494 1125 1528 ubi
1150 1495 1325 1537 discrepant
1349 1519 1361 1535 ,

347 1549 401 1572 aut
424 1537 577 1576 haerebo,
602 1547 653 1570 aut
679 1535 701 1571 fi
730 1537 881 1578 peritiae,
903 1536 1103 1580 diligentiae‚
1130 1541 1283 1582 temporis
1296 1551 1360 1581 quo

347 1580 494 1623 scripsit,
521 1579 661 1614 habenda
685 1580 727 1613 est
752 1581 854 1612 ratio:
876 1580 1000 1614 credam
1027 1580 1181 1615 Pechlino
1205 1607 1212 1614 .
1239 1584 1360 1616 Verum

349 1625 474 1659 utinam
499 1624 533 1657 in
556 1622 767 1664 Sepulcbreto
791 1623 827 1656 de
851 1623 954 1662 tribus
978 1625 1044 1657 illis
1071 1624 1360 1660 Observationibus

345 1666 413 1703 haec
439 1665 557 1708 injeeta
580 1666 653 1700 ess’et
679 1666 852 1700 debitatio.
880 1667 986 1701 Habes
1009 1668 1086 1710 quid
1100 1668 1198 1702 modo
1219 1670 1360 1702 censeam

347 1711 385 1744 de
408 1711 529 1745 duabus
555 1711 622 1743 illis
635 1709 946 1751 Observationibus,
969 1722 1043 1754 quas
1057 1713 1163 1753 primo
1187 1713 1261 1745 loco
1287 1725 1360 1746 cum

345 1755 422 1790 alias
456 1754 495 1788 de
519 1754 698 1789 Pituitariae
735 1753 891 1797 glandulae
923 1754 1033 1788 officio
1057 1754 1095 1789 ad
1128 1765 1158 1788 te
1191 1756 1375 1790 scriberem=

347 1799 438 1842 (p)
463 1800 497 1832 in
521 1797 732 1840 Sepulchreto
755 1798 915 1831 indicavi.

392 1853 420 1883 5.
447 1843 544 1875 Nunc
568 1843 608 1874 iis
642 1843 673 1874 in
699 1840 833 1875 foetibus
871 1854 951 1885 quos
975 1844 1012 1877 ab
1045 1845 1172 1877 interno
1206 1843 1361 1887 hydroce-

344 1886 444 1931 plialo
470 1886 593 1921 enefftos
618 1896 717 1927 puto,
744 1885 822 1927 quid
845 1896 862 1917 a
887 1897 936 1918 me
959 1886 996 1919 sit
1020 1887 1217 1921 obiervatum
1238 1913 1250 1929 ,
1268 1900 1357 1922 com-

345 1928 549 1965 memorabo.
573 1929 868 1965 Commcmorabo,
893 1931 1046 1973 inquam5
1071 1942 1168 1973 neque
1192 1934 1276 1965 enim
1301 1932 1355 1965 hic

344 1983 483 2016 repetere
506 1982 634 2015 oportet
658 1984 728 2014 quse
754 1973 829 2007 alias
854 1972 938 2006 edidi
963 1986 971 2005 .·
1006 1973 1081 2007 satis
1104 1973 1147 2006 est
1181 1975 1321 2007 indicare
1346 2001 1354 2016 ,

343 2022 377 2052 ὃ(
401 2015 503 2061 siquid
528 2015 612 2050 forte
635 2015 856 2050 illustrationis
880 2019 983 2059 gratia
1007 2016 1186 2051 addendum
1209 2018 1271 2056 est,
1297 2018 1355 2051 ad-

344 2062 414 2095 dere
429 2087 436 2094 .
572 2060 677 2103 Igitur
700 2062 841 2102 primum
863 2061 1011 2094 omnium
1031 2062 1148 2103 relegas
1173 2061 1270 2094 velim
1284 2074 1355 2104 quae

347 2104 385 2138 de
409 2103 492 2139 soetu
516 2105 578 2137 fine
602 2104 730 2136 cerebro
753 2112 829 2136 nato
850 2126 861 2142 ,
896 2108 928 2137 &c
952 2116 967 2136 a
1001 2116 1051 2137 me
1075 2105 1232 2137 Porolivii
1265 2104 1356 2137 diffe-

346 2150 423 2188 ἃο)
447 2150 479 2181 in
504 2147 658 2190 Epistolis
683 2147 888 2179 Anatotnicis
910 2150 977 2188 (q)
1002 2147 1165 2190 propolim
1193 2148 1290 2189 sunt,
1313 2149 1355 2180 il-

346 2192 461 2234 indque
484 2194 516 2224 in
543 2192 652 2232 primis
673 2213 681 2226 ‚
716 2190 876 2223 cerebrum
900 2188 994 2222 facile
1029 2203 1043 2223 a
1068 2191 1257 2233 primordiis
1291 2203 1354 2224 non

344 2234 474 2270 defuisse
494 2247 504 2273 5
528 2234 578 2268 sed
603 2233 844 2276 hydrocephalo
866 2243 1070 2279 extenuatum
1099 2260 1108 2275 ,
1132 2238 1163 2268 δε
1186 2236 1218 2267 in
1244 2247 1356 2277 aquam

345 2279 521 2312 resolutum
537 2303 544 2317 ,
570 2289 625 2318 per
649 2276 790 2309 foi-amm
815 2276 903 2319 quod
927 2278 1107 2322 in—lumma
1132 2287 1196 2310 erat
1224 2279 1319 2319 Spina
1346 2302 1356 2316 ‚

345 2322 527 2356 absceffiss‘e.
556 2320 657 2359 Quod
683 2331 758 2354 tunc
783 2319 883 2352 facere
905 2343 918 2359 ,
951 2321 1030 2353 sicut
1054 2321 1100 2353 ibi
1124 2320 1191 2354 sum
1225 2319 1319 2359 falsus
1344 2345 1356 2361 ,

345 2376 404 2400 tion
426 2364 581 2401 meabat,
607 2374 642 2397 ut
663 2362 825 2405 plerasque
849 2363 981 2396 aliorum
1005 2363 1100 2403 hujus
1120 2365 1242 2405 generis
1254 2364 1356 2406 obscr-

345 2408 490 2443 vationes
514 2407 711 2449 expenderem
728 2430 735 2439 .
759 2410 801 2439 (φ
824 2417 892 2438 cum
915 2404 970 2437 hoc
992 2406 1109 2444 nostrffi
1134 2404 1174 2438 fic
1189 2408 1273 2439 enim
1298 2417 1356 2451 pu-

346 2451 478 2488 tabam5
504 2450 640 2492 cogitato
665 2448 856 2491 conferrem,
879 2459 953 2481 cum
977 2448 1131 2490 postlibri
1156 2449 1355 2491 editionem,

344 2495 406 2530 otii
431 2493 552 2535 aliquid
576 2493 686 2526 nanus
709 2515 717 2530 ,
752 2503 828 2524 mox
861 2490 960 2524 facere
993 2492 1153 2534 coepissem
1175 2517 1186 2532 ,
1229 2493 1353 2536 gavisus

346 2539 414 2573 ium
438 2538 580 2570 incidens
603 2537 744 2579 primum
770 2537 801 2567 in
824 2535 876 2568 CI.
899 2535 1051 2568 Mart-otii
1075 2538 1353 2571 Commentarium

344 2586 358 2621 (
380 2593 395 2615 r
417 2585 452 2622 ),
476 2593 513 2614 ex
535 2592 600 2621 quo
624 2580 795 2618 intellexi,
817 2589 881 2610 non
903 2578 995 2624 aliter
1018 2577 1076 2622 ipfi
1101 2578 1190 2613 fuiffe
1213 2580 1315 2613 visum
1336 2605 1350 2622 ,

344 2638 379 2658 ac
403 2624 505 2658 mihi.
531 2624 598 2664 Qll
624 2634 698 2655 cum
722 2622 824 2664 postea
847 2622 1080 2655 observationes
1101 2633 1250 2664 caeteras,
1273 2637 1349 2666 quas

345 2667 514 2709 XVepferus
538 2665 594 2707 (s
609 2669 622 2705 >
637 2689 646 2704 ,
672 2669 704 2700 ὃ(
719 2666 909 2708 Stalpartius
932 2668 945 2703 (
968 2667 1015 2707 t)
1038 2666 1119 2699 olim
1130 2667 1348 2708 collegerant,

345 2715 376 2747 Sc
402 2713 443 2744 iis
466 2712 678 2750 recentiores,
700 2721 777 2753 quas
801 2709 854 2742 (ΣΙ.
871 2709 998 2741 Brinius
1021 2712 1035 2748 (
1057 2720 1076 2742 u
1098 2714 1112 2749 )
1137 2712 1350 2749 memoravit,

345 2755 481 2798 aliasque
505 2751 718 2792 adnotassem,
742 2761 777 2787 ut
800 2751 935 2794 singulas
959 2751 1020 2786 huc
1045 2754 1147 2795 magis
1182 2755 1353 2787 attinentes

345 2798 508 2840 seligerem
527 2820 536 2834 ,
562 2799 593 2831 &
617 2796 869 2839 quandocunque
894 2793 1011 2836 possem
1035 2818 1044 2832 ‚
1073 2796 1270 2835 conferrem3
1304 2807 1353 2830 tot

345 2842 446 2881 alias,
468 2842 588 2873 interea
611 2841 709 2872 novis
733 2838 966 2880 prodeuntibus
990 2839 1083 2872 libris
1103 2864 1115 2880 ,
1149 2840 1215 2873 vidi
1243 2853 1257 2872 a
1283 2842 1352 2873 Do-

348 2884 493 2917 ffiffimis
525 2883 617 2916 Viris
641 2882 777 2914 indicari
803 2904 815 2922 ,
851 2892 888 2915 ut
915 2881 987 2916 satis
1011 2884 1073 2915 otii
1099 2882 1245 2917 futurum
1269 2884 1352 2916 mibi

345 2926 522 2961 diffiderem
547 2925 583 2958 ad
607 2926 733 2958 cunClas
763 2948 773 2963 ,
806 2936 869 2957 non
893 2924 968 2957 dico
1003 2927 1233 2968 perpendendas
1257 2949 1265 2964 ,
1301 2927 1353 2960 sed

353 2982 392 3003 ne
416 2969 499 3013 apud
523 2969 683 3004 Au&01‘es
707 2967 839 3011 quidem
852 2969 1072 3010 reperiendas3
1098 2979 1185 3002 tanta
1209 2970 1287 3012 saepe
1301 2971 1351 3002 O-

345 3025 496 3056 peratum
519 3014 642 3046 incuria
667 3012 896 3055 plerorumque
919 3011 989 3044 sunt
1012 3022 1064 3047 aut
1088 3015 1217 3048 nomina
1230 3025 1349 3056 propo-²

346 3055 401 3090 sita
416 3081 427 3097 ,
451 3067 506 3090 aut
530 3057 600 3090 loca
623 3054 803 3096 defignata!

390 3105 420 3133 6.
446 3103 551 3143 Igitur
583 3100 758 3132 collatione
782 3097 840 3143 hae
876 3098 947 3131 aliis
983 3100 1091 3134 relic-“ta
1112 3124 1120 3138 ,
1157 3112 1238 3134 nunc
1274 3099 1352 3133 satis

345 3143 428 3180 mihi
452 3144 512 3181 est,
539 3145 571 3176 in
597 3154 660 3176 non
685 3143 795 3185 paucis
819 3142 926 3174 saltem
952 3154 1060 3176 eorum
1083 3143 1209 3178 casuum
1230 3167 1242 3184 ,
1266 3155 1346 3186 quos

345 3187 535 3231 perpendere
558 3187 676 3226 licuit,
698 3184 884 3219 intellexisse
913 3207 920 3221 2
955 3198 1027 3219 cum
1053 3188 1215 3221 cerebrum
1238 3198 1341 3219 revera

347 3230 452 3263 defuit
467 3254 478 3270 ,
504 3230 546 3262 ob
569 3241 636 3262 eam
659 3229 785 3263 causam
809 3228 967 3270 potuisl'e,
991 3230 1027 3263 acl
1051 3231 1244 3273 eundemque
1270 3241 1342 3262 mo-

345 3275 422 3308 dum
456 3272 580 3313 deeffe,
614 3273 651 3306 de
674 3272 789 3315 quibus
828 3273 923 3314 paulo
948 3283 1017 3305 ante
1051 3274 1228 3307 indicatum
1263 3275 1335 3306 est.

347 3317 446 3361 Qod
479 3316 499 3352 fi
526 3327 631 3351 meum
661 3314 747 3350 aliud
782 3315 911 3358 aliquod
948 3316 1070 3359 plenius
1107 3317 1304 3361 propolitum
1327 3339 1339 3356 ,

469 3487 486 3509 l.
503 3494 524 3510 x.
542 3487 601 3511 Obs.
619 3491 657 3511 61.

465 3518 478 3545 3
496 3518 583 3540 Consll-
605 3519 671 3541 Med.
689 3517 717 3540 de
736 3519 834 3541 Comet.
897 3518 940 3547 (p
957 3529 965 3545 )
984 3519 1056 3545 Epist.
1073 3527 1095 3547 4.
1113 3526 1136 3542 n.
1156 3522 1193 3546 36.

463 3548 476 3575 )
493 3546 550 3573 Eph.
570 3549 601 3570 N.
620 3550 645 3572 C.
667 3551 722 3572 Dec.
741 3555 761 3570 ι.
781 3550 809 3572 Α,
827 3555 851 3576 3.
870 3547 928 3571 ΟΜ.
952 3555 1004 3575 ης.

468 3578 481 3605 )
499 3576 538 3599 lst.
556 3577 618 3601 delia
636 3581 753 3603 Generaz.
770 3580 795 3601 P.
813 3586 834 3601 2.
852 3585 874 3601 t.
895 3586 930 3604 17.
951 3585 974 3600 n.
993 3578 1017 3600 ὁ.
1034 3579 1063 3602 ad
1079 3579 1129 3602 litt.
1147 3578 1161 3602 h

465 3608 479 3635 )
495 3607 549 3630 Vid.
567 3608 589 3630 ἃ
605 3610 674 3636 Epist.
692 3609 729 3635 48.
747 3617 769 3632 nr
788 3617 827 3637 49.
890 3609 904 3637 ζ
920 3616 930 3631 c
947 3609 957 3636 )
979 3609 1064 3636 Opust.
1088 3611 1131 3633 IX.
1192 3610 1199 3636 (
1220 3609 1236 3631 d
1253 3609 1265 3635 )
1283 3615 1305 3630 n.
1327 3617 1347 3634 9·

460 3638 594 3697 3giarcot.
611 3644 652 3661 cit.
671 3639 737 3666 supra
754 3638 782 3662 ad
800 3648 822 3663 n.
841 3648 860 3668 3.
924 3639 937 3666 (
952 3646 970 3668 g
991 3641 998 3669 )
1017 3640 1087 3667 Epist.
1107 3638 1164 3663 ibid.
1185 3638 1255 3661 indic.
1275 3646 1298 3661 n.
1318 3640 1355 3667 38.

516 3667 579 3698 pusc.
597 3668 640 3693 cit.
659 3675 707 3692 not.
724 3676 743 3698 3.
763 3669 783 3693 &
802 3678 839 3701 ¹3·
903 3668 944 3694 (k
966 3670 979 3698 )
998 3677 1022 3693 n-
1038 3678 1061 3700 3.

718 3484 761 3515 (τη
777 3488 784 3517 )
799 3487 858 3511 Sest.
877 3486 963 3510 hac16.
981 3485 1006 3509 in
1024 3487 1101 3512 Schol.
1118 3487 1147 3511 ad
1163 3486 1222 3511 Obs.
1242 3493 1276 3510 12.
1296 3486 1320 3509 in
1341 3486 1425 3510 Addit.
1435 3486 1464 3510 ad
1483 3486 1523 3510 fin.

1257 3518 1302 3545 (q
1319 3517 1331 3544 )
1348 3520 1402 3543 XX·
1420 3525 1444 3540 n.
1465 3525 1502 3546 36.
1521 3524 1557 3544 57.

1067 3555 1073 3577 ι
1099 3556 1108 3571 t
1129 3550 1137 3577 )
1155 3550 1227 3572 Cent.
1249 3555 1266 3571 ι.
1287 3550 1343 3570 Rar.
1361 3547 1421 3571 Obs.
1438 3556 1460 3571 2.

1222 3579 1265 3607 (y
1282 3577 1295 3605 )
1314 3578 1349 3601 ll·
1368 3578 1485 3602 Animad.
1504 3587 1542 3607 35.

999 74 1155 128 Liber
1189 75 1228 126 1.
1261 77 1346 129 De
1383 75 1590 128 Morbis
1625 75 1833 142 Capitis

1421 163 1475 187 aut
1506 151 1531 200 si
1553 155 1746 188 Amicorum
1769 154 1928 189 ineditum
1951 154 2055 189 adliuc
2086 156 2264 198 exemplum
2287 166 2378 199 optas
2402 175 2416 203 ‚-

1421 196 1531 230 videlis
1554 197 1641 240 quod
1666 197 1755 231 suum
1773 224 1783 238 ,
1807 209 1974 239 meumque
1999 199 2210 234 Vallisnerius
2232 204 2246 240 (
2267 211 2289 235 x
2309 205 2323 242 )
2345 213 2412 236 me-

1420 241 1558 274 moravit
1573 263 1581 277 ,
1606 242 1640 273 in
1662 240 1859 275 Adversariis
1882 244 1936 282 (y
1959 245 1974 281 )
1997 253 2013 274 a
2038 253 2088 275 me
2112 243 2307 286 descriptum
2325 264 2345 285 ,·
2375 256 2413 279 ut

1420 295 1518 317 unum
1542 283 1711 318 dumtaxat
1734 284 1787 317 hic
1811 293 1958 327 oporteat
1981 283 2093 318 addere
2109 285 2195 328 quod
2218 289 2334 322 certius
2347 300 2414 322 me-

1417 329 1518 362 mini,
1544 327 1692 360 videlicet
1715 328 1815 360 cranii
1853 327 1937 360 nihil
1959 337 2071 370 praeter
2096 327 2191 371 hujus]
2212 330 2307 364 balim
2332 330 2413 364 fuis-

1418 371 1466 408 se,
1493 382 1590 415 neque
1613 369 1692 403 hanc
1717 379 1840 409 totam;
1862 382 1934 403 nam
1958 370 2115 414 quidquid
2137 367 2262 415 de‘ipl'a
2285 372 2342 406 effe
2364 374 2415 407 so-

1417 415 1461 447 let
1484 413 1554 457 post
1587 425 1738 456 magnum
1759 415 1909 456 occipitis
1942 413 2083 448 foramen
2105 438 2116 456 ‚
2148 413 2379 450 desiderabatur
2403 442 2413 449 .

1548 459 1657 490 Paucis
1680 467 1783 490 autem
1807 466 1973 500 antequam
2005 469 2072 491 earn
2097 459 2230 501 puellam
2255 459 2385 493 {ecarem
2405 484 2419 501 ,

1419 500 1594 536 mensibus,
1618 500 1680 533 hoc
1704 499 1746 533 est
1768 499 1823 533 sub
1845 498 1939 532 finem
1961 501 2000 533 A.
2029 511 2122 544 1711.
2145 513 2219 534 cum
2245 501 2328 535 forte
2352 505 2418 536 Ve-

1418 545 1519 578 netias
1543 542 1697 586 petiissem
1723 565 1733 580 ‚
1756 544 1794 575 ab
1816 544 1942 577 Amicis
1967 554 2150 586 acceperam
2174 568 2186 584 ,
2220 548 2251 578 δι’
2276 548 2420 579 nomina-

1417 590 1478 621 tim
1502 586 1538 619 ab
1562 598 1621 625 eo,
1643 598 1736 630 quem
1759 587 1833 619 alias
1855 589 1869 625 (
1891 599 1909 619 a
1931 591 1944 626 )
1965 587 2026 619 tibi
2049 588 2207 628 laudavi,
2230 590 2418 623 Alexandro

1415 632 1514 664 Bonis
1534 655 1542 668 ‚
1573 631 1673 663 docto
1695 630 1827 663 Medico
1846 653 1859 669 ,
1892 632 1923 661 &
1946 628 2096 672 diligenti
2116 654 2125 669 ,
2160 630 2275 665 affuiss'e
2299 632 2327 666 se
2351 644 2417 666 non

1414 678 1460 706 ita
1485 673 1608 715 pridem
1640 685 1713 707 cum
1737 668 1924 705 Sahtormus
1947 672 2014 715 ipse
2046 686 2174 718 quoque
2207 675 2372 718 descriptae
2399 688 2416 709 a

1415 729 1465 750 me
1488 715 1622 750 limilem
1645 717 1783 759 puellam
1807 715 1962 749 incideret
1984 719 1997 754 <
2020 717 2133 758 saepius
2156 720 2242 751 enirn
2265 731 2275 758 5
2300 718 2356 752 etsi
2379 719 2414 753 in

1414 761 1554 794 maribus
1578 760 1646 793 haec
1669 761 1766 792 etiam
1789 758 1962 797 accidunt,
1985 761 2019 791 in
2041 759 2196 802 sequioris
2210 760 2298 796 sexus
2321 761 2417 795 foeti-

1415 806 1471 837 bus
1493 803 1602 836 vidcor
1626 801 1764 836 novisse.-
1787 811 1872 834 certe
1895 802 1950 834 ille
1972 813 2099 845 quoque
2119 827 2132 844 ,
2168 804 2204 838 de
2226 817 2292 847 quo
2317 805 2415 848 paulo

1413 856 1485 881 ante
1508 847 1631 881 dictum
1653 846 1695 879 est
1714 870 1722 886 ,
1757 844 1978 878 Porolivieufis
2001 843 2172 882 foemineus
2205 846 2269 881 fuit
2291 850 2305 887 (
2327 847 2345 881 b
2367 852 2381 889 >
2402 853 2417 889 )

1413 890 1521 924 vidiffe
1544 892 1647 933 igitur
1669 900 1784 931 corpus
1804 889 1928 931 optime
1953 890 2137 931 nutritum,
2161 903 2258 933 eaque
2286 894 2415 934 magni-

1413 934 1524 968 tudine
1547 946 1618 977 quae
1653 933 1835 966 conveniret
1859 931 1940 974 justo
1963 955 1972 971 ‚
2006 941 2042 965 ut
2065 931 2130 973 haec
2164 945 2234 975 quse
2266 934 2374 967 statim
2397 947 2414 968 a

1412 988 1508 1019 partu
1530 986 1658 1010 mortua
1682 985 1770 1015 erat,
1796 985 1906 1018 partus
1929 985 2072 1017 tempore
2098 978 2132 1008 in
2156 977 2261 1010 lucem
2284 977 2376 1011 editae
2401 991 2410 1010 :

1411 1021 1568 1055 summum
1600 1020 1768 1053 dumtaxat
1791 1029 1887 1062 caput
1919 1018 2009 1051 valde
2032 1017 2123 1052 fuiffe
2154 1018 2361 1062 depressum:
2395 1034 2413 1055 a

1413 1077 1477 1106 quo
1500 1076 1572 1097 curn
1596 1063 1718 1105 sublata
1744 1061 1814 1095 esset
1838 1061 2016 1095 membrana
2039 1061 2155 1103 crassa,
2179 1063 2339 1106 capillatae
2351 1075 2410 1097 cu-

1413 1110 1438 1141 ti
1464 1109 1590 1150 penitus
1615 1115 1748 1139 connata
1775 1120 1784 1143 3
1808 1117 1871 1138 non
1893 1106 1993 1138 cranii
2018 1104 2174 1140 fornicem
2196 1129 2205 1143 ,
2238 1118 2300 1140 non
2324 1118 2415 1140 cere-

1412 1152 1525 1190 brum,
1547 1162 1615 1193 quae
1640 1150 1792 1192 nusquam
1817 1160 1907 1182 erant
1932 1173 1942 1188 ,
1966 1147 2017 1181 sed
2040 1149 2198 1192 quandam
2220 1150 2307 1194 quasi
2338 1150 2416 1183 vesi-

1412 1206 1479 1228 cam
1504 1192 1716 1236 conspexisse,
1743 1194 1775 1225 in
1798 1204 1859 1235 qua
1884 1192 1967 1226 nihil
1992 1191 2049 1225 nifi
2073 1204 2151 1236 aqua
2174 1193 2277 1227 flava:
2300 1193 2413 1227 abbae

1413 1247 1516 1271 autem
1550 1236 1646 1269 vesica
1677 1248 1746 1279 quae
1780 1237 1937 1268 anteriora
1971 1237 2124 1274 tenebat,
2159 1237 2286 1278 prorsus
2311 1237 2416 1279 sejun-

1414 1283 1498 1315 &am
1514 1305 1525 1321 ,
1548 1281 1580 1313 in
1604 1281 1704 1313 cranii
1728 1278 1792 1312 bafi
1814 1304 1821 1317 ,
1843 1288 1940 1322 atque
1962 1279 2040 1312 adeo
2064 1280 2097 1311 in
2123 1278 2190 1321 ipsa
2213 1280 2413 1322 Oblongatae

1414 1324 1559 1358 medullae
1585 1323 1649 1356 sede
1674 1322 1862 1366 particulam
1886 1345 1894 1360 ,
1921 1322 2033 1359 nucleo
2057 1322 2237 1365 amygdalae
2260 1334 2325 1356 non
2349 1335 2417 1356 ma-

1415 1368 1537 1410 jorem,
1559 1379 1630 1410 quse
1654 1367 1801 1399 cerebelli
1825 1367 1898 1399 loco
1925 1364 1981 1398 effe
2005 1364 2124 1408 posset.
2152 1365 2337 1409 Intelligis,
2362 1367 2418 1400 hic

1414 1412 1451 1445 ab
1476 1410 1719 1454 hydrocepbalo
1738 1434 1750 1450 ,
1783 1408 1873 1451 cujus
1897 1421 1974 1452 aqua
1999 1408 2137 1441 necdum
2160 1410 2301 1443 universa
2324 1409 2420 1445 efflu-

1412 1465 1502 1489 xerat
1516 1480 1526 1495 ,
1552 1453 1745 1487 desti-uerum
1767 1453 1930 1487 cerebrum
1943 1476 1956 1493 ,
1981 1451 2153 1485 medullam
2170 1453 2392 1494 Oblongatam
2407 1476 2418 1492 ‚

1414 1502 1445 1532 &
1469 1498 1612 1531 cerebelli
1636 1498 1809 1529 maximam
1832 1505 1975 1537 partem.-
1999 1495 2088 1538 quod
2111 1497 2247 1529 omnino
2271 1508 2419 1531 unacum

1411 1543 1532 1575 caeteris
1555 1541 1771 1580 destruet-um,
1794 1538 1884 1573 fimul
1907 1551 1981 1572 cum
2006 1550 2087 1580 aqua
2111 1538 2267 1573 effluxisse
2292 1540 2420 1575 videtur

1413 1587 1446 1618 in
1470 1587 1510 1619 iis
1533 1583 1668 1617 foetibus
1693 1584 1819 1617 duobus
1840 1607 1853 1623 ,
1883 1595 1964 1626 quos
1988 1594 2004 1615 a
2029 1593 2077 1614 me
2101 1581 2250 1615 diffeftos
2273 1594 2420 1617 comme-

1413 1630 1556 1662 moravi.
1690 1628 1761 1659 Nec
1785 1626 1853 1659 iane
1878 1628 1970 1658 aliter
1993 1624 2150 1666 ejusmodi
2173 1625 2259 1659 casus
2284 1626 2341 1661 effe
2365 1640 2421 1660 ex-

1412 1673 1602 1715 plicandos,
1626 1671 1748 1704 censuit
1774 1669 1839 1711 ipse
1861 1681 1987 1712 quoque
2011 1669 2147 1701 Illustris
2170 1670 2322 1703 Hallerus
2345 1681 2420 1705 cum

1410 1716 1486 1749 alibi
1516 1742 1524 1755 ‚
1558 1726 1627 1748 tum
1653 1716 1687 1747 in
1712 1712 1886 1756 Opustulis
1921 1713 2126 1745 Anatomicis
2151 1716 2160 1751 (
2185 1723 2200 1743 c
2223 1716 2236 1752 )
2263 1740 2272 1754 ‚
2305 1715 2421 1756 quibus

1415 1772 1473 1802 pro
1496 1760 1614 1792 eximia
1638 1757 1690 1792 sua
1714 1769 1785 1799 erga
1810 1767 1858 1789 me
1882 1756 2081 1790 humanitate
2106 1766 2212 1789 meum
2235 1779 2247 1796 ,
2269 1759 2361 1799 quale
2384 1758 2421 1791 id

1413 1814 1536 1847 cunque
1559 1802 1601 1835 est
1626 1824 1635 1838 ‚
1668 1800 1830 1834 honestare
1846 1801 1960 1835 „voluit
1983 1810 2098 1832 nomen
2118 1823 2130 1840 ,
2165 1810 2241 1843 cum
2266 1804 2296 1832 ἃ
2331 1800 2420 1834 suam

1412 1847 1505 1891 liujus
1528 1847 1648 1889 generis
1671 1847 1704 1878 in
1718 1844 1871 1878 foemineo
1895 1845 2016 1887 pariter
2029 1842 2112 1877 foetu
2135 1843 2393 1877 accuratiffimam
2410 1873 2420 1888 ‚

1409 1901 1444 1924 ut
1470 1890 1549 1923 solet
1566 1914 1578 1931 ,
1603 1888 1855 1924 observationem
1881 1886 2049 1929 proposuit
2068 1910 2080 1926 ,
2119 1890 2152 1920 &
2175 1886 2291 1919 alienas
2316 1888 2420 1930 pluri-

1409 1946 1474 1968 mas
1497 1945 1558 1977 qua
1583 1933 1702 1966 summa
1727 1932 1826 1975 pollet
1852 1930 2034 1964 eruditione
2061 1955 2069 1969 ,
2095 1931 2127 1962 in
2152 1929 2266 1971 hisque
2289 1931 2417 1975 expoli-

1407 1987 1511 2011 tarum
1536 1977 1713 2010 simillimas
1738 1976 1926 2009 memoravit
1951 2000 1958 2006 .
1984 1974 2160 2007 Cei-ebrum
2183 1975 2287 2015 igitur
2311 1987 2327 2007 a
2352 1977 2421 2017 pri-

1406 2021 1542 2054 mordiis
1567 2022 1599 2052 in
1624 2021 1680 2053 luo
1704 2019 1789 2052 foetu
1823 2030 1887 2052 non
1911 2016 2045 2052 defuiffe
2067 2016 2243 2050 confirmat
2266 2020 2280 2056 <
2303 2019 2322 2050 d
2342 2022 2355 2058 >
2378 2021 2419 2053 iis

1406 2065 1587 2097 rationibus
1608 2086 1621 2101 ,
1652 2074 1722 2105 qua:
1747 2073 1810 2093 non
1834 2063 1918 2095 secus
1943 2073 1976 2094 ac
2012 2061 2168 2103 pleraeque
2194 2073 2208 2093 a
2233 2060 2288 2095 Cl.
2316 2062 2421 2096 Lauf.

1406 2106 1474 2140 fero
1499 2110 1512 2146 (
1534 2118 1549 2140 e
1570 2110 1583 2146 )
1608 2105 1773 2148 productae
1788 2130 1796 2144 ,
1820 2103 1984 2137 transferri
2001 2104 2128 2150 possunt
2151 2105 2188 2137 ad
2211 2105 2292 2138 alios
2317 2104 2418 2140 foetus

1407 2150 1538 2192 hujusce
1562 2151 1707 2192 generis.
1733 2147 1891 2181 Acceffiffc
1915 2147 2020 2190 postea
2043 2150 2169 2193 caulam
2190 2159 2261 2190 quae
2285 2151 2419 2191 aperiret

1408 2196 1475 2227 vias
1501 2205 1555 2236 per
1578 2204 1655 2235 quas
1679 2191 1845 2225 cerebrum
1867 2203 1882 2223 e
1908 2196 1960 2225 lua
1983 2191 2075 2223 theca
2098 2190 2312 2224 effunderetur
2335 2217 2342 2224 .
2370 2194 2417 2227 Et

1410 2243 1477 2271 lane
1500 2235 1677 2269 manifestas
1700 2236 1731 2268 in
1758 2235 1901 2275 pluribus
1925 2233 2038 2273 fuisse,
2060 2234 2147 2268 vides
2168 2258 2177 2271 ,
2214 2244 2249 2268 ut
2273 2233 2417 2269 foramen

1409 2282 1442 2313 in
1466 2278 1690 2320 Monspelienli
1714 2280 1765 2321 (f
1786 2282 1798 2316 )
1820 2301 1828 2315 ‚
1865 2283 1897 2310 δι’
1920 2278 2127 2311 Forolivienli
2153 2277 2260 2312 nostro
2281 2302 2294 2319 ,
2327 2284 2359 2313 δε
2383 2281 2418 2313 in

1408 2323 1516 2357 nostro
1539 2323 1641 2355 altero
1667 2322 1821 2353 Patavino
1845 2324 1858 2359 (
1877 2332 1899 2362 g
1921 2325 1959 2360 ),
1983 2322 2016 2353 in
2040 2333 2106 2362 quo
2130 2322 2265 2355 necdum
2280 2321 2417 2356 effluxe-

1408 2377 1455 2399 rat
1479 2375 1615 2399 totum.
1653 2365 1772 2397 Hiatus
1797 2375 1901 2398 autem
1937 2366 1970 2397 in
2003 2365 2167 2397 nonnullis
2200 2364 2328 2398 fuerunt
2361 2378 2417 2408 per

1406 2421 1487 2452 quos
1510 2419 1617 2442 totum
1642 2407 1827 2450 prodierat.
1855 2408 1906 2439 Sic
1930 2408 1964 2440 in
1987 2418 2024 2438 eo
2048 2406 2085 2439 de
2108 2419 2175 2450 quo
2198 2408 2415 2443 Gullmannus

1406 2456 1419 2492 (
1441 2452 1460 2485 Ι]
1483 2457 1496 2491 )
1519 2475 1528 2490 ,
1563 2452 1685 2492 occiput
1717 2459 1859 2492 apertum
1882 2451 1955 2493 lego
1980 2460 2049 2483 cum
2068 2451 2240 2491 pericranii
2264 2452 2413 2494 extensio-

1404 2507 1440 2528 ne
1462 2506 1572 2537 magna
1592 2517 1602 2533 ‚
1638 2495 1669 2527 in
1704 2505 1763 2535 qua
1796 2501 1863 2527 tota
1896 2493 2014 2528 cerebri
2045 2492 2139 2526 moles
2176 2502 2244 2525 erat
2276 2494 2413 2537 inclufiz.

1403 2536 1598 2580 Cuiusmodi
1622 2537 1681 2569 five
1705 2537 1874 2578 perieranii
1899 2560 1912 2576 ,
1947 2535 2006 2569 five
2030 2534 2150 2569 Crass'ae
2173 2538 2331 2579 meningis
2354 2538 2417 2572 five

1406 2582 1514 2623 potius
1539 2580 1706 2623 utriusque
1731 2579 1939 2619 hermarum,
1964 2589 1999 2611 ut
2022 2579 2062 2612 fic
2087 2580 2199 2621 loquar
2219 2607 2228 2620 ,
2254 2581 2415 2615 cerebrum

1406 2624 1641 2658 includentium
1663 2624 1804 2666 exempla
1830 2624 1890 2655 alia
1913 2622 2001 2656 dabit
2012 2622 2162 2656 Hallerus
2184 2626 2198 2661 <
2221 2625 2288 2663 ἰ).
2316 2626 2419 2657 Intel-

1404 2669 1479 2711 ligis
1502 2678 1630 2708 autem,
1653 2678 1747 2709 quam
1773 2666 1865 2699 facilc
1898 2665 2013 2711 pollint
2036 2664 2177 2699 distentas
2201 2688 2209 2703 ,
2242 2667 2417 2701 distractos-

1405 2723 1466 2753 que
1490 2723 1529 2743 eo
1554 2710 1690 2753 pondere
1714 2710 1904 2743 membranae
1936 2709 2091 2750 diimmpi
2114 2709 2240 2743 tandem
2262 2735 2274 2751 ,
2308 2713 2410 2745 inclu-

1405 2759 1536 2796 lumque
1561 2753 1685 2795 pondus
1709 2755 1853 2787 emittere
1876 2777 1883 2785 .
1921 2753 2020 2789 Quod
2044 2752 2067 2787 fi
2090 2754 2254 2786 cerebrum
2289 2755 2326 2787 {it
2353 2755 2414 2798 liy-

1406 2797 1595 2839 drocephali
1621 2809 1700 2841 aqua
1723 2796 1936 2834 dissblutum3
1961 2795 2027 2829 haec
2052 2799 2084 2829 &
2108 2796 2233 2839 pondus
2258 2798 2413 2842 augebit,

1408 2843 1440 2873 δέ
1464 2852 1519 2882 per
1541 2840 1701 2874 foramina
1724 2840 1886 2874 interdum
1908 2841 2005 2872 etiam
2029 2842 2142 2881 exigua
2166 2851 2201 2873 ut
2217 2840 2323 2874 {cufim
2349 2844 2412 2877 ela—

1407 2883 1523 2924 batur,
1545 2884 1678 2917 efficiet.
1707 2884 1781 2921 Qua
1806 2893 1909 2916 autem
1934 2884 2055 2915 ratione
2070 2894 2149 2925 aqua
2176 2894 2245 2917 tum
2260 2886 2407 2925 accedat,

1404 2937 1474 2960 tum
1507 2927 1671 2962 cerebrum
1695 2925 1845 2961 diss'olvat
1865 2950 1877 2966 ,
1912 2926 1997 2960 illud
2030 2928 2173 2968 primum
2210 2932 2297 2969 lupra
2321 2932 2334 2967 (
2356 2929 2374 2970 l<
2395 2935 2411 2970 )

1402 2971 1570 3013 quomodo
1594 2980 1729 3013 propter
1752 2969 1923 3012 impeditas
1948 2971 2126 3003 Pituitariae
2151 2971 2307 3012 glandulae
2333 2999 2342 3012 ‚
2378 2986 2409 3006 a-

1402 3013 1520 3057 liasque
1543 3015 1607 3047 vias
1630 3016 1819 3055 contingat,
1845 3012 1917 3045 satis
1940 3013 2064 3047 dictum
2088 3014 2128 3046 cst
2147 3026 2156 3047 .·
2181 3016 2223 3047 ob
2247 3014 2408 3058 disruptas

1402 3056 1689 3099 autemhydatides
1713 3056 1795 3098 polle
1806 3058 1905 3089 ctiam
1916 3055 1982 3088 fieri
1998 3080 2010 3095 ,
2033 3057 2266 3091 estindicatum
2283 3084 2291 3091 .
2314 3059 2384 3092 Has
2399 3087 2407 3099 ‚

1400 3112 1455 3133 nec
1479 3102 1634 3134 mediocri
1658 3101 1876 3141 magnitudine
1900 3123 1907 3135 ‚
1941 3100 2025 3133 haud
2049 3102 2095 3134 ita
2126 3113 2197 3134 raro
2221 3102 2305 3134 intra
2340 3115 2409 3135 cra..

1398 3143 1511 3184 nium,
1535 3147 1602 3177 imo
1627 3146 1709 3177 intra
1733 3143 1897 3176 cerebrum
1921 3143 2088 3179 bestiarum
2111 3144 2271 3178 increvisse
2297 3170 2309 3186 2
2333 3148 2407 3179 Ob-

1396 3187 1611 3227 servationes,
1635 3188 1711 3220 alias
1734 3189 1747 3225 <
1770 3186 1781 3220 l
1802 3191 1816 3226 )
1842 3199 1856 3218 a
1881 3198 1931 3219 me
1955 3199 1993 3219 ex
2004 3188 2215 3230 Sepulcbreto
2231 3189 2378 3223 indicatae
2394 3213 2404 3228 ,

1394 3232 1468 3264 latis
1492 3230 1690 3264 ostendunt:
1722 3241 1797 3271 quas
1831 3229 1852 3262 fi
1888 3230 2058 3276 perlegas,
2092 3231 2178 3264 idem
2211 3230 2403 3266 hominibus

1393 3286 1520 3318 quoquc
1545 3283 1770 3315 nonnunquam
1797 3273 1939 3306 accidisse
1961 3298 1968 3311 ,
1999 3273 2170 3316 cognosces
2196 3299 2202 3306 .
2240 3277 2403 3310 Humanis

1393 3328 1498 3352 autem
1530 3317 1663 3352 foetibus
1694 3326 1746 3349 aut
1784 3316 2023 3359 hydrocephalo
2058 3317 2281 3353 laborantibus
2302 3343 2315 3359 ,
2349 3329 2402 3352 aut

2297 3367 2359 3395 ime

1587 3485 1596 3514 (
1613 3486 1649 3514 n)
1667 3485 1730 3514 Eph.
1747 3487 1780 3508 N.
1798 3486 1827 3509 C.
1839 3487 1898 3509 Dec.
1917 3493 1938 3515 3.
1957 3487 1987 3508 A.
2001 3493 2023 3509 1.
2040 3485 2098 3509 Obs.
2116 3485 2204 3515 152.in
2222 3485 2343 3511 Schol.ad
2359 3485 2401 3510 fin.

1620 3517 1634 3546 (
1650 3526 1661 3540 ν
1677 3517 1687 3546 )
1705 3518 1785 3539 Mem.
1804 3515 1832 3539 de
1849 3516 1867 3539 1⁷
1883 3516 1956 3539 Acad.
1974 3519 2003 3540 R.
2019 3516 2060 3539 des
2077 3518 2117 3540 Se.
2134 3520 2164 3539 A.
2185 3521 2253 3545 1716.

1524 3548 1538 3576 ζ
1557 3556 1572 3570 u
1588 3547 1596 3576 )
1618 3545 1707 3576 inquis.
1725 3548 1753 3569 de
1770 3546 1852 3573 spirit.
1869 3547 1979 3571 Animal.
1998 3555 2020 3569 n,
2040 3554 2075 3576 35.
2093 3547 2115 3569 δε
2133 3547 2198 3575 seqq.

1609 3579 1614 3602 ί
1636 3586 1650 3600 a
1669 3578 1680 3604 )
1698 3576 1769 3605 Epist.
1788 3585 1810 3605 3.
1828 3584 1851 3600 n.
1871 3585 1906 3605 17.
1923 3577 1946 3600 8(
1963 3577 2038 3605 Epist.
2058 3586 2078 3606 5.
2096 3585 2120 3600 n.
2139 3585 2174 3600 ιι.

1415 3612 1428 3638 ζ
1443 3618 1454 3632 e
1474 3613 1484 3635 )
1502 3609 1560 3632 Diffi
1577 3616 1624 3636 qua
1642 3609 1721 3630 infans
1739 3607 1785 3630 sine
1804 3608 1900 3631 cerebro
1918 3608 1962 3632 ἃς.
1984 3608 2006 3637 ς’.
2026 3615 2046 3636 3.
2067 3608 2089 3631 ἃ
2107 3607 2171 3637 seqq.

1420 3641 1433 3670 (
1451 3641 1465 3663 h
1482 3640 1494 3669 )
1512 3640 1574 3668 Eph.
1593 3640 1624 3662 N.
1644 3640 1672 3663 C.
1690 3640 1759 3662 cent.
1777 3646 1800 3668 7.
1820 3637 1876 3662 Obs.
1895 3646 1930 3667 9:-

1124 3672 1186 3701 (l)
1204 3669 1277 3699 Epist.
1296 3676 1316 3695 ι.
1334 3678 1358 3694 n.
1377 3672 1400 3695 6.
