2498 4075
459 217 610 287 Epist.
649 221 812 284 Anat.
848 220 1060 274 Medica
1095 220 1268 273 XVII.
1302 218 1420 272 Art.
1456 235 1502 288 3.
1536 222 1591 273 δε
1624 234 1673 285 4.

87 297 251 332 debatur.
279 299 348 331 1³1⁴ae
371 300 494 331 caeteris
527 297 709 331 incurrebat
747 297 782 330 in
814 300 925 333 oculos
959 300 1097 333 tenuitas

87 341 208 374 arteriae
245 341 373 380 Magnae
398 354 467 383 quae
514 341 551 373 ab
595 352 633 373 eo
677 342 778 383 Septo
824 343 860 376 ad
907 342 1097 376 divifionem

87 385 184 428 usque
207 408 219 425 ,
251 385 445 418 mulierculae
469 385 569 427 magis
591 382 785 417 convenisset
807 398 903 429 quam
925 387 995 419 viro
1029 398 1096 418 ma-

86 440 156 472 gnae
180 431 312 470 potius,
336 439 372 461 ut
396 428 473 468 hic,
498 428 620 461 staturae
644 439 652 460 :
686 439 783 471 quam
816 441 875 471 ego
904 431 1095 463 tenuitatem

85 484 171 506 eram
194 482 232 503 ex
256 483 295 504 eo
320 470 447 504 fortasse
470 471 683 513 repetiturus,
707 472 794 514 quod
820 472 872 506 hic
898 474 999 505 Aorta
1031 484 1094 506 non

85 526 121 550 ut
146 515 247 555 solet,
268 514 324 548 sub
347 512 658 555 arcuAppendicum
680 514 936 558 diaphragmatis
949 518 981 549 in
994 527 1093 550 unum

83 559 341 593 convenientium
377 581 390 598 ‚
435 556 496 589 five
542 568 605 590 non
652 569 707 599 per
750 558 959 592 dimidiatum
1004 559 1093 592 fora-

82 614 157 637 men
191 624 199 639 ‚
245 600 295 635 sed
342 612 396 643 per
440 599 585 635 foramen
631 600 779 635 transibat
825 604 858 635 in
904 611 1045 635 ventrem
1080 613 1090 640 3

81 646 140 681 nisi
177 645 210 679 id
246 645 390 678 foramen
437 643 587 678 consueta
632 645 805 679 latitudine
829 670 843 686 ‚
886 645 1091 688 longitudine

81 684 186 724 autem
232 687 349 723 fuisset—
375 688 513 722 duorum
558 688 739 730 digitorum
763 714 770 720 .
807 690 859 721 Ne
892 700 968 721 vero
1003 690 1035 721 in
1060 700 1090 721 re

80 746 177 777 quam
222 732 304 776 apud
344 732 424 765 alios
468 743 551 766 nun-c
597 732 728 775 quidem
768 743 830 765 non
876 732 1009 764 memini
1046 733 1091 764 le-

79 777 156 819 gisse
180 800 192 817 ‚
226 775 376 809 obscurus
409 774 554 816 videar;
585 774 626 809 fic
657 775 776 810 habeto
800 797 808 812 ‚
842 787 879 808 co
920 777 1090 811 intervallo

78 821 167 863 quod
192 819 290 852 modo
314 819 482 860 indicavi,
505 832 519 852 a
544 819 665 853 summa
690 819 778 852 illius
803 830 890 852 arcus
922 828 1011 862 parte
1045 832 1092 852 re-

81 864 220 898 trorsum
244 886 252 900 ,
280 861 492 905 deorsumque
525 863 639 896 relicto
661 886 670 902 ‚
705 861 867 895 tendinem
887 886 900 902 ,
933 863 1092 896 linearum

79 919 195 941 novem
219 906 469 940 Bononien-sium
493 912 506 948 (
530 918 547 939 a
570 905 807 950 >longitudine
831 931 842 944 ‚
875 908 970 939 unius
990 906 1094 939 craffi-

82 951 193 985 tudine
219 974 228 989 ‚
266 950 308 982 ab
329 952 458 983 interno
493 951 587 983 latere
631 950 833 992 Appendicis
877 948 1015 982 dexterae
1060 950 1093 982 in

79 994 288 1028 transversum
312 993 402 1028 fuisse
426 994 558 1028 dudm-m
581 995 614 1027 in
639 995 722 1027 latus
746 995 907 1032 internum
928 992 1056 1025 finistl'ae
1082 1004 1090 1025 :

77 1038 181 1081 ficque
204 1040 288 1070 inter
312 1036 396 1071 hunc
418 1038 601 1078 tendinem,
626 1040 659 1071 δι’
682 1037 776 1070 illum
809 1046 922 1070 arcum
952 1038 1090 1069 Aortam

76 1084 111 1114 in
156 1090 298 1114 ventrem
342 1081 371 1114 se
416 1081 571 1125 trajecisse
594 1106 605 1114 ι
649 1081 715 1114 His
737 1104 749 1120 ,
785 1088 878 1122 atque
902 1079 997 1118 aliis,
1019 1091 1089 1122 quae

78 1125 133 1159 hic
167 1136 341 1159 memorare
375 1127 479 1158 minus
513 1126 628 1158 attinet
653 1148 664 1164 ‚
699 1122 871 1166 perspec‘tis
894 1145 904 1160 ‚
939 1135 1013 1156 cum
1036 1134 1085 1153 ve-

76 1180 116 1202 na
147 1171 234 1202 Cava
265 1180 329 1212 qua
363 1180 401 1201 ex
437 1168 550 1210 hepate
573 1168 783 1211 diaphragma
814 1166 883 1199 adit
906 1191 919 1208 ,
963 1166 1087 1199 incide-

77 1221 166 1245 retur
189 1236 202 1253 ‚
244 1213 383 1246 multum
429 1213 588 1254 sanguin-is
634 1210 778 1252 prodivit
824 1210 903 1243 adeo
928 1210 1015 1242 craffi
1039 1218 1088 1243 at-

74 1268 136 1298 que
180 1257 242 1289 atri
266 1280 276 1295 ,
319 1265 355 1292 ut
401 1256 543 1299 spongiae
589 1255 760 1289 adhc-areret
795 1254 895 1297 magis
921 1265 1016 1296 quarn
1041 1253 1088 1286 su-

74 1308 205 1342 geretur
227 1323 239 1340 ,
270 1299 435 1344 ipsamque
469 1302 608 1342 tingeret
643 1299 813 1331 atramenti
851 1296 976 1330 instar.
1015 1299 1087 1330 Nee

75 1345 237 1377 minorem
260 1344 388 1385 copiam
412 1343 567 1386 ejusmodi
594 1343 757 1385 sanguinis
790 1353 843 1384 per
875 1340 1004 1373 eandem
1035 1352 1089 1372 ve-

74 1398 149 1420 nam
173 1385 283 1419 exiisse·
306 1387 411 1429 postea
436 1388 642 1426 invenimus,
665 1396 739 1419 cum
763 1383 986 1433 decimopost
1010 1383 1062 1416 die
1079 1406 1088 1421 ‚

75 1434 133 1474 qui
158 1442 173 1463 a
198 1441 305 1464 morte
329 1440 396 1464 erat
428 1430 571 1464 decimus
604 1430 718 1463 tertius
737 1452 749 1469 ,
793 1428 925 1470 singulis
968 1429 1088 1460 interea

72 1475 193 1507 ventris
238 1474 411 1509 visceribus
457 1486 493 1508 ex
529 1474 641 1507 ordine
676 1472 898 1506 demonstratis
922 1494 935 1511 ,
977 1470 1014 1504 ad
1036 1483 1089 1504 ca-

72 1516 167 1551 daver
211 1516 400 1559 rediimus,
445 1517 527 1550 nihil
573 1516 755 1558 tempestate
800 1528 832 1549 ea
867 1513 989 1556 frigida
1013 1526 1088 1556 gra-

77 1573 117 1595 ve
161 1562 250 1595 olens
275 1586 282 1593 .
418 1559 569 1594 Thorace
592 1560 748 1598 reserato,
771 1560 808 1592 in
841 1567 975 1600 utroque
1021 1558 1087 1599 ejus

78 1616 158 1638 cavo
204 1616 319 1647 aquam
366 1604 537 1645 limpidam
560 1627 573 1643 ,
619 1614 684 1636 non
719 1612 824 1635 tamen
848 1601 1007 1640 multam,
1032 1601 1089 1635 de-

75 1648 305 1691 prehendimus
334 1673 341 1687 ,
380 1648 563 1689 pulmonem
588 1654 693 1680 autem
715 1645 883 1679 dexterum
908 1642 1006 1679 ferme
1029 1657 1090 1679 un-

74 1691 378 1735 dique—ssmistrum
401 1702 478 1723 vero
501 1702 538 1723 ex
564 1699 651 1732 parte
675 1688 846 1724 dumtaxat
870 1689 975 1732 ali-qua
1000 1690 1090 1731 pleu-

72 1747 117 1769 rae
137 1734 353 1769 adhaerentem
377 1758 383 1765 .
421 1735 567 1776 Uterque
592 1733 741 1776 turgidus
766 1758 778 1774 ,
810 1732 860 1765 sed
885 1742 994 1778 neuter
1017 1744 1090 1774 gra-

71 1780 144 1819 vis,
167 1787 221 1812 aut
245 1779 278 1810 in
302 1776 494 1816 bronchiis,
519 1776 659 1820 vasisque
683 1778 834 1816 caeteris,
859 1785 912 1809 aut
947 1776 1088 1810 substan-

71 1823 118 1855 tia
142 1822 211 1864 ipsa
231 1821 364 1864 usquam
397 1820 568 1854 morbosus
591 1844 599 1852 .
637 1819 725 1853 Illud
760 1819 988 1854 tantummodo
1022 1821 1089 1852 ani-

70 1864 271 1899 madversum
294 1864 336 1898 est
358 1888 370 1905 ,
395 1864 502 1897 multo
526 1863 696 1897 difficilius
721 1875 820 1908 quam
857 1863 955 1897 soleat
976 1887 988 1903 ,
1021 1875 1090 1896 eam

70 1907 276 1943 substantiam
302 1920 317 1940 a
340 1908 532 1948 bronchiis,
555 1907 739 1950 caeterisque
761 1906 1010 1947 vasisdistrahi,
1037 1907 1091 1940 ab.

71 1953 244 1996 rumpique
268 1950 426 1993 potuisse.
458 1952 509 1984 Sic
534 1952 629 1983 etiam
654 1963 733 1985 mox
756 1953 791 1984 in
814 1951 943 1988 Aortae!
966 1951 1090 1985 extima

69 1997 182 2029 tunica
206 1995 387 2031 avellenda,
413 1994 581 2028 resistentia
621 1994 723 2038 major
756 2006 852 2038 quam
884 1995 1050 2028 consuevit
1075 2018 1087 2034 ,

69 2041 197 2073 inventa
223 2039 284 2072 est.
311 2041 475 2073 Caeterum
502 2037 540 2071 ad
565 2040 688 2072 arteriae
719 2039 852 2080 Asperce
898 2040 933 2071 in
981 2040 1087 2081 prima

71 2082 231 2116 bronchia
264 2082 454 2116 divisionem
480 2081 639 2124 glandulae
664 2082 873 2115 Bronchiales
898 2093 962 2114 non
987 2082 1089 2115 modo

69 2128 174 2169 plures
198 2149 207 2164 ‚
252 2125 303 2159 sed
344 2124 448 2159 crass‘ae
494 2124 573 2157 adeo
619 2126 749 2160 fuerunt
775 2148 784 2164 ‚
827 2135 863 2158 ut
910 2124 1089 2159 mediocres

72 2181 208 2204 uvarum
252 2171 361 2202 acinos
407 2177 571 2211 aequarent
595 2193 602 2200 .
737 2171 773 2200 In
807 2169 988 2208 pei-icardio
1011 2180 1090 2210 aqua

74 2214 193 2247 rubens.
233 2224 298 2246 non
346 2212 485 2245 multa:
529 2221 586 2243 cor
632 2220 738 2244 autem
773 2211 823 2243 vel
858 2211 963 2252 majus
993 2223 1091 2254 quam

71 2256 94 2291 fi
142 2257 208 2290 duo
256 2255 353 2288 corda
398 2255 431 2286 in
479 2265 578 2287 unum
623 2254 831 2297 conjungeres
858 2278 865 2285 .
901 2256 946 2287 Et
991 2254 1092 2289 amba:

71 2301 206 2343 quidem
230 2298 403 2337 auriculae,
428 2299 460 2329 δέ
485 2298 578 2330 Sinus
602 2319 612 2336 ‚
636 2306 672 2330 ut
696 2298 863 2332 vocitant,
890 2299 1094 2332 Pulmonaris

71 2355 157 2378 venae
182 2352 269 2374 erant
294 2341 468 2384 ampliores
489 2354 498 2377 3
535 2339 587 2373 sed
609 2341 806 2378 ventriculi,
838 2340 1020 2383 sinisterque
1060 2343 1092 2374 in

71 2387 187 2431 primis
219 2386 325 2419 multo
370 2385 503 2426 magis.
540 2384 607 2416 Hie
653 2392 758 2417 autem
803 2385 837 2417 in
882 2384 1089 2418 latitudinem

72 2431 194 2474 ubique
218 2436 357 2461 creverat
382 2426 479 2469 usque
503 2425 581 2458 adeo
601 2449 613 2466 ,
645 2437 681 2460 ut
704 2427 852 2460 omnium
888 2428 953 2469 ejus
987 2430 1089 2471 parie-

74 2484 150 2508 tum.
182 2468 354 2505 imminuta
387 2469 557 2503 craffitudo
590 2472 646 2502 vix
679 2470 912 2510 craffitudinem
947 2483 1088 2514 aequaret

70 2517 204 2560 parietis
249 2516 337 2548 iltius
384 2514 440 2557 qui
476 2512 649 2547 ventriculi
681 2513 802 2547 dexteri
837 2514 879 2548 est
904 2517 1053 2558 proprius
1077 2541 1085 2548 .

69 2559 235 2594 Lacertuli
283 2568 387 2590 tamen
433 2556 484 2589 illi
530 2559 584 2600 qui
631 2558 713 2590 intra
761 2558 918 2593 sinistrum
963 2564 1086 2593 ventri-

71 2604 185 2637 culum·
227 2602 442 2644 implicantur
488 2602 521 2632 in
568 2602 644 2635 retis
691 2601 861 2643 modum,
906 2613 971 2635 non
1008 2615 1086 2645 pro-

69 2658 175 2691 pterea
213 2645 349 2684 disrupti
386 2668 395 2682 ,
444 2643 557 2678 nedum
606 2645 801 2687 absumpti,
845 2646 1087 2688 conspicieban-

69 2700 125 2724 tur
149 2714 158 2721 ο
192 2688 333 2723 Nullum
367 2700 473 2722 aurem
507 2687 633 2722 evidens
670 2690 745 2722 ullis
779 2692 814 2722 in.
849 2690 985 2725 valvulis
1022 2702 1088 2724 erat

69 2735 190 2766 vitium
226 2742 437 2774 praeterquam
479 2733 511 2764 in
546 2733 586 2765 iis
624 2744 694 2776 quae
718 2734 832 2766 Aortae
856 2732 987 2766 orificio
1013 2745 1094 2776 prae-

69 2776 257 2814 ficiuntur3
297 2777 384 2809 valde
417 2776 502 2809 enim
537 2776 682 2819 strigosas
727 2777 901 2818 vidimus,
931 2780 962 2810 δέ
996 2778 1031 2809 in
1065 2778 1094 2811 se

70 2821 254 2864 ciantraftas
275 2843 287 2859 ‚
322 2829 391 2853 tum
426 2818 604 2865 subrigidas
629 2844 637 2859 ,
671 2828 763 2862 atque
797 2820 1019 2861 duriusculas,
1043 2822 1092 2855 id-

70 2876 132 2907 que
170 2865 202 2895 in
240 2865 366 2896 summo
397 2865 573 2906 praeiertim
607 2863 807 2905 singularum
832 2864 937 2897 limbo
960 2888 967 2895 .
1005 2866 1086 2907 Ejus

72 2918 182 2940 autem
214 2918 307 2953 quem
341 2907 432 2948 supra
467 2907 711 2950 descripsimus,
737 2907 899 2949 sanguinis
922 2919 995 2941 cum
1020 2919 1083 2940 me-

72 2950 195 2984 diocris
226 2951 298 2983 esiet
334 2952 425 2992 copia
459 2952 543 2984 intra
596 2954 711 2984 Aortae
755 2953 891 2985 initium
927 2977 936 2991 ‚
982 2951 1085 2994 major

72 3004 139 3027 erat
174 2997 207 3027 in
241 2992 366 3027 finisti-0
400 2994 583 3028 ventriculo
605 3019 621 3035 ,
651 2994 801 3037 idemque
824 2996 1085 3030 Coronariorum

71 3039 223 3071 vasorum
256 3048 363 3071 ramos
396 3039 450 3079 qui
489 3050 543 3080 per
576 3038 684 3071 cordis
718 3038 917 3081 superficiem
962 3038 1085 3073 ducun-

72 3091 127 3115 tur
150 3105 162 3122 ,
198 3084 241 3113 ita
276 3081 448 3123 repleverat
469 3104 481 3120 ,
516 3090 551 3115 ut
585 3082 692 3124 plures
725 3093 820 3125 quam
845 3084 964 3116 solean-t
987 3106 1001 3123 y
1036 3085 1085 3116 in-

72 3135 122 3159 ter
159 3137 213 3158 eos
250 3122 394 3156 laterales
427 3124 638 3158 anastomoses
672 3126 762 3159 ultro
795 3126 900 3160 oculis
936 3126 964 3158 se
997 3126 1085 3170 obji-

72 3179 178 3202 cerent
204 3194 211 3200 .
248 3168 316 3200 Etsi
353 3177 455 3200 autem
487 3168 640 3212 nusquam
665 3193 677 3209 ‚
712 3181 778 3202 non
809 3170 894 3203 secus
927 3181 961 3203 ac
1004 3182 1083 3203 vena

74 3215 163 3245 Cava
196 3236 210 3252 ,
261 3211 394 3251 dilatata
439 3220 551 3253 praeter
592 3213 725 3246 modum
774 3215 921 3256 apparuit
970 3215 1084 3247 arteria

72 3257 193 3298 Magna
222 3269 231 3293 ς
264 3267 327 3287 non
366 3255 445 3301 levia
479 3264 584 3288 tamen
608 3258 688 3289 vitia
713 3266 788 3290 toto
821 3256 959 3290 ostendit
993 3266 1083 3291 trun-

70 3311 110 3333 co
133 3323 145 3340 ,
176 3302 208 3332 &
242 3311 279 3331 eo
311 3309 431 3339 majora
454 3321 466 3338 ,
498 3310 562 3340 quo
594 3302 697 3342 magis
721 3299 774 3333 hic
799 3301 836 3334 ad
869 3312 924 3333 cor
959 3301 1084 3334 accede-

70 3343 127 3375 bat
153 3365 160 3371 -
194 3344 281 3375 Cum
315 3343 401 3374 enim
435 3341 474 3373 ab
505 3344 614 3377 Iliacis
647 3343 744 3386 usque
779 3346 870 3378 intus
911 3342 983 3377 eslet
1017 3356 1082 3378 ma-

72 3389 147 3428 gnis
180 3386 297 3419 albidis
331 3385 466 3418 maculis
491 3408 503 3425 ,
536 3385 777 3421 inchoamentis·
808 3388 957 3421 videlicet
991 3387 1081 3422 futu-

73 3442 115 3463 rae
147 3428 367 3463 offificationis
390 3455 397 3468 ‚
432 3430 475 3461 ita
508 3430 665 3472 variegata
689 3455 701 3471 ‚
736 3442 772 3465 ut
808 3433 916 3473 paucis
959 3432 1080 3473 parvis-

73 3485 134 3517 que
167 3474 247 3507 locis
281 3472 449 3506 secundum
486 3481 632 3507 naturam·
663 3475 691 3508 se
724 3475 889 3516 haberet,·
920 3487 986 3518 quo
1010 3488 1078 3509 ma-

72 3518 123 3559 gis
158 3528 210 3558 per
242 3514 405 3550 thoracem
439 3515 621 3549 ascendebat
644 3542 656 3559 ,
686 3530 724 3551 eo
757 3521 857 3561 magis
892 3518 924 3551 id
957 3521 1078 3554 vitium

73 3561 233 3594 crescebat
258 3585 266 3598 ,
302 3569 337 3593 ut
372 3560 553 3602 priusquam
589 3560 625 3594 ad
662 3561 818 3596 sinistram
863 3572 994 3597 ventum
1030 3564 1078 3597 es-

73 3603 117 3637 set
150 3604 342 3637 subclaviam
371 3626 379 3640 ,
414 3603 612 3637 manifestius
642 3617 684 3639 eae
729 3607 862 3640 maculae
908 3604 962 3639 hic
1007 3607 1077 3641 illic

157 3648 323 3690 Morgagni
335 3649 370 3681 de
383 3649 450 3681 Sed.
466 3648 506 3681 eff
517 3647 602 3689 Caus-
616 3648 717 3683 Morb.
732 3651 831 3683 Tom.
845 3652 872 3683 I.
956 3644 962 3649 s

224 3817 245 3870 ²¹<

248 3815 282 3870 id²¹3
296 3815 409 3871 Vgalsalvae
424 3816 453 3840 de
470 3816 534 3841 Aure
551 3818 625 3842 Hum.
642 3819 706 3843 Tab.
726 3827 746 3848 9.
762 3819 792 3843 ad
808 3820 822 3832 ’κ

246 3864 251 3869 .
284 3863 290 3870 .
348 3855 384 3875 14.

620 3849 624 3852 ⁴
883 3823 897 3850 (
913 3820 926 3845 b
944 3822 1007 3857 )pe
1023 3822 1099 3846 Subit.
1117 3825 1195 3850 Mort.
1214 3824 1291 3851 schol.
1312 3832 1344 3849 11.
1360 3825 1390 3849 ad
1407 3825 1467 3852 ΟΜ,
1484 3827 1554 3859 Phys.
1574 3831 1645 3852 Anat.
1664 3835 1685 3851 2-

447 3847 454 3874 (
474 3855 485 3869 e
504 3849 514 3877 )
529 3850 649 3874 Memmi.
665 3850 693 3874 de
709 3849 809 3876 l'Acad.
827 3853 859 3876 R.
876 3852 906 3876 de
923 3854 1001 3878 Berlin
1020 3856 1048 3876 A.
1069 3862 1136 3884 1730.

1995 222 2084 285 163

1149 296 1185 330 ad
1218 305 1364 330 naturam
1397 296 1578 330 accederent
1611 294 1765 331 offearum
1798 296 2052 340 squamularum.
2082 298 2151 330 Ve·

1148 352 1219 374 rum
1253 349 1357 373 tamen
1390 352 1425 373 os
1460 340 1615 382 nusquam
1648 338 1713 373 fuit
1735 364 1747 380 ,
1784 351 1820 371 ne
1855 342 1939 373 inter
1972 351 2028 371 cor
2070 341 2148 381 qui-

1152 384 1224 417 dem
1248 406 1256 419 ,
1290 386 1322 416 δε
1360 383 1441 416 illud
1472 383 1634 417 orificium
1666 382 1752 424 quod
1787 383 1925 417 dexteris
1948 381 2145 416 Subclaviae‚

1151 430 1183 460 &
1214 426 1365 460 Carotidi
1400 438 1569 460 commune
1600 426 1641 461 cst
1667 439 1674 458 .“
1708 438 1773 468 quo
1797 435 1871 459 toto
1904 427 2008 460 traehl
2041 424 2145 459 lurida

1151 472 1238 503 intus
1262 479 1329 503 erat
1353 473 1465 503 arteria
1488 493 1501 509 ‚
1534 473 1565 503 ὃ(
1590 471 1739 512 inaequali
1765 470 1909 512 pluribus
1932 472 1966 502 in
1991 470 2070 501 loeis
2096 468 2148 501 su-

1144 512 1305 555 perficie:
1340 525 1410 555 quae
1444 514 1522 545 vitia
1557 524 1640 554 pone
1675 512 1756 554 ipsas
1789 514 1886 546 etiam
1919 513 2057 546 valvulas
2092 514 2146 546 Se-

1144 557 1314 589 milunares
1347 554 1526 589 ostendebat
1550 580 1557 588 .
1593 555 1653 589 Sed
1687 559 1720 589 δε
1764 568 1801 589 eo
1846 566 1921 589 toto
1956 567 2052 598 quem
2076 566 2147 588 rno-

1142 600 1184 631 do
1231 599 1378 633 dicebam
1401 624 1409 637 ,
1457 600 1563 634 traffli
1607 611 1640 631 ea
1688 601 1845 640 parietum
1890 599 2011 632 duritie
2045 598 2108 631 fuit
2134 621 2147 638 ,

1143 652 1178 676 ut
1202 644 1232 675 vi
1255 644 1351 676 etiam
1378 654 1490 685 magna
1514 642 1626 675 adaeto
1649 643 1754 675 cultro
1776 644 1832 676 vix
1855 641 1952 685 posset
1975 641 2112 675 discindi
2136 664 2147 679 ⁹

1143 696 1312 728 apparente
1357 688 1391 719 in
1436 685 1628 719 sectionibus
1676 685 1849 719 substantia
1872 687 1955 718 inter
1979 686 2146 726 cartilagi-

1144 730 1194 762 nis
1228 754 1241 771 ,
1294 733 1327 764 &
1372 729 1540 771 ligamenti
1586 738 1737 764 naturam
1783 727 1885 762 media
1921 754 1928 761 .
2065 729 2148 760 Cra-

1142 774 1234 807 nium
1279 772 1415 816 denique
1460 772 1615 805 reclusum
1660 771 1701 805 est
1725 797 1730 803 .
1783 772 1841 805 Sed
1889 781 2001 815 praeter
2024 772 2149 805 menin-

1144 829 1222 858 gum
1266 828 1361 850 venas
1407 825 1569 859 turgentes
1617 814 1769 857 sanguine
1816 826 1889 849 atro
1923 841 1935 856 ‚
1982 815 2069 859 quali
2115 817 2148 847 δε

1144 860 1286 902 plerique
1311 862 1404 894 Sinus
1427 862 1461 893 in
1486 871 1568 903 quos
1590 870 1633 892 eae
1656 861 1871 897 corrivantur,
1897 858 2024 893 distenti
2038 867 2149 897 erant,

1146 903 1230 936 nihil
1254 904 1434 947 quidquam
1457 902 1592 945 dignum
1627 902 1691 936 fuit
1725 903 1935 937 adnotatione
1962 927 1972 943 ,
2003 914 2076 936 cum
2113 903 2148 935 in

1144 947 1333 981 ventriculis
1356 946 1429 989 ipsis
1452 947 1569 979 cerebri
1596 945 1678 981 nihil
1706 946 1762 980 seri
1787 945 1897 987 effusi,
1922 946 2038 981 nedum
2062 945 2145 979 alibi

1144 990 1283 1023 morbosi
1306 992 1471 1034 quidpiam
1495 989 1755 1032 conspiceretur.

1184 1045 1216 1076 3.
1242 1034 1320 1067 Fuse
1345 1035 1472 1068 narravi
1497 1046 1567 1076 quae
1591 1033 1658 1067 vidi
1681 1058 1692 1074 ‚
1716 1044 1901 1071 narraturus
1936 1035 2055 1078 pariter
2086 1045 2150 1067 cae-

1141 1086 1207 1110 tera
1240 1100 1253 1115 ,
1298 1077 1320 1110 fi
1365 1077 1510 1111 vidissem
1545 1099 1553 1113 ‚
1601 1087 1654 1110 aut
1702 1090 1760 1119 pro
1804 1090 1894 1112 certo
1942 1075 2096 1112 scivissem
2139 1098 2150 1114 n

1138 1133 1172 1154 ea
1195 1120 1344 1153 videlicet
1367 1132 1436 1163 quae
1461 1120 1636 1154 noviifimis
1660 1121 1816 1155 mensibus
1839 1148 1845 1159 .
1870 1134 1923 1157 aut
1949 1122 2058 1155 saltem
2082 1121 2152 1154 clie-

1138 1165 1195 1198 bus
1219 1161 1435 1206 praecesserant
1461 1188 1469 1196 .
1508 1164 1732 1197 Praecefferunt
1765 1176 1872 1199 aurem
1907 1165 2043 1200 fortassis
2077 1176 2148 1207 quae

1138 1207 1352 1241 ventriculum
1379 1230 1387 1244 ,
1413 1210 1445 1241 &
1470 1208 1597 1241 Tenuia
1621 1207 1768 1242 intestina
1793 1210 1985 1249 irritarent,
2011 1219 2043 1241 ut
2069 1219 2153 1240 cona

1139 1251 1244 1293 specsta
1266 1252 1300 1284 in
1323 1250 1486 1294 utrisque,
1511 1253 1542 1283 δε
1566 1251 1723 1285 viridium
1747 1255 1889 1286 vomitus
1914 1252 2055 1286 indicare
2079 1250 2151 1295 pos-

1140 1295 1237 1334 sunt,
1259 1293 1321 1327 five
1344 1307 1378 1327 ea
1410 1306 1480 1336 quae
1517 1295 1681 1329 irritarent
1705 1320 1719 1336 ‚
1761 1295 1861 1330 homo
1895 1295 2021 1339 ingeffit
2047 1318 2055 1332 ‚
2089 1294 2151 1327 five

1140 1338 1298 1381 paulatim
1331 1337 1480 1381 congessit
1500 1360 1512 1376 ,
1545 1337 1643 1371 bilem
1692 1348 1767 1381 puta
1798 1366 1806 1378 ,
1839 1352 1937 1383 quam
1985 1337 2152 1381 descripsi-

1140 1394 1211 1416 mus
1231 1405 1244 1422 ‚
1267 1381 1439 1425 acidosque
1463 1380 1636 1415 humores.
1661 1382 1728 1416 Aut
1754 1385 1853 1416 etiam,
1885 1394 2073 1426 quicunque
2114 1381 2155 1414 de

1139 1425 1230 1459 causa
1251 1425 1316 1468 J'am
1341 1424 1487 1468 phlogosi
1512 1436 1700 1465 correptum
1727 1425 1818 1461 fuisse
1845 1430 1963 1469 ponito
1987 1428 2154 1459 ventricu-

1143 1471 1230 1506 lum,
1262 1479 1296 1502 ut
1319 1468 1401 1503 striae
1425 1468 1488 1501 illae
1515 1469 1710 1503 rubescentes
1732 1470 1936 1504 ostendebant
1951 1496 1960 1511 ,
1998 1472 2029 1503 δέ
2064 1468 2155 1512 [ιιρεω

1142 1515 1207 1546 rius
1232 1512 1299 1555 ejus
1320 1511 1489 1545 orificium
1511 1513 1558 1544 vel
1584 1515 1707 1555 magis,
1731 1513 1820 1556 quod
1856 1513 1952 1557 hujus
1985 1515 2150 1555 nigricans

1142 1558 1226 1589 livor
1251 1555 1533 1599 fignificabat.Ex
1557 1555 1607 1589 his
1632 1557 1709 1591 satis
1728 1558 1911 1600 intelliges,
1936 1555 2020 1592 unde
2044 1557 2154 1588 vomi-

1141 1602 1270 1637 tiones,
1294 1602 1327 1632 &
1351 1598 1458 1643 pulsus
1483 1598 1651 1641 languidi,
1677 1603 1709 1633 &
1735 1600 1830 1634 dolor
1854 1601 1892 1634 ad
1905 1603 2072 1644 regionem
2083 1599 2154 1632 dia-

1143 1644 1368 1686 phragmatis,
1394 1646 1529 1676 m‘ortem
1551 1644 1698 1684 proxime
1709 1644 1950 1684 antecesserint,
1977 1643 2155 1687 praesertim

1140 1699 1215 1721 cum
1238 1685 1449 1729 diaphragma
1473 1695 1551 1719 tunc
1575 1689 1699 1729 magis,
1721 1688 1884 1732 magisque
1920 1689 2082 1722 laboraret
2116 1687 2157 1719 ab

1142 1729 1296 1772 imposito
1320 1729 1427 1763 cordis
1453 1729 1593 1772 pondere
1614 1754 1627 1771 ‚
1658 1732 1756 1765 aucto
1788 1744 1804 1765 a
1836 1731 1938 1766 crasso
1973 1731 2154 1764 illiusmodi

1141 1776 1317 1817 sanguine,
1340 1775 1396 1818 qui
1422 1782 1516 1805 tanto
1540 1776 1642 1815 magis
1667 1774 1863 1813 subsistebat,
1891 1784 2014 1818 quanto
2046 1777 2155 1807 mino-

1142 1830 1188 1851 res
1213 1818 1402 1860 expellentis
1421 1817 1530 1850 cordis
1557 1819 1660 1855 vires,
1687 1819 1774 1860 quod
1799 1819 2010 1862 significabat*
2026 1818 2156 1859 pulsus„

1142 1861 1260 1895 fiebant
1287 1887 1294 1893 .
1332 1862 1411 1898 Quo
1435 1862 1458 1894 fi
1482 1859 1574 1894 addas
1599 1863 1860 1903 compressionem
1883 1874 2011 1906 quoque
2030 1862 2154 1895 cerebri

1141 1918 1156 1938 a
1183 1905 1358 1947 sanguine,
1384 1904 1427 1937 ob
1450 1905 1639 1946 languidum
1666 1906 1865 1948 impulsum,
1899 1909 1930 1939 in
1966 1908 2156 1949 meningumr

1140 1949 1218 1982 vasis
1243 1948 1425 1989 restitante,
1450 1951 1504 1985 &‚
1528 1949 1615 1990 quod
1639 1950 1847 1993 consequitur
1868 1973 1878 1989 ‚
1902 1954 2055 1992 exiguum
2092 1950 2156 1992 spi-

1140 1994 1262 2026 rituum
1289 1992 1326 2025 ad
1349 2004 1405 2025 cor
1430 1991 1586 2025 affluxum
1611 2005 1654 2026 eo,
1674 2002 1844 2036 tempore,
1866 2006 1932 2038 quo
1946 2006 2062 2036 magno
2077 1993 2156 2026 suis-

1140 2037 1183 2069 set
1216 2048 1330 2079 opus3
1365 2036 1510 2078 proclive
1542 2037 1606 2072 erit
1641 2035 1756 2081 assequi
1794 2038 2012 2080 conspirantes
2047 2036 2159 2070 causas.

1140 2090 1206 2112 tam
1239 2079 1354 2112 celeris
1384 2079 1538 2126 mortis3
1573 2091 1637 2113 non
1662 2080 1816 2116 mirandae
1854 2092 1986 2122 tamen,
2024 2081 2045 2114 fi
2081 2082 2152 2123 plu-

1140 2135 1173 2156 ra
1195 2146 1209 2163 ‚
1241 2132 1277 2156 ut
1301 2124 1464 2156 Lancisius
1498 2126 1512 2162 (
1534 2122 1553 2156 b
1574 2127 1588 2163 )
1621 2125 1848 2164 animadvertit
1872 2148 1881 2162 ,
1911 2137 2022 2159 eorum
2047 2137 2157 2157 exem-

1142 2167 1194 2208 pla
1218 2166 1419 2201 attendamus
1441 2188 1454 2212 ,⁹
1487 2178 1626 2209 quorum
1650 2179 1709 2202 cot
1741 2181 1815 2203 cum
1847 2168 1920 2203 esset
1954 2170 2156 2202 dilatatione·

1144 2209 1299 2243 affectum
1327 2234 1337 2250 ,
1369 2224 1407 2243 eo
1431 2211 1560 2243 facilius
1584 2215 1707 2245 moveri
1754 2212 1846 2246 desiit
1872 2237 1884 2254 ,
1918 2222 2157 2256 praegravatum

1146 2253 1303 2286 nimirum
1328 2279 1337 2293 ,
1376 2256 1408 2286 δε
1435 2259 1522 2286 ⁴mox
1543 2276 1556 2293 ³
1590 2253 1613 2287 fi
1647 2255 1726 2297 quid
1771 2256 1932 2290 accederet
1967 2281 1979 2297 ,
2021 2256 2153 2299 oppres-

1146 2295 1216 2329 sum
1250 2308 1346 2329 onere
1376 2296 1539 2339 sanguinis
1574 2301 1798 2332 remorantis:
1833 2301 1941 2343 qualia
1976 2301 2118 2343 exempla
2141 2323 2154 2339 ,

1145 2351 1183 2372 ne
1208 2340 1293 2382 apud
1331 2340 1490 2385 Austores
1507 2364 1518 2380 ,
1545 2351 1598 2374 aut
1623 2343 1660 2374 in
1691 2342 1850 2385 superiore
1883 2344 2030 2387 Epistola
2066 2347 2082 2383 (>
2101 2356 2116 2376 c
2138 2348 2153 2384 >

1144 2394 1288 2426 quaerw,
1311 2385 1345 2417 in
1369 2384 1559 2426 quibusdam
1586 2387 1744 2428 proximis
1769 2389 1907 2421 invenies
1940 2388 2155 2422 Observatio-

1141 2427 1236 2460 nibus
1258 2428 1270 2466 <
1294 2428 1313 2460 d
1337 2431 1367 2466 ),.

1183 2483 1215 2513 4-
1264 2472 1361 2504 Unde
1409 2482 1514 2517 antem
1564 2471 1685 2508 fadum
1733 2473 1875 2511 dicemus
1900 2500 1910 2516 ,
1956 2487 1991 2511 ut
2039 2488 2094 2510 cor
2120 2479 2153 2511 in

1138 2514 1202 2547 hoc
1250 2513 1380 2547 homine
1426 2516 1465 2546 lit
1511 2514 1683 2550 dilatatum
1711 2517 1722 2550 Ρ
1770 2521 1847 2554 Erat
1894 2523 1921 2554 ci
1951 2548 1959 2562 ‚
2006 2531 2041 2554 ut
2065 2521 2152 2555 dixi-

1139 2569 1208 2591 mus
1233 2580 1242 2595 ‚
1290 2568 1404 2600 magna
1438 2568 1509 2600 pars
1554 2563 1660 2593 trunci
1705 2563 1817 2597 Aortae
1866 2576 1981 2606 practer
2015 2567 2148 2599 modurn

1140 2600 1268 2644 angusta
1293 2613 1301 2633 :
1336 2613 1407 2645 qua>
1434 2613 1479 2635 res
1503 2614 1661 2644 quantum
1685 2605 1723 2639 ad
1748 2607 1950 2642 dilatandum
1984 2621 2044 2642 cor
2079 2609 2151 2651 pos-

1141 2645 1202 2681 sit,
1227 2647 1258 2677 ἃ
1284 2656 1361 2678 mox
1385 2644 1550 2687 apparebit
1574 2671 1588 2687 5
1621 2651 1653 2681 &c
1677 2650 1794 2683 collata
1819 2664 1892 2685 (³2:11
1919 2653 1976 2686 hac
2014 2652 2114 2687 nostra
2141 2678 2151 2693 ,

1147 2689 1346 2722 Solertiffimi
1372 2691 1560 2722 Anatomici
1586 2692 1741 2726 Meckelii
1765 2697 1779 2733 ζ
1801 2707 1816 2728 e
1838 2699 1851 2735 )
1876 2697 2091 2737 Observatio,
2115 2698 2150 2730 in

1147 2734 1287 2775 Virgine
1315 2731 1446 2771 habita,
1480 2733 1685 2768 confirmabit
1711 2761 1719 2769 .
1757 2737 1809 2770 Ad
1843 2739 1905 2772 hoc
1943 2742 2059 2773 vitium
2087 2765 2095 2777 ,
2133 2754 2150 2773 a

1147 2774 1341 2819 primordiis
1374 2778 1520 2810 innatum
1545 2801 1555 2817 ‚
1588 2780 1707 2813 acceffit
1743 2782 1845 2823 postea
1880 2785 1911 2816 in
1947 2784 2055 2817 nostro
2084 2778 2149 2817 'ho-

1145 2822 1230 2853 mine
1254 2821 1286 2852 id
1310 2823 1384 2853 vitae
1419 2833 1516 2862 genus
1546 2823 1634 2863 quod
1671 2823 1865 2866 progressum
1897 2826 2057 2871 sanguinis
2091 2839 2149 2869 per

1142 2875 1210 2896 eam
1235 2866 1383 2897 arteriam
1407 2865 1455 2895 vel
1483 2867 1581 2906 magis
1604 2865 1770 2899 difficilem
1799 2868 1942 2902 redderet
1970 2897 1976 2903 .
2015 2872 2146 2905 Sutores

1139 2909 1224 2940 enim
1258 2919 1323 2939 non
1358 2907 1456 2940 modo
1478 2932 1490 2947 ,
1524 2918 1558 2941 ut
1589 2911 1696 2942 caeteri
1722 2910 1872 2944 sellularii
1899 2914 2054 2955 opifices,
2079 2927 2146 2948 ma-

1137 2963 1219 2993 gnos
1263 2952 1340 2984 illos
1386 2952 1549 2984 inferiores
1596 2955 1720 2987 arteriae
1765 2965 1870 2989 ramos
1913 2969 1978 2990 non
2013 2970 2078 2992 uno
2110 2960 2146 2992 in

1136 2995 1210 3042 loc-0
1244 2995 1282 3028 ad
1316 2995 1448 3037 angulos
1483 2995 1617 3029 fleetunt
1640 3023 1648 3036 ,
1682 2998 1844 3042 flexosque
1886 3004 2060 3041 retinent5
2093 3002 2145 3036 sed
2195 3001 2196 3008 ¹

1136 3040 1264 3080 insuper
1309 3051 1378 3080 quo
1433 3040 1534 3081 magis
1582 3041 1763 3074 antrorsum
1810 3044 1838 3076 se
1883 3055 2016 3078 curvant
2051 3069 2061 3085 ‚
2105 3058 2144 3080 eo

1136 3084 1238 3124 magis
1263 3084 1405 3117 ventris,
1432 3081 1510 3126 saepe
1536 3084 1567 3116 in
1593 3096 1702 3118 eorum
1729 3086 1883 3129 plerisque
1908 3089 2006 3129 cibo,
2030 3091 2063 3122 &
2085 3102 2144 3132 po-

1136 3127 1226 3159 tione
1252 3126 1360 3167 pleni,
1385 3126 1524 3167 viscera,
1548 3130 1580 3160 δε
1605 3139 1657 3169 per
1682 3129 1747 3161 haec
1773 3129 1985 3174 diaphragma
2009 3145 2140 3175 quoque

1135 3171 1358 3212 comprimunt
1391 3193 1400 3207 ‚
1447 3178 1482 3202 ut
1527 3173 1632 3205 minus
1665 3173 1832 3213 expeditus
1880 3174 1918 3208 sit
1965 3187 2017 3217 per
2071 3188 2143 3209 ven-

1137 3223 1219 3246 trem
1244 3236 1253 3250 ,
1288 3224 1321 3245 ac
1348 3224 1401 3254 per
1432 3212 1595 3247 thoracem
1631 3214 1791 3258 sanguinis
1825 3229 1934 3252 motus
1960 3245 1968 3258 ‚
2003 3221 2139 3253 arteria-

1138 3268 1209 3290 rum
1238 3258 1356 3295 ramis,
1387 3266 1563 3300 truncoque
1589 3259 1660 3302 ipso
1691 3260 1875 3294 constriffis
1900 3286 1912 3302 ,
1957 3265 1988 3295 ἃ
2036 3265 2140 3306 magis

1137 3301 1170 3333 in
1209 3300 1374 3342 angustum
1409 3299 1544 3348 redactis
1568 3329 1575 3336 .
1612 3303 1669 3335 Ob
1693 3302 1748 3337 has
1774 3306 1876 3345 igitur
1899 3305 2008 3339 causas
2045 3307 2138 3340 obice

1135 3344 1241 3386 posito
1286 3353 1321 3391 ut
1368 3345 1537 3391 p1·0gresiui
1576 3346 1735 3388 sanguinis
1769 3359 1823 3387 per
1870 3350 2018 3382 arteriam
2064 3352 2138 3384 Ma-

1133 3398 1231 3428 gnam
1254 3411 1266 3427 ‚
1298 3390 1338 3420 iic
1363 3388 1491 3429 egreslui
1517 3402 1532 3422 e
1555 3390 1651 3422 corde
1674 3403 1684 3429 ,-
1708 3390 1823 3433 majori
1848 3390 1911 3425 hoc
1935 3404 2051 3426 conatu
2076 3396 2139 3427 irn-

1132 3431 1247 3472 pellere
1292 3432 1386 3464 illum
1431 3431 1541 3465 debuit
1588 3445 1643 3475 per
1690 3445 1759 3466 eam
1804 3437 1952 3468 arteriam
1976 3459 1988 3475 ‚
2012 3440 2043 3469 &
2068 3436 2137 3471 haec

1131 3473 1246 3551 milajori
1271 3486 1396 3517 quoque
1420 3477 1536 3515 reniti,
1559 3480 1591 3510 &
1616 3475 1644 3508 se
1670 3478 1853 3519 restituere,
1878 3479 1977 3512 donec
2002 3480 2045 3512 ob
2068 3481 2137 3515 haec

1130 3519 1164 3559 ip
1181 3530 1219 3558 a,
1242 3517 1308 3560 ejus
1332 3519 1378 3551 ita
1401 3518 1555 3553 struffi'tura
1578 3521 1689 3553 vitiata
1711 3520 1773 3558 est,
1800 3530 1835 3555 ut
1860 3524 2035 3565 praelertim
2059 3536 2138 3567 pro-

1131 3573 1168 3604 pe
1192 3574 1249 3594 cor
1272 3573 1340 3594 earn
1363 3573 1461 3604 quam
1485 3562 1721 3606 descripsimuS,
1746 3564 1922 3606 duritiem,
1945 3569 1978 3599 in
2003 3567 2139 3603 valvulis

1132 3615 1241 3640 autem
1273 3605 1441 3648 strigosam
1475 3607 1602 3650 insuper
1636 3607 1881 3650 restriaftionem
1904 3609 2106 3646 contraheret
2130 3638 2139 3647 .

1656 3652 1686 3683 X
1733 3663 1750 3683 2
2003 3655 2101 3689 Tunc

1750 3825 1906 3856 (c)n.1o.
