2498 4075
377 223 548 258 noviffime
571 215 657 261 legi,
679 215 848 252 Medicum
882 216 1040 251 eximium
1065 217 1232 252 Meadium
1252 240 1262 256 ‚
1292 214 1375 250 serio

374 267 601 300 admonentem
617 283 626 298 ,
649 270 708 293 non
731 261 785 294 diu
808 263 840 294 in
863 260 930 293 Ileo
953 262 1076 302 argenti
1102 262 1167 294 vivi
1192 261 1281 295 usum
1304 282 1316 299 ‚
1352 258 1373 292 si

373 309 457 344 nihil
480 317 582 342 cetera
606 302 799 347 proficiant,
822 304 945 349 tardare
966 311 1123 345 oportere;
1146 304 1289 346 quoniam
1312 312 1374 335 me-

373 360 427 387 tus
452 351 509 391 est,
533 360 569 382 ne
584 373 592 387 ,
615 346 695 389 quod
716 358 774 380 non
797 357 866 379 raro
882 345 945 394 fit,
968 343 1209 395 inflammationi
1225 346 1375 389 superve-

375 395 444 428 niat
462 403 523 436 gan
547 401 623 424 raena
638 414 647 430 ,
671 400 730 431 qua
752 395 907 429 corruptzs
930 387 1065 427 zntestmz
1089 390 1205 422 runicis
1229 414 1238 428 ,
1263 390 1295 422 in
1318 387 1374 421 ab-

367 438 472 472 damen
495 403 665 479 effunditur
682 430 881 474 ponderosum
903 430 1086 465 metallum.
1110 430 1190 465 Non
1214 442 1295 474 puto
1318 442 1373 464 au-

368 489 459 517 tem,
483 491 500 511 a
521 487 554 512 te
577 475 670 510 nobis
692 474 857 516 objectum
880 474 922 506 iri
947 474 1001 508 Gl.
1025 474 1279 509 Wahrendorffii
1305 474 1370 514 (lq)

369 522 668 559 observationem,
689 529 761 560 quae
785 515 925 550 Ileosum
950 519 1107 559 proponit
1131 542 1141 557 ,
1172 519 1228 552 cui
1252 518 1368 551 selibra

369 566 526 600 mercurii
549 563 623 597 data
646 563 680 594 in
702 562 812 594 Colon
836 560 936 602 usque
963 560 1141 602 pervaserat
1157 583 1167 598 ,
1189 572 1291 602 neque
1316 571 1366 594 ta-

367 621 440 644 men
464 607 623 642 fracidum
646 604 864 638 ventriculum
889 625 898 640 ‚
934 611 988 636 aut
1012 603 1208 637 Duodenum
1244 603 1368 637 intesti-

364 664 445 688 num
469 650 616 694 sphacelo
639 649 901 681 contaminatum
925 655 1110 688 perruperat
1135 672 1144 679 .
1169 649 1256 680 Cum
1280 648 1368 683 enim

364 707 449 739 aeger
468 694 534 737 post
557 693 696 726 triduum
714 691 753 724 ab
775 689 886 724 hausto
909 691 1070 723 mercurio
1080 689 1262 727 decesserit3
1286 689 1368 726 faci-

365 740 397 773 le
421 737 600 778 intelligis,
623 747 660 769 eo
684 733 789 777 spatio
810 734 968 775 temporis
980 730 1239 767 inflammatione
1251 737 1367 776 quaein

363 782 482 827 Jejuno
497 807 505 821 ,
532 783 564 813 δι
588 779 657 811 Ileo
680 777 782 811 adhuc
806 784 895 815 erat,
918 777 951 808 in
974 775 1161 816 Duodeno,
1192 779 1223 810 &
1246 781 1370 813 ventri-

364 826 442 860 culo
465 826 498 858 in
524 822 704 865 sphacclum
727 820 783 863 qu‘i
807 828 900 853 antea
915 829 979 852 non
996 815 1091 857 esset,
1115 818 1302 862 degenerare
1312 834 1370 864 po-

360 868 474 903 tuiffe.
498 866 570 899 Nec
594 864 685 898 valde
709 862 845 896 absimili
870 860 1070 908 responsione
1095 861 1226 896 usurum
1249 872 1281 896 te
1302 877 1371 899 cre-

362 912 463 954 dam,
486 911 512 944 fi
534 910 606 952 quis
630 906 844 941 Schroekium
868 910 879 945 (
902 905 914 939 l
937 908 948 944 )
972 905 1133 947 objiciat,
1156 907 1215 947 qui
1237 907 1271 940 in
1293 908 1369 943 diu..

364 965 461 990 turna
486 953 550 988 alvi
563 950 788 985 obstrufflone
801 949 898 983 libras
923 950 1048 990 argenti
1059 950 1127 982 vivi
1149 951 1279 985 circiter
1289 952 1367 986 duas

363 999 402 1033 ad
426 998 559 1031 initium
583 997 614 1029 &
638 993 736 1027 finem
758 992 818 1025 Ilei
841 991 988 1026 intestini
1011 992 1221 1032 deprehendit
1248 1017 1257 1033 ,
1279 997 1310 1027 &
1334 996 1368 1028 in

366 1039 599 1076 minutissimas
622 1036 795 1079 disjectum
819 1036 995 1078 particulas
1017 1033 1174 1069 adhaefiffe
1198 1036 1282 1071 vidit
1306 1038 1368 1071 Ilei

363 1086 512 1121 tunicis,
537 1093 637 1125 neque
660 1081 714 1114 has
736 1077 905 1121 perforasse
929 1101 938 1116 ‚
972 1078 1028 1111 etsi
1052 1078 1205 1111 intestina
1230 1090 1294 1114 non
1316 1082 1369 1115 in-

362 1128 534 1163 flammata
558 1124 712 1168 quidem,
739 1121 789 1156 sed
813 1120 974 1155 infirmata
998 1121 1093 1154 essent
1118 1120 1219 1161 adeo,
1243 1133 1278 1156 ut
1291 1135 1369 1165 pau.

363 1173 399 1206 lo
422 1171 535 1205 durius
558 1167 757 1203 commerata
779 1164 936 1208 aliquibus
958 1164 989 1197 in
1011 1164 1088 1197 locis
1111 1175 1337 1207 rumperentur
1357 1195 1366 1203 .

362 1217 443 1250 Dies
466 1215 552 1247 enim
573 1213 660 1244 inter
683 1209 831 1243 ultimam
863 1206 996 1242 remedii
1028 1206 1263 1244 exhibitionem
1287 1232 1297 1247 ‚
1332 1214 1365 1246 &

360 1268 502 1294 mortem
524 1252 763 1289 intercesserant
787 1252 858 1294 plus
882 1250 1026 1292 viginti,
1051 1259 1086 1284 ut
1106 1251 1243 1285 distenta
1267 1265 1358 1294 aere,

364 1305 397 1336 δι
420 1300 554 1336 faecibus
577 1295 729 1333 intestina
752 1293 921 1328 fracescere
944 1301 1088 1327 extremo
1103 1294 1232 1328 demum
1256 1307 1373 1339 potue-

361 1348 430 1380 rint
453 1354 623 1386 tempore,
646 1350 750 1382 neque
773 1337 896 1372 constat
921 1348 959 1370 an
975 1338 1028 1386 ‘ita
1051 1335 1171 1371 fracida
1201 1339 1297 1373 essent
1332 1343 1371 1378 ad

365 1403 401 1427 ea
424 1400 554 1433 quoque
577 1386 648 1420 loca
680 1385 715 1418 in
736 1382 855 1425 quibus
887 1380 1072 1417 substiterat
1118 1392 1286 1425 argentum
1319 1388 1368 1420 vi-

363 1445 462 1471 vuni.

364 1472 367 1475 ’
411 1491 460 1523 ῑ4.
486 1478 619 1518 Qaeres
641 1470 772 1509 fortasse
786 1495 795 1512 ,
817 1481 875 1507 cur
897 1470 991 1513 aegris
1014 1482 1030 1504 a
1055 1481 1104 1505 me
1126 1469 1293 1512 descriptis
1316 1483 1367 1508 re-

363 1524 511 1568 positum
535 1531 601 1554 non
624 1517 664 1552 sit
687 1514 898 1550 intestinum?
921 1517 952 1548 &
977 1525 1034 1548 cur
1058 1525 1123 1547 non
1149 1513 1286 1556 reposito
1301 1540 1310 1557 ,
1334 1519 1369 1551 in

362 1566 528 1603 nonnullis
550 1573 657 1597 tamen
681 1560 825 1594 materiae
851 1569 920 1600 pars
952 1569 968 1590 a
991 1558 1162 1591 Tenuibus
1198 1557 1235 1591 ad
1258 1561 1371 1595 Crassa

364 1607 551 1646 transierit?
573 1604 676 1644 Quod
701 1604 740 1637 ad
763 1604 904 1645 primum
928 1601 1045 1634 attinet
1060 1624 1068 1638 ‚
1093 1610 1193 1643 puta,
1219 1603 1298 1636 alios
1324 1603 1371 1637 se-

363 1658 433 1691 rius
456 1663 553 1695 qnam
577 1645 791 1692 oportuisset,
815 1647 848 1678 in
873 1643 1077 1677 Nosocomia
1101 1643 1159 1678 esse
1181 1643 1371 1687 delatos,a-

367 1700 430 1734 lios
453 1694 641 1738 tempestive
664 1689 820 1734 quidem,
844 1686 895 1721 sed
919 1698 957 1720 eo
980 1697 1129 1735 ternpore
1148 1698 1223 1721 cum
1247 1688 1311 1723 fere
1334 1703 1372 1724 0-

366 1753 458 1777 mnes
480 1741 514 1772 in
539 1736 699 1780 plerisque
723 1732 827 1766 Italiae
852 1730 1054 1764 Civitatibus
1064 1729 1223 1772 Chirurgi
1236 1733 1374 1766 necdum

366 1787 442 1821 satis
467 1783 618 1817 auderent
642 1779 728 1815 ferro
751 1778 802 1810 uti
826 1774 864 1808 ad
886 1774 1066 1808 reserandas
1087 1773 1266 1816 angustias,
1289 1776 1374 1810 inte-

364 1832 441 1867 stini
466 1825 693 1871 repositionem
717 1821 810 1855 aliter
832 1816 1073 1863 prohibentes..
1151 1851 1172 1866 ,Α
1195 1818 1297 1856 QJod
1321 1831 1376 1853 ve-

363 1887 405 1910 ro
429 1873 484 1908 has
509 1870 651 1905 materiae
674 1876 745 1909 pars
766 1865 800 1897 in
823 1860 986 1896 nonnullis
1011 1869 1174 1902 trajecerit
1198 1873 1207 1897 ς
1232 1863 1375 1903 primum

365 1915 608 1954 animadvertas
631 1911 730 1945 velim
744 1931 756 1949 ,
778 1917 849 1951 quae
873 1915 927 1949 per
940 1904 1089 1949 clysteres
1101 1902 1213 1952 edu&a
1236 1903 1378 1939 diximus

369 1963 391 2007 (
407 1974 438 1996 m
460 1963 494 2000 ),
518 1958 581 2000 jam
606 1964 777 1996 antequam
800 1949 990 1984 intestinum
1011 1945 1303 1997 constringeretur,
1327 1949 1379 1981 in-

369 2006 421 2041 fra
446 2000 691 2039 constrictionis
712 1996 823 2030 locum
847 1992 961 2033 fuine-3
987 1991 1071 2037 posse
1086 2001 1237 2026 autemin
1261 1992 1380 2025 volvu-

368 2049 444 2086 losis
468 2059 531 2082 non
556 2043 654 2079 modo
678 2041 777 2078 artis,
800 2038 853 2072 sed
876 2038 975 2071 etiarn
997 2045 1119 2070 naturae
1141 2047 1203 2078 ope
1226 2047 1297 2080 quae
1329 2036 1379 2068 in-

371 2093 422 2129 fra
447 2103 521 2127 eum
544 2090 654 2123 locum
677 2085 762 2121 sint,
787 2082 903 2121 educi,
928 2083 959 2114 &
982 2081 1129 2119 ratione,
1154 2082 1186 2112 &
1212 2082 1378 2122 experien-

369 2141 419 2171 tia
445 2148 520 2171 cum
543 2131 617 2170 sua,
639 2140 711 2163 tum
732 2125 947 2169 Hippocratis
970 2125 984 2161 ζ
1007 2134 1027 2155 n
1049 2125 1063 2162 )
1087 2124 1119 2155 in
1144 2123 1280 2157 muliere
1304 2135 1376 2167 quae

369 2181 511 2216 cubabat
537 2174 621 2218 apud
644 2173 859 2207 Tisamenum
882 2191 893 2208 ‚
929 2166 1076 2201 adversus
1098 2177 1306 2202 communem
1341 2180 1380 2201 eo

370 2236 515 2268 tempore
539 2219 723 2255 dotff‘trinam
749 2212 957 2248 confirmavit
980 2210 1082 2245 Salius
1104 2210 1188 2252 (o),
1211 2210 1269 2244 nisi
1291 2211 1380 2254 quod

371 2270 408 2304 id
433 2266 597 2304 accidere,
622 2263 686 2299 ait,
709 2259 787 2293 dum
810 2256 849 2290 fit
873 2254 1028 2292 morbus,
1055 2264 1119 2286 non
1144 2264 1219 2288 vero
1242 2253 1319 2288 dum
1332 2254 1381 2288 fa-

374 2316 443 2348 &us
467 2311 511 2345 est
536 2334 543 2341 .
584 2305 642 2339 Sed
665 2306 699 2337 in
725 2300 892 2344 proposita
915 2310 930 2331 a
954 2298 1048 2331 nobis
1070 2301 1080 2336 (
1101 2296 1159 2338 p)
1184 2296 1321 2331 foemina
1345 2298 1380 2332 id

376 2352 548 2396 contigisse
571 2351 605 2383 in
630 2348 694 2381 fine
715 2343 843 2378 lethalis
866 2341 994 2379 morbi,
1019 2338 1223 2373 manifestum
1236 2340 1301 2380 est,
1324 2353 1381 2375 nee

378 2414 414 2435 ea
438 2406 566 2431 tantum
590 2403 663 2435 quae
686 2387 769 2422 infra
793 2384 1002 2430 constrictum
1025 2382 1216 2416 intestinum
1250 2384 1347 2418 essent
1369 2407 1379 2422 ,

378 2443 474 2480 semel
489 2449 584 2482 atque
596 2438 717 2468 iterum
732 2429 822 2464 fuisle
835 2427 956 2469 dejecta
970 2448 980 2463 ,
1005 2425 1055 2458 sed
1066 2424 1205 2467 denique
1216 2429 1312 2461 etiarn
1327 2440 1381 2463 eo-

378 2498 453 2523 rum
465 2479 592 2519 fortasse
605 2486 726 2520 partem
737 2484 808 2516 quae
822 2470 913 2513 supra
925 2491 936 2506 ‚
949 2468 1124 2516 praesertim
1136 2479 1242 2502 autem
1255 2482 1380 2504 mercu-

379 2534 467 2567 rium
515 2524 574 2560 nisi
598 2522 682 2556 forte
704 2517 887 2554 existimas,
911 2510 1007 2555 hujus
1031 2515 1062 2545 &
1085 2513 1241 2554 simplicis
1257 2535 1265 2550 ,
1288 2516 1319 2546 δε
1341 2514 1381 2548 fi-

381 2588 421 2611 ne
445 2554 514 2607 ullo
535 2565 718 2610 dejeetorio
741 2558 883 2595 remedio
906 2580 915 2596 ‚
952 2559 982 2590 &
1006 2555 1073 2589 dOfi
1107 2557 1277 2598 perexigua
1309 2558 1379 2591 dati

382 2630 432 2654 eas
455 2613 549 2650 fuisse
573 2611 676 2647 vires,
698 2612 735 2640 ut
759 2614 813 2648 per
835 2600 981 2635 intestini
1005 2601 1204 2641 interceptos
1228 2602 1383 2642 parietes,

379 2661 518 2700 necdum
543 2654 675 2698 quidem
700 2647 866 2692 sphacelo,
887 2642 940 2677 fed
964 2650 1135 2689 gangraena
1149 2651 1255 2676 tamen
1277 2656 1384 2679 corre-

405 2717 457 2740 tos
479 2708 655 2746 propagare
679 2692 845 2734 potuerint
870 2687 978 2722 nescio
999 2696 1095 2728 quam
1129 2687 1350 2736 irritationem
1373 2713 1381 2722 .

378 2721 480 2791 &iod
504 2755 578 2779 curn
600 2734 693 2774 facile
716 2734 802 2770 credi
825 2740 980 2774 nequeat:
1007 2731 1076 2763 veri
1099 2728 1234 2777 similius
1258 2731 1385 2766 videbi-

375 2804 429 2830 mr
477 2790 583 2823 minus
605 2783 691 2818 ar&e
712 2782 746 2813 in
770 2778 828 2812 hac
852 2773 1011 2811 fcemina,
1035 2784 1133 2815 quam
1155 2773 1190 2806 in
1212 2784 1329 2815 juvene
1353 2787 1384 2809 a.

381 2815 508 2880 grigoia
533 2835 543 2870 (
568 2841 586 2871 q
608 2832 642 2868 ),
666 2821 885 2867 constrietum-
900 2816 991 2852 fuisse
1012 2817 1220 2867 intestinum,
1244 2827 1280 2851 ut
1303 2830 1385 2852 mer-

384 2880 467 2914 curii
492 2873 614 2918 pondus
630 2896 638 2910 ,
659 2866 842 2902 mutatione
864 2864 941 2896 s1tus
964 2871 1113 2902 corporls
1136 2882 1147 2898 ‚
1184 2862 1216 2893 &
1240 2863 1383 2896 vomitus

384 2919 626 2964 efflagitatione,
653 2924 687 2947 ac
712 2908 861 2953 pressione
884 2905 1031 2947 adjutum
1056 2925 1064 2940 ‚
1088 2904 1230 2946 potuerit
1254 2904 1383 2939 brevem

385 2967 482 3002 illum
504 2957 648 2995 intestini
670 2954 810 2999 traeturn
832 2949 960 2999 emetiri
984 2970 994 2986 ‚
1025 2949 1056 2980 δι
1081 2959 1122 2997 ea·
1137 2946 1287 2991 deinceps
1311 2961 1382 2991 quae

348 3019 353 3022 *
385 3008 475 3046 infra
499 3010 609 3040 erant,
634 2999 715 3033 sanis
739 2993 987 3036 adjuvantibus,
1010 2990 1048 3024 ad
1073 2999 1196 3024 exitum
1210 3001 1383 3037 promove-

383 3066 420 3089 re
464 3048 522 3084 Sed
543 3049 574 3079 &
597 3041 773 3088 quodpiam
796 3049 836 3070 ex
858 3037 897 3070 iis
919 3034 1072 3077 exemplis
1086 3032 1228 3076 proferre
1251 3037 1383 3074 Juvatin

382 3079 503 3141 quibus
526 3086 651 3132 aliquid
674 3082 773 3125 dejici
794 3089 868 3114 toto
890 3079 997 3114 morbi
1022 3087 1166 3120 tempore
1189 3087 1254 3111 non
1276 3080 1319 3112 est
1329 3079 1384 3112 de-

381 3142 499 3177 situm·
920 3166 940 3173 ..
1061 3165 1068 3171 .
1140 3165 1148 3171 .
1252 3164 1260 3171 .

432 3192 481 3224 15.
505 3175 664 3213 MARIA
678 3196 687 3212 ,
711 3180 792 3205 uxor
803 3164 1169 3203 AntonnFranciscan,
1192 3174 1309 3206 aurigae
1322 3164 1382 3199 Pa-

383 3225 490 3263 tavini
513 3219 625 3264 (fecit
649 3217 736 3251 enim
767 3209 938 3246 rarissimus
969 3220 1064 3251 quem
1088 3210 1122 3241 in
1146 3207 1233 3242 illius
1266 3210 1382 3241 arteria

383 3266 574 3307 Pulmonari
596 3259 738 3298 offendi,
761 3254 962 3290 valvularum
985 3263 1155 3288 numerus,
1180 3259 1215 3284 ut
1239 3261 1356 3284 nomen
1371 3273 1381 3289 ,

387 3318 421 3349 ὃ(
444 3319 555 3346 caetera
579 3317 649 3349 quae
675 3303 712 3338 ad
735 3299 867 3335 eandem
892 3297 1082 3332 attinerent,
1104 3295 1277 3335 diligenter
1313 3306 1382 3337 per-

410 3349 572 3392 uirerem)
595 3359 693 3382 annos
705 3354 779 3379 nata
802 3339 1120 3382 undequadraginta,
1144 3337 1382 3387 medi-ocricor-

382 3370 471 3444 goris
492 3395 608 3431 habitu
624 3416 634 3430 ,
657 3390 765 3426 colore
787 3396 852 3419 non
875 3382 982 3422 malo,
997 3382 1175 3423 'multoque
1188 3381 1382 3414 mmusic‘te-

385 3445 478 3480 fico,
499 3438 644 3484 plurium
675 3431 858 3468 viventium
880 3427 1055 3460 liberorum
1085 3435 1219 3469 parenS,
1241 3435 1381 3466 quorum

390 3569 1781 3598 --.---———-—-—--———--—-——-

501 3674 509 3703 )
527 3673 578 3697 Ast.
597 3674 630 3697 N.
648 3673 676 3696 C.
693 3671 723 3694 T.
741 3677 763 3699 3.
780 3667 839 3693 Obs'.
856 3674 907 3697 131-
924 3669 981 3689 ante
996 3664 1039 3688 sin.

498 3706 548 3760 3ο.
565 3703 605 3726 cit.
624 3702 692 3729 supra
708 3700 737 3724 ad
754 3707 779 3723 n.
799 3706 818 3723 1.
879 3698 894 3725 (
908 3703 925 3726 p
940 3697 954 3724 )
971 3704 995 3719 n.
1016 3701 1046 3719 ιι.

467 3674 484 3698 a

472 3713 488 3757 ‘2
531 3732 609 3759 Instit.
627 3731 695 3757 chit.
711 3730 737 3761 §-
752 3736 809 3759 793·

441 3674 463 3763 ἑξ
1110 3692 1262 3723 (Νη-9-

1101 3664 1115 3694 (
1130 3664 1140 3688 Ι
1155 3663 1170 3692 )
1186 3661 1290 3687 Eorund.
1307 3663 1363 3686 Dee.
1381 3669 1403 3690 3.
1421 3661 1449 3684 A.
1470 3669 1489 3690 ς.
1507 3659 1530 3683 8t
1545 3662 1567 3682 6.
1584 3658 1641 3682 obs.
1660 3666 1712 3693 299.

1321 3693 1334 3721 (
1350 3700 1361 3716 ν
1377 3696 1385 3721 j
1402 3690 1497 3715 Advers.
1516 3693 1588 3713 Anat.
1609 3697 1630 3717 3·
1650 3688 1763 3714 Animad.

881 3729 917 3759 (u
933 3726 947 3756 )
963 3725 1022 3751 nist.
1039 3725 1069 3751 de
1084 3724 1103 3750 1.
1121 3723 1195 3750 And,
1212 3725 1244 3749 R.
1261 3722 1301 3748 des
1319 3724 1357 3748 Se.
1374 3724 1407 3750 Α.
1425 3728 1493 3752 ³741·
1510 3719 1571 3746 Obs.
1589 3720 1660 3745 Anat.
1678 3728 1702 3750 7·

964 136 1120 190 Liber
1153 143 1234 192 111.
1273 137 1352 191 De
1386 135 1593 193 Morbis
1624 137 1837 192 Ventris

1427 215 1583 249 ultimum
1606 213 1670 256 jam
1696 215 1748 249 sex
1773 214 1894 249 menses
1918 214 2118 256 necaverat,
2141 225 2216 251 cum
2239 214 2354 249 morbo
2365 211 2429 246 hoc

1424 257 1597 292 novissimo
1619 269 1765 300 correpta
1787 259 1852 298 est,
1875 259 1957 292 nulli
1980 270 2121 301 unquam
2147 260 2203 293 alii
2226 260 2387 293 obnoxia,
2402 255 2426 289 si

1425 312 1556 343 parvam
1579 300 1723 334 herniam
1746 304 1907 344 excipias,
1932 302 2013 336 unde
2037 302 2091 336 hic
2113 302 2243 337 demum
2264 304 2427 343 originem

1426 345 1564 381 habuit,
1587 344 1763 382 cmralem,
1786 345 1819 377 id
1841 345 1884 379 est
1907 344 2116 383 femoralem,
2136 356 2177 379 ex
2198 357 2261 388 qua
2282 355 2357 379 cum
2369 352 2426 384 per

1426 386 1456 420 se
1478 398 1629 429 reponere
1651 387 1861 421 consuevisset
1884 388 2046 431 quidquid
2077 388 2158 422 illud
2189 398 2255 421 erat
2289 385 2378 430 quod
2409 396 2427 418 e

1425 439 1536 464 ventre
1559 431 1772 470 illabebatur,
1793 442 1877 464 nunc
1899 442 2005 466 autem
2017 431 2142 474 aliquot
2163 430 2229 473 jam
2253 430 2318 465 dies
2330 439 2429 464 cona-

1425 482 1480 510 ta,
1505 484 1569 507 non
1594 473 1714 516 posset,
1740 472 1848 512 febri,
1870 478 1902 508 &
1926 476 2074 515 vomitu,
2097 477 2128 507 &
2151 474 2275 509 caeteris
2285 485 2356 516 quae
2373 483 2428 505 ac-

1419 517 1529 550 cedere
1552 517 1655 550 solent
1680 539 1688 554 ,
1713 516 1836 551 afflicta
1859 517 1903 551 est
1926 541 1935 556 ‚
1969 518 2027 552 nisi
2052 517 2140 561 quod
2165 517 2289 558 aliquid
2314 524 2426 548 tamen,

1419 559 1555 602 dejicere
1566 560 1686 604 semper
1699 560 1808 601 potuit
1822 585 1829 593 .
1854 562 1957 595 Serius
1968 573 2065 604 quam
2077 572 2157 602 opus
2167 559 2294 599 fuisset,
2317 560 2349 591 in
2360 557 2425 591 hoc

1419 605 1464 637 est
1486 602 1625 645 denique
1636 604 1874 637 Nosocomium
1897 605 2008 643 illata,
2033 605 2089 639 ubi
2101 606 2169 637 cito
2192 604 2359 637 moriturae
2383 599 2425 633 si-

1419 646 1527 682 milis,
1552 649 1653 679 vitam
1677 648 1780 679 traxit
1801 647 1983 690 complures
2005 647 2073 683 dies
2099 672 2108 687 ,
2131 658 2270 690 quorum
2295 645 2423 679 ultimis

1420 689 1450 723 se
1472 688 1588 722 habere
1613 689 1796 723 meliuscule
1822 690 1924 723 videri
1948 700 2077 731 poterat
2093 715 2102 730 ,
2121 694 2152 724 &
2176 690 2216 723 ab
2226 688 2426 722 enematibus

1422 732 1549 775 injeRis
1571 733 1691 772 levari,
1716 733 1818 766 donec
1842 733 1918 765 XII.
1943 734 2017 767 Kal.
2042 733 2235 769 Decembris
2259 734 2301 765 A.
2332 740 2424 773 1704.

1424 786 1554 810 mortua
1577 775 1640 810 est.
1770 775 1976 810 VENTRE
1999 778 2152 821 postridie
2177 776 2328 819 adaperto
2351 801 2361 814 ,
2386 773 2428 807 si-

1424 820 1558 862 mulque
1581 819 1701 853 herniae
1724 818 1850 852 sacculo
1872 821 2011 860 ῑεῑεᾶο,
2034 820 2133 854 crasso
2156 842 2166 858 ,
2203 822 2235 853 δε
2259 821 2294 851 in
2318 818 2424 860 plures

1423 863 1510 905 quasi
1535 864 1719 896 tunicarum
1742 862 1879 895 laminas
1903 873 1967 895 non
1989 863 2180 898 difficillime
2212 861 2388 897 dividendo
2411 881 2422 898 ,

1421 906 1654 940 animadversus
1679 906 1731 939 hic
1755 905 1798 939 est
1824 905 1969 940 aTerete
1991 908 2121 949 quidem
2145 908 2324 950 ligamento
2337 904 2423 937 uteri

1420 953 1557 983 omnino
1581 948 1757 993 sejunctus,
1783 947 1820 982 ad
1846 949 1998 983 Cruralia
2020 959 2127 983 autem
2151 952 2249 990 vasa,
2273 948 2392 990 quibus
2407 959 2425 980 a

1419 993 1517 1026 latere
1539 994 1667 1027 interno
1690 990 1874 1034 adjacebat,
1900 1003 2062 1026 annexus:
2087 1004 2188 1035 neque
2212 990 2349 1034 angusto
2365 987 2423 1023 esse

1419 1037 1573 1075 orificio3
1596 1035 1649 1070 sed
1673 1035 1832 1078 angustias
1854 1046 1965 1069 omnes
1987 1035 2027 1069 ab
2049 1035 2203 1078 imposito
2226 1035 2340 1070 infimo
2363 1030 2423 1067 esse

1419 1079 1525 1113 limbo
1550 1079 1683 1113 musculi
1709 1078 1889 1113 abdominis
1902 1079 2046 1122 Obliqui
2057 1081 2214 1117 Externi,
2239 1089 2334 1122 quem
2347 1076 2423 1110 lim-

1419 1122 1498 1156 bum
1522 1132 1640 1156 vocant
1662 1121 1873 1164 ligamentum
1886 1123 2076 1165 Poupartii,
2101 1123 2150 1156 vel
2175 1126 2285 1166 potius
2295 1120 2424 1163 Fallop·

1421 1168 1490 1208 pii3
1514 1177 1588 1200 cum
1612 1177 1719 1199 revera
1743 1166 1841 1199 tendo
1863 1164 1903 1198 sit
1914 1165 2052 1199 musculi
2075 1166 2163 1200 illius
2187 1170 2279 1206 (r),
2303 1175 2364 1207 qua
2388 1165 2423 1197 in

1420 1220 1455 1244 re
1479 1220 1604 1243 mecum
1628 1207 1755 1242 faciunt
1779 1209 1980 1243 Solertiffirni
2006 1210 2100 1248 Viri,
2125 1211 2159 1242 in
2182 1209 2233 1244 his
2256 1207 2424 1241 Heisterus

1422 1252 1524 1296 (s),
1548 1255 1602 1292 &‚
1626 1252 1648 1285 si
1673 1260 1792 1285 attente
1816 1253 1922 1294 legas,
1944 1253 2042 1286 etiam
2065 1253 2232 1287 Platnerus
2256 1253 2336 1295 (t).
2360 1251 2425 1285 Sub

1425 1307 1463 1329 eo
1487 1297 1589 1338 igitur
1612 1295 1715 1329 limbo
1736 1296 2006 1339 intercipiebatur
2039 1307 2108 1338 pars
2140 1296 2249 1339 aliqua
2275 1295 2423 1337 proximi

1423 1340 1503 1372 Coli
1527 1338 1671 1373 intestini
1694 1337 1737 1371 fic
1760 1347 1867 1373 tamen
1882 1363 1893 1379 ,
1917 1348 1952 1373 ut
1977 1351 2029 1382 per
2053 1340 2115 1373 hoc
2138 1341 2190 1373 via
2214 1338 2291 1372 satis
2314 1339 2428 1380 pervia

1420 1382 1566 1428 restaret.
1592 1384 1693 1424 paries
1716 1391 1844 1416 tantum
1867 1382 2136 1417 intercluderetur
2148 1384 2206 1426 qui
2230 1382 2428 1416 sacculiori-

1418 1425 1530 1460 ficium
1554 1425 1771 1468 specstaverat.
1793 1427 1825 1459 Is
1847 1427 1970 1469 paries,
1991 1437 2064 1460 cum
2088 1425 2216 1461 sacculo
2237 1424 2400 1459 cohaerens
2414 1448 2429 1466 ‚

1418 1479 1486 1503 erat
1510 1470 1621 1512 niger,
1648 1471 1680 1502 &
1704 1467 1867 1508 fracidu53
1895 1471 2044 1511 proxima
2070 1480 2161 1504 extra
2185 1469 2351 1504 sacculum
2374 1469 2428 1502 in-

1420 1513 1528 1547 testini
1553 1523 1623 1554 pars
1647 1512 1776 1546 viridis.
1804 1512 1962 1547 Virebant
1985 1525 2116 1556 quoque
2139 1536 2151 1554 ,
2182 1515 2213 1547 &
2236 1524 2334 1556 grave
2357 1513 2426 1546 ole-

1421 1558 1502 1591 bant
1524 1554 1684 1600 plerisque
1707 1556 1742 1588 in
1766 1555 1845 1589 locis
1868 1557 2037 1590 interiores
2060 1558 2179 1590 ventris
2204 1557 2339 1600 parietes
2354 1581 2362 1589 .
2387 1557 2428 1588 In

1422 1599 1519 1642 hujus
1541 1609 1647 1633 tamen
1671 1597 1846 1633 visceribus
1869 1598 1952 1633 nihil
1976 1599 2119 1634 morbidi
2142 1600 2357 1639 adnotavit*
2367 1597 2428 1634 nisi

1423 1645 1457 1676 in
1482 1643 1607 1685 hepatis
1631 1641 1766 1675 vesicula
1790 1654 1862 1685 quae
1886 1654 1982 1685 aequo
2005 1643 2176 1686 aliquanto
2199 1641 2330 1684 major,
2352 1653 2429 1675 cum

1423 1686 1488 1720 bile
1513 1697 1577 1719 non
1601 1686 1663 1717 atri
1687 1685 1828 1723 coloris,
1855 1684 2013 1719 sexdecim
2034 1687 2174 1720 calculos
2197 1686 2337 1719 habebat
2373 1685 2430 1718 vix

1423 1729 1542 1772 dispari
1566 1729 1651 1761 inter
1674 1727 1703 1761 se
1725 1728 1947 1770 magnitudine
1963 1753 1972 1768 ,
1995 1740 2109 1770 parvos
2131 1729 2262 1772 quidem
2284 1739 2395 1762 omnes
2420 1753 2431 1767 ‚

1425 1784 1481 1806 nec
1521 1781 1628 1805 tamen
1660 1772 1815 1805 minimos
1835 1793 1848 1811 ,
1892 1770 2057 1814 superficie
2093 1782 2200 1807 autem
2232 1771 2318 1806 flava
2341 1794 2351 1810 ‚
2397 1774 2431 1804 δε

1427 1828 1467 1850 ex
1490 1816 1637 1858 pluribus
1659 1815 1801 1849 faciebus
1825 1815 1929 1856 planis
1953 1815 2102 1849 confefia
2122 1840 2129 1847 .
2153 1816 2307 1857 Qorum
2329 1826 2432 1849 unum

1426 1861 1475 1892 ita
1500 1883 1510 1899 ,
1532 1868 1566 1893 nt
1591 1867 1656 1891 erat
1679 1881 1690 1897 ,
1726 1858 1900 1892 humidum
1921 1869 1996 1892 cum
2019 1858 2163 1893 flammae
2186 1857 2396 1893 admovissem
2415 1880 2430 1898 ,

1428 1903 1579 1936 comburi
1603 1912 1667 1935 non
1692 1900 1755 1935 sine
1781 1901 1950 1940 scintillis,
1972 1912 2007 1936 ac
2031 1902 2175 1945 liquari,
2198 1903 2267 1937 vidi
2292 1929 2301 1943 ‚
2333 1899 2433 1936 flam-

1430 1957 1517 1980 mam
1541 1956 1618 1978 vero
1642 1945 1723 1979 alere
1749 1969 1760 1986 ,
1794 1956 1859 1979 non
1883 1944 1972 1978 vidi.
2104 1947 2235 1988 Corpus
2268 1946 2433 1988 reliquum

1430 2000 1506 2023 curn
1529 1987 1703 2030 diligenter
1727 1988 1841 2022 eodem
1866 2013 1875 2028 ,
1899 1990 1930 2021 δι
1954 1988 2199 2031 insequentibus
2222 1989 2337 2023 diebus
2361 1999 2433 2030 per-

1431 2033 1627 2070 secaremus3
1652 2040 1741 2065 erant
1765 2033 1851 2066 enim
1861 2042 1977 2065 caetera
2001 2031 2122 2067 viscera
2143 2032 2257 2067 idonea
2281 2032 2433 2065 &adob-

1430 2075 1641 2116 servandum,
1663 2078 1694 2109 &
1717 2074 1755 2109 ad
1778 2074 1976 2115 docendum,
2000 2074 2196 2119 musculique
2209 2087 2318 2109 ornnes
2340 2086 2433 2117 egre-

1429 2122 1481 2165 gie
1505 2120 1682 2158 rubebant3
1705 2119 1788 2153 nihil
1811 2118 1943 2160 usquam
1969 2120 1998 2151 se
2020 2119 2142 2153 obtulit
2165 2119 2259 2153 nobis
2282 2120 2370 2161 quod
2394 2118 2433 2153 ad

1429 2167 1516 2200 hunc
1540 2165 1650 2198 locum
1673 2165 1809 2198 attineat
1826 2188 1836 2202 ,
1860 2162 1916 2195 nisi
1940 2160 2025 2195 forte
2048 2164 2081 2195 in
2104 2163 2226 2196 cerebri
2262 2162 2433 2196 medullari

1431 2209 1603 2243 substantia
1626 2208 1738 2242 crebra
1749 2206 1866 2250 punflm
1878 2205 2073 2248 sanguinea,
2093 2207 2205 2247 &quae
2229 2205 2345 2240 horum
2356 2217 2434 2240 cau-

1433 2252 1464 2285 sa
1489 2261 1557 2285 erat
1581 2251 1746 2295 sanguinis
1769 2248 1950 2285 multitudo
1976 2274 1985 2289 ,
2022 2248 2101 2282 sicut
2126 2260 2163 2282 eo
2186 2248 2328 2282 distentae
2352 2259 2434 2283 vena.

1432 2304 1570 2337 utraque
1580 2296 1693 2333 Cava,
1715 2298 1746 2328 δε
1770 2305 1855 2328 venae
1875 2291 2070 2333 influentes,
2094 2290 2270 2336 praesertim
2282 2293 2432 2334 Azygos,

1431 2338 1658 2381 significabant
1671 2350 1682 2377 3
1709 2338 1828 2372 sinister
1853 2346 1960 2370 autern
1975 2338 2087 2379 pulmo
2101 2345 2189 2369 totus
2199 2335 2276 2369 hinc
2288 2336 2407 2378 pleurae
2419 2358 2433 2375 ,

1431 2382 1505 2415 inde
1517 2381 1707 2416 mediastino
1720 2383 1904 2419 annexus‚&
1915 2380 2053 2423 denique
2065 2378 2268 2421 Thyroidaea
2281 2379 2434 2421 glandula

1432 2426 1601 2468 aliquanto
1623 2426 1748 2459 craffior
1770 2436 1867 2466 quam
1888 2436 1943 2466 par
1956 2423 2052 2457 esset:
2075 2434 2149 2456 cum
2163 2422 2257 2465 plura
2282 2423 2432 2466 alioquin

1432 2479 1633 2502 occurrerent
1648 2480 1712 2502 non
1725 2468 1857 2510 indigna
1871 2479 1940 2509 quae
1954 2468 2031 2500 alibi
2048 2476 2276 2499 memorentur.
2290 2467 2343 2498 Ex
2353 2467 2432 2508 qui-

1430 2512 1490 2546 bus
1512 2511 1593 2545 illud
1615 2523 1714 2545 unum
1727 2512 1782 2544 hic
1798 2512 1931 2545 minime
1950 2511 2124 2553 praeteribo
2137 2534 2145 2549 ‚
2165 2509 2252 2551 quod
2265 2518 2352 2542 antea
2366 2519 2432 2543 non

1431 2555 1530 2589 modo
1554 2566 1618 2588 non
1641 2554 1784 2589 videram
1797 2580 1806 2595 ,
1831 2553 1880 2588 sed
1893 2565 1992 2595 neque
2004 2554 2209 2592 audiveram,
2224 2561 2277 2587 aut
2292 2553 2433 2596 legeram

1435 2611 1453 2633 a
1474 2609 1639 2642 quoquam
1662 2598 1766 2632 visum
1781 2622 1795 2639 ,
1817 2607 1851 2631 ut
1877 2609 1976 2638 neque
2000 2595 2102 2639 postea
2128 2598 2167 2631 ab
2199 2599 2316 2631 exteris
2339 2597 2433 2631 Viris

1435 2641 1691 2679 Eruditiffimi53
1715 2641 1900 2675 humaniter
1925 2652 1974 2673 me
1997 2639 2211 2674 invisentibus
2236 2665 2246 2680 ‚
2281 2640 2395 2675 audivi
2421 2666 2431 2682 ,

1436 2686 1521 2724 Quae
1544 2684 1695 2719 videlicet
1707 2684 1797 2719 causa
1820 2682 1884 2718 suit
1901 2708 1911 2724 ,
1933 2694 1989 2717 cur
2013 2695 2096 2717 meas
2118 2684 2268 2725 quasdam
2283 2684 2432 2718 observa-

1434 2730 1540 2762 tiones
1564 2729 1617 2762 Cl.
1642 2729 1804 2763 Morando
1827 2731 1838 2767 (
1863 2726 1916 2769 u)
1938 2738 2035 2769 quam
2069 2727 2281 2769 pauciffimis‚
2308 2739 2343 2762 ut
2367 2728 2432 2768 fit,

1436 2772 1541 2807 verbis
1563 2771 1727 2810 indicans,
1751 2780 1879 2806 caeteras
1901 2772 2020 2813 quippe
2042 2772 2120 2804 alias
2145 2783 2160 2804 a
2184 2783 2255 2809 me,
2281 2771 2321 2805 ab
2345 2770 2433 2805 aliis-

1436 2827 1475 2849 ve
1497 2817 1595 2849 etiam
1619 2816 1743 2850 habitas
1765 2814 1884 2849 diserte
1909 2816 2159 2856 praetermittens
2179 2837 2192 2854 ,
2227 2815 2310 2849 hanc
2334 2826 2431 2849 unam

1436 2860 1616 2901 exciperem
1641 2884 1648 2891 .
1683 2859 1810 2893 Scilicet
1834 2859 1866 2890 in
1890 2857 2026 2891 foemina
2049 2869 2120 2900 quae
2145 2858 2224 2891 nulli
2250 2858 2367 2892 morbo
2393 2858 2432 2893 ad

1434 2903 1697 2937 circumitionem
1721 2901 1883 2945 sanguinis
1905 2902 2077 2940 attinenti,
2101 2901 2243 2935 obnoxia
2267 2923 2276 2939 ,
2300 2902 2338 2936 ad
2362 2913 2431 2936 eam

1433 2957 1531 2989 quam
1556 2944 1647 2988 supra
1670 2946 1761 2983 dixi,
1784 2955 1910 2978 aetatem
1937 2955 2140 2985 perveneram
2163 2944 2296 2988 &cujus
2310 2944 2431 2985 cordis,

1433 2989 1694 3030 adje&0r11mque
1705 2989 1853 3023 vasorum
1868 2988 2031 3030 particulae
2044 2999 2177 3030 quaeque
2190 3011 2199 3026 ,
2225 3000 2240 3022 a
2265 2999 2315 3022 me
2339 3001 2431 3023 accu-

1433 3043 1502 3066 rate
1525 3033 1714 3075 perspectae,
1738 3031 1821 3065 nihil
1846 3032 1921 3065 vitii
1943 3053 1955 3071 ,
1978 3030 2061 3064 nihil
2086 3041 2201 3073 praeter
2224 3033 2431 3066 consuetudi-

1435 3087 1508 3109 nem
1533 3076 1729 3113 habuerant,
1755 3077 1788 3109 in
1812 3075 1894 3109 ostio
1917 3075 2042 3108 arteriae
2067 3075 2268 3109 Pulmonaris
2291 3099 2303 3116 ‚
2328 3077 2430 3110 trium

1433 3120 1637 3153 valvularum
1660 3118 1754 3157 loco,
1778 3126 1917 3161 quatuor
1939 3117 2151 3161 deprehendi,
2176 3118 2433 3160 &frequentissi-

1434 3175 1493 3196 mae
1509 3190 1517 3203 ,
1539 3173 1609 3205 quae
1634 3162 1761 3199 aderat,
1786 3162 1973 3196 DoRorum
2006 3162 2191 3203 Virorum,
2214 3164 2243 3195 δι
2262 3163 2429 3206 Juvenum

1433 3206 1646 3240 studiosorum
1669 3217 1795 3239 coronae
1819 3204 2054 3244 demonstravi,
2076 3214 2261 3239 caeterarum
2283 3216 2352 3247 quae
2382 3205 2431 3240 ibi

1434 3248 1568 3291 spectari
1594 3248 1717 3289 solent,
1738 3249 1916 3282 consimiles
1939 3271 1949 3286 ,
1973 3246 2032 3281 nisi
2056 3247 2144 3290 quod
2169 3260 2228 3282 una
2253 3246 2428 3283 secundum

1434 3305 1544 3326 omnes
1567 3289 1776 3325 dimensiones
1800 3303 1889 3332 erat,
1913 3303 1968 3325 nec
1981 3291 2097 3333 paulo,
2122 3291 2248 3334 major,
2271 3293 2427 3333 quemad-

1435 3336 1567 3370 modum
1591 3334 1651 3368 huc
1676 3339 1828 3373 veniens3
1853 3346 1927 3369 nam
1949 3336 2127 3368 etiamnum
2151 3337 2184 3368 in
2208 3342 2282 3376 apto
2293 3333 2427 3370 humore

1434 3380 1576 3416 asserv03
1601 3379 1774 3420 aliquando
1796 3378 1988 3422 conspicies:
2012 3390 2046 3410 ea
2070 3377 2170 3412 sedem
2192 3380 2276 3411 inter
2297 3387 2426 3413 caeteras

1430 3425 1624 3456 anteriorem
1637 3434 1671 3455 ac
1682 3422 1904 3457 finisteriorem
1914 3422 2080 3456 obtinebat
2095 3445 2103 3456 .
2117 3423 2241 3457 Verum
2251 3442 2261 3458 ‚
2273 3432 2344 3454 cum
2359 3421 2426 3457 haec

2277 3475 2383 3498 recen-

1888 3674 1893 3681 .
1996 3656 2010 3685 (
2026 3665 2041 3680 n
2056 3657 2070 3685 )
2086 3655 2195 3684 Epidem.
2212 3655 2228 3679 l.
2246 3663 2270 3684 3.
2288 3656 2313 3680 S.
2329 3663 2352 3681 ι.

1775 3659 1789 3688 (
1805 3666 1828 3683 m
1846 3656 1854 3688 )
1870 3664 1885 3680 n
1914 3664 1935 3685 9,

1781 3697 1804 3715 ι.
1866 3689 1881 3718 (
1892 3687 1936 3719 s)
1952 3688 2084 3718 compend.
2101 3689 2173 3711 Anat.
2190 3691 2241 3712 not.
2255 3695 2282 3717 4.
