2498 4075
483 242 633 310 Epist·
671 245 830 295 Anat.
866 240 1076 294 Medica
1109 237 1253 295 vul.
1287 236 1403 290 Art.
1439 252 1525 308 34.
1561 239 1615 291 ὅτ
1648 250 1726 305 35.

90 330 231 356 occurres
253 332 322 363 quae
348 321 381 354 in
405 321 538 356 Scholio
560 320 717 353 adduntur
739 318 777 352 ad
791 320 1082 360 observationem,

91 368 198 410 primo
220 364 292 396 loco
315 377 330 396 a
353 375 403 397 me
426 367 458 397 in
482 364 687 406 Sepulchreto
710 374 792 396 nunc
816 362 987 396 indicatam
1009 364 1080 405 (i).

92 411 140 443 Ea
163 408 353 440 vermiculos
375 408 503 450 quidem
529 408 679 449 proponit
703 407 735 438 in
746 405 869 443 rabidi,
892 416 926 439 ut
939 407 1081 446 dicitur,

91 453 177 485 canis
200 451 349 491 cerebro,
374 452 421 483 vel
445 452 552 493 potius
574 451 606 484 in
629 448 797 491 majoribus
819 448 936 488 bullis,
958 449 1080 490 evisco-

84 494 122 538 so
141 494 288 536 putrique
311 493 428 528 cerebri
448 494 564 535 liquore
587 492 736 530 elevatis,
757 491 809 525 vel
831 502 869 524 ex
890 499 976 525 motu
999 493 1079 524 ince-

93 539 170 571 riori
192 536 441 570 animadversos.
467 535 524 569 Sed
547 535 772 569 numeranium
783 534 857 567 satis
868 536 1079 567 examinatum

91 581 189 615 fuerit
201 605 214 621 ,
238 592 276 613 ne
298 592 358 623 qua
381 580 430 611 via
441 577 526 612 forte
539 591 578 612 ex
593 578 705 611 morbo
716 578 779 610 alio
791 586 909 619 pateret
922 588 1079 620 perquam

91 624 259 658 vermiculi
281 620 463 661 subiissent5
484 634 560 656 num
583 621 655 654 satis
677 620 867 663 quaefitum‚
890 622 994 653 verine
1030 620 1080 652 illi

91 666 184 702 essent
208 666 397 705 vermiculi,
419 676 530 698 numve
554 668 586 698 in
610 675 647 697 eo
667 664 810 706 gramine
837 672 926 696 antea
950 674 1012 696 non
1035 662 1083 695 es-

89 710 180 752 sent,
202 713 236 743 in
259 708 346 754 quod
370 707 548 754 prolapsum
571 707 732 741 cerebrum
754 708 848 748 longe
879 705 1085 746 diffluxerat,

90 755 159 796 ipsa
183 765 236 796 per
260 756 288 785 le
311 751 501 785 Observatio
524 751 676 785 indicabit
700 777 708 784 .
743 750 904 792 Equidem
941 761 1048 782 vereor
1072 774 1083 789 ,

92 810 130 831 ne
154 796 176 830 si
200 796 344 839 Reyfius‚
367 804 402 827 ut
427 796 551 828 Auctor
572 793 703 836 optabat
722 816 730 830 ,
755 792 939 833 adstitiss'et,
963 794 1082 826 nonita

91 841 185 875 facile
206 839 419 881 expun&urus
441 836 544 871 fuisset
566 836 653 880 quod
675 836 835 878 scripserat
858 836 921 877 (Ις)
936 832 1082 877 famam,

94 897 111 917 a
127 883 251 928 Jacobo
273 882 310 914 de
335 881 479 915 Partibus
493 889 773 914 commemoratam
784 903 797 919 ,
818 878 901 922 quasi
914 880 1021 912 canina
1033 890 1082 912 ra-

92 927 157 960 bies
179 938 198 959 α
220 936 324 959 νει-ΜΕ
346 924 377 957 in
400 926 485 957 canis
506 923 625 958 cerebro
647 932 719 957 nato
727 923 865 965 prodiret
879 946 887 960 ‚
901 921 954 964 effe
966 933 1083 955 merum

86 970 272 1012 figmentum
283 991 295 1008 ,
318 979 335 1001 n
356 969 474 1000 nemine
488 991 500 1006 ,
522 967 603 1009 quod
618 966 715 1009 sciret
729 989 739 1005 ,
762 965 995 1007 confirmatum.
1012 966 1085 997 No-

91 1014 118 1045 li
141 1022 245 1044 tamen
268 1009 411 1050 credere,
434 1009 455 1042 sl
480 1011 533 1043 illa
558 1009 666 1042 eadem
688 1009 880 1043 Observatio
912 1010 1085 1054 accuratius

91 1055 202 1089 habita
225 1053 352 1092 fuiffet3
376 1065 424 1086 me
446 1053 657 1087 nihilominus
681 1051 832 1086 assensum
855 1051 944 1084 fuisse
955 1051 1083 1084 cohibi-

91 1110 223 1137 turum,
245 1097 329 1142 quafi
354 1098 443 1130 nullo
469 1097 566 1130 modo
588 1095 654 1129 fieri
679 1105 819 1139 unquam
843 1093 948 1137 posse,
979 1094 1086 1128 existi-

91 1153 233 1182 marem,
256 1151 291 1175 ut
312 1140 478 1173 vermiculi
501 1140 620 1173 rabiem
642 1138 680 1172 de
701 1150 761 1181 qua
785 1138 970 1180 loquimur,
992 1139 1025 1170 in
1036 1149 1089 1171 ca-

90 1197 129 1218 ne
151 1186 294 1224 cierent,
315 1183 443 1226 quando
470 1185 652 1226 Zwingqrus
675 1181 735 1222 (l)
758 1180 795 1214 de
820 1192 894 1213 cane
907 1179 1000 1214 refert
1013 1186 1090 1214 adeo

90 1227 221 1267 rabido,
243 1237 279 1261 ut
302 1238 378 1269 puer
399 1238 493 1269 quem
515 1225 749 1264 momorderat,
772 1233 844 1257 ante
860 1224 946 1257 diem
956 1224 1091 1267 quadra-

90 1269 241 1314 gefimum
256 1294 268 1310 ,
291 1269 515 1313 hydrophobia
528 1269 716 1304 atrocissima
733 1277 894 1310 correptus
907 1290 915 1304 ‚
939 1270 1092 1309 perierit;

91 1315 146 1357 qui
172 1324 277 1347 tamen
301 1314 386 1346 canis
409 1324 427 1346 a
449 1313 534 1346 rabie
559 1311 684 1355 prorsus
706 1320 833 1345 curatus
856 1311 898 1344 est
927 1311 1090 1353 postquam

91 1357 184 1391 herus
207 1359 306 1390 levem
330 1358 356 1388 ei
383 1357 416 1388 in
440 1356 516 1399 pede
539 1366 722 1394 tumorem,
751 1366 846 1398 quern
882 1353 1000 1396 jugiter
1030 1353 1089 1387 fibi

98 1400 289 1440 mordebat,
313 1398 409 1439 inde,
431 1399 515 1442 quali
540 1400 572 1432 in
596 1401 676 1432 iram
699 1401 729 1431 &
753 1398 873 1431 rabiem
894 1398 1005 1437 aetus,
1028 1398 1090 1430 cir-

91 1454 317 1484 cumcurreus,
340 1444 485 1486 aperuit,
508 1453 704 1484 vermemque
714 1442 822 1475 vivum
836 1465 848 1480 ,
860 1440 964 1473 album
976 1464 989 1481 ,
1011 1440 1091 1473 cras-

90 1487 258 1521 fiusculum
292 1486 428 1520 eduxit.
459 1488 580 1519 Canem
611 1485 741 1528 quidem
774 1484 922 1517 rabidum
957 1482 1048 1517 fuisse
1079 1507 1092 1524 ,

92 1531 276 1573 Zwingerus
301 1529 438 1568 sciebat,
462 1530 518 1571 qui
542 1540 640 1571 puero
664 1528 712 1560 illi
736 1527 954 1569 hydrophobo
989 1526 1092 1559 medi-

91 1584 145 1607 cus
168 1573 288 1606 fuerat.
315 1574 437 1605 Canem
457 1584 584 1614 quoque
609 1582 641 1603 ea
666 1571 789 1603 ratione
823 1579 967 1603 curatum
1002 1568 1058 1604 esse
1081 1593 1092 1610 ‚

90 1618 211 1659 quipp:
235 1617 382 1654 vicinus,
404 1614 488 1648 haud
512 1613 891 1656 ignorabat.1vla¹uiffe1n
903 1623 1032 1654 tamen,
1055 1615 1095 1646 il-

90 1660 158 1693 lum
172 1659 235 1701 ipse
247 1669 385 1691 vermem
395 1656 594 1691 examinasset
605 1681 617 1698 ,
628 1667 663 1691 ut
676 1658 792 1690 certius
805 1657 949 1691 sciremus
961 1679 969 1695 ‚
982 1669 1093 1691 verum

92 1714 129 1735 ex
140 1715 177 1734 eo
191 1712 315 1735 tumore
327 1713 463 1734 vermem
477 1725 486 1740 ‚
511 1712 574 1734 non
588 1700 791 1734 vermiforme
815 1701 935 1744 aliquid
964 1700 1090 1734 exiisse.

129 1757 181 1788 34.
209 1747 293 1787 Saepe
316 1746 401 1777 enim
422 1742 537 1777 vermes
562 1744 653 1778 facile
675 1743 1069 1787 creduuturquinonsunt
1085 1769 1093 1776 .

89 1791 134 1823 De
156 1799 227 1822 cane
250 1788 379 1828 rabido,
407 1787 505 1830 vulgo
527 1787 721 1831 affirmatur,
745 1789 854 1830 inquit
879 1787 1094 1822 Ettmiillerus

88 1836 140 1872 (m
153 1835 167 1871 >
179 1857 188 1872 ,
207 1830 267 1873 sub
290 1830 394 1873 lingua
416 1831 484 1872 ejus
497 1830 594 1864 latere
602 1841 738 1864 vermem
753 1832 902 1874 quendam
913 1831 1070 1874 oblongum
1082 1855 1094 1871 ,

88 1886 177 1918 quem
200 1874 258 1906 alii
280 1886 298 1907 a
314 1875 349 1918 se
373 1872 444 1915 ipfis
468 1872 572 1914 msum
594 1873 744 1913 testantur
760 1897 769 1911 ‚
793 1885 850 1916 quo
873 1882 996 1908 mature
1008 1875 1093 1908 dem-

85 1926 167 1960 pto,
192 1916 295 1950 nullus
317 1918 405 1950 canis
428 1915 556 1950 rabidus
573 1915 657 1959 fi'at5
680 1917 783 1951 eodem
805 1928 879 1952 vero
890 1915 1092 1958 increscente,

89 1959 217 2000 Rabiem
240 1957 401 2004 necessario
417 1959 641 2002 supervenire3
666 1960 744 1993 unde
765 1961 890 2002 quidam
913 1962 1094 2002 adpraecau-

88 2005 204 2038 tionem
219 2002 323 2045 solent
345 2002 506 2036 extrahere
527 2001 606 2035 hunc
627 2003 858 2038 vermiculum.-
884 2004 1008 2046 quidam
1022 2005 1089 2037 exi-

85 2046 238 2087 stimant,
262 2057 320 2079 non
342 2045 400 2088 eJJe
420 2045 627 2079 vermiculum
642 2068 651 2083 ,
667 2044 723 2087 sed
739 2056 798 2088 pro
823 2047 988 2089 sanguinis
1020 2057 1090 2079 con-

84 2089 227 2133 grumati
244 2088 401 2130 particula
424 2088 457 2121 in
478 2090 566 2121 venis
588 2089 708 2122 raninis
725 2088 786 2131 sub
798 2088 902 2132 lingua
918 2089 1037 2123 colleffi
1049 2091 1092 2123 (φ’

81 2132 257 2175 stagnantis
280 2131 411 2166 habent.
437 2134 512 2172 Rem
535 2130 612 2164 hanc
634 2142 686 2164 ceu
698 2133 830 2165 nondum
836 2132 1024 2176 sufficienter
1035 2143 1089 2167 ex-

86 2175 244 2217 ploratam
267 2175 298 2207 in
321 2174 418 2208 medio
443 2173 580 2215 relinquo
603 2198 610 2204 .
647 2175 722 2206 Viri
755 2174 850 2216 hujus
883 2174 1089 2216 prudentiam

89 2216 204 2251 laudo:
227 2227 322 2258 quam
345 2216 366 2249 si
392 2217 445 2249 alii
471 2217 698 2254 imitarentur3
722 2220 886 2258 pauciores
897 2216 1017 2250 fabulas
1034 2219 1090 2251 ha-

88 2262 254 2296 beremus.
278 2261 372 2293 Hanc
396 2258 470 2292 inde
494 2268 597 2291 ortam
619 2257 676 2291 else
696 2280 705 2295 ‚
739 2265 803 2292 non
836 2259 953 2293 dubito
968 2282 976 2296 ,
1000 2261 1090 2303 quod,

90 2304 215 2337 Plinius
238 2305 304 2341 (n)
329 2301 491 2344 scripserat
509 2315 518 2334 .·
536 2301 586 2340 Est
618 2302 810 2335 vermiculus
843 2303 875 2335 in
908 2303 1012 2346 lingua
1041 2317 1093 2337 ca-

91 2358 190 2386 num,
213 2345 267 2386 qui
286 2352 420 2378 vocatur
442 2345 585 2377 aGraecis
608 2343 692 2385 lym
716 2343 847 2387 (allyssa
862 2350 875 2385 )
886 2369 898 2385 ,
923 2356 981 2387 quo
991 2343 1093 2380 exem-

89 2398 149 2433 pto
173 2386 351 2431 infantibus
373 2387 491 2421 catulis
505 2412 514 2425 ,
538 2398 591 2420 nec
614 2386 716 2420 rabidi
730 2387 839 2429 fiunt,
861 2399 913 2421 nec
927 2386 1093 2430 fastidium

89 2432 252 2476 sentiunt.
278 2430 385 2463 Plinio
408 2439 538 2470 autern,·
560 2438 595 2463 ut
627 2438 757 2463 caeteros
788 2441 870 2464 nunc
905 2433 1057 2465 omittam
1080 2445 1093 2472 5

92 2473 309 2518 quadantenus
334 2473 559 2515 adstipulatum
583 2471 640 2506 esse
663 2475 797 2507 Sextum
830 2473 1093 2517 Philosophum,

91 2517 318 2552 Aromatarius
340 2520 403 2556 (ο)
425 2516 557 2557 censet,
596 2526 690 2559 quem
724 2518 754 2550 in
779 2517 837 2560 suo
871 2519 905 2550 cie
938 2518 1096 2552 Medicina

90 2560 297 2595 ¹Animalium
319 2570 385 2602 cap.
409 2572 441 2600 9.
467 2560 612 2593 testatum
638 2562 704 2598 ait,
721 2560 781 2603 sub
805 2560 911 2604 lingua
934 2562 1021 2594 canis
1045 2573 1094 2594 ra-

71 2603 158 2638 vbidi
180 2603 309 2645 reperiri
329 2614 472 2637 vermes.
496 2604 594 2639 Quod
618 2615 676 2645 ego
699 2602 737 2637 de
759 2603 1095 2646 Constantinopolita-

93 2659 136 2681 no
157 2647 325 2680 Demetrio
347 2649 410 2688 (p)
435 2656 500 2679 non
524 2646 620 2680 ausim
640 2646 743 2680 dicere
758 2671 770 2687 ,
794 2646 815 2681 li
839 2649 872 2681 in
896 2648 1093 2690 ejuslinguae

70 2689 247 2729 =inferiore
270 2698 358 2731 parte
381 2700 445 2722 non
469 2690 678 2724 vermiculum
695 2714 708 2731 ,
745 2690 797 2724 sed
829 2690 997 2724 vermiculi
1024 2685 1095 2735 ‘cffi-

91 2735 194 2777 giem,
219 2733 363 2781 &nervi
386 2731 452 2766 albi
465 2733 705 2776 similitudinem
717 2732 797 2775 esse,
820 2733 967 2777 scripsit.-
991 2745 1046 2766 nec
1058 2734 1097 2767 de

94 2776 289 2810 Fracastorlo
311 2778 398 2818 (q),
419 2788 601 2819 quanquam
625 2777 719 2810 aliam
744 2777 786 2809 ob
798 2777 944 2815 causam3
967 2776 1096 2820 rulnifi-

94 2830 165 2853 cum
187 2819 272 2851 enim
295 2829 429 2853 vermem
452 2831 555 2853 revera
580 2822 692 2862 ponit,
716 2819 788 2859 sed,
814 2830 971 2863 quantum
1001 2821 1099 2853 intel-

95 2863 189 2905 ligo,
213 2873 278 2894 non
302 2860 357 2895 sub
379 2863 509 2905 lingua:
534 2859 644 2905 ibique
668 2873 704 2896 ut
731 2866 851 2904 Poeta,
875 2865 1014 2906 opinor,
1047 2864 1098 2896 lo-

96 2907 234 2949 quitur3
259 2915 389 2948 namque
413 2906 468 2939 ubi
491 2907 552 2948 (r)
577 2914 613 2939 ut
637 2905 808 2948 Medicus,
831 2907 1029 2940 rabientium
1045 2918 1098 2940 ca-

96 2960 173 2983 num
196 2947 282 2990 signa
305 2951 478 2991 proponit,
501 2948 539 2982 de
564 2961 667 2982 verme
690 2951 723 2983 in
747 2951 792 2983 lin
818 2962 855 2983 ua
870 2974 879 2988 ‚
904 2960 958 2983 aut
983 2950 1097 2984 adlin-

96 3002 191 3037 guam
216 3003 253 3024 ne
272 2991 397 3025 verbum
419 2991 567 3033 quidem.
594 2992 689 3027 Haud
712 2962 859 3036 equiti'em
881 2992 1004 3027 inficias
1025 2995 1092 3026 ive-

97 3038 184 3075 rim,
208 3045 301 3084 veros·
319 3034 365 3066 ibi
387 3035 559 3078 aliquando
589 3048 708 3070 vermes
741 3038 872 3080 reperiri
891 3049 902 3076 5
935 3036 986 3071 sed
1018 3049 1091 3071 eum

124 3090 195 3121 uem
218 3078 340 3111 Phr-nus
363 3078 395 3110 in
416 3081 562 3120 cunetis,
586 3089 621 3114 ut
653 3081 782 3114 videtur
801 3104 814 3120 ,
848 3079 976 3114 canibus
1006 3081 1093 3124 quasi

97 3093 272 3169 secundum
297 3130 438 3154 naturam
460 3123 567 3164 posuit
581 3147 593 3164 ,
616 3126 648 3156 &
670 3135 766 3167 quern
788 3122 990 3165 eximebant,
1024 3136 1093 3157 ver-

99 3178 182 3201 mem
206 3166 289 3205 esse,
312 3163 425 3213 diserte
448 3176 551 3209 nego.
576 3168 676 3209 Qod
700 3170 732 3201 δε
755 3166 984 3201 Codronchius
1016 3167 1095 3211 (s)

99 3221 165 3254 prae
189 3209 310 3242 caeteris
333 3207 413 3241 ol1m
437 3218 602 3252 negaverat
617 3235 625 3243 .
650 3210 812 3244 Sciendum
835 3209 895 3251 est,
918 3212 1022 3254 inquit
1036 3212 1100 3252 ,il-

98 3254 166 3288 lam
184 3259 328 3294 partem,
351 3259 442 3293 quam
465 3253 622 3289 eximunt,
646 3264 705 3286 non
728 3252 783 3296 esse
805 3254 1029 3295 vermiculum,
1047 3254 1103 3297 sed

98 3306 249 3333 nervum,
273 3295 393 3328 vermis
415 3296 523 3327 teretis
541 3294 664 3338 figura.
689 3297 813 3330 Eodem
825 3306 930 3330 autem
941 3309 1022 3330 anno
1033 3310 1101 3341 quo

103 3340 136 3373 id
159 3336 389 3371 Codronchius
412 3336 566 3371 scribebat
592 3342 682 3381 1609.
708 3338 829 3374 editum
850 3340 890 3374 est
900 3339 1102 3375 Cafferiino-

102 3380 457 3418 sti-irentaestheseion,
479 3381 511 3412 in
535 3393 600 3425 quo
621 3385 689 3422 (t)
712 3383 896 3417 inferiorem
907 3386 1026 3417 caninae
1040 3384 1102 3416 lin-

103 3438 173 3469 guae
196 3424 310 3458 faciem
333 3425 486 3466 pingens,
518 3426 723 3459 vermiforme
753 3429 786 3460 in
818 3439 851 3460 ea
883 3428 1105 3470 corpusculum

103 3467 264 3508 ostendit,
286 3466 373 3510 quod
397 3469 429 3499 δε
454 3466 588 3501 seorsum
599 3468 757 3510 delineat,
781 3471 951 3513 posteriore
962 3480 1105 3504 extremo

103 3515 138 3545 in
162 3511 374 3555 longiffimam
395 3511 528 3543 caudam
551 3513 634 3545 resta
656 3513 846 3556 productum
858 3538 871 3555 ,
894 3526 963 3557 quae
998 3514 1108 3548 sensim

104 3557 140 3588 in
151 3557 341 3589 tenuitatem
355 3553 577 3587 incredibilem
588 3555 616 3588 se
628 3554 656 3588 se
667 3556 831 3590 contrahit
845 3583 852 3588 .
874 3559 1018 3600 Aitque,
1040 3569 1109 3591 mu-

98 3598 222 3642 sculum
232 3597 309 3636 effe,
332 3608 391 3640 quo
406 3607 495 3630 canes
506 3597 650 3639 lingunt,
673 3598 731 3632 five
743 3600 779 3633 ad
792 3600 967 3643 lingendum
972 3598 1109 3643 saffram,

191 3642 355 3684 Morgagni
367 3641 402 3674 de
415 3641 482 3673 Sed.
498 3642 538 3674 Θ
549 3640 633 3682 Caus-
646 3642 747 3676 Morb.
763 3645 859 3676 Tom.
875 3646 901 3677 Ι.

1995 236 2062 295 67

1134 327 1266 358 eumque
1278 317 1310 350 in
1322 317 1418 350 medio
1429 316 1530 358 apicis
1540 314 1651 357 linguae
1662 310 1812 346 occultari
1823 334 1835 352 ,
1858 310 1915 354 qui
1937 309 1966 343 se
1988 309 2127 343 invento-

1133 372 1197 395 rem
1217 359 1351 398 habeat,
1372 360 1489 401 quippe
1512 357 1586 392 aliis
1607 356 1645 389 ad
1673 355 1707 389 id
1724 354 1819 397 usque
1829 363 1953 395 tempus
1964 353 2102 396 ignotum
2115 375 2124 383 .

1176 414 1226 445 35.
1251 403 1348 443 Fugit
1369 410 1473 434 autem
1492 400 1666 434 Cafferium
1690 399 1778 431 locus
1796 398 1849 430 ille
1874 397 1996 435 Plinii,
2020 404 2054 427 ut
2077 405 2126 427 me

1130 445 1217 488 ejus,
1241 450 1272 478 ὃ(
1294 443 1493 478 Codronchii
1519 443 1685 486 fugerant,
1707 451 1779 474 cum
1801 439 1884 473 idem
1894 437 2117 482 corpusculum

1130 500 1162 521 in
1187 499 1298 521 canum
1323 488 1431 528 lingua
1454 488 1533 521 olim
1556 485 1788 521 animadverti,
1814 486 1846 516 &
1869 482 1981 524 saepius
2012 480 2126 514 deinde

1129 531 1167 564 ad
1190 543 1318 564 examen
1342 530 1510 570 revocavi,
1534 529 1622 573 quod
1643 540 1681 561 an
1704 528 1757 560 alii
1769 526 1957 559 Anatomici
1973 526 2056 557 intra
2068 523 2127 557 hos

1130 585 1256 608 centum
1278 577 1310 607 &
1333 574 1566 617 quinquaginta
1588 583 1684 606 annos
1708 568 1926 611 descripserint
1942 591 1954 607 ,
1977 576 2030 601 aut
2046 567 2129 600 deli-

1131 620 1314 656 neaverint,
1336 617 1459 650 nescio.
1485 618 1559 658 Ego
1581 626 1654 648 vero
1678 626 1741 648 non
1766 613 1809 646 ob
1831 611 1912 645 hanc
1935 610 2128 653 potiffimum

1134 661 1256 694 causam
1280 661 1369 703 plura
1393 658 1430 691 de
1454 670 1492 691 eo
1512 657 1702 701 corpusculo
1725 655 1820 689 verba
1843 653 1980 691 faciam3
2004 652 2051 685 sed
2070 664 2127 694 po-

1136 707 1200 738 tius
1212 716 1247 736 ne
1258 705 1307 737 cui
1321 702 1418 736 doeto
1430 699 1555 734 homini
1573 713 1582 739 ς
1608 700 1695 744 quod
1710 698 1847 740 hacipsa
1860 707 1954 730 aetate
1965 694 2108 728 accidisse
2120 719 2129 733 ,

1136 748 1298 790 suspicor3
1323 756 1380 787 pro
1403 756 1506 778 verme
1521 745 1656 786 amplius
1670 745 1814 785 imponat
1827 737 2130 788 .Credoar1temliic

1136 803 1150 824 a
1176 791 1274 831 vulgo
1297 788 1459 822 nonnullis
1482 788 1613 820 canibus
1637 786 1739 819 adhuc
1761 785 1883 822 eximi3
1905 795 1978 816 cum
2001 792 2131 814 enimin

1133 833 1319 877 quindecim
1343 830 1553 874 cujuscunque
1568 829 1744 871 promiscue
1757 831 1786 861 δε
1799 827 1942 869 generis,
1965 828 1992 860 δι’
2008 825 2133 867 magui-

1134 877 1278 915 tudinis,
1301 878 1333 908 &
1355 876 1458 908 aetatis
1481 873 1697 917 quaefiverim‚·
1720 873 1753 904 in
1778 870 2021 914 quatuordecim
2045 870 2132 900 inve-

1134 922 1192 961 ni;
1214 931 1292 953 unus
1317 918 1415 952 modo
1436 930 1475 955 ex
1499 919 1537 950 iis
1560 917 1678 960 quibus
1700 915 1840 948 laniones
1851 922 2004 951 utuntur,
2031 912 2131 944 maxi-

1133 975 1201 996 mus
1223 962 1392 1002 omnium,
1414 970 1449 994 ut
1475 959 1579 994 multo
1593 958 1693 1000 majus
1707 957 1819 991 habere
1830 953 2006 996 debuisset,
2027 955 2133 987 omni-

1135 1018 1180 1039 no
1203 1017 1266 1038 non
1291 1004 1423 1038 habuit:
1446 1003 1533 1047 quod
1555 1003 1578 1035 fi
1602 1014 1677 1036 tunc
1691 1002 1787 1034 Plinii
1800 1000 1891 1033 verba
1903 999 2064 1045 memoriae⁴
2077 1007 2134 1030 oc·-

1135 1046 1324 1087 currissem5
1347 1048 1517 1089 diligenter
1539 1047 1700 1078 cicatricis
1722 1043 1888 1085 vestigium
1904 1040 2107 1084 quaefivislem
2121 1062 2134 1079 ,

1138 1104 1206 1135 quae
1232 1102 1339 1125 tamen
1363 1091 1521 1124 luculenta
1545 1100 1608 1121 non
1631 1088 1751 1127 fuerit,
1774 1084 1888 1119 necesse
1911 1084 1974 1120 est3
1998 1095 2069 1117 nam
2081 1093 2135 1126 per

1140 1137 1168 1170 se
1192 1136 1225 1168 in
1247 1134 1358 1167 oculos
1382 1130 1578 1166 incurrisset.
1605 1133 1650 1164 Et
1674 1132 1707 1163 iu
1731 1131 1831 1163 altero
1863 1126 1993 1171 quidem
2028 1137 2103 1159 cane
2123 1148 2133 1164 ,

1141 1180 1194 1222 qui
1218 1189 1349 1220 magnus
1372 1184 1458 1216 erat,
1483 1186 1613 1219 parvum
1647 1174 1682 1207 id
1714 1183 1830 1215 corpus
1861 1182 1919 1214 pro
1950 1170 2036 1204 canis
2069 1180 2138 1202 ma·

1140 1222 1308 1265 gnitudine
1332 1218 1447 1259 fuisse,
1471 1219 1626 1256 memini3
1652 1228 1717 1251 non
1739 1214 1780 1248 fic
1797 1224 1909 1248 -tamen
1931 1214 1970 1245 in
1989 1213 2061 1262 aliis
2088 1212 2138 1244 vel

1141 1277 1227 1307 aeque
1251 1263 1440 1307 grandibus.
1470 1265 1540 1295 Imo
1562 1257 1595 1294 in
1618 1271 1736 1303 magno
1758 1258 1900 1302 quodam
1931 1267 2040 1289 inveni
2076 1264 2138 1288 tres

1140 1309 1264 1351 digitos
1287 1305 1472 1340 transversos
1495 1306 1627 1347 longum
1642 1329 1650 1345 ‚
1673 1314 1747 1337 cum
1771 1304 1806 1335 in
1830 1300 2046 1335 mediocribus
2066 1309 2139 1332 raro

1142 1352 1332 1394 superaverit
1357 1350 1457 1387 duos,
1482 1348 1596 1390 saepius
1620 1347 1811 1391 aequaverit.
1838 1347 1982 1386 Itemque
2006 1344 2041 1376 in
2074 1342 2139 1391 alio

1141 1397 1250 1438 potius
1273 1405 1413 1436 magno,
1435 1403 1533 1435 quam
1554 1402 1678 1434 parvo,
1700 1401 1775 1423 cum
1799 1389 1906 1432 lingua
1929 1386 2001 1420 esset
2035 1385 2142 1428 longi-

1141 1438 1251 1472 tudine
1273 1437 1450 1477 digitorum
1472 1435 1574 1473 οᾶος
1596 1435 1695 1468 trium
1718 1432 1844 1476 ipsum,
1867 1440 1920 1465 aut
1943 1442 1982 1463 co
2003 1429 2141 1472 amplius

1143 1482 1209 1515 fuit
1233 1482 1279 1514 vel
1305 1475 1367 1514 sine
1392 1478 1566 1513 tenuissima
1589 1477 1695 1511 caudae
1720 1484 1809 1519 parte
1826 1500 1833 1506 .
1853 1477 1946 1507 Cum
1968 1473 2055 1505 enim
2078 1471 2142 1505 hoc

1143 1534 1222 1558 teres
1245 1535 1359 1567 corpus
1382 1523 1466 1556 nihil
1490 1522 1612 1562 magis,
1635 1519 1656 1553 fi
1681 1519 1818 1561 figuram
1841 1514 2069 1551 tantummodo
2079 1514 2145 1557 spe-

1146 1570 1230 1606 eres,
1253 1579 1348 1611 quam
1371 1565 1476 1600 fusum
1502 1559 1614 1599 referat
1636 1587 1648 1604 ,
1678 1561 1719 1596 fic
1750 1563 1903 1605 utrinque
1936 1567 2148 1598 eXtenuatur,

1146 1623 1181 1645 ut
1208 1612 1346 1645 anterius
1369 1619 1546 1645 extremum
1569 1606 1659 1652 quod
1682 1605 1719 1640 ad
1741 1604 1842 1648 ipsam
1865 1604 2016 1638 ultimam
2048 1602 2150 1645 apicis-

1145 1658 1265 1699 linguae
1289 1666 1379 1688 oram
1404 1653 1536 1695 saepius,
1561 1660 1791 1693 nonnunquam
1804 1649 1950 1693 proxime
1967 1646 2069 1689 ipsam
2091 1656 2146 1696 ex-

1144 1700 1310 1738 tenditur,
1334 1697 1372 1731 fit
1397 1697 1502 1730 minus
1525 1698 1557 1729 &
1580 1703 1707 1728 acutum
1724 1719 1732 1732 ‚
1756 1696 1788 1726 ἃ
1811 1693 1973 1735 longum;
1995 1688 2148 1732 posterius

1145 1754 1209 1778 non
1233 1741 1330 1775 modo
1353 1739 1462 1773 sensim
1485 1740 1586 1782 magis
1601 1764 1608 1777 ,
1633 1736 1794 1780 magisque
1817 1735 1845 1768 se
1869 1733 2033 1769 contrahit
2055 1756 2064 1771 ‚
2099 1730 2151 1764 sed

1146 1787 1201 1821 ubi
1227 1796 1290 1818 non
1314 1785 1358 1817 ita
1381 1784 1472 1817 breve
1498 1782 1636 1825 spatium
1659 1779 1819 1814 emensum
1843 1778 1907 1820 est,
1931 1785 2054 1820 repente
2068 1778 2101 1810 in
2114 1774 2156 1808 fi-

1146 1831 1214 1864 lum
1237 1828 1304 1861 abit
1328 1825 1417 1871 quafi
1450 1826 1635 1859 tendineum
1655 1848 1664 1862 ‚
1700 1832 1847 1866 pertenue
1866 1845 1879 1863 ,
1911 1825 1941 1855 δι
1977 1821 2116 1854 albicans
2139 1842 2150 1857 ,

1144 1872 1232 1916 quod
1243 1872 1388 1914 corporis
1398 1870 1479 1904 unde
1490 1870 1613 1912 prodiit
1628 1890 1637 1905 ,
1659 1866 1899 1909 longitudinem
1912 1864 1990 1908 saepe
2003 1874 2132 1907 aequans
2143 1888 2153 1904 ,

1146 1928 1221 1951 raro
1242 1927 1275 1948 ea
1300 1916 1405 1948 minus
1419 1938 1427 1953 ‚
1450 1924 1514 1946 non
1538 1924 1611 1945 raro
1631 1910 1736 1952 majus
1752 1935 1759 1948 ‚
1783 1912 1816 1942 δε
1840 1908 1954 1945 semel,
1976 1905 1999 1940 fi
2014 1919 2076 1940 non
2092 1908 2152 1939 tri-

1147 1960 1265 2003 plum,
1289 1967 1319 1991 at
1343 1966 1429 1989 certe
1454 1957 1524 1999 plus
1547 1966 1644 1999 quam
1668 1953 1806 1995 duplum
1842 1964 1856 1984 a
1892 1963 1943 1984 me
1975 1949 2153 1995 deprehen-

1141 2007 1232 2038 ium,
1257 2012 1310 2044 per
1334 1999 1472 2033 medium
1497 1998 1580 2033 illud
1605 1996 1824 2031 musculorum
1846 1995 1902 2038 qui
1927 1994 2002 2028 hinc
2026 1999 2057 2028 δε
2075 1994 2153 2027 hinc

1144 2046 1200 2080 sub
1223 2046 1333 2086 lingua
1357 2044 1565 2085 prominent,
1588 2040 1797 2074 interstitium
1833 2038 1940 2081 pergit
1976 2036 2016 2070 ad
2048 2037 2155 2080 poste-

1133 2091 1251 2126 riora,
1275 2088 1337 2120 alte
1360 2086 1443 2119 inter
1466 2086 1542 2119 illos
1566 2084 1594 2117 se
1615 2083 1773 2118 condens.
1801 2085 1841 2116 In
1863 2081 1974 2115 eodem
1985 2083 2155 2115 autemin-

1144 2131 1286 2166 tei-stitio
1308 2128 1346 2162 ad
1369 2130 1524 2162 anteriora
1548 2127 1711 2171 producto
1733 2129 1765 2160 &
1788 2124 1941 2169 posterius
1954 2134 2132 2159 extremum
2144 2146 2158 2165 ,

1144 2178 1175 2208 &
1199 2184 1315 2216 corpus
1338 2173 1497 2215 reliquum
1523 2172 1664 2206 locatum
1687 2170 1728 2204 est
1741 2195 1752 2211 ,
1774 2168 1826 2202 sed
1850 2167 1912 2202 hoc
1937 2178 2031 2202 tanto
2065 2178 2157 2203 exte·

1144 2220 1211 2251 rius
1230 2243 1239 2258 ,
1264 2226 1300 2250 ut
1325 2216 1443 2258 linguae
1458 2213 1785 2257 membranamipsam
1803 2213 1973 2256 contingat
1998 2211 2155 2255 protube-

1144 2271 1230 2300 rans,
1244 2271 1298 2302 per
1311 2269 1441 2301 eamque
1453 2258 1677 2301 transpiciatur
1689 2282 1696 2290 .
1709 2258 1792 2299 Qae
1803 2255 1859 2289 ubi
1871 2255 1984 2289 leviter
1995 2255 2111 2296 incisa,
2123 2258 2157 2288 δε

1148 2304 1241 2337 fimul
1259 2303 1384 2336 cumiis
1399 2301 1524 2336 duobus
1537 2301 1686 2335 musculis
1696 2300 1735 2333 fic
1747 2301 1821 2333 satis
1837 2298 1969 2333 didu&a
1995 2298 2037 2332 est
2048 2324 2061 2340 ,
2084 2307 2157 2332 tum

1147 2358 1225 2380 vero
1235 2345 1315 2379 illud
1327 2344 1488 2388 cujusdam
1502 2345 1654 2379 lumbrici
1667 2343 1762 2377 instar
1773 2350 1925 2386 apparet;
1937 2353 2008 2375 nam
2022 2343 2061 2377 ad
2073 2342 2157 2385 figu-

1148 2402 1215 2423 ram
1228 2388 1339 2423 albedo
1351 2412 1364 2429 ,
1387 2390 1417 2421 &
1431 2389 1541 2422 levitas
1553 2388 1704 2422 accedunt
1717 2411 1724 2419 .
1739 2388 1785 2420 At
1796 2386 1818 2419 fi
1828 2386 1947 2426 cultri,
1959 2395 2015 2419 aut
2031 2386 2158 2428 digit00

1145 2445 1217 2467 rum
1229 2444 1286 2475 ope
1299 2432 1337 2464 ab
1348 2433 1456 2473 lingua
1469 2431 1605 2473 dividas;
1615 2432 1647 2465 id
1660 2429 1749 2475 quod
1761 2429 1851 2463 nullo
1864 2430 1998 2472 negotio
2008 2428 2043 2463 fit
2055 2430 2156 2470 ,¹l1aeve

1145 2475 1278 2519 quidem
1290 2486 1323 2507 ea
1337 2486 1464 2520 quoq-ue
1476 2474 1556 2508 faeie
1567 2475 1724 2518 conspicis
1735 2485 1804 2516 quae
1819 2472 1937 2506 latebat
1950 2497 1962 2514 ,
1986 2472 2037 2507 sed
2051 2473 2158 2507 rubel-

1147 2521 1215 2553 lum
1229 2545 1232 2550 .
1245 2521 1356 2560 Itaque
1370 2517 1466 2558 hujus
1481 2529 1549 2559 pars
1561 2520 1704 2561 corporis
1715 2529 1785 2560 quae
1796 2516 1921 2550 craffior
1932 2516 2027 2555 est,ex
2036 2516 2157 2552 duabus

1147 2561 1270 2596 constat
1293 2560 1471 2595 substantiis
1483 2563 1566 2595 inter
1577 2561 1605 2595 se
1614 2561 1780 2595 aretiffime
1793 2561 1882 2593 nexis
1895 2585 1904 2601 ,
1924 2561 2023 2594 altera
2047 2560 2158 2596 candi-

1147 2606 1187 2639 da
1198 2629 1210 2645 ,
1222 2605 1368 2639 subrubra
1384 2605 1479 2638 altera
1490 2627 1500 2642 ,
1512 2609 1542 2639 &
1555 2617 1651 2649 quam
1663 2605 1758 2638 facile
1771 2615 1911 2637 carneam
1926 2604 2035 2638 credas
2047 2628 2056 2643 ,
2069 2614 2104 2639 ut
2116 2606 2158 2638 il„

1147 2650 1212 2682 lam
1223 2649 1353 2682 alteram
1363 2660 1452 2691 ,quae
1466 2648 1507 2682 ad
1518 2658 1657 2683 extrema
1670 2650 1767 2682 etiam
1778 2649 1917 2690 pertinet
1928 2672 1940 2689 ,
1953 2648 2135 2682 tendineam
2147 2672 2156 2679 ,

1148 2694 1270 2726 Verum
1281 2703 1335 2725 nec
1347 2691 1467 2725 rubella
1479 2703 1517 2725 ex
1529 2692 1701 2726 manifestis
1711 2691 1848 2725 efficitur
1860 2691 1945 2725 fibris
1956 2705 1966 2731 ,-
1979 2695 2010 2725 &
2023 2693 2157 2726 candidu

1148 2735 1309 2769 duriorest
1319 2746 1418 2782 qu-am
1433 2736 1600 2775 tendinea3
1615 2747 1649 2771 ut
1663 2735 1765 2769 media
1782 2736 1866 2767 inter
1878 2736 2088 2777 ligamentum
2100 2760 2112 2777 ,
2124 2739 2156 2770 δε

1150 2778 1314 2812 tendiuem
1325 2779 1381 2811 elle
1394 2777 1551 2813 videatur:
1564 2781 1642 2822 quin
1654 2779 1771 2822 digitis
1782 2778 2079 2819 t1·aetata,hic1'111·c
2091 2791 2155 2813 non

1151 2823 1242 2856 semel
1257 2822 1339 2855 mihi
1351 2821 1415 2855 visa
1428 2822 1470 2855 est
1479 2821 1563 2865 quasi
1575 2823 1613 2857 ad
1623 2823 1861 2864 cartilagineam
1872 2831 2015 2856 naturam
2026 2824 2156 2866 propius

1151 2865 1295 2900 accedere
1305 2889 1318 2906 ,
1329 2876 1384 2899 nec
1395 2877 1466 2898 raro
1478 2889 1491 2906 ,
1503 2876 1567 2898 non
1578 2876 1730 2909 perpetua
1741 2889 1754 2906 ,
1769 2864 1819 2898 sed
1831 2865 1917 2908 quali
1929 2865 2029 2899 divisa
2042 2867 2076 2899 in
2088 2866 2159 2901 fru-

1149 2909 1244 2950 stula,
1253 2921 1347 2952 eaque
1359 2910 1559 2951 inaequaliter
1569 2909 1738 2943 distributa
1752 2932 1760 2941 .
1773 2908 1950 2946 Quotiescu
1999 2921 2037 2943 ue
2049 2920 2156 2944 autem

1150 2953 1292 2986 medium
1308 2952 1370 2985 hoc
1380 2964 1505 2998 corpus,
1521 2953 1553 2985 in
1565 2952 1775 2986 transversum
1787 2952 1932 2992 diffecui,
1945 2955 1981 2995 ip
1997 2965 2011 2986 a
2024 2953 2156 2996 quidem

1145 2997 1244 3030 sec‘tio
1255 2996 1368 3029 circuli
1383 2998 1480 3028 terme
1492 3006 1592 3028 aream
1604 2996 1723 3039 semper
1734 2996 1859 3034 retulit3
1874 2996 1925 3030 sed
1938 2997 2007 3030 alba
2018 2996 2155 3031 substan-

1144 3042 1190 3073 tia
1200 3040 1262 3073 fere
1272 3039 1547 3081 semper,rariffime
1559 3039 1708 3073 subrubra
1719 3038 1819 3082 majus
1832 3041 1919 3073 illius
1929 3052 2004 3073 areae
2017 3039 2155 3083 segmen-

1149 3094 1221 3117 tum
1242 3083 1412 3124 occupavit
1422 3106 1430 3112 .
1458 3082 1527 3115 Nec
1551 3085 1652 3117 totius
1677 3095 1753 3116 areae
1772 3083 1925 3116 diameter
1936 3084 1976 3118 us
1997 3095 2067 3117 uam
2083 3096 2151 3117 ma—

1150 3138 1210 3171 gna
1236 3126 1298 3165 est5
1323 3126 1390 3158 imo
1414 3126 1461 3158 vel
1486 3126 1539 3159 ubi
1564 3127 1601 3159 ab
1630 3127 1779 3160 extremis
1792 3128 1929 3160 maxime
1943 3127 1975 3161 di
2005 3136 2037 3159 at
2048 3150 2061 3167 ,
2084 3138 2154 3170 per-

1154 3182 1247 3214 parva
1262 3194 1269 3201 .
1296 3170 1365 3202 Nec
1389 3170 1527 3202 anterius
1549 3180 1726 3204 extremum
1759 3168 1895 3204 fissuram
1931 3170 2027 3204 habet
2047 3193 2059 3210 ‚
2094 3180 2149 3204 aut

1154 3213 1242 3248 aliud
1264 3213 1352 3256 quod
1376 3224 1411 3245 os
1433 3211 1548 3246 referat
1563 3226 1573 3252 5
1597 3225 1651 3247 nec
1663 3225 1776 3257 corpus
1788 3213 1960 3256 quidquam
1971 3214 2057 3246 intus
2069 3214 2153 3246 mol-

1155 3258 1196 3291 lis
1207 3282 1219 3298 ,
1243 3265 1296 3290 aut
1319 3258 1386 3288 cavi
1400 3280 1407 3286 .
1433 3255 1502 3288 Etfi
1526 3267 1601 3291 vero
1624 3259 1844 3300 proximorum
1870 3256 2088 3290 musculorum
2113 3255 2152 3290 fi-

1155 3301 1219 3334 brae
1231 3300 1307 3333 huic
1318 3300 1445 3340 corpori
1455 3298 1612 3333 adhaerent
1624 3313 1634 3339 ς
1659 3312 1724 3334 non
1738 3300 1886 3332 tamenin
1898 3299 2000 3342 ipsum
2013 3299 2129 3334 abeunt
2140 3322 2151 3338 ,

1155 3354 1254 3387 neque
1276 3343 1525 3388 continuantur:
1551 3346 1627 3387 quin
1651 3344 1690 3376 ab
1714 3344 1754 3376 iis
1777 3341 1927 3376 musculis
1949 3343 1991 3378 est
2014 3354 2070 3386 per
2102 3353 2151 3377 te-

1155 3398 1247 3420 nuem
1258 3385 1454 3427 interjectam
1466 3387 1679 3420 membranam
1692 3385 1841 3424 divisum3
1853 3396 1887 3419 ut
1900 3385 1991 3419 facile
2005 3395 2151 3429 propter-

1156 3442 1191 3462 ea
1203 3454 1214 3470 ,
1235 3431 1281 3464 uti
1295 3429 1361 3461 dixi
1375 3451 1388 3467 ,
1410 3431 1441 3461 ἃς
1453 3430 1524 3462 laevi
1536 3430 1678 3471 undique
1691 3429 1808 3462 servata
1821 3429 2005 3472 superficie,
2024 3429 2151 3462 evolva-

1159 3482 1211 3507 tur
1227 3485 1233 3504 :
1246 3471 1332 3515 quod
1344 3470 1367 3503 fi
1382 3473 1414 3503 in
1427 3474 1563 3506 mortuis
1573 3471 1724 3511 succedit5
1737 3481 1858 3515 quanto
1868 3471 1995 3506 facilius
2007 3470 2152 3506 succede-

1161 3528 1192 3549 re
1211 3516 1375 3549 credemus
1397 3516 1430 3548 in
1444 3515 1551 3549 vivis?
1571 3517 1655 3552 Quae
1673 3526 1746 3549 cum
1765 3518 1811 3549 ita
1828 3515 1888 3549 sint
1911 3528 1921 3554 3
1951 3524 1987 3548 ut
2010 3516 2151 3557 proclive

1161 3559 1203 3593 est
1224 3559 1400 3600 intelligere
1410 3581 1422 3599 ,
1445 3557 1505 3593 hoc
1529 3558 1612 3593 illud
1635 3557 1692 3593 effe
1715 3559 1801 3602 quod
1812 3582 1825 3599 ,
1847 3559 1921 3591 licet
1943 3558 2057 3592 vermis
2088 3569 2152 3592 non

1160 3602 1199 3636 fit
1220 3626 1233 3643 ,
1264 3614 1322 3645 pro
1349 3612 1455 3635 verme
1485 3611 1591 3636 tamen
1623 3614 1638 3636 e
1671 3613 1786 3637 canum
1808 3602 1915 3645 lingua
1938 3601 2123 3677 demebaitur
2140 3614 2151 3641 5

1676 3648 1692 3679 I
1736 3656 1753 3677 2
2081 3656 2110 3678 ic

167 3767 219 3796 (i)
235 3767 294 3791 obs.
305 3765 388 3800 μεὶς..
438 3764 496 3795 (k)
513 3764 580 3796 Elys.
589 3764 686 3794 jucund.
698 3767 785 3798 Qlaest.
797 3769 930 3798 eamp.qu.
941 3772 979 3792 σι.
991 3776 1014 3792 n.
1025 3776 1047 3792 1.

167 3798 182 3827 ζ
196 3806 211 3820 n
228 3798 243 3827 )
257 3799 347 3831 Natur.
365 3796 418 3821 hist.
434 3799 450 3820 l.
469 3803 507 3825 29.
524 3803 545 3820 c.
565 3806 586 3826 5.

170 3833 178 3858 ι
196 3836 211 3857 q
230 3832 237 3856 )
256 3836 281 3853 in
299 3829 386 3852 Alcon.
403 3834 515 3851 extremo
526 3844 532 3850 .
594 3828 609 3857 (
624 3836 635 3852 r
650 3834 658 3858 )
672 3830 708 3852 De
723 3828 826 3859 Contag.
844 3829 889 3854 διε.
906 3829 923 3853 l.
939 3835 960 3853 2.
976 3836 997 3854 c.
1016 3837 1051 3854 io.

759 3798 762 3801 Ι
917 3799 921 3803 .
1096 3769 1162 3804 ,(1)
1178 3770 1240 3799 Eph.
1255 3771 1287 3793 N.
1299 3768 1464 3800 C.Dec.3.A.
1477 3779 1501 3794 2.
1514 3769 1572 3793 ΟΜ.
1584 3777 1636 3799 ¹05·

647 3798 660 3828 (
677 3806 690 3821 o
705 3799 719 3826 )
735 3797 800 3827 [ΜΡ.
816 3800 844 3823 de
861 3800 937 3824 Rab1e
954 3800 980 3822 P.
996 3807 1021 3823 2.
1038 3803 1125 3828 partic.
1141 3807 1160 3826 5.

1085 3842 1087 3845 ’
1113 3828 1179 3860 (s)
1194 3832 1230 3855 De
1249 3829 1324 3854 Rabie
1341 3829 1357 3853 1.
1374 3838 1395 3856 ι.
1411 3839 1432 3855 c.
1452 3839 1488 3856 10.

1585 3801 1588 3803 -
1697 3770 1711 3798 (
1721 3769 1768 3798 m)
1785 3774 1831 3793 art.
1840 3769 1951 3794 Sem-eit.
1962 3769 2028 3800 supra
2036 3768 2064 3793 ad
2072 3776 2096 3793 a.
2111 3776 2147 3798 19.

1224 3800 1234 3829 (
1249 3807 1266 3829 Ρ
1283 3804 1294 3826 ὶ
1310 3800 1326 3823 l.
1344 3799 1372 3823 de
1388 3804 1466 3830 Cura,
1484 3801 1506 3824 aa
1523 3801 1614 3825 Medic.
1632 3801 1742 3828 Canum,
1759 3800 1835 3824 Gillio
1851 3800 1951 3829 interpr.

1553 3832 1567 3861 ζ
1584 3838 1594 3855 ι
1612 3832 1651 3862 )1.
1668 3838 1690 3855 2.
1705 3831 1769 3855 Tab.
1786 3839 1807 3860 5.
1825 3831 1876 3860 Εἰς.
1892 3840 1915 3860 4.
1933 3833 1954 3856 ὃς
1972 3839 1993 3860 ς.
