2498 4075
336 200 573 246 longitudinem
596 198 799 235 ascendebatt
822 200 1055 235 craffitudinem
1076 213 1175 241 vero,
1207 205 1240 236 δε
1271 201 1330 236 du-

334 246 444 280 ritiem
467 246 500 278 in
522 244 630 277 limbis
654 245 848 287 potiffimum
873 245 988 282 unius,
1013 252 1108 287 atque
1130 245 1259 279 alterius
1292 257 1330 278 ex

331 290 469 331 valvulis
492 288 614 320 arteriae
639 289 788 331 Magnae.
813 290 883 322 Hac
906 296 1012 321 autem
1037 289 1151 322 arteria
1186 300 1202 321 a
1236 288 1331 322 corde

331 331 371 363 ad
394 331 602 375 diaphragma
625 330 723 375 usque
747 331 917 365 secundum
941 331 1178 371 longitudinem
1203 340 1330 375 aperta,

332 383 407 408 toto
429 387 467 407 eo
490 375 593 408 trastu
618 376 759 416 primum
783 375 881 409 lineas
903 373 1053 416 quasdam
1077 374 1329 409 subobscurasin

289 427 294 429 ·
332 417 571 460 longitudinem
595 417 707 452 ductas
730 419 848 460 ubique
873 428 1037 460 apparere,
1062 418 1154 458 vidi,
1185 429 1202 450 a
1234 418 1330 452 corde

328 461 503 505 praesertim
529 460 567 493 ad
591 471 813 497 curvaturam,
836 462 920 494 circa
943 472 1040 503 quam
1070 472 1135 495 uno
1179 462 1212 493 in
1256 462 1332 508 loco

328 504 474 547 quaedarn
498 505 594 537 etiarn
619 504 723 537 albida
748 505 868 537 macula
892 503 1097 545 cernebatur:
1135 503 1248 538 deinde
1282 515 1334 538 tu-

327 549 431 581 nicam
455 549 603 581 intimam
627 547 838 581 animadverti
859 547 1068 590 undecunque
1090 547 1183 581 velles
1216 549 1333 590 ungui-

329 591 386 624 bus
410 601 566 634 arreptam
588 615 600 632 ,
644 601 697 624 aut
742 592 935 633 impulsam,
961 589 999 623 ad
1023 590 1118 623 frusta
1141 601 1205 623 non
1237 602 1332 633 parva

326 635 418 668 nullo
445 637 578 677 negotio
601 633 726 667 detrahi
751 633 856 676 posse.
882 636 972 668 Tum
998 633 1197 667 Pulmonaris
1210 636 1331 667 arteriae

326 687 465 719 trunco,
490 677 646 720 ramisque
669 677 733 720 ejus
757 678 882 721 aliquot
904 676 1063 716 disseffitis,
1087 678 1120 709 in
1137 676 1333 720 horumqui-

329 722 461 755 busdam
485 723 592 754 inveni
618 722 802 763 sanguinem
824 719 910 763 quasi
933 721 967 752 in
988 720 1118 753 tubulos
1130 720 1245 753 alicubi
1259 732 1336 753 con-

327 763 503 798 formatum
520 790 527 797 .
552 763 749 797 Adhaerebat
773 765 802 796 ei
827 764 970 806 sanguini
985 774 1083 805 pauca
1096 763 1334 805 polyposasub-

324 807 458 841 stantia:
483 816 611 849 eratque
634 807 699 848 ipse
732 807 840 839 colore
871 806 1011 849 quodam
1047 805 1224 846 obsoleto,
1259 818 1330 840 cum

326 851 505 885 substantiae
530 851 618 884 illius
641 850 724 883 nihil
748 851 781 882 in
804 849 925 887 corde,
949 859 986 884 ut
1009 850 1104 890 dixi,
1126 850 1212 883 nihil
1251 851 1330 884 alibi

322 903 527 932 cerneretur,
550 892 676 936 sanguis
700 903 805 927 autem
838 891 910 927 esset
942 894 1061 936 ubique
1105 895 1297 937 nigerrimus
1320 919 1329 928 .

454 939 493 971 In
518 937 721 970 Pulmonaris
744 941 830 970 venae
857 938 952 970 ramis
975 939 1094 980 pariter
1118 936 1224 971 incisis
1246 962 1256 976 ,
1278 950 1330 970 ve-

322 993 423 1024 naque
443 980 512 1023 ipsa
533 980 621 1014 Cava
643 990 732 1013 antea
757 991 865 1023 aperta
888 992 963 1013 cum
986 980 1162 1024 quidquam
1187 993 1252 1014 non
1276 992 1330 1013 oc-

321 1023 462 1059 currisset
486 1022 694 1057 adnotatione
718 1023 878 1066 dignum3
902 1023 1059 1058 bronchia
1080 1023 1211 1058 dissesta
1236 1024 1330 1057 sunt.-

320 1069 356 1102 in
379 1069 496 1111 quibus
520 1076 588 1100 erat
612 1067 778 1110 spumosus
802 1067 943 1107 humor,
966 1070 1021 1110 qui
1046 1066 1101 1100 etsi
1124 1067 1204 1100 alibi
1234 1079 1331 1109 puru-

317 1112 442 1150 lentus,
470 1110 546 1143 alibi
571 1111 832 1152 sanguinolentus
854 1110 958 1144 videri
983 1120 1133 1153 poterat5
1157 1110 1259 1153 reapse
1283 1119 1332 1143 ta-

318 1167 393 1189 men
418 1154 604 1197 purulentus
627 1165 690 1187 non
716 1163 804 1187 erat.
831 1155 921 1188 Tum
946 1154 1085 1188 scetione
1116 1165 1134 1186 a
1165 1153 1333 1187 bronchiis

316 1210 373 1243 per
396 1198 522 1241 Asperae
548 1199 669 1231 arteriae
695 1207 846 1232 truncum
868 1198 906 1231 ad
929 1198 1094 1240 laryngem
1118 1205 1221 1229 totam
1255 1209 1327 1239 per-

316 1242 436 1281 dueta,
460 1242 641 1284 pariterque
665 1240 843 1283 oesophago
867 1250 1000 1284 aperto,
1032 1240 1143 1283 hisque
1175 1241 1325 1274 omnibus

315 1285 460 1328 partibus
477 1309 486 1325 ,
509 1286 541 1316 δε
564 1285 731 1327 pharynge
755 1283 950 1326 perlustratis
975 1309 983 1322 ,
1015 1294 1053 1317 ne
1084 1285 1224 1318 tinflura
1252 1285 1326 1327 qui-

314 1328 390 1363 dem
411 1328 580 1370 sanguinea
605 1326 737 1370 usquam
761 1329 931 1370 apparuit5
955 1336 992 1361 ut
1015 1338 1079 1369 qua
1111 1330 1162 1361 via
1196 1327 1324 1369 sanguis

315 1374 350 1406 in
372 1372 530 1406 cadaveris
552 1383 588 1405 os
608 1369 737 1405 venisset
756 1393 767 1410 ,
799 1370 969 1404 obscurum
1002 1369 1074 1405 esset
1094 1396 1102 1403 .
1236 1372 1325 1404 Ven-

313 1427 418 1455 trem,
441 1417 474 1448 in
497 1426 563 1458 quo
585 1426 696 1457 aquam
720 1412 804 1455 esse,
826 1425 889 1447 non
913 1414 1100 1448 dubitabam
1119 1437 1129 1452 ‚
1163 1414 1324 1459 aperiendi

314 1463 348 1494 &
371 1469 516 1502 tempu5‚
542 1461 574 1492 ἅτ
598 1459 686 1492 causa
709 1457 839 1496 defuit5
862 1468 962 1501 neque
986 1460 1071 1491 enim
1095 1458 1122 1492 is
1146 1482 1154 1496 ,
1190 1457 1248 1491 nisi
1273 1458 1323 1492 ul-

313 1504 406 1537 timis
430 1503 559 1536 tandem
584 1502 696 1537 diebus
717 1526 730 1543 ,
760 1503 957 1535 intumuerat
981 1525 990 1541 ‚
1025 1514 1125 1545 neque
1155 1503 1228 1536 ullae
1266 1513 1322 1535 un-

313 1559 412 1591 quam
445 1546 482 1580 de
515 1545 584 1589 ipso
626 1547 761 1589 querelae
801 1546 945 1579 mulieris
990 1545 1107 1579 auditae
1152 1547 1278 1580 fuerant
1311 1559 1320 1575 ε

315 1600 352 1624 ut
397 1601 497 1633 neque
543 1589 581 1622 de
613 1592 718 1632 capite
745 1614 752 1620 .
887 1589 934 1622 Et
955 1589 1132 1623 Cerebrum
1157 1590 1227 1623 sane
1250 1601 1324 1622 cum

314 1633 464 1675 postridie
490 1658 499 1673 ,
546 1633 684 1666 Publicae
727 1634 905 1666 Anatomes
937 1632 1027 1666 causa
1051 1656 1063 1672 ‚
1096 1631 1327 1672 dissecaretur,

314 1677 402 1710 nihil
449 1676 573 1711 obtulit
616 1675 703 1719 quod
748 1676 933 1709 adnotarem
964 1698 977 1715 ,
1020 1674 1079 1708 nifi
1123 1675 1280 1718 majorem
1314 1698 1324 1714 ,

312 1732 411 1764 quam
457 1720 558 1754 soleat
582 1742 595 1761 ,
638 1720 767 1763 copiam
813 1717 975 1761 sanguinis
999 1743 1008 1760 ,
1054 1730 1093 1752 ex
1135 1718 1200 1763 ejus
1248 1717 1326 1752 vasis

314 1765 509 1799 defluentem
534 1790 542 1796 .

354 1820 385 1851 7.
411 1809 445 1842 Si
468 1820 505 1842 ex
529 1809 569 1841 iis
592 1820 662 1851 quae
685 1809 717 1841 in
743 1807 806 1841 hoc
830 1805 979 1840 cadavere
1003 1807 1212 1842 animadverti
1234 1831 1243 1846 ,
1279 1806 1326 1840 se-

310 1863 409 1896 ponas
433 1854 569 1891 omnia,
591 1863 661 1894 quae
698 1859 734 1885 ut
770 1850 876 1883 morbi
910 1851 1103 1884 violentiam
1136 1859 1286 1893 augerent
1309 1874 1323 1890 ,

312 1896 465 1930 morbum
488 1904 593 1928 tamen
617 1895 684 1938 ipsa
708 1905 771 1927 non
796 1894 960 1933 fecerant,
985 1893 1034 1927 sed
1057 1895 1154 1928 illum
1180 1895 1287 1935 potius
1307 1916 1321 1933 ,

310 1949 465 1983 tanquam
488 1938 613 1973 causam
634 1936 765 1971 effeetus
788 1937 889 1971 solent
904 1936 1012 1977 ,sunt
1048 1938 1215 1972 consecuta
1239 1950 1248 1973 ς
1281 1936 1319 1970 ad

309 1994 410 2026 pauca
435 1982 567 2023 redeas,
590 1982 703 2015 necesse
727 1980 769 2013 est
792 1993 861 2023 quae
886 1992 944 2022 pro
967 1982 1071 2015 morbi
1095 1979 1185 2015 causa
1208 1981 1319 2021 proxi-

310 2038 361 2060 ma
386 2028 545 2069 accipias,
570 2024 626 2058 nisi
651 2024 783 2069 quidem
809 2023 997 2067 suspiceris,
1020 2037 1059 2059 ex
1082 2024 1132 2058 his
1155 2021 1230 2065 ipfis
1255 2023 1317 2056 alia

311 2073 430 2114 pariter
454 2070 583 2103 effeetus
608 2068 698 2102 suill'e
722 2091 731 2107 ,
764 2068 825 2101 alia
849 2076 953 2101 autem
976 2065 1033 2101 esse
1056 2066 1184 2102 fortasse
1217 2067 1318 2098 levio-

311 2127 366 2152 ra,
390 2126 485 2158 quam
507 2122 542 2146 ut
566 2112 664 2145 talem
687 2111 834 2145 morbum
869 2111 933 2144 sola
965 2111 1068 2145 facere
1102 2109 1239 2155 potuisse
1271 2111 1320 2142 vi-

311 2158 445 2192 deantur
460 2182 467 2189 .
495 2158 678 2198 Utrumque
701 2156 787 2188 enim
809 2153 999 2188 crediderim
1023 2166 1084 2198 ego
1107 2154 1146 2188 de
1168 2154 1229 2187 illo
1251 2152 1321 2186 san-

312 2204 428 2244 guine,
453 2202 488 2233 in
510 2199 702 2243 quibusdam
724 2199 820 2232 ramis
844 2197 1007 2241 descripto
1032 2199 1232 2233 Pulmonaris
1244 2206 1324 2230 arte-

312 2248 387 2279 riae:
413 2256 506 2288 quem
529 2243 552 2276 fi
575 2242 660 2277 forte
683 2242 748 2285 ipse
773 2242 886 2279 malis,
909 2253 974 2275 non
999 2252 1146 2276 extremo
1159 2252 1322 2284 tempore,

311 2288 360 2323 sed
383 2288 440 2322 diu
465 2298 555 2321 antea
578 2287 623 2319 ibi
649 2284 840 2326 substitisse,
862 2288 894 2319 δε
918 2285 1062 2320 subituro
1086 2299 1101 2319 a
1124 2295 1215 2328 tergo
1248 2284 1322 2317 reli-

311 2345 376 2376 quo
400 2332 545 2375 sanguini
570 2341 642 2364 eum
666 2330 794 2363 obicem
820 2328 975 2372 posuisse,
1008 2330 1092 2364 unde
1129 2330 1250 2362 arterioe
1281 2328 1322 2360 il-

313 2378 400 2417 lius,
423 2379 455 2409 &
477 2375 601 2409 dexteri
624 2374 793 2406 ventriculi
816 2372 924 2405 cordis
939 2398 947 2412 ‚
971 2371 1139 2415 adsitaeque
1173 2371 1322 2405 auriculae

311 2421 464 2454 dilatatio
486 2418 524 2451 fit
549 2417 737 2460 repetenda3
761 2413 908 2458 equidem
931 2427 1004 2448 cum
1027 2415 1167 2458 objicere
1178 2416 1239 2448 alia
1251 2414 1324 2461 pos-

314 2465 398 2501 sem,
423 2474 523 2497 unum
545 2460 628 2494 illud
651 2469 812 2503 quaeram,
836 2459 918 2492 unde
942 2460 1043 2501 igitur
1065 2460 1178 2492 Aortae
1194 2481 1203 2496 ‚
1229 2458 1323 2504 &⁴11-

315 2508 405 2541 nistri
429 2505 599 2539 ventriculi
614 2527 625 2544 ‚
650 2512 744 2546 atque
767 2502 916 2535 auriculae
940 2502 1187 2543 dilatationem,
1212 2503 1325 2534 &lan-

314 2553 422 2595 guinis
443 2551 501 2593 qui
524 2549 566 2582 fic
587 2547 774 2580 distenderet
790 2571 799 2585 ‚
824 2557 946 2580 moram
969 2543 1130 2579 deducas?
1241 2545 1325 2587 Qae

314 2605 419 2629 autern
443 2596 476 2626 in
499 2592 632 2625 valvulis
656 2591 805 2624 adnotata
829 2589 926 2631 sunt,
948 2600 1060 2623 eorum
1081 2587 1213 2632 aliquod
1236 2599 1274 2621 ne
1286 2587 1325 2621 ad

314 2639 418 2674 ullum
440 2634 573 2679 quidem
595 2634 747 2667 morbum
771 2631 901 2666 fortasse
926 2634 1063 2674 attinet,
1085 2633 1172 2665 velut
1197 2631 1323 2664 istudin

314 2684 410 2716 altera
434 2680 562 2714 Mitrali
586 2678 751 2712 orificium
773 2675 860 2719 quod
883 2679 915 2709 in
941 2674 1324 2722 modicuminterstitium

313 2726 447 2761 ducebat
472 2723 728 2757 membranarum
750 2721 839 2753 illam
886 2720 1074 2753 facientium
1098 2745 1106 2752 .
1153 2718 1323 2761 Ejusmodi

313 2771 399 2803 enirn
419 2767 608 2802 membranae
632 2778 648 2798 a
671 2764 851 2798 membrana
876 2775 984 2805 parvas
1006 2762 1237 2805 disjunt‘tiones
1259 2760 1322 2794 fine

314 2814 381 2848 ulla
406 2812 454 2846 ibi
478 2811 538 2843 alia
562 2810 637 2842 vitii
661 2819 760 2848 nota,
786 2818 842 2840 nec
866 2807 958 2840 semel
982 2808 1015 2839 in
1049 2806 1182 2839 valvulis
1217 2804 1325 2838 cordis

314 2858 408 2895 vidi,
433 2858 465 2888 &
490 2854 529 2886 ab
551 2863 625 2887 ortu
648 2851 728 2891 esse,
750 2851 953 2885 existimavi.
992 2852 1043 2884 Sic
1083 2849 1257 2892 praesertim
1291 2849 1325 2881 in

315 2911 377 2935 una
401 2910 438 2932 ex
459 2898 572 2930 Aortae
594 2895 730 2929 valvulis
751 2896 798 2926 ita
823 2893 976 2937 sejunctas
998 2894 1213 2927 membraneas
1237 2893 1329 2925 lami-

316 2955 372 2978 nas
396 2939 631 2978 animadverti,
655 2947 691 2971 ut
716 2937 883 2979 specillum
907 2939 989 2970 inter
1022 2937 1052 2971 se
1085 2936 1291 2969 admitterent
1315 2960 1322 2967 .

318 2987 376 3021 Sed
399 2985 554 3029 quoniam
575 3006 584 3021 ‚
620 2982 698 3015 licut
724 2981 801 3013 alibi
826 2984 838 3020 (
862 2981 872 3013 l
895 2985 907 3021 )
929 2983 1056 3021 dicam,
1079 2991 1134 3013 cor
1164 2989 1230 3012 erat
1265 2979 1325 3011 ho-

316 3031 414 3063 minis
438 3029 495 3070 qui
521 3026 737 3068 aneurysmate
761 3024 799 3057 ad
823 3026 934 3057 Aortae
969 3034 1170 3058 curvaturam
1203 3023 1328 3055 labora-

316 3082 426 3113 verat,
450 3070 472 3104 fi
497 3070 582 3104 forte
607 3071 684 3102 velis
706 3076 871 3110 utramque
895 3067 976 3100 hanc
998 3067 1245 3111 disjunctionem
1257 3067 1327 3098 vio-

316 3118 407 3151 lento
429 3114 621 3148 transeuntis
644 3112 804 3154 sanguinis
829 3111 969 3145 incursui
991 3110 1119 3151 deberi;
1142 3110 1247 3143 morbi
1271 3110 1326 3143 hic

317 3170 446 3204 quoque
469 3160 532 3193 erit
556 3156 706 3193 effeetus,
732 3166 795 3188 non
829 3154 920 3187 causa
943 3178 955 3194 ,
987 3153 1258 3198 quemadmodum
1293 3155 1325 3186 &

318 3216 352 3238 ea
373 3214 442 3248 quae
466 3202 500 3234 in
524 3201 605 3234 facie
628 3200 782 3233 interiore
815 3199 943 3240 Magnae
989 3199 1112 3230 arteriae
1157 3196 1326 3240 conspeeta

319 3248 416 3282 sunt.
442 3244 626 3278 Crassitudo
651 3252 782 3282 autem,
805 3253 839 3274 ac
863 3242 997 3274 durities
1021 3241 1220 3281 limborum,
1250 3252 1326 3283 quas

319 3293 353 3324 in
376 3289 499 3324 duabus
522 3286 659 3330 ejusdem
684 3287 807 3319 arteriae
840 3285 975 3318 valvulis
1007 3284 1285 3319 animadvertimus
1314 3307 1324 3322 ‚

319 3334 342 3368 fi
387 3332 462 3376 ipsae
507 3343 635 3374 quoque
666 3330 771 3377 morbi
796 3326 923 3362 effeetus
946 3339 1010 3362 non
1035 3329 1127 3368 sunt,·
1149 3337 1180 3360 at
1203 3336 1286 3360 certe
1308 3339 1324 3360 a

321 3389 371 3411 me
395 3380 473 3418 laepe
498 3375 576 3407 adeo
599 3377 631 3407 in
655 3375 693 3406 iis
716 3382 845 3415 qnoque
872 3381 1000 3413 repertae
1025 3372 1096 3405 sunt
1118 3394 1129 3411 ,
1163 3374 1219 3414 qui
1253 3371 1324 3403 nul-

321 3421 388 3454 lum
410 3421 495 3452 circa
518 3429 574 3451 cor
599 3416 748 3451 affectum
773 3415 869 3458 paulo
892 3417 1070 3457 graviorem
1094 3415 1164 3458 paffi
1178 3414 1323 3454 fuerant,

321 3473 358 3497 ut
382 3465 514 3495 minime
538 3461 706 3494 videantur
729 3470 787 3499 pro
809 3457 900 3491 causa
924 3470 1033 3492 eorum
1067 3458 1220 3492 habendae
1252 3460 1324 3500 qui-

321 3507 380 3539 bus
402 3505 481 3539 hanc
505 3506 669 3538 mulierem
693 3502 891 3537 vehementer
914 3503 1131 3536 confhetatam
1143 3499 1255 3541 fuisse,
1278 3502 1326 3533 di-

441 3707 454 3735 )
472 3705 544 3734 Epist,
564 3708 598 3734 58.
618 3714 641 3729 n.
662 3713 694 3733 ¹3.
759 3703 768 3731 (
786 3711 810 3727 m
825 3703 839 3732 3
855 3702 927 3731 Epist.
949 3704 982 3725 18.
1001 3710 1023 3725 n.
1043 3710 1065 3729 4.

442 3745 457 3766 )
475 3739 615 3762 commem.
634 3736 719 3759 Litter.
736 3736 768 3758 A.
788 3741 853 3764 ¹743-
873 3732 949 3757 Hebd.
967 3741 1002 3758 ιι.
1020 3741 1045 3756 n.
1062 3741 1085 3760 ⁴-

386 3707 426 3734 (1

390 3738 430 3767 (p

1129 3701 1139 3731 (
1156 3711 1171 3726 n
1187 3701 1200 3730 3
1218 3700 1290 3729 Epist,
1307 3701 1335 3724 tle
1354 3702 1456 3726 Monssr.

923 121 1080 177 Liber
1113 121 1179 175 11.
1212 124 1297 176 De
1334 123 1542 176 Morbis
1578 123 1835 178 Thoracis

1381 203 1436 237 xi.
1462 202 1612 243 Qorum
1635 203 1764 245 quidem
1787 202 1944 237 indicium
1969 200 2100 246 aliquod
2122 212 2166 235 eae
2191 201 2390 244 praebuerunt

1381 248 1417 278 in
1425 248 1526 278 caveis
1537 244 1643 279 cordis
1655 267 1663 281 ‚
1675 246 1863 289 annexisque
1876 247 1998 280 arteriis
2011 246 2215 279 dilatationes
2226 256 2237 283 3
2253 246 2391 279 modicae

1382 289 1529 330 alioquin
1543 311 1551 324 ‚
1577 299 1686 321 omnes
1700 291 1731 322 δε
1745 291 1954 330 proportione
1966 288 2065 322 ferme
2088 289 2171 321 inter
2196 288 2224 321 se
2262 290 2392 332 respon-

1380 331 1507 365 dentes.-
1531 331 1571 364 fic
1596 342 1700 365 tamen
1725 342 1759 365 ut
1783 332 1984 375 quaerendum
2008 333 2209 374 relinquant,
2233 332 2314 365 unde
2325 334 2391 365 ori-

1380 375 1486 418 ginem
1511 375 1586 416 ipsae
1610 374 1798 419 habuerint,
1823 376 1907 417 Qae
1931 375 1954 409 fi
1978 375 2062 409 forte
2086 382 2244 417 repetatur
2268 388 2282 407 a
2309 388 2389 408 con-

1381 416 1600 456 vuliionibu53
1626 429 1681 451 nec
1705 429 1723 451 a
1746 419 1813 453 veri
1836 417 2049 452 similitudine
2081 419 2217 450 alienum
2253 419 2286 450 id
2319 419 2391 452 fue-

1381 463 1446 501 rit,
1468 463 1501 494 &
1524 460 1562 494 ad
1586 462 1788 495 violentiam
1803 462 1907 495 morbi
1929 463 2043 496 melius
2066 461 2307 502 intelligendam
2326 463 2388 495 erit

1384 503 1664 539 accommodatum
1677 528 1684 534 .
1703 506 1779 550 Jam
1801 515 1876 537 vero
1898 505 1936 538 ad
1959 515 2020 538 tres
2043 503 2219 547 propofitas
2238 505 2389 539 Mulieres

1383 556 1532 592 quartam
1555 547 1764 591 adjungamus
1780 573 1790 587 ‚
1811 548 1846 580 in
1870 559 1931 590 qua
1954 559 2018 582 non
2032 558 2097 581 tam
2114 548 2310 590 palpitati03
2333 548 2389 582 etfi

1383 591 1452 625 haec
1474 603 1605 634 quoque
1627 602 1690 624 non
1713 591 1820 624 deerat
1832 603 1843 629 3
1867 603 1962 634 quam
1985 591 2133 625 molestus
2156 590 2193 624 acl
2215 601 2272 623 cor
2284 592 2387 625 sensus

1383 637 1445 668 erit
1467 635 1558 667 nobis
1582 634 1805 675 explicandus.
2223 670 2226 673 ,

1431 679 1458 711 8.
1485 678 1689 714 FOEEMINA
1713 679 1810 720 paulo
1832 679 1968 712 minoris
1993 679 2116 718 aetatis,
2137 688 2172 711 ac
2195 689 2265 720 quae
2278 678 2388 711 novis-

1387 721 1459 755 sime
1482 721 1641 763 descripta
1663 721 1729 761 cst,
1752 723 1784 753 in
1806 721 1919 754 eodem
1951 722 2154 756 Nosocomio
2199 721 2237 753 de
2280 721 2387 755 cordis

1387 765 1600 807 palpitatione
1623 764 1809 803 interdum;
1834 763 1884 797 sed
1926 763 1964 798 de
1999 765 2130 808 spiritus
2162 763 2351 798 difficultate
2373 788 2387 805 ‚

1381 820 1475 852 quem
1500 818 1563 840 non
1586 805 1643 840 nisi
1666 809 1768 841 erecta
1791 808 1935 848 cervice,
1956 807 2070 842 ducere
2093 818 2242 851 poterat,
2266 808 2388 850 semper

1380 851 1589 896 querebatur,
1614 850 1721 885 multo
1743 859 1848 885 autem
1872 853 1973 893 magis
1994 851 2032 885 de
2057 861 2144 885 tanta
2169 851 2207 883 ad
2239 862 2295 883 cor
2329 863 2386 884 an-

1381 894 1481 939 gustia
1496 921 1505 936 ‚
1530 904 1623 936 atque
1647 895 1806 928 anxietate
1822 920 1830 934 ‚
1854 904 1890 928 ut
1913 895 2025 937 saepius
2048 895 2291 939 quamprimum
2315 906 2386 928 mo-

1381 942 1482 973 ritura
1526 939 1687 971 videretur
1711 963 1718 970 .
1754 939 1855 971 Erant
1887 939 1941 980 qui
1967 937 2149 979 pericardio
2173 937 2385 980 hydropicam

1381 983 1544 1016 crederent
1560 1006 1567 1012 .
1593 982 1682 1015 Huic
1707 981 1814 1025 pulsus
1837 991 2001 1023 nunquam
2023 984 2295 1015 intermittentes:
2331 992 2385 1013 ve-

1382 1038 1429 1059 nae
1450 1035 1557 1060 autem
1581 1025 1694 1067 amplae
1717 1034 1803 1057 erant
1819 1049 1826 1056 .
1853 1025 1987 1058 Mortua
2009 1024 2051 1059 est
2083 1037 2156 1059 curn
2187 1023 2225 1056 ad
2258 1025 2385 1057 Anato-

1384 1080 1454 1102 men
1485 1070 1519 1102 in
1550 1068 1683 1111 publico
1716 1066 1938 1101 absolvendam
1962 1068 2139 1102 Muliebria
2171 1077 2386 1111 quaererentur

1386 1113 1483 1154 paulo
1505 1120 1576 1145 ante
1600 1112 1743 1145 medium
1765 1113 1925 1152 Martium
1956 1112 1997 1145 A.
2026 1122 2117 1155 1731.
2262 1112 2386 1144 THO·

1383 1156 1535 1194 RACE,
1559 1159 1589 1187 &
1613 1157 1733 1188 Ventre
1759 1157 1900 1196 apertis,
1924 1155 2028 1197 aliqua
2052 1156 2224 1199 utrobique
2255 1157 2385 1188 inventa.

1376 1199 1418 1232 est
1440 1209 1529 1241 aquae
1551 1200 1668 1242 copia;
1691 1209 1746 1231 nec
1769 1207 1875 1230 tamen
1901 1197 2044 1242 hydrops
2068 1200 2258 1241 pericardii.
2288 1200 2385 1231 Arte-

1376 1244 1430 1276 riae
1456 1242 1585 1284 Magnae
1608 1241 1741 1275 valvnlae
1764 1251 1851 1275 erant
1875 1240 2056 1280 induratae3
2081 1244 2150 1275 imo
2175 1254 2235 1276 una
2266 1240 2348 1275 ossea
2376 1268 2386 1277 .

1376 1285 1446 1328 Ipse
1470 1294 1573 1319 autem
1598 1287 1717 1318 arteriae
1740 1294 1871 1319 truncus
1893 1286 2046 1318 interiore
2068 1285 2149 1319 facie
2165 1285 2271 1327 paffim
2282 1285 2386 1319 osten-

1374 1330 1470 1363 debat
1495 1327 1618 1371 aliquid
1643 1337 1701 1362 autv
1718 1326 1817 1368 ossei,
1841 1336 1895 1361 aut
1920 1327 1958 1362 ad
1992 1326 2107 1362 osseam
2139 1337 2285 1362 naturam
2316 1340 2385 1362 ver-

1375 1373 1503 1416 gentis,
1528 1381 1563 1405 ut
1587 1384 1624 1405 ne
1646 1383 1680 1405 ea
1702 1371 1831 1414 quidem
1855 1382 1943 1414 pars,
1967 1384 2036 1415 quat>
2060 1372 2099 1405 ad
2121 1382 2260 1405 ventrem
2283 1374 2385 1414 perti-

1375 1416 1490 1456 nebat,
1513 1427 1530 1448 a
1551 1426 1600 1447 me
1622 1414 1690 1457 post
1721 1415 1934 1449 Muliebrium
1966 1415 2172 1449 ostensionem
2217 1415 2346 1450 diffecfta
2371 1439 2384 1455 ‚

1375 1461 1468 1493 aliter
1489 1457 1517 1491 se
1541 1457 1670 1492 haberet
1689 1483 1697 1490 .
1721 1459 1836 1502 Neque
1859 1460 1942 1491 enim
1969 1459 2070 1493 solnm
2095 1458 2132 1493 ad
2156 1459 2238 1492 latus
2260 1459 2385 1496 orificii

1376 1502 1593 1537 Mesentericae
1617 1501 1784 1535 Inferioris
1801 1525 1810 1540 ‚
1835 1504 1868 1535 δε
1891 1502 1997 1543 alibi,
2017 1502 2071 1536 sed
2092 1503 2140 1535 vel
2162 1501 2201 1536 ad
2224 1502 2326 1546 ipsam
2348 1506 2384 1537 in

1377 1547 1491 1579 Iliacas
1514 1545 1723 1583 divisionem,
1747 1546 1855 1578 inveni
1879 1544 1994 1579 osseam
2014 1557 2023 1578 .·
2048 1547 2155 1588 paffim
2178 1555 2283 1580 autem
2306 1548 2385 1581 inae-

1376 1590 1528 1633 qualem,
1551 1591 1584 1622 δε
1607 1590 1716 1622 colore
1739 1588 1794 1622 hic
1816 1589 1888 1622 illic
1911 1590 1956 1622 ita
1981 1587 2110 1629 albido,
2134 1599 2169 1624 ut
2193 1590 2294 1631 solet,
2324 1591 2382 1625 ubi

1376 1632 1457 1666 ossea
1482 1632 1552 1665 fieri
1574 1633 1709 1674 incipit.

1418 1689 1448 1717 9.
1473 1675 1670 1719 Negandum
1693 1674 1839 1721 profecito
1862 1687 1928 1709 non
1952 1677 2015 1717 est,
2037 1678 2198 1717 Aortam‚
2223 1676 2383 1712 cu'usmo-

1378 1719 1412 1754 di
1438 1718 1677 1762 descripsimus,
1700 1721 1845 1761 languini
1882 1731 1898 1751 a
1920 1719 2012 1753 corde
2044 1721 2183 1763 impulso
2215 1732 2245 1754 re
2261 1721 2347 1755 istere
2369 1746 2383 1762 ‚

1380 1774 1483 1806 eoque
1505 1766 1538 1797 δε
1561 1763 1831 1805 palpitationem,
1854 1764 1886 1795 δε
1910 1762 2137 1797 difficultatem
2160 1764 2325 1806 spirandi,
2349 1768 2383 1799 <Sc

1377 1807 1527 1849 angustiae
1551 1806 1673 1841 sensum
1696 1806 1791 1839 illum
1813 1805 1932 1839 efficere
1967 1806 2049 1849 posse
2067 1829 2077 1845 ,
2111 1808 2229 1850 quibus
2265 1809 2384 1841 mulier

1375 1851 1564 1893 angebatur.
1590 1850 1648 1883 Sed
1672 1850 1755 1883 illud
1778 1848 1870 1882 fimul
1894 1849 2116 1884 declarandum
2138 1850 2200 1889 est,
2224 1862 2322 1894 quare
2344 1853 2384 1883 de

1372 1895 1413 1926 iis
1438 1903 1489 1926 tot
1513 1893 1721 1933 hominibus,
1743 1895 1776 1926 in
1799 1892 1915 1935 quibus
1940 1893 2094 1936 ejusmodi
2129 1894 2219 1928 fuisse
2244 1897 2383 1929 Aortam

1371 1936 1411 1970 ad
1437 1945 1469 1968 te
1491 1936 1569 1969 alias
1592 1936 1723 1980 scripsi,
1746 1939 1778 1969 &
1805 1937 1982 1979 scripturus
2005 1937 2090 1976 sum,
2117 1938 2221 1982 plures
2243 1940 2382 1972 certeiis

1371 1978 1562 2020 affeetibus,
1585 1991 1637 2014 aut
1663 1991 1728 2013 tam
1751 1980 1951 2013 veliementer
1971 2004 1981 2019 ,
2027 1991 2091 2013 non
2135 1982 2346 2016 laboraverint
2370 2007 2384 2014 a

1371 2021 1472 2065 Qod
1496 2032 1532 2056 ut
1556 2022 1634 2064 fiat,
1659 2024 1719 2055 alia
1742 2024 1855 2065 procul
1880 2023 1980 2057 dubio
2003 2022 2146 2059 addenda
2169 2025 2241 2059 sunt
2263 2025 2302 2059 ad
2331 2026 2382 2058 vi-

1370 2067 1454 2100 tium
1475 2066 1611 2104 Aortae‚
1635 2078 1705 2109 quae
1729 2068 1763 2098 in
1787 2067 1919 2100 muliere
1943 2067 2002 2101 hac
2026 2066 2147 2102 fuerint
2180 2093 2191 2110 ‚
2235 2069 2269 2102 in
2315 2070 2381 2103 illis

1371 2120 1436 2143 non
1447 2105 1569 2143 fuerint
1582 2132 1594 2149 ,
1617 2119 1655 2143 ut
1669 2118 1747 2152 puta
1759 2110 1877 2143 vitium
1889 2111 2061 2153 praesertim
2079 2113 2112 2145 in
2123 2113 2253 2152 organis
2264 2112 2351 2147 aliud
2363 2138 2373 2153 ,

1371 2162 1425 2186 aut
1437 2153 1499 2186 alia
1511 2152 1675 2197 sanguinis
1697 2152 1913 2194 constitutio,
1935 2155 1994 2187 alia
2017 2151 2273 2199 copia,8}s1qua
2298 2168 2379 2199 prae-

1374 2206 1459 2229 terea
1481 2194 1553 2230 sunt
1576 2195 1671 2239 hujus
1694 2198 1839 2240 generis;
1861 2209 1898 2230 ne
1922 2197 2040 2240 semper
2051 2198 2373 2242 exquisitioremner-

1375 2250 1491 2273 vorum
1515 2238 1661 2280 sensum,
1685 2243 1717 2273 δε
1738 2240 1958 2274 convulliones
1992 2243 2025 2273 in
2059 2242 2201 2276 medium
2234 2242 2377 2285 proferre

1374 2282 1558 2317 videamur.
1585 2284 1636 2316 Sic
1661 2285 1695 2315 in
1719 2283 1893 2317 Verdriesii
1918 2286 1993 2318 alias
2017 2290 2027 2325 (
2052 2298 2084 2320 m
2106 2290 2120 2326 )
2143 2287 2284 2320 indicata
2307 2287 2382 2320 Ob-

1377 2327 1554 2359 servatione
1584 2326 1654 2368 post
1686 2328 1858 2361 immanem
1891 2328 1998 2362 cordis
2030 2329 2277 2372 palpitationem
2298 2354 2312 2371 ,
2347 2333 2383 2364 δε

1376 2369 1495 2417 asthma
1518 2369 1695 2403 violentum
1709 2395 1719 2410 ‚
1741 2372 1845 2404 Aorta
1868 2372 1996 2412 quidem
2019 2372 2185 2415 conspecta
2219 2374 2262 2407 est
2294 2377 2381 2407 intus

1373 2414 1455 2447 oflea
1480 2424 1577 2456 prope
1599 2424 1677 2453 cor,
1700 2413 1752 2447 sed
1774 2412 1837 2447 hoc
1859 2426 1984 2457 quoque
2006 2415 2163 2458 stupendae
2185 2417 2382 2459 magnitudi-

1377 2458 1449 2497 nis,
1472 2456 1670 2499 durumque,
1693 2468 1728 2489 ac
1752 2460 1899 2491 tumens.
1924 2459 1975 2491 Sic
1997 2459 2030 2491 in
2056 2458 2144 2498 alio,
2166 2461 2222 2503 qui
2247 2460 2301 2493 diu
2312 2456 2381 2493 ‘va-

1378 2501 1435 2533 riis
1461 2499 1665 2533 conflictatus
1689 2501 1837 2541 morbis,
1860 2504 1895 2533 in
1920 2500 2037 2535 horum
2069 2503 2168 2535 initio
2202 2504 2380 2546 plurimum

1377 2544 1536 2577 obnoxius
1560 2542 1663 2576 fuerat
1685 2543 1792 2577 cordis
1813 2545 2045 2586 palpitationi,
2067 2546 2192 2579 invenit
2216 2547 2270 2579 Cl.
2288 2548 2381 2580 Plan..

1377 2598 1432 2620 cus
1455 2590 1468 2626 (
1491 2598 1510 2619 n
1532 2590 1545 2626 )
1571 2598 1634 2620 non
1657 2587 1756 2620 modo
1778 2587 1869 2620 illam
1890 2589 2039 2620 arteriam
2063 2590 2175 2623 multis
2220 2592 2254 2623 in
2299 2592 2380 2625 locis

1376 2628 1491 2664 osseam
1515 2627 1630 2664 fastam
1645 2655 1656 2671 ,
1684 2629 1735 2663 sed
1758 2633 1790 2663 ἃ·
1813 2632 2025 2665 Coronariam
2048 2642 2215 2676 utramque
2238 2635 2345 2669 cordis
2367 2659 2382 2675 ,

1377 2673 1439 2707 hoc
1463 2683 1567 2706 autem
1593 2675 1789 2712 maximum,
1821 2678 1854 2708 δε
1890 2677 2047 2717 praecipue
2093 2678 2269 2710 auriculam
2314 2678 2381 2721 ejus

1376 2717 1560 2756 dexteram,
1583 2729 1652 2759 quae
1677 2716 1863 2759 ampliffima
1885 2728 1972 2759 erat,
2004 2722 2036 2752 δε
2071 2719 2276 2754 robustissima
2299 2735 2308 2761 3
2343 2733 2382 2757 ut

1377 2762 1538 2803 intelligas
1562 2762 1609 2792 vel
1633 2772 1671 2793 ex
1694 2772 1759 2795 uno
1782 2760 1844 2795 hoc
1867 2763 1970 2799 vitio,
1995 2761 2129 2804 potuisse
2162 2776 2219 2797 cor
2253 2777 2268 2798 a
2301 2767 2381 2799 vali-

1377 2804 1450 2838 dius
1474 2804 1627 2837 contruso
1650 2805 1682 2837 in
1708 2803 1885 2846 subjec‘tum
1909 2807 2121 2840 ventriculum
2146 2807 2295 2850 sanguine
2326 2822 2381 2841 ve-

1377 2847 1556 2881 hementius
1579 2849 1722 2888 irritari,
1747 2848 1914 2891 minusque
1936 2850 2082 2889 mireris,
2106 2849 2127 2882 ii
2151 2851 2236 2884 forte
2259 2854 2292 2885 in
2305 2853 2382 2886 alias

1380 2895 1393 2931 <
1417 2903 1433 2925 o
1455 2896 1469 2932 >
1494 2900 1667 2924 memorata
1691 2890 1815 2925 Gratfii
1840 2891 1902 2924 filii
1926 2893 2158 2927 Observationc
2184 2895 2267 2929 nihil
2290 2896 2381 2930 vide-

1379 2935 1469 2968 bitur
1490 2944 1604 2978 praeter
1626 2937 1799 2968 auriculam
1822 2934 1982 2969 dexteram
2004 2936 2106 2980 duplo
2128 2937 2281 2980 majorem
2304 2952 2384 2975 cau-x

1378 2979 1409 3011 sa
1432 2977 1488 3012 esse
1514 2978 1650 3021 potuisse
1671 2979 1894 3021 palpitationis
1919 3004 1926 3011 .
1961 2982 2110 3024 Denique
2134 2993 2144 3019 ,-
2179 2993 2215 3014 ne
2249 2983 2380 3027 longior

1378 3022 1460 3062 fim;
1483 3023 1515 3055 in
1545 3021 1665 3055 Illustri
1688 3023 1857 3062 Foemina,
1879 3022 1965 3065 cujus
1988 3024 2163 3066 palpitatio
2194 3025 2301 3059 cordis
2347 3031 2380 3061 δε

1380 3065 1516 3105 affidua,
1539 3068 1572 3098 Sc
1596 3075 1683 3098 tanta
1707 3064 1834 3105 fuerat,
1858 3075 1892 3098 ut
1915 3068 1953 3099 ab
1975 3067 2168 3101 adstantibus
2192 3069 2293 3103 audiri
2318 3095 2330 3111 ,
2364 3084 2382 3104 a

1378 3109 1607 3142 remotioribus
1629 3110 1716 3142 cerni
1741 3108 1863 3150 posset,
1886 3111 2039 3152 Magnam
2070 3111 2200 3155 quidem
2234 3116 2381 3147 arteriam

1377 3161 1480 3185 totam
1502 3152 1652 3185 callosam
1675 3150 1760 3185 vidit
1782 3153 1834 3185 Cl.
1860 3153 2079 3188 Cohausenius
2106 3159 2116 3194 (
2138 3165 2162 3197 p
2183 3159 2222 3195 >3
2259 3157 2309 3191 sed
2331 3168 2380 3190 et-

1377 3198 1442 3229 iam
1465 3198 1498 3228 in
1521 3195 1614 3229 corde
1636 3195 1728 3238 ipso,
1751 3195 1867 3229 nedum
1890 3201 1925 3230 in
1949 3198 2174 3241 pulmonibus,
2210 3200 2345 3234 scirrhos
2370 3224 2380 3238 ,

1377 3240 1562 3282 sanguinem
1584 3251 1660 3271 vero
1682 3238 1862 3279 viscidum‚
1886 3244 1916 3274 δι
1941 3241 2105 3276 mucosum
2120 3266 2127 3274 .
2151 3244 2265 3285 Itaque
2289 3246 2322 3277 ὃ(
2346 3245 2380 3276 in

1377 3283 1543 3326 proposita
1567 3295 1582 3314 a
1609 3283 1703 3315 nobis
1727 3283 1858 3316 muliere
1882 3295 1996 3326 praeter
2019 3284 2132 3318 osseam
2158 3287 2262 3326 pallim
2281 3310 2294 3327 ,
2327 3297 2381 3321 aut

1377 3326 1416 3359 ad
1439 3325 1554 3360 osseam
1577 3336 1756 3372 vergentem
1779 3326 1940 3367 Aortam‚
1967 3329 2059 3371 hujus
2082 3340 2210 3372 quoque
2234 3330 2381 3373 *valvulae

1377 3370 1575 3403 attendendae
1600 3372 1669 3403 lunt
1685 3394 1692 3401 .
1716 3371 1865 3408 Quarum
1890 3383 1925 3406 ut
1949 3384 2007 3406 una
2031 3383 2095 3405 erat
2118 3372 2220 3413 ossea,
2254 3374 2381 3416 reliquae

1376 3413 1552 3450 induratae,
1576 3413 1622 3445 ita
1646 3414 1751 3447 minus
1775 3414 1920 3458 sanguini
1944 3416 2176 3458 obsequentes,
2199 3428 2309 3459 augere
2323 3418 2383 3450 ob-

1378 3456 1492 3489 stacula
1518 3456 1592 3490 huic
1615 3458 1742 3491 exituro
1766 3468 1961 3501 potuerunt,
1984 3463 2016 3493 &
2048 3469 2161 3492 contra
2178 3481 2185 3494 ‚
2209 3471 2271 3492 non
2307 3460 2380 3494 satis

1378 3500 1520 3533 reditum
1565 3501 1777 3534 intercludere
1809 3503 1939 3543 eidem,
1962 3515 2037 3537 mox
2063 3503 2190 3545 repulso
2213 3515 2227 3535 a
2252 3514 2384 3537 contra..

2246 3546 2340 3580 hente

1519 3702 1560 3730 (o
1580 3701 1676 3731 )Epist.
1695 3704 1731 3727 18.
1747 3708 1771 3724 n.
1788 3710 1813 3729 4.
