2498 4075
447 293 600 362 Epist.
636 292 798 346 Anat.
831 292 1046 347 Medica
1078 289 1241 346 an.
1278 289 1567 358 Art.34'.&
1604 303 1682 360 35.

46 372 279 408 'contrafflone
302 381 464 408 ureterurn
488 371 581 406 fimul
603 370 686 405 ostia
707 370 977 413 constringendo,
1009 381 1059 403 re-

56 417 278 458 morandoque
301 419 333 449 in
356 417 430 458 ipsis
453 417 579 449 urinam
593 436 602 452 ,
625 425 754 448 omnem
777 415 936 458 reliquam
947 424 1059 448 eorum

55 470 180 502 partem
202 461 241 493 ad
267 460 394 502 pollicis
417 458 684 501 amplitudinem,
708 457 876 501 pesvesque
901 460 997 492 etiam
1009 468 1057 489 re-

54 513 134 537 num
157 513 270 546 praeter
293 503 424 537 solitum
448 502 635 536 dilataverit
655 524 663 533 .
689 502 731 534 Et
765 512 822 534 nos
856 512 987 544 quoque
1020 509 1056 533 ut

54 546 96 579 in·
114 546 237 588 vesica,
261 547 350 580 nullo
372 545 501 583 quidem
525 544 649 579 calculo
662 543 770 578 afficta
784 568 797 585 ‚
818 544 1055 579 craffitudinem

58 591 243 624 tunicarum
265 589 350 626 haud
374 590 468 623 semel
480 588 758 631 conspexerimus,
780 599 844 622 non
860 588 957 621 modo
969 586 1065 623 exul-

54 634 146 666 timis
168 636 210 672 (t)
226 658 236 673 ‚
260 633 311 667 sed
333 645 373 667 ex
396 634 466 667 aliis
490 644 618 675 quoque
642 633 774 665 Litteris
798 634 845 674 (u)
863 630 1065 673 cognovisti,

54 675 226 710 Nimirum
240 675 323 718 five,
344 687 380 711 ut
404 678 436 709 in
455 676 641 713 hibicibus,
663 675 804 710 crebrius
816 675 906 708 urina
920 675 1055 708 veficam

55 721 95 753 ad
106 720 296 761 ejectionem
306 720 494 762 compellit,
517 719 582 753 {ive
594 730 791 761 quaecunque
812 719 872 752 alia
895 717 983 751 causa
1006 716 1058 754 sti-

55 764 136 796 muli
149 763 232 796 vices
254 765 337 804 gerit
352 788 362 802 ,
385 775 422 796 eo
435 761 573 797 confluit
585 764 711 798 uberius
735 761 1057 802 sanguis‚&tunicas

57 806 216 847 adauget.
240 805 294 839 Ab
316 807 388 839 aliis
408 808 512 848 igitur
535 817 664 849 quoque
688 803 788 839 caufis
812 804 918 837 vesicae
940 804 1057 837 tunica:

51 848 268 888 crassescunt:
295 861 379 892 quan
406 861 479 883 uam
502 851 609 885 multo
633 849 745 891 saepius
770 846 809 880 ab
842 848 944 881 urinae
975 846 1059 881 diffi-

54 894 195 927 cultate.
221 893 280 926 Sed
302 894 368 926 vici
395 905 438 927 im
462 906 496 927 ea
520 892 718 926 craffitudine
741 889 889 924 existimo
921 889 1061 928 difficul-

54 945 157 970 tatem
191 934 273 970 hanc
319 938 455 978 augeri,
478 939 509 971 &
533 936 694 970 interdum
718 933 787 968 fieri
804 958 813 972 ,
834 943 889 967 aut
920 933 1059 979 serv-ari,

57 990 94 1012 ut
120 979 228 1022 paucis
250 979 413 1013 ostendam
435 977 605 1022 postquam
629 977 901 1013 Observationem
924 976 1062 1017 subjece-

56 1032 114 1063 ro,
136 1033 210 1064 quae
256 1022 277 1055 si
303 1023 410 1065 perfici
455 1022 634 1064 potuisset,
658 1024 694 1059 in
716 1020 791 1055 alias
813 1022 926 1064 potius
961 1030 1061 1062 quam

57 1066 91 1099 in
114 1064 196 1099 hanc
220 1066 398 1108 Epistulam
420 1067 518 1100 relata
540 1064 632 1100 esset·
820 1066 824 1068 ’
982 1065 984 1067 ’

102 1120 155 1152 34.
178 1108 357 1144 NAUTA
383 1121 504 1147 annum
529 1120 624 1152 agens
645 1109 789 1151 quinqua
814 1106 944 1142 efimum
967 1107 1066 1149 quin-

54 1153 165 1192 ἂιιῐη,
188 1153 406 1196 subpinguis,
429 1153 552 1192 bibax,
578 1163 646 1186 non
669 1151 731 1185 sine
753 1118 944 1189 difficultate
976 1152 1063 1183 min-

52 1208 126 1238 gere
150 1196 286 1235 solitus,
309 1199 355 1230 ob
375 1207 508 1239 eamque
534 1194 664 1230 fortasse
688 1194 814 1230 causam
828 1194 928 1228 scroti
942 1193 1062 1230 herniae

54 1240 238 1278 obnoxius,
263 1240 308 1275 ob,
331 1250 480 1275 neutrum
505 1239 537 1273 id
561 1241 679 1273 vitium
702 1241 737 1273 in
748 1238 987 1274 Nosocomium
1000 1236 1062 1271 hoc

60 1291 213 1323 venerat‚·
235 1282 286 1317 sed
309 1284 356 1318 ob.
376 1283 522 1318 faucium
546 1282 690 1317 dolorem
710 1308 721 1324 ‚
752 1293 807 1316 nec
842 1291 952 1319 tamen
983 1280 1065 1323 ejus.»

55 1327 148 1361 modi
171 1335 209 1360 ut
233 1327 360 1369 surgere
386 1327 551 1360 interdum
575 1325 764 1369 prohiberet
779 1350 787 1359 .
822 1327 936 1367 Itaque
970 1336 1064 1358 mane

52 1381 129 1404 cum
157 1381 214 1413 per
227 1369 471 1406 Nosocomium
496 1369 682 1404 ambulasset
699 1394 708 1409 ,
733 1379 810 1403 mox
833 1378 938 1403 autem
964 1368 1065 1401 lecin-

53 1413 122 1447 lum
146 1412 322 1456 repetiisset
337 1438 348 1453 ,
371 1416 404 1448 in
428 1427 467 1448 eo
490 1424 633 1447 mortuus
656 1414 806 1447 inventus
828 1412 893 1451 est,
939 1414 1032 1455 nigra
1050 1432 1066 1449 ‚A

51 1469 127 1499 quae
149 1456 264 1491 deinde
287 1459 468 1500 expalluit,
492 1457 592 1492 facie.
616 1456 762 1490 Cadaver
785 1457 935 1498 postridie
970 1467 1061 1489 mane

53 1503 229 1535 etiamtum
251 1500 377 1542 calens,
400 1503 437 1535 in
459 1501 663 1544 gymnasium
686 1500 818 1537 illatum
837 1500 880 1533 est
903 1500 958 1533 ubi
969 1500 1059 1533 Ana*

55 1554 165 1578 tomen
187 1545 307 1579 docere
328 1545 393 1587 jam
415 1556 579 1588 coeperam
602 1544 662 1577 sub
705 1543 805 1577 finem
842 1542 992 1587 Januarii
1016 1544 1058 1576 A.

57 1599 153 1631 1733.
288 1588 569 1628 VENTRE,
610 1587 669 1621 ubi
692 1587 796 1621 visum
819 1588 862 1621 est
885 1608 896 1624 ‚
919 1595 1029 1629 aperto
1050 1609 1065 1626 2

52 1641 222 1666 omentum
244 1634 418 1666 retractum
442 1630 534 1674 supra
545 1631 789 1668 ventriculum,
812 1631 1067 1672 proximumque»

53 1676 165 1709 Colon
190 1676 378 1709 intestinum
393 1697 405 1715 ,
426 1676 592 1708 occurritt
618 1674 714 1716 hepar
736 1672 825 1716 quali
838 1684 979 1708 marmor
1001 1673 1069 1706 ele-.

53 1729 133 1761 gans
155 1730 193 1753 ex
217 1718 399 1756 subrubro,
424 1720 456 1752 δι
481 1717 617 1757 subalbo
641 1718 842 1760 variegatum
866 1738 877 1754 2
910 1727 1065 1759 magnum

53 1763 187 1804 potius,
210 1761 262 1796 sed
285 1761 497 1805 proportione
521 1774 559 1795 eo
583 1760 686 1803 major
709 1762 773 1794 lien
798 1784 811 1800 ⁹.
852 1771 908 1795 nec
954 1769 1062 1794 tamen

54 1806 275 1848 praegrandis.
301 1807 431 1844 Renes,
455 1808 486 1838 &
511 1814 651 1839 ureteres
694 1804 867 1838 secundum
912 1812 1067 1841 naturam¹

53 1848 85 1883 se
110 1850 298 1888 habebant;
323 1848 422 1883 vesica
445 1857 553 1882 tamen
575 1846 731 1891 grandior
745 1873 753 1888 ‚
774 1851 806 1882 ἃ
828 1847 948 1882 tunicis
971 1847 1062 1882 valde

53 1893 181 1929 eraffis.
208 1891 352 1926 Urethra
375 1891 439 1927 sine
463 1892 533 1925 ullo
556 1893 689 1935 usquam
714 1892 825 1932 vitio,
857 1890 912 1925 etsi
944 1902 1067 1926 corona

53 1936 181 1978 glandis
203 1936 243 1971 ad
265 1935 313 1969 sui
335 1939 366 1969 &
391 1937 543 1979 praeputii
565 1933 643 1969 fines
668 1935 840 1970 ulcusculis
863 1935 944 1968 olim
959 1944 1064 1969 tenta-

54 1990 88 2013 ta
112 1992 151 2014 ex
174 1980 388 2014 cicatricibus
413 1979 605 2014 videbatur.
629 1978 763 2015 Herniae
788 1979 895 2016 saccus
917 1980 951 2014 in
976 1979 1064 2014 scro-

53 2035 90 2060 to
112 2023 299 2068 conspe6ms
312 2034 326 2064 ;
348 2022 400 2057 sed
423 2023 529 2058 inanis
547 2047 558 2058 .
593 2024 735 2061 Arteriae
766 2026 896 2070 Magnae
933 2035 1072 2061 truncus.

54 2079 109 2111 per
133 2067 320 2114 lumborum
343 2067 503 2102 vertebras
527 2068 772 2111 quodam-modo
794 2069 962 2105 tortuosus
984 2091 995 2108 ‚
1028 2080 1066 2104 ut

41 2114 88 2144 ·&
111 2112 207 2146 Iliaci
228 2121 295 2154 ejus
319 2112 425 2151 rami,
450 2112 508 2154 qui
529 2113 695 2146 nonnullis
717 2116 755 2145 in·
785 2113 870 2148 locis.
910 2112 1068 2148 duritiem

53 2154 172 2189 osseam
187 2179 199 2196 ‚
222 2153 408 2197 albidasque
432 2155 524 2190 intus
541 2155 688 2190 maculas
709 2155 876 2195 habuere5
899 2156 952 2191 sed
975 2158 1067 2190 Aor-

54 2207 88 2231 ta
112 2199 254 2234 maculas
278 2207 432 2231 tantum.
568 2197 709 2233 Thorax
731 2211 787 2233 cor
808 2199 961 2234 exhibuit
973 2211 1067 2244 aequo

54 2242 177 2284 majus.
204 2243 245 2276 In
268 2253 306 2275 eo
330 2240 550 2277 Semilunares-
579 2242 717 2277 valvulae
749 2242 898 2277 duriores
930 2242 1066 2286 quibus-

54 2287 130 2319 dam
155 2287 256 2322 loci53
279 2284 332 2318 sed
356 2285 504 2319 Mitralis
526 2286 697 2320 anterioris
720 2287 803 2320 latus
826 2297 893 2326 non
905 2285 968 2320 fine
978 2285 1067 2321 offe.

55 2330 101 2364 Et
125 2340 311 2372 quanquam
335 2339 374 2361 ex
399 2340 479 2363 vena
501 2330 593 2365 Cava
616 2330 657 2364 ad
689 2329 819 2372 sep-tum.
849 2328 1068 2364 transversum.

56 2374 159 2407 incisa
183 2373 311 2414 sanguis
335 2372 501 2414 prodierat
525 2374 683 2415 plurimus
706 2374 821 2415 niger,
845 2373 993 2411 fluidu53
1028 2373 1063 2406 iu

57 2425 199 2459 utroque
222 2425 330 2450 tamen
354 2415 462 2449 cordis
474 2416 661 2450 ventriculo
679 2417 902 2451 concretiones
914 2426 1001 2450 erant
1015 2429 1075 2459 po-

58 2461 179 2502 lyposae
194 2483 207 2500 ,
230 2459 305 2494 satis
329 2459 422 2494 firma
444 2469 602 2503 compage
616 2482 632 2499 ,
652 2460 762 2494 colore
783 2470 893 2494 autern
917 2462 1005 2494 intus
1027 2473 1066 2495 ex

52 2504 134 2538 salbo
153 2505 306 2537 cinereo:
328 2513 465 2545 quarum
488 2502 643 2541 dextera,
666 2515 739 2547 quae
784 2503 914 2537 craffior
961 2514 1029 2537 erat
1051 2527 1066 2544 ,

47 2548 144 2590 longe
168 2546 198 2581 se
220 2549 256 2580 in
281 2545 511 2581 Pulmonarem
533 2547 684 2581 arteriam
708 2573 718 2589 ‚
765 2547 868 2582 altera·
908 2549 944 2582 in
989 2547 1070 2579 Ma-

46 2602 168 2634 gnam,
189 2601 246 2624 nec
270 2589 403 2637 brevem
422 2588 461 2624 ad
485 2590 654 2629 tracium,
676 2590 873 2634 producebat
896 2616 905 2624 .
940 2590 1063 2632 Magna

50 2644 160 2669 autern
184 2634 321 2674 arteria,
342 2644 434 2676 cujus
458 2642 592 2667 truncus
614 2642 702 2668 totus
726 2634 812 2669 visus
833 2635 877 2669 est
901 2645 995 2677 aequo
1017 2634 1062 2666 la-

52 2679 141 2716 tior,
164 2678 317 2712 interiore
342 2675 424 2711 facie
448 2676 586 2717 albidis,
609 2678 719 2720 quales
741 2677 837 2713 dieta:
861 2677 958 2715 sunt,
995 2688 1061 2709 ma-

48 2722 135 2763 xculis
157 2733 175 2756 a
195 2719 439 2763 d-iaphragmate
462 2720 501 2754 ad
523 2731 580 2754 cor-
603 2720 701 2764 usque
725 2720 779 2756 hic
801 2721 870 2755 illic
892 2719 1067 2758 distincta,

57 2777 96 2799 eo
119 2765 295 2799 crebriores
316 2764 372 2797 has
394 2763 602 2801 ostendebat,
626 2776 693 2807 quo
715 2765 806 2800 cordi
817 2764 915 2799 fiebat
928 2766 1063 2806 propior

57 2811 107 2843 ita
129 2810 181 2843 uti
203 2819 266 2850 qua
287 2807 391 2840 tribus
413 2807 595 2841 minoribus
608 2807 765 2842 Valsalvae
789 2808 909 2844 finibus
931 2818 1070 2840 excava-

60 2862 139 2892 tur,
161 2852 265 2886 multo
289 2850 529 2892 evidentiores,
552 2854 585 2884 δέ
610 2850 700 2885 brevi
735 2853 770 2885 in
814 2863 850 2885 os
896 2850 1066 2885 mutandas

59 2895 212 2931 offerret.
235 2895 387 2928 Praeterea
411 2904 502 2928 certo
524 2895 599 2927 loco
621 2896 706 2928 inter
729 2905 786 2929 cor
807 2920 823 2937 5
849 2897 881 2929 &
914 2903 1073 2929 curvatu-

59 2951 155 2980 ram,
176 2937 234 2982 qui
259 2937 349 2971 locus
370 2946 436 2971 tres
456 2948 639 2980 quatuorve
661 2936 784 2980 digitos
816 2941 854 2972 irr
896 2939 1032 2980 longum
1055 2961 1068 2978 ‚

60 2984 142 3018 duos
166 2983 202 3015 in
224 2981 328 3014 latum
354 2982 509 3022 patebat,
531 2983 621 3014 intus
643 2983 761 3022 pariter
782 2983 870 3024 rugis
893 2990 960 3015 erat
984 2980 1074 3015 cras-

61 3027 122 3065 fis,
147 3029 178 3060 &
201 3022 288 3067 quati
314 3025 469 3058 tortuosis
491 3025 681 3067 inaequalis5
707 3035 808 3068 neque
830 3026 963 3058 deerant
999 3024 1073 3058 sub-

58 3071 194 3105 obscura
216 3066 371 3101 erolionis
393 3067 537 3102 indicia.
557 3069 721 3102 Caeterum
745 3079 802 3112 per
824 3067 996 3102 Carotides
1007 3079 1077 3102 none

60 3111 322 3158 propagabantur
346 3112 498 3149 maculae,
523 3111 640 3145 nedum
665 3113 747 3145 vitia
770 3112 913 3154 reliqua3
936 3122 971 3146 ut
1006 3113 1070 3145 mi-

61 3169 119 3192 nus
143 3166 226 3199 aegre
249 3155 401 3192 tulerim,
424 3154 503 3188 dnm
526 3165 673 3188 accurata
697 3165 888 3190 caeterarum
921 3156 1072 3193 Partium„

60 3211 127 3236 non
152 3201 259 3234 minus
280 3209 377 3240 quam
396 3208 509 3231 earum
531 3209 604 3241 quae
627 3199 722 3232 dietae
747 3198 817 3233 sunt
839 3222 855 3239 ,
897 3200 1066 3240 perlustra-

60 3247 151 3279 tione
173 3243 337 3277 Anatome
362 3264 371 3278 ‚
402 3249 437 3274 ut
462 3239 578 3280 fit,‘in
603 3242 706 3283 plures
738 3242 956 3277 hebdomadas
1001 3251 1065 3276 tra-

61 3289 173 3326 hitur,
197 3285 489 3331 aliaequeinterim
512 3284 620 3318 Partes
663 3297 702 3319 ex
745 3287 817 3319 aliis
860 3285 1073 3321 cadaveribus

62 3331 263 3368 afferuntur,
288 3328 383 3369 hujus
406 3336 527 3370 caput,
548 3338 598 3362 me
622 3329 743 3367 inscio,
767 3329 937 3363 humatum
972 3328 1032 3363 effe
1055 3352 1067 3367 ,

62 3386 99 3410 ut
124 3372 282 3416 repentini
305 3372 416 3405 obitus
438 3369 563 3405 causam
584 3372 619 3404 in
640 3385 678 3405 eo
702 3373 883 3416 perquirere
906 3385 970 3406 non
1004 3386 1064 3413 po—

60 3420 203 3454 tuerim.
336 3414 537 3456 Pharyngem
561 3424 689 3449 tantum
711 3428 782 3459 quae
817 3415 960 3460 deposita
991 3416 1063 3450 fue-

61 3473 111 3497 rat
134 3472 210 3497 cum
232 3460 367 3502 larynge
382 3483 391 3498 ,
413 3452 615 3505 examinavi.
639 3460 739 3498 Haec,
772 3469 810 3493 ut
842 3470 912 3494 tota
943 3464 1060 3495 arteria

60 3507 205 3548 Aspera,
229 3505 260 3538 &
284 3503 470 3544 pulmonem
486 3501 568 3547 „sana
595 3516 605 3534 ι
639 3503 733 3536 Illius
754 3514 816 3545 qua
841 3503 975 3538 doluisse
999 3505 1060 3538 ho-

61 3551 209 3590 minem,
231 3547 303 3582 dixi
325 3570 336 3589 ‚
360 3546 458 3580 latera
481 3543 568 3587 justo
578 3544 954 3589 craffiorati'eprehendi,
978 3561 1068 3583 eama

59 3704 1071 3725 ΝΜ

1950 307 2038 359 173

1109 380 1172 412 que
1206 367 1463 408 craffitudinem‚
1488 369 1646 407 secando,
1681 368 1747 402 vidi
1791 367 1888 412 ipsius
1931 368 2106 412 pharyngis

1110 412 1291 448 substantiae
1314 412 1447 446 deberi.
1471 423 1541 455 quae
1564 413 1664 454 magis
1685 411 1821 446 distenta
1837 436 1847 450 ‚
1871 412 2025 455 quiddam
2059 414 2107 446 in-

1109 467 1158 490 ter
1183 455 1406 498 glandulosum
1431 455 1464 493 δι,
1487 456 1645 491 visciclum
1669 454 1755 499 quasi
1800 455 1945 490 medium
1992 453 2109 491 referre.

1107 499 1297 534 videbatur.

1158 553 1212 586 35.
1236 543 1269 575 Si
1292 553 1362 584 quae
1388 542 1427 577 ad
1451 543 1607 576 urinarias
1630 541 1760 583 Partes,
1783 553 1862 583 quas
1884 541 1938 576 hic
1983 541 2112 577 dumta*

1115 598 1170 623 xat
1192 586 1392 628 spectamus,
1418 587 1452 618 in
1479 586 1549 619 viro
1571 588 1632 620 isto
1657 585 1858 626 pertinebant
1882 608 1894 626 ,
1939 585 2112 627 diligenter

1118 628 1262 664 attendas
1285 643 1293 666 ς
1326 630 1486 671 intelliges
1510 628 1605 669 sane,
1628 629 1710 663 nihil
1734 627 1825 664 fuisse
1856 629 1908 662 cui
1941 628 2113 664 difficultas

1106 675 1322 716 imputaretur
1345 673 1535 714 mingendi,
1560 672 1617 706 nisi
1643 674 1733 708 valde
1757 671 1869 708 crass'as
1892 672 1999 705 vesicae
2022 673 2113 706 tuni-

1108 729 1176 751 cas.
1202 717 1282 750 Non
1306 728 1356 751 me
1379 717 1522 758 praeterit
1547 716 1633 758 quod
1658 718 1692 750 in
1719 715 1961 750 Additamentis
1986 714 2023 749 ad
2058 716 2112 749 Se-

1107 762 1250 795 ffionem
1274 758 1354 794 hanc
1379 760 1577 802 Sepulchreti
1602 761 1709 794 XXV.
1733 763 1747 799 <
1769 760 1823 803 x)
1848 771 1885 793 ex
1908 759 2115 794 Guarinonio

1109 803 1302 847 producitur
1326 825 1334 840 ‚
1367 802 1454 845 quasi
1477 802 1646 841 craffitudo
1669 803 1708 837 de
1730 814 1795 846 qua
1817 803 1984 845 loquimur
2004 824 2014 839 ,
2057 811 2117 835 nou

1103 847 1223 894 semper
1248 844 1356 891 obeffet
1379 848 1474 880 urinae
1495 847 1684 886 excretioni,
1709 856 1745 880 ut
1769 848 1803 880 in
1828 855 2019 888 argumento
2042 847 2118 888 qui-

1109 893 1183 925 dem
1207 890 1345 933 politum
1369 890 1411 923 est
1433 890 1483 924 illi
1509 889 1742 925 Observationi
1768 889 1920 933 praefixo.
1943 889 2001 922 Sed
2036 899 2117 931 prae—

1112 944 1259 976 terquam
1282 932 1370 975 quod
1394 933 1618 968 Guarinonius
1634 960 1643 974 ‚
1667 933 1689 967 fi
1736 934 1820 967 reete
1863 945 1902 967 ex
1947 932 2116 975 perpaucis

1115 977 1221 1013 verbis
1245 975 1435 1010 sententiam
1459 976 1556 1020 ipfius
1580 977 1744 1020 assequor,
1775 987 1839 1010 non
1872 977 1911 1010 de
1954 974 2083 1017 dysuria
2108 999 2119 1016 ,

1117 1020 1169 1058 sed
1181 1018 1372 1056 deischuria
1396 1020 1438 1053 est
1462 1021 1711 1063 intelligendus,
1735 1031 1811 1055 tunc
1835 1018 1964 1054 demum
1990 1020 2120 1052 contin-

1119 1074 1212 1107 gente
1236 1075 1309 1096 cum
1333 1075 1369 1097 ea
1392 1063 1588 1103 craffimdo,
1618 1066 1649 1097 &
1695 1065 1831 1099 durities
1876 1065 1914 1099 ad
1958 1062 2119 1097 summum

1119 1119 1311 1151 pervenere;
1333 1106 1396 1141 hoc
1419 1118 1549 1150 quoque
1573 1107 1717 1140 attendas
1740 1108 1862 1148 velim,
1884 1119 1933 1141 me
1956 1105 2120 1148 dysuriam

1114 1151 1214 1196 ipsam
1238 1162 1303 1184 non
1325 1150 1366 1185 ab
1387 1153 1477 1184 omni
1501 1150 1708 1186 craffitudine
1741 1160 1884 1193 repetere
1906 1173 1915 1189 ,
1961 1160 1997 1183 ut
2043 1160 2121 1192 puta

1112 1206 1189 1230 cum
1235 1194 1302 1232 haec
1347 1194 1387 1228 ab
1410 1194 1608 1237 amplificata
1632 1193 1804 1227 dumtaxat
1829 1193 2004 1228 secundum
2027 1202 2120 1227 natu-

1114 1251 1184 1274 ram
1206 1237 1362 1276 fibrarum
1385 1250 1570 1276 carucarum
1595 1237 1770 1272 substantia
1794 1238 1853 1278 fit,
1876 1249 1946 1281 quae
1971 1236 2010 1270 ad
2041 1247 2122 1271 con-

1114 1283 1308 1318 traffionern
1332 1281 1381 1315 vel
1406 1283 1508 1324 magis
1533 1282 1662 1315 idoneas
1687 1280 1814 1322 reddit;
1838 1282 1888 1315 sed
1915 1281 1954 1315 ab
1977 1292 2012 1314 ea
2048 1291 2121 1323 quae

1115 1338 1190 1363 cum
1214 1325 1268 1359 has
1292 1326 1405 1359 alienis
1427 1324 1608 1367 interjeffis
1631 1325 1732 1360 succis
1756 1335 1905 1364 enervet,
1928 1335 2000 1359 tum
2024 1323 2123 1365 quid-

1114 1370 1194 1411 quid
1218 1370 1378 1409 reliquum
1401 1369 1444 1403 est
1467 1370 1650 1403 tunicarum
1673 1369 1722 1405 ita
1744 1368 1921 1408 infarciat‚
1945 1378 1980 1402 ut
2014 1368 2121 1400 minus

1112 1413 1241 1450 flexiles
1264 1410 1378 1447 efficiat
1393 1438 1402 1453 ‚
1426 1425 1530 1456 eoque
1554 1413 1777 1450 contractioni,
1810 1412 1996 1448 obfistentes
2023 1436 2031 1443 .
2077 1411 2123 1444 Et

1113 1460 1185 1493 sane
1209 1456 1231 1491 {i
1257 1457 1395 1500 perleges
1419 1468 1457 1491 ex
1480 1458 1520 1491 iis
1543 1468 1616 1499 quse
1662 1456 1755 1498 supra
1800 1460 1854 1499 (y
1879 1459 1889 1494 )
1936 1464 2125 1491 memorat&

1111 1502 1204 1540 sunt,
1229 1500 1521 1534 observationibus
1543 1500 1615 1533 illas
1640 1499 1816 1543 praesertim
1841 1510 1920 1542 quas
1945 1511 1985 1535 ex
2006 1500 2126 1532 Carne-

1111 1547 1221 1585 rario,
1245 1546 1275 1581 δέ,
1300 1544 1483 1581 Helveticis
1505 1544 1597 1577 Actis
1620 1544 1788 1583 indicavi;
1810 1544 1903 1586 plane
1925 1541 2099 1585 cognosces
2113 1563 2122 1578 ‚

1114 1587 1307 1624 craffiffimas
1331 1588 1403 1623 illas
1425 1588 1543 1625 vesicas
1568 1595 1622 1620 aut
1657 1586 1832 1621 substantia
1878 1585 1969 1620 fuisse
2008 1584 2125 1627 fibrosa

1114 1632 1271 1677 quidem,
1296 1629 1348 1666 sed
1364 1629 1542 1674 scirrhofiz‚
1567 1640 1621 1666 aut
1645 1630 1726 1665 dura
1749 1639 1860 1670 certe,
1894 1632 1926 1662 δε
1971 1628 2088 1664 callosa
2113 1640 2130 1667 ‚a

1116 1688 1152 1711 ut
1176 1674 1324 1715 tametsi,
1348 1674 1437 1712 velut
1460 1675 1516 1707 illa
1539 1672 1604 1707 fuit
1638 1674 1836 1715 Hortingeri
1862 1694 1873 1711 ,
1918 1684 1983 1707 non
2029 1670 2127 1709 essent

1115 1720 1249 1761 undique
1268 1718 1359 1760 pelvi
1381 1716 1599 1760 agglutinata,
1622 1717 1763 1755 multum
1789 1717 1853 1750 illis
1876 1716 1993 1751 deesset
2018 1716 2129 1749 facili-

1114 1766 1191 1800 tatis
1213 1762 1252 1799 ad
1276 1761 1306 1795 se
1329 1760 1609 1802 contrahendum,
1633 1759 1716 1794 unde
1740 1761 1835 1794 nixus
1869 1760 1918 1797 illi
1952 1760 2090 1803 denique
2112 1783 2126 1800 ,

1112 1811 1143 1842 &
1167 1816 1299 1842 conatus
1320 1806 1354 1838 in
1379 1804 1554 1847 mingendo
1569 1830 1574 1836 .
1591 1804 1684 1845 Quos
1695 1804 1735 1838 ab
1746 1803 1854 1852 eadem
1877 1815 2009 1847 quoque
2033 1803 2128 1839 causa

1112 1852 1164 1885 vel
1187 1850 1298 1893 saepius
1318 1849 1353 1882 in
1376 1849 1541 1884 calculosis
1564 1848 1672 1884 videre
1696 1848 1740 1884 est
1749 1870 1763 1888 ‚
1787 1848 1845 1882 nisi
1870 1846 1954 1881 forte
1988 1857 2124 1891 propter

1114 1894 1309 1938 sphinfieris
1327 1891 1554 1931 infirmitatem
1578 1894 1669 1929 urina
1693 1891 1858 1928 interdum
1892 1904 1947 1936 per
1994 1891 2024 1925 se
2068 1891 2127 1925 de-

1114 1938 1223 1976 fluat.
1250 1939 1305 1972 Siti
1325 1937 1393 1981 ejus
1416 1950 1512 1982 quem
1536 1938 1750 1974 Mauehartus
1781 1939 1797 1982 (
1817 1950 1840 1981 z
1861 1942 1875 1978 )
1922 1935 2088 1979 descripsit
2113 1957 2125 1974 ,

1117 1982 1221 2020 vesica
1243 1992 1309 2017 erat
1332 1979 1428 2027 craffa
1452 1986 1493 2018 (9-
1516 1981 1599 2025 quafi
1621 1982 1752 2026 callosa.
1799 1982 1852 2017 Sic
1899 1982 1938 2030 in
1980 1981 2125 2018 Patricio

1117 2027 1304 2063 Pistoriensi
1325 2027 1410 2061 vidit
1431 2028 1484 2062 Cl.
1507 2027 1711 2069 Targionius
1734 2031 1745 2067 (
1768 2037 1786 2058 a
1808 2030 1823 2066 )
1858 2026 1964 2061 vesicae
1999 2027 2127 2061 tunicas

1117 2072 1263 2116 digitum
1285 2069 1422 2109 crassas,
1446 2070 1577 2105 callosas
1588 2093 1603 2110 „
1625 2069 1875 2105 steatomatibus
1904 2071 2011 2113 plenas
2033 2094 2046 2111 ,
2090 2082 2127 2106 ur

1117 2127 1193 2152 cum
1215 2114 1347 2150 distrahi
1372 2125 1441 2148 non
1458 2114 1580 2157 possent
1594 2139 1603 2155 ,
1626 2114 1772 2152 lotiumt
1790 2113 1849 2148 nisi
1874 2115 2095 2158 pauciffirnum
2115 2140 2128 2157 ,

1119 2162 1207 2194 inter
1229 2158 1280 2199 se,
1302 2161 1332 2192 δι
1355 2158 1514 2201 grandem
1531 2158 1690 2192 calculum
1712 2158 1883 2201 nequirent
1926 2160 2092 2193 continere
2117 2184 2129 2192 .

1118 2205 1165 2238 Et
1188 2203 1345 2246 quoniam
1367 2213 1440 2236 cum
1464 2204 1649 2237 tunicarum
1670 2201 1875 2236 crassitudine
1898 2203 2046 2245 angustia>
2080 2203 2129 2237 fe-

1117 2260 1174 2288 re,
1196 2249 1228 2281 &
1249 2246 1429 2281 coarctatio
1452 2245 1561 2280 veficae
1583 2245 1824 2293 conjungitur,
1848 2255 1884 2280 ut
1907 2258 1952 2280 ex
1984 2248 2126 2282 Pantoni

1118 2301 1249 2335 quoque
1272 2288 1325 2334 (b
1344 2293 1359 2330 >
1382 2288 1528 2332 exemplo
1548 2290 1583 2322 in
1606 2300 1645 2322 eo
1669 2299 1799 2331 apparet
1815 2313 1824 2329 ‚
1847 2291 1909 2332 quiv
1939 2291 2009 2331 post
2054 2291 2127 2324 diu-

1117 2345 1249 2369 turnam
1271 2345 1287 2367 a
1313 2332 1420 2376 vesicae
1444 2333 1571 2367 calculo
1594 2330 1781 2374 dysuriam‚
1806 2333 2017 2375 ampliffimos
2049 2335 2128 2376 qui-

1122 2378 1198 2412 dem
1219 2386 1383 2418 meteres,
1408 2377 1513 2411 vesicae
1537 2386 1646 2410 autern
1671 2376 1786 2419 ipfius‚
1810 2375 1846 2410 ob
1869 2378 1999 2411 nimiam
2032 2389 2135 2411 niem.-

1123 2421 1289 2456 lamnarum
1311 2420 1549 2461 contraffionem
1562 2445 1572 2461 ,
1592 2419 1763 2462 parvulam
1794 2421 2002 2463 capacitatem
2033 2420 2129 2456 disse-

1122 2466 1273 2501 cantibus
1293 2463 1459 2504 ostendit‚·
1482 2463 1557 2498 hinc
1581 2463 1645 2502 est,
1668 2462 1759 2506 quod
1790 2461 1813 2496 fi
1836 2466 1943 2498 curari
1993 2466 2093 2500 velint
2122 2492 2132 2507 ,

1117 2507 1326 2552 gravioribus
1351 2507 1430 2548 saepe
1452 2509 1484 2540 &
1507 2506 1688 2546 molestiis,
1718 2509 1749 2540 &
1795 2507 1946 2548 periculis
1989 2509 2129 2545 obnoxii

1115 2553 1179 2586 sint
1204 2575 1212 2583 .
1248 2550 1381 2585 Immiffi
1404 2551 1496 2583 enirn-
1515 2548 1693 2583 catheteris-
1724 2548 1901 2585 necessario
1944 2564 2038 2587 motu
2085 2555 2128 2590 sic

1114 2594 1309 2638 prohibito,
1334 2604 1389 2627 aut
1413 2594 1529 2630 calculi
1552 2592 1630 2628 satis
1654 2595 1799 2636 perquiri
1823 2606 1891 2628 non
1912 2594 2039 2638 possunt
2055 2620 2065 2636 ‚
2090 2608 2128 2633 ut

1114 2639 1198 2681 apud
1222 2637 1389 2673 Laubium
1410 2641 1426 2677 (
1446 2649 1462 2671 c
1484 2641 1495 2676 )
1518 2638 1551 2670 in
1576 2638 1635 2670 illo
1658 2636 1749 2678 cujus
1771 2636 1990 2684 veficaucraffa
2014 2641 2128 2683 valde,

1115 2683 1158 2716 Θ
1179 2680 1339 2722 confirma
1362 2690 1429 2716 erat
1444 2703 1456 2721 ‚
1479 2689 1532 2715 aut
1556 2681 1577 2714 si
1603 2681 1672 2714 vim
1694 2679 1796 2715 faciat
1819 2682 2028 2725 Chirurgus,
2051 2686 2127 2720 nul-

1115 2726 1149 2760 lo
1173 2726 1275 2759 modo
1297 2723 1379 2758 ferre
1401 2735 1484 2768 aeger
1508 2724 1624 2767 possit,
1649 2734 1682 2758 ut
1708 2723 1928 2767 apudPraecl.
1958 2727 2128 2763 Schreibe-

1116 2779 1190 2804 rum
1212 2772 1225 2809 ζ
1248 2769 1269 2802 d·
1284 2767 1301 2810 )
1325 2768 1427 2806 alter,
1449 2769 1503 2803 cui
1527 2766 1628 2807 vesica
1652 2767 1911 2810 contraffiffi'ma,
1932 2771 2127 2813 magnitudi-

1115 2813 1149 2845 ni
1171 2811 1309 2846 contenti
1330 2811 1445 2845 calculi
1466 2810 1725 2850 adcommodata,
1746 2818 1840 2852 atque
1863 2811 1999 2846 multum
2013 2815 2128 2859 incras-

1112 2856 1185 2897 sata
1199 2879 1213 2897 ,
1231 2853 1351 2888 nullum
1373 2853 1577 2897 relinquebat
1596 2852 1698 2887 locum
1720 2853 1881 2887 catheteri
1902 2860 2124 2892 convertendo.

1118 2899 1241 2933 Eadem
1265 2908 1373 2933 autem
1397 2897 1520 2937 incisa,
1545 2895 1687 2930 accidere
1720 2897 1897 2939 aliquando
1940 2899 2043 2940 potest
2091 2903 2126 2937 id

1119 2942 1208 2986 quod
1232 2941 1282 2975 vel
1305 2941 1339 2974 in
1363 2950 1496 2974 mortuo
1518 2939 1713 2974 Schrockius
1736 2943 1749 2979 (
1771 2951 1786 2974 e
1808 2944 1822 2980 >
1846 2941 1950 2982 vidit,
1973 2953 2009 2977 ut
2032 2944 2135 2988 ‘vesica>

1123 2987 1286 3020 admodum
1329 2981 1424 3026 craffa
1456 3007 1465 3022 ‚
1512 2984 1554 3017 (9⁸
1597 2983 1680 3016 circa
1725 2983 1878 3018 calculum
1923 2987 2083 3027 confirma
2118 3011 2130 3027 2

1124 3027 1293 3073 difficulter
1333 3025 1388 3061 ille
1433 3027 1501 3060 inde
1546 3026 1618 3060 locov
1657 3027 1777 3060 moveri
1800 3053 1810 3069 ,
1855 3036 1947 3071 atque
1991 3041 2030 3065 ex
2057 3032 2127 3074 pel..

1124 3074 1161 3106 vi
1203 3069 1328 3106 extrahi
1371 3080 1468 3113 queat
1492 3095 1501 3103 .
1549 3070 1626 3103 Huc
1670 3070 1756 3104 illud⁴
1797 3071 1878 3106 adde
1902 3093 1912 3108 ‚
1956 3072 1983 3107 si-
2023 3074 2126 3109 vefica

1122 3126 1161 3150 ex
1203 3113 1322 3149 calculo
1361 3123 1510 3156 perquam
1554 3112 1678 3155 angusta
1722 3114 1840 3148 reddita
1877 3113 1983 3158 fuerit
2007 3141 2016 3155 ‚
2060 3118 2126 3152 fine

1119 3162 1229 3201 gravis
1271 3158 1388 3192 erroris
1431 3157 1573 3199 periculo
1617 3168 1681 3190 non
1726 3155 1787 3191 esse
1829 3159 1937 3193 locum
1984 3162 2130 3195 Fouber-
2180 3187 2183 3192 .

1118 3204 1214 3236 tianae
1258 3199 1389 3234 curandi
1434 3199 1589 3235 methodo
1620 3225 1631 3241 ,
1675 3209 1711 3234 ut
1756 3201 1845 3235 reete·
1894 3204 2025 3237 monuit
2053 3199 2125 3240 'Ch

1116 3244 1351 3286 Keffelringius
1393 3243 1478 3287 (f)
1504 3266 1514 3281 ,
1559 3246 1748 3286 optimeque
1791 3246 1999 3278 confirmavit
2034 3247 2123 3290 Aug.

1117 3290 1206 3323 Frid.
1252 3286 1351 3321 Pallas
1398 3291 1408 3326 (
1439 3298 1461 3330 g
1491 3291 1510 3327 )Δ
1549 3287 1679 3331 quando
1723 3288 1818 3320 etiam
1863 3300 1898 3321 ea·
1952 3288 2127 3325 methodus

1115 3341 1206 3365 certo
1249 3329 1390 3374 quodam
1435 3330 1635 3365 adminiculo
1682 3329 1812 3372 juvetur
1836 3355 1843 3364 ,
1869 3331 1972 3373 Qod'
1992 3332 2032 3366 de
2054 3335 2124 3367 Ra-

1115 3377 1212 3409 viana
1254 3385 1384 3417 quoque
1423 3373 1583 3408 methodo
1623 3373 1672 3406 vel
1717 3385 1805 3408 novo
1828 3375 2042 3409 instrumento
2066 3378 2122 3411 ad..

1112 3418 1189 3453 dito
1228 3417 1458 3452 animadvertit
1501 3417 1557 3457 <h
1580 3420 1593 3455 )
1615 3442 1623 3450 .
1657 3416 1716 3449 Sed
1763 3419 1795 3450 δε
1840 3418 1873 3450 in
1899 3419 1989 3459 alto,
2021 3432 2121 3462 quarn

1113 3474 1208 3503 quem
1234 3469 1375 3500 vocant,
1398 3471 1552 3504 apparatu
1575 3461 1651 3494 scite
1674 3459 1844 3493 admonuit
1867 3464 1880 3501 (
1903 3463 1915 3494 ι’
1938 3467 1952 3504 >
1986 3463 2122 3499 vesicam

1110 3505 1243 3548 sanam,
1269 3508 1300 3538 δι
1323 3504 1459 3545 amplam
1482 3503 1671 3538 desiderari.
1805 3503 1889 3539 Quae
1913 3517 1988 3540 vero
2013 3506 2123 3541 hafie-

1116 3560 1175 3583 nus
1196 3549 1281 3582 diasta
1306 3547 1379 3580 sunt
1401 3546 1440 3581 de
1461 3546 1634 3590 conjunfta
1656 3558 1733 3581 cum
1764 3547 1949 3584 tunicarum
1981 3550 2123 3585 craffitu-

1981 3592 2078 3632 dine,

1694 3706 2127 3727 mm

119 3804 136 3833 (
150 3810 161 3828 t
175 3804 190 3833 )
206 3811 232 3828 n.
250 3810 288 3833 ¹3·
350 3802 393 3830 (u
409 3801 422 3830 )
438 3800 511 3835 Epist.
527 3807 550 3829 4.
566 3808 590 3825 n.
607 3807 644 3829 ¹9.
662 3801 685 3826 Et
700 3800 775 3831 Epist.
792 3806 831 3825 xo.
847 3808 873 3826 n.
890 3809 927 3830 19·
988 3801 997 3829 (
1015 3808 1030 3824 κ
1049 3798 1057 3828 J
1072 3799 1131 3825 obs.
1149 3808 1186 3830 1⁹.
1225 3832 1229 3835 -
1247 3801 1261 3830 (
1274 3808 1290 3831 7
1308 3800 1316 3830 )
1332 3806 1357 3824 n.
1374 3806 1414 3830 33.
1474 3800 1489 3829 (
1505 3807 1524 3829 z
1541 3800 1547 3829 )
1567 3800 1628 3830 Epir.
1645 3802 1679 3824 N.
1696 3802 1726 3826 C.
1745 3802 1817 3826 Cent.
1834 3809 1859 3828 7-
1877 3802 1935 3827 obs.
1955 3811 1994 3834 ις,

118 3835 134 3862 (
148 3842 163 3857 a
179 3834 193 3863 )
208 3833 289 3858 Prima
306 3834 422 3857 Raceo'ta
438 3831 461 3855 dr
478 3830 601 3855 Osservaz.
619 3833 685 3856 Med.
751 3832 766 3861 (
779 3829 793 3854 b
809 3832 822 3859 )
841 3834 876 3856 De
892 3832 950 3858 Obs.
967 3832 1037 3856 Med.
1055 3832 1077 3855 8c
1095 3834 1169 3856 Anat.
1187 3831 1260 3862 Epist.
1279 3834 1301 3855 8.
1321 3839 1346 3855 n,
1365 3838 1402 3860 ις.
1465 3830 1479 3860 (
1494 3839 1505 3854 c
1522 3832 1530 3861 )
1548 3831 1608 3860 Eph.
1626 3833 1661 3855 N.
1678 3833 1706 3856 C.
1723 3834 1793 3857 Cent.
1810 3834 1833 3857 8.
1849 3832 1911 3859 obs.
1929 3842 1965 3860 ²2.

118 3865 135 3893 (
150 3864 166 3888 d
181 3865 195 3892 )
211 3864 282 3892 Epist.
300 3864 365 3892 supra
392 3862 424 3896 ³5³.
438 3870 461 3886 n.
479 3869 513 3891 3²·
530 3861 574 3886 cit·
635 3864 649 3896 ζ
665 3871 676 3887 ε
691 3862 705 3891 )
721 3863 784 3896 Epir,
795 3863 837 3886 N.
853 3865 885 3888 c.
903 3865 976 3889 cent.
997 3869 1032 3886 lo.
1048 3858 1111 3888 obs.
1128 3870 1183 3887 ιοο.
1245 3864 1252 3894 (
1268 3861 1285 3892 f
1302 3862 1310 3890 )
1328 3861 1423 3895 Dissert.
1440 3861 1470 3886 tle
1485 3862 1545 3887 Hist.
1561 3862 1584 3886 ae
1601 3861 1684 3890 Meth.
1702 3864 1818 3890 roubert.
1834 3872 1861 3889 n.
1879 3872 1916 3895 57.

121 3895 136 3924 ζ
149 3902 167 3925 g
182 3897 194 3922 2
212 3894 305 3919 Dissert.
321 3894 351 3919 de
367 3900 438 3920 varus
452 3893 540 3919 ealcul.
555 3892 649 3919 secandi
664 3892 789 3919 Methodis
804 3892 828 3924 ᾗ.
844 3900 885 3924 39.
945 3893 960 3923 (
975 3893 989 3917 h
1004 3893 1018 3922 )
1035 3891 1098 3919 ibid.
1116 3893 1139 3923 §.
1158 3901 1198 3923 ²9·
1260 3895 1276 3923 ί
1291 3893 1302 3918 i
1320 3892 1330 3923 )
1347 3892 1411 3919 ibid.
1428 3892 1454 3923 §-
1473 3894 1509 3919 18·
