2498 4075
438 112 531 166 168

367 204 427 232 (εις
451 203 578 236 repente
600 202 671 228 ante
694 193 788 228 finem
812 195 941 229 Sextilis
954 197 994 230 A.
1012 198 1104 239 1689.
1129 207 1222 231 tanto
1246 196 1383 239 pedor-is

364 247 486 279 angore
511 237 694 279 intempesta
717 240 811 272 norfie
841 249 1005 281 correptus
1029 241 1072 275 est
1091 263 1100 278 ‚
1135 251 1171 275 ut
1195 239 1346 275 metuerit
1371 261 1380 275 »

364 290 405 313 ne
431 283 576 322 protinus
601 280 808 315 suffocaretur
831 307 837 313 .
862 283 941 315 Non
967 295 1064 324 pauca
1088 294 1190 318 tamen
1208 280 1377 317 catarrhali

363 324 570 362 expectorata
598 327 730 358 materia
752 327 779 358 is
803 335 906 367 angor
927 326 1067 361 sublatus
1090 327 1131 361 est
1159 353 1166 360 .
1193 326 1251 361 Sed
1275 324 1378 359 biduo

361 365 542 400 intermisso
564 392 572 406 ‚
607 379 681 401 cem
717 368 820 402 alvum
852 367 959 402 indito
990 381 1130 404 ene-mate
1161 378 1342 404 exoneraret
1365 391 1378 410 ‚

360 409 496 446 eodem,
519 412 665 453 quamvis
689 413 793 445 minus
817 413 902 453 gravi
932 438 940 452 ,
973 425 1091 457 angore
1114 414 1282 457 prehensus
1302 436 1315 453 ,
1346 415 1378 444 &

361 452 465 496 postea
499 454 600 487 erec0ta
624 456 744 487 cervice
778 455 925 495 spiritum
949 456 1061 490 ducere
1092 458 1221 491 coaetus
1243 479 1253 494 ,
1286 453 1378 489 misso

360 496 514 535 {anguine
551 497 692 530 levamen
719 498 808 531 sensit
848 509 910 531 non
936 501 1101 534 modicum
1124 523 1133 539 ‚
1167 499 1217 533 sed
1242 500 1375 533 minime

361 537 574 574 diuturnum.
602 542 691 573 Nam
714 541 836 583 vigiliae
860 540 973 584 saepius
994 565 1004 582 ‚
1043 543 1253 576 molestiffima
1277 544 1377 576 inter-

360 580 439 614 durn
462 583 571 619 tussis,
598 587 630 617 ἃ
653 584 752 617 ferme
775 585 891 624 irrita,
916 588 1074 629 praecipue
1085 598 1161 620 vero
1184 586 1375 630 sensusqua-

356 622 382 656 fi
416 626 519 667 laquei
554 626 709 659 summam
741 627 898 667 Asperam
942 632 1089 662 arteriam
1127 629 1374 672 constringentis

357 668 441 702 male
466 668 647 708 habebant3
672 669 795 702 tametsi
820 670 925 704 rursus
948 673 1061 706 cubare
1087 672 1258 714 aliquando
1282 683 1374 716 pote-

357 719 428 745 rat.
455 713 574 745 Macies
601 715 720 746 interea
746 713 908 746 accesserat
927 740 935 754 ‚
960 719 993 748 ἅ
1019 716 1282 758 paroxyimorum
1307 728 1373 750 ma-

356 752 409 795 jor
432 758 569 796 gravitas
592 779 603 795 ,
646 759 677 789 8<
703 756 881 798 frequentia
902 783 909 790 .
947 759 1055 791 Pulsus
1080 769 1183 792 tamen
1207 759 1290 793 nihil
1316 771 1373 793 un-

357 809 454 840 quam
479 796 594 831 habuit
619 799 751 832 febrile.
779 799 895 832 Visum
923 801 995 834 aliis
1017 802 1072 844 qui
1089 802 1239 842 aderant,
1263 804 1372 837 Medi-

352 842 399 873 cis
421 863 430 878 ,
464 851 658 883 repugnante
690 843 891 876 Ramazzino
916 867 927 883 ,
959 856 975 877 e
999 845 1076 886 pede
1102 846 1284 888 sanguinem
1315 845 1372 880 effe

352 884 550 917 mittendum
578 897 585 917 .·
628 884 710 918 unde
735 886 817 918 vires
853 898 924 928 quae
947 886 987 920 fic
1012 888 1087 921 satis
1122 889 1160 923 ad
1184 889 1218 924 id
1245 899 1369 930 tempus

352 926 551 969 perstiterant
576 951 588 968 ‚
627 929 733 962 multo
761 928 831 962 sunt
864 928 1057 964 infirmiores
1082 931 1174 967 fafhe
1197 946 1207 972 ς
1241 934 1371 967 morbus

353 979 460 1004 autem
484 970 721 1004 vehementior.
745 973 820 1016 Jam
844 976 928 1006 enirn
952 987 1053 1016 angor
1076 988 1149 1010 cum
1169 977 1296 1020 Asperae
1322 988 1369 1010 ar-

351 1016 440 1047 teriae
461 1038 473 1054 ‚
507 1017 539 1047 δε
563 1014 705 1049 faucium
730 1015 960 1051 constriffione
992 1020 1141 1061 quotidie
1165 1020 1334 1054 invadebat
1357 1043 1368 1059 ‚

351 1067 579 1100 nonnunquam
604 1068 675 1099 ter,
702 1068 755 1092 aut
778 1069 914 1102 quater,
939 1065 972 1095 &
995 1062 1032 1096 ad
1057 1063 1149 1098 horas
1172 1064 1270 1105 duas,
1297 1074 1368 1097 tan-

349 1108 384 1132 ta
406 1102 563 1134 violentia
586 1126 598 1142 ,
631 1112 668 1136 nt
693 1114 786 1136 nemo
812 1102 885 1136 ess'et
908 1126 916 1141 ‚
951 1107 1029 1148 quin
1056 1106 1118 1149 jam
1143 1107 1207 1150 jam
1233 1106 1368 1142 suffoca-

349 1153 420 1177 tum
444 1146 509 1184 iri,
533 1145 746 1180 existimaret.
772 1146 937 1182 Evadebat
964 1159 1068 1182 tamen
1086 1175 1098 1190 ,
1122 1151 1206 1184 nihil
1231 1163 1285 1185 ore
1308 1150 1368 1192 eii-

348 1188 434 1234 ciens
450 1211 459 1225 ,
486 1189 597 1222 sudore
623 1200 729 1224 autem
755 1199 845 1224 totus
869 1192 1041 1227 diffluens.
1070 1195 1129 1228 Sed
1149 1195 1210 1227 five
1235 1195 1367 1236 cibum,

348 1233 410 1262 {ive
436 1232 524 1265 aliud
548 1233 716 1275 quidpiam
739 1234 897 1276 deglutire
922 1247 1093 1271 conaretur
1108 1264 1116 1278 ‚
1141 1238 1202 1271 five
1224 1250 1262 1272 ex
1285 1237 1366 1272 kuste

345 1285 455 1311 enema
477 1274 665 1318 inderetur,
689 1289 752 1311 non
777 1279 875 1312 modo
900 1291 939 1313 ex
961 1284 1074 1322 quovis
1099 1281 1233 1316 humore
1259 1282 1324 1315 alio
1348 1294 1359 1321 ,·

346 1320 505 1353 continuo
530 1321 556 1352 is
582 1332 680 1362 angor
705 1345 718 1362 ,
747 1333 843 1363 eaque
867 1322 1042 1365 praesertim
1065 1325 1253 1359 constristio
1276 1325 1360 1359 redi-

347 1361 426 1395 bant
448 1388 455 1394 .
491 1364 577 1397 Cum
602 1363 670 1397 haec
695 1365 846 1405 aberant3
872 1367 997 1400 nullum
1023 1367 1153 1411 usquam
1177 1368 1323 1403 dolorem
1349 1394 1360 1410 ,

345 1405 562 1440 molestiamve
586 1408 782 1450 percipiebat
807 1433 815 1447 ‚
849 1408 871 1442 fi
894 1411 1077 1445 consuetam
1111 1412 1251 1456 spirandi
1277 1413 1362 1446 diffi-

346 1450 522 1490 cultatem,
545 1462 616 1498 quae
641 1452 810 1485 mediocris
834 1463 900 1486 erat
925 1478 937 1494 ,
970 1456 1110 1497 excipias
1136 1481 1148 1497 ,
1181 1459 1211 1489 &
1238 1456 1359 1491 sensum

344 1504 450 1534 aurae,
474 1504 508 1528 ut
534 1494 636 1537 ajebat
658 1518 669 1533 ‚
694 1495 856 1538 cujusdam
880 1509 917 1531 ex
942 1496 1203 1541 hypochondriis
1227 1500 1264 1534 ad
1290 1500 1359 1534 fau-

343 1547 393 1569 ces
420 1537 631 1571 ascendentis.
661 1540 745 1575 Quae
770 1551 835 1577 res,
864 1543 895 1574 &
924 1543 1087 1583 repentina
1111 1543 1245 1577 insultus
1269 1545 1359 1577 inva-

344 1580 414 1620 fio,
440 1593 473 1613 ac
498 1580 662 1623 disceffio,
686 1585 718 1616 δε
743 1583 876 1626 aliquod
900 1585 1066 1619 interdum
1079 1599 1116 1620 ex
1141 1588 1276 1621 flatuum
1289 1600 1359 1622 eru-

342 1626 453 1667 ptione
478 1625 640 1666 levamen,
665 1627 697 1657 ἅτ
723 1635 1008 1668 temperamentum
1029 1654 1036 1668 ,
1069 1639 1104 1664 ut
1127 1631 1252 1665 ditftum
1284 1631 1326 1665 est
1348 1655 1360 1672 ,

343 1666 613 1701 melancholicum
639 1679 848 1711 aegrotantem
870 1694 882 1710 ,
905 1672 1071 1706 Medicum
1095 1698 1106 1713 ,
1139 1677 1172 1707 ἀ
1195 1674 1359 1718 plerosque

343 1711 424 1744 alios
449 1713 620 1745 movebant
637 1736 649 1752 ,
673 1721 708 1745 ut
733 1714 944 1755 paroxylmos
984 1715 1143 1751 ferment
1168 1718 1200 1749 in
1227 1718 1359 1759 hysteri-

335 1757 412 1795 εἰς,
436 1768 474 1788 ex
497 1756 635 1789 irritaris
657 1755 826 1790 dumtaxat
849 1781 862 1797 ‚
894 1759 1117 1803 convulfisque
1142 1763 1248 1794 nervis
1273 1773 1361 1803 repe-

341 1798 457 1832 tendos
481 1809 630 1841 putartnt
658 1826 664 1830 .
703 1802 792 1833 Nam
816 1799 871 1833 etfi
905 1803 988 1834 inter
1011 1804 1106 1837 initia
1139 1805 1194 1837 alii
1229 1805 1359 1838 crassam

343 1845 514 1877 materiam
549 1844 581 1875 in
607 1844 815 1886 pulmonibus
850 1845 1030 1886 congestam
1051 1872 1060 1887 ,
1093 1848 1148 1880 alii
1173 1858 1301 1881 tenuem
1325 1850 1358 1882 in

340 1899 394 1921 eos
427 1899 465 1920 ex
499 1885 641 1920 faucium
675 1887 838 1928 glandulis
870 1888 1064 1923 defluentem
1107 1889 1359 1933 conjiciebant3

339 1930 444 1974 postea
479 1940 582 1963 tamen
608 1931 749 1973 plerique
775 1956 783 1969 ‚
816 1941 851 1964 ut
875 1930 945 1964 dixi
969 1955 978 1971 ,
1015 1933 1072 1966 effe
1107 1933 1325 1968 convulsiones
1347 1960 1360 1977 ,

346 1975 513 2008 censebant
539 1987 576 2007 ex
600 1976 704 2007 nervis
718 1986 772 2015 per
796 1974 1224 2017 hypochondriacossuccos
1241 2001 1249 2014 ‚
1275 1990 1356 2021 quos

337 2019 483 2052 nonnulli
508 2030 545 2051 ex
570 2019 651 2050 liene
674 2019 867 2051 nominatim
892 2018 1107 2057 deducebant,
1132 2020 1263 2054 subinde
1282 2024 1354 2054 irri-

336 2064 414 2095 tatis
439 2074 445 2094 5
480 2073 660 2104 quanquam
697 2062 796 2104 aliqui
832 2074 846 2094 a
870 2063 999 2096 cerebro
1022 2064 1122 2108 usque
1149 2066 1352 2099 irritamenta

332 2105 542 2149 repetnbant,
566 2106 731 2147 epileptici
754 2105 921 2148 quidpiam
945 2108 977 2139 in
1002 2108 1203 2149 paroxysmis
1215 2110 1353 2141 commi-

330 2150 488 2183 niscentes
511 2174 519 2181 .
555 2149 627 2181 Nec
652 2149 780 2181 deerant
814 2149 942 2182 tandem
967 2152 1023 2192 qui
1046 2162 1119 2184 eum
1144 2152 1277 2185 minime
1301 2153 1352 2184 in-

328 2195 534 2232 tellit-erent,
560 2203 622 2234 qua
648 2193 772 2224 ratione
796 2201 847 2225 tot
873 2217 885 2233 ‚
917 2202 1046 2236 tamque
1072 2195 1222 2228 violentis
1256 2207 1351 2238 paro-

329 2233 453 2272 xvlmis
477 2233 533 2269 effe
559 2235 706 2279 superstes
732 2234 852 2277 posset,
878 2247 933 2269 nec
958 2236 1105 2279 superstes
1130 2239 1234 2273 solum
1254 2263 1266 2280 ‚
1299 2251 1351 2272 ve-

334 2276 406 2315 rum
431 2282 530 2312 etiam
556 2279 679 2312 viribus
718 2281 751 2312 in
776 2290 863 2312 tanta
894 2279 1083 2314 abstinentia
1117 2294 1181 2315 non
1215 2284 1351 2316 omnino

333 2325 489 2367 dejectis,
513 2323 758 2356 fascinationem
782 2322 897 2356 subesse
912 2324 1052 2365 aliquam
1065 2349 1076 2365 ,
1100 2325 1352 2366 suspicarentur.

331 2371 429 2402 Unus
454 2366 684 2409 Malpighi'us,
708 2366 742 2398 id
766 2367 854 2408 quod
878 2366 944 2408 ejus
977 2368 1012 2399 ad
1037 2370 1273 2402 Ramazziuurn
1298 2382 1351 2412 pe-

332 2424 369 2447 ne
395 2422 505 2444 omnes
529 2411 645 2442 littcrae
672 2410 821 2451 praeclare
846 2409 1015 2442 ostendunt
1048 2432 1057 2447 ,
1083 2413 1246 2444 verebatur
1268 2436 1280 2451 ,
1313 2425 1350 2446 ne

332 2465 451 2499 praeter
474 2465 646 2486 nervorum
670 2454 871 2485 irritationes
889 2476 900 2492 ‚
925 2463 1069 2495 magnum
1082 2453 1206 2495 aliquod
1229 2455 1349 2495 instra„

330 2501 418 2533 Hm
444 2500 557 2531 lateret
584 2495 773 2534 obstaculum
789 2519 802 2536 ,
826 2495 905 2537 laefio
928 2497 1034 2537 aliqua
1058 2499 1201 2538 organica
1218 2521 1228 2535 ‚
1255 2509 1350 2542 quam

328 2544 473 2577 limum-es
497 2541 585 2582 pleni
609 2539 807 2573 erodentibus
825 2538 951 2581 salibus
974 2538 1171 2584 i7ituliJJJeiir,
1196 2552 1350 2585 cauteque

329 2595 501 2629 propterea
529 2594 628 2625 neque
653 2582 743 2616 usum
768 2583 1008 2626 narcoticorum
1032 2607 1042 2622 ,
1076 2595 1145 2625 quae
1171 2596 1255 2626 aegro
1278 2586 1350 2618 data

329 2629 491 2663 interdum
518 2627 668 2666 fuerant,
693 2638 791 2668 neque
815 2626 944 2664 balnea,
970 2637 1040 2668 quae
1063 2629 1350 2670 proponebantur,

330 2673 380 2708 sed
406 2673 465 2706 alia
492 2672 598 2705 minus
624 2668 765 2712 suspecta
790 2670 974 2712 probabat,
998 2671 1143 2716 antapl‘e
1166 2694 1174 2707 ‚
1210 2682 1243 2705 ut
1271 2672 1349 2705 sole-

329 2719 384 2751 bat
410 2741 418 2755 ‚
442 2712 689 2748 commendabat
712 2738 719 2745 .
753 2715 903 2756 Denique
929 2715 1013 2745 intra
1048 2714 1310 2757 septuagesimum
1334 2728 1349 2749 a

330 2763 438 2804 primo
461 2759 583 2792 insultu
610 2756 696 2790 diem
720 2756 804 2789 ceffit
828 2768 908 2798 aeger
922 2757 1130 2790 veliementiae
1155 2759 1259 2791 morbi
1280 2758 1324 2792 sui
1339 2783 1347 2797 ,

331 2817 405 2838 cum
430 2812 504 2836 toto
526 2814 564 2834 eo
588 2809 653 2833 tam
678 2801 777 2843 longo
812 2799 917 2842 spatio
943 2800 1042 2833 sedere
1078 2799 1143 2833 fere
1166 2801 1284 2844 semper
1317 2805 1350 2835 in

334 2850 447 2887 leem,
472 2855 524 2879 aut
549 2847 581 2876 in
609 2844 681 2877 sella
705 2844 836 2877 coelestus
859 2844 932 2877 esset
953 2867 963 2883 ,
988 2854 1023 2877 ut
1049 2843 1176 2878 facilius
1200 2846 1351 2888 spiritum

335 2892 485 2924 duceret,
511 2887 685 2930 pret-sertim
710 2887 731 2919 fi
758 2888 917 2920 inclinato
941 2887 1058 2920 sederet
1069 2889 1195 2930 capite,
1220 2891 1267 2922 vel
1294 2901 1351 2931 po-

335 2936 401 2968 tius
433 2942 567 2973 corpore
602 2931 634 2962 in
678 2942 765 2962 arcus
799 2930 929 2963 modum
964 2932 1146 2965 antrorsum
1185 2943 1352 2972 curvato;

335 2989 430 3020 quem
455 2984 623 3017 propterea
649 2973 787 3014 positum
822 2974 886 3006 fere
912 2973 1023 3007 affidue
1059 2975 1220 3010 servabat.

335 3018 601 3056 ABDOMINE
625 3016 762 3050 diducto
786 3040 798 3057 ‚
830 3028 928 3058 neque
953 3018 1014 3050 lien
1036 3043 1046 3058 ‚
1080 3031 1179 3063 neque
1202 3021 1266 3053 ulla
1291 3021 1351 3054 alia

335 3064 452 3097 viscera
478 3060 620 3094 morbidi
646 3060 822 3103 quidquam
845 3059 1066 3095 ostenderunt.
1203 3066 1241 3097 In
1255 3066 1352 3098 T'no-

338 3120 406 3141 race
443 3116 571 3149 quoque
607 3103 698 3137 illaesr
735 3105 903 3146 pulmones
935 3106 1059 3138 inventi
1090 3105 1189 3140 sunt.
1224 3107 1284 3140 Sed
1317 3110 1350 3140 in

340 3153 447 3184 Aorta
474 3178 478 3187 ,
506 3151 597 3190 supra
620 3159 675 3180 cor
701 3146 729 3179 se
753 3147 923 3180 attollente
943 3171 955 3188 ,
990 3160 1143 3191 magnum
1167 3152 1351 3193 aneurysma

338 3194 543 3236 conspeftum
566 3191 608 3224 est
634 3215 645 3231 ,
679 3202 717 3223 ex
739 3203 805 3233 quo
829 3192 974 3224 concreti
995 3193 1175 3238 *sanguinis
1199 3195 1313 3228 libram
1342 3220 1350 3234 ‚

341 3250 443 3280 eoque
475 3236 612 3277 amplius
636 3243 820 3267 exemerunt
841 3258 853 3275 ,
890 3236 924 3267 in
950 3246 1038 3277 cnjus
1062 3239 1169 3271 medio
1194 3238 1350 3281 polyposa

341 3291 408 3314 erat
432 3280 597 3314 contretio
622 3276 827 3320 longitudine
847 3301 857 3316 ,
892 3282 924 3311 δε
947 3279 1145 3314 crassitudine
1181 3282 1280 3325 digiti
1304 3283 1352 3315 in-

345 3325 427 3357 dicis
444 3351 449 3356 .

389 3369 425 3400 18
461 3368 546 3399 Cum
572 3367 631 3399 alia
656 3367 687 3397 in
713 3366 893 3398 Ferrarinio
919 3365 1041 3399 fuerant
1063 3391 1075 3408 ,
1100 3381 1170 3411 quaa
1194 3368 1295 3411 postea
1317 3370 1350 3402 in

341 3410 530 3445 Mar-chram-
569 3410 739 3442 l²aulucci0
762 3421 799 3442 ex
831 3410 935 3442 cadem
959 3411 1047 3444 causa
1079 3412 1315 3445 observavimus
1341 3439 1349 3452 ,

345 3463 414 3487 turn
439 3455 493 3486 illa
520 3452 717 3497 praesertim,
743 3464 813 3496 quae
838 3452 874 3485 aci
900 3453 985 3486 dic‘ta
1011 3455 1087 3488 alias
1110 3458 1124 3494 (
1146 3456 1162 3497 lq
1186 3460 1199 3496 >
1221 3455 1259 3489 de
1271 3458 1351 3489 Pau-

941 112 1099 169 Liber
1133 112 1200 166 11.
1235 114 1321 169 De
1356 114 1566 168 Morbis
1598 113 1860 168 Thoracis

1437 195 1544 228 luccio
1567 205 1649 228 nunc
1673 194 1763 228 addes
1778 218 1787 233 ,
1811 193 1898 237 quod
1921 203 2028 228 aulam
2049 194 2135 237 quasi
2146 194 2302 238 quandam
2326 206 2363 228 ex
2376 192 2438 241 hy-

1435 237 1645 280 pochondriis
1669 238 1883 271 ascendentem
1906 237 2080 275 sentiebat,
2105 241 2137 272 ¹&
2160 238 2247 281 qnod
2264 239 2354 272 nullo
2377 239 2439 272 litu

1433 281 1634 314 commodius
1658 280 1805 320 sedebat,
1829 286 1925 323 quarn
1947 281 2053 323 capite
2071 304 2084 322 ,
2115 283 2147 314 δε
2170 293 2306 324 corpore
2326 284 2359 314 in
2383 287 2438 314 an-

1430 326 1550 357 teriora
1573 325 1732 357 inclinato
1752 350 1760 358 ,
1797 325 1943 366 Qrum
1975 325 2108 367 quidem
2142 336 2244 358 rerum
2269 335 2302 359 ut
2338 325 2435 357 altera

1429 377 1556 410 poterat
1581 368 1614 399 in
1638 379 1776 401 errorem
1798 368 1967 404 inducere,
1991 365 2032 400 fic
2057 369 2152 401 altera
2167 378 2302 402 avertere
2325 369 2364 401 ab
2388 379 2437 401 er-

1429 422 1498 444 rore
1520 409 1674 443 debebat.
1700 411 1788 444 Nam
1810 411 1831 444 si
1856 414 1994 454 primam
2018 412 2159 454 accipere
2182 413 2274 445 velles
2293 423 2351 454 pro
2375 411 2435 454 hy-

1431 453 1676 497 pochondriacae
1708 454 1924 489 convulsionis
1947 454 2070 487 indicio
2090 477 2100 492 ,
2134 466 2190 497 per
2222 467 2317 499 quam
2340 460 2435 490 unam

1430 497 1604 531 horribiles
1627 499 1703 530 illos
1726 497 1931 540 paroxvsmos
1954 499 2127 540 explicares
2155 510 2166 536 3
2190 498 2332 532 obstabat
2357 499 2435 543 alte-

1431 553 1487 579 ra,
1511 553 1580 584 quae
1606 541 1699 584 longe
1723 540 1808 573 aliud
1834 540 2028 584 significabat
2054 564 2066 582 ,
2097 541 2246 575 videlicet
2268 541 2326 576 effe
2349 544 2434 577 intra

1423 585 1587 622 thoracem
1621 583 1710 628 quod
1741 583 1893 625 Asperam
1928 587 2074 618 arteriam
2116 595 2269 628 premeret
2303 586 2433 630 magis,

1426 628 1481 665 nisi
1506 640 1540 660 ea
1563 629 1707 670 corporis
1730 628 1941 661 inclinatione
1966 628 2005 661 ab
2027 639 2061 661 ea
2085 627 2235 662 nonnihil
2261 629 2432 663 abduCere-

1424 684 1493 708 tur.
1519 674 1569 704 Ita
1593 682 1657 704 rem
1690 670 1865 713 exponebat
1890 672 2104 705 Ramazzinus
2123 695 2135 712 ,
2170 684 2240 706 cum
2271 673 2432 707 disset‘tio-

1424 728 1496 751 nem
1519 714 1618 748 modo
1640 713 1836 757 propositam
1862 713 2049 758 Malpighio
2072 716 2260 758 nunciaret,
2283 717 2430 751 similiter

1424 763 1493 795 sane
1517 770 1551 791 ac
1575 757 1750 791 Reiseliurn
1775 757 1896 791 videbis
1920 760 1953 790 in
1977 757 2211 792 Observatione
2234 784 2243 799 ,
2279 761 2338 793 illo
2361 762 2430 802 ipso

1425 814 1508 839 anno
1531 802 1616 836 edita
1639 825 1652 842 ,
1683 812 1718 834 ac
1742 801 1845 844 postea
1869 802 1902 834 in
1927 801 2170 844 Sepulchrerum
2192 808 2206 843 <
2228 805 2240 838 l
2261 808 2274 844 )
2299 805 2393 838 relata
2417 828 2430 845 ,

1424 845 1648 890 explicavisse,
1670 856 1727 878 cur
1750 854 1826 887 puer
1849 843 1963 886 asthma
1979 844 2075 887 suum
2107 858 2125 878 a
2141 846 2266 889 summa
2292 849 2428 891 angustia

1422 891 1525 925 levari
1541 890 1701 933 sentiret,
1725 889 1844 930 quando
1869 887 1955 927 stans
1979 896 2073 930 caput
2104 891 2145 922 Θ
2164 891 2274 932 pei-ius
2297 891 2429 924 inclina-

1421 933 1477 968 hat
1495 932 1624 974 scamno
1639 953 1648 969 ‚
1672 933 1825 964 nimirum
1852 931 1930 974 quod
1951 942 2004 963 cor
2027 932 2136 973 oppido
2159 944 2304 976 magnum
2318 958 2331 975 ,
2347 935 2428 974 ster-

1422 988 1460 1010 no
1482 975 1661 1011 incumbens
1684 975 1798 1008 melius
1821 973 1990 1017 quiesceret
2008 996 2020 1013 ,
2043 984 2136 1015 quam
2153 976 2182 1017 fi
2199 978 2333 1019 supinos
2352 978 2427 1020 pul-

1421 1031 1525 1053 mones
1544 1025 1702 1062 premeret
1721 1043 1728 1050 .
1763 1019 1814 1050 Sic
1839 1017 1942 1060 postea
1976 1015 2176 1052 Vieussenius
2198 1024 2212 1059 (
2234 1031 2264 1053 m
2287 1025 2300 1060 >
2325 1023 2427 1053 ratio-

1420 1074 1493 1096 nem
1515 1063 1628 1096 attulit
1648 1085 1662 1102 ,
1694 1062 1904 1104 quamobrem
1928 1059 2018 1094 miles
2051 1062 2155 1096 minus
2179 1063 2341 1096 difficilem
2364 1064 2426 1098 libi

1419 1106 1537 1139 faceret
1561 1106 1802 1148 respirationem
1833 1104 1943 1137 eodem
1968 1103 2072 1147 positu
2105 1106 2138 1138 in
2162 1106 2261 1140 cubili
2289 1108 2426 1141 sedendo

1417 1161 1513 1193 quem
1536 1151 1568 1182 in
1593 1150 1774 1181 Ferrarinio
1797 1145 2038 1190 descripfimus,
2063 1149 2183 1184 scilicet
2208 1161 2245 1183 ne
2256 1153 2426 1191 corculum

1416 1194 1502 1236 quali
1526 1191 1690 1235 quoddam
1713 1193 1921 1224 concretione
1954 1193 2107 1235 polyposa
2132 1196 2269 1227 maxime
2308 1194 2426 1229 dilata-

1417 1247 1486 1270 tum
1512 1236 1665 1278 Asperam
1689 1237 1837 1267 arteriam
1862 1235 1938 1268 adeo
1961 1238 2191 1277 comprimeret
2216 1239 2249 1270 in
2275 1237 2389 1281 supino
2415 1262 2426 1277 ,

1417 1290 1452 1314 ut
1477 1283 1510 1313 in
1538 1277 1759 1312 suffocationis
1794 1279 1972 1321 periculum
1995 1279 2158 1314 adduceret
2177 1305 2184 1312 .
2222 1282 2337 1325 Neque
2363 1284 2426 1317 alia

1414 1323 1540 1358 fortasse
1571 1323 1658 1356 causa
1682 1321 1781 1356 fuerit
1801 1345 1815 1362 ,
1842 1333 1898 1356 cur
1920 1325 1946 1355 is
1977 1334 2108 1366 qnoque
2131 1348 2143 1365 ,
2177 1324 2268 1366 cujus
2301 1334 2426 1361 tantam

1414 1369 1551 1402 dexterae
1576 1365 1686 1399 cordis
1711 1365 1861 1399 auriculae
1886 1366 2109 1399 dilatationem
2132 1370 2332 1404 exDionilio
2357 1382 2426 1404 me-

1412 1412 1610 1446 moravimus
1633 1413 1646 1450 (
1669 1421 1688 1443 n
1710 1413 1724 1449 >
1749 1431 1758 1446 ,
1791 1407 1923 1444 eundem
1948 1408 2047 1443 ferme
2081 1411 2212 1444 servaret
2245 1412 2386 1455 politum
2411 1438 2425 1456 ,

1412 1457 1468 1489 nisi
1497 1465 1532 1490 nt
1557 1457 1596 1489 ab
1620 1455 1709 1488 illius
1732 1453 1818 1486 mole
1838 1476 1852 1493 ,
1890 1456 1923 1486 &
1946 1453 2085 1501 pondere
2119 1457 2223 1489 minus
2257 1458 2424 1499 pulmones

1412 1506 1630 1542 paterentur:
1663 1501 1827 1532 Caeterum
1861 1495 1995 1543 eundem
2029 1499 2123 1531 s1tum
2166 1502 2423 1537 commodiorem

1411 1543 1502 1578 fuisse
1526 1544 1616 1577 alteri
1636 1566 1649 1583 ,
1671 1544 1787 1575 Aortae
1812 1542 2029 1582 aneurylmate
2053 1544 2086 1574 in
2119 1541 2249 1576 thorace
2272 1545 2423 1580 laboran-

1413 1590 1461 1626 ti,
1486 1587 1569 1621 vidit
1593 1585 1760 1620 Freindius
1783 1588 1797 1625 <
1820 1597 1835 1618 o
1859 1587 1891 1623 >2
1916 1584 2107 1619 Albertissus
2139 1597 2245 1620 autem
2269 1591 2325 1631 <p
2347 1594 2361 1630 >
2383 1591 2418 1625 id

1411 1632 1515 1675 ipsum
1539 1630 1637 1664 refert
1669 1630 1754 1662 inter
1776 1628 1862 1671 signa
1893 1638 1963 1670 quae
1986 1639 2049 1661 non
2074 1629 2187 1662 leviter
2220 1631 2312 1665 nobis
2337 1634 2422 1667 indi-

1410 1685 1483 1709 cent
1509 1675 1672 1707 alveorum
1696 1674 1858 1713 sanguinis
1881 1671 1965 1703 intra
1990 1670 2154 1706 thoracem
2177 1674 2386 1710 dilatationes
2411 1702 2420 1709 .

1411 1721 1529 1762 Neque
1554 1717 1641 1751 aliud
1664 1714 1862 1758 significabat
1897 1715 1985 1757 quod
2009 1717 2042 1764 in
2076 1728 2164 1758 aegro
2188 1718 2330 1761 quodam
2363 1721 2422 1755 ob-

1412 1762 1550 1795 servavit
1576 1760 1774 1795 Pacchionus
1798 1761 1811 1798 (
1834 1770 1852 1801 q
1870 1757 1887 1800 )
1904 1784 1912 1797 ‚
1937 1758 2175 1807 quotiescunque
2186 1772 2332 1804 magnum
2349 1764 2421 1807 suf.

1404 1804 1577 1849 fbcationis
1595 1803 1772 1846 periculum
1795 1808 1940 1844 urgeret,
1964 1810 2060 1835 toties
2075 1803 2213 1845 subsidio
2224 1807 2267 1838 «y
2289 1807 2423 1841 levami-

1411 1851 1444 1882 ni
1460 1847 1556 1892 sui-'ste
1579 1856 1674 1890 caput
1696 1847 1847 1879 inclinare
1868 1868 1880 1885 ,
1911 1844 2072 1887 clunesque
2099 1845 2238 1887 sublime
2270 1851 2385 1892 erigere
2408 1865 2420 1891 3

1412 1892 1454 1925 iic
1478 1896 1562 1924 enim
1585 1890 1787 1932 diaphragma
1806 1899 1864 1933 prr>
1888 1888 1992 1930 aliqua
2008 1889 2124 1930 saltem
2141 1896 2245 1932 parte.
2268 1894 2368 1926 corais
2388 1906 2421 1927 o-

1411 1946 1505 1973 nere3
1530 1935 1564 1969 id
1589 1943 1654 1967 erat
1680 1933 1779 1975 duplo
1794 1943 1918 1972 majus5
1942 1931 2160 1971 relevabarur3
2185 1934 2418 1979 diaphragma,

1411 1980 1543 2021 inquam
1567 1991 1576 2015 3
1601 1989 1674 2010 nam
1698 1978 1803 2009 eadem
1835 1975 2008 2021 inclinatio
2043 1975 2192 2010 levamini
2228 1989 2325 2020 erat,
2352 1981 2421 2023 five

1407 2021 1508 2055 homo
1526 2023 1679 2063 supinus,
1698 2022 1892 2064 sivepronur
1914 2017 2003 2061 effer.
2025 2019 2207 2052 Alter-vero
2231 2034 2336 2065 aeger,
2362 2028 2418 2059 cui

1403 2076 1530 2107 quoque
1553 2064 1618 2097 fuit
1641 2074 1699 2096 cor
1723 2063 1801 2096 mole
1825 2072 1929 2103 majus
1950 2084 1962 2100 ‚
1999 2074 2014 2094 a
2040 2063 2163 2105 Beggio
2186 2067 2199 2102 (
2223 2076 2238 2098 r
2260 2067 2274 2105 )
2297 2066 2421 2102 descri-

1404 2118 1478 2150 ptus
1493 2131 1500 2143 ‚
1525 2119 1540 2140 a
1565 2105 1787 2140 suffocationis
1810 2104 1956 2147 periculo
1978 2106 2129 2139 evadebat
2151 2132 2159 2147 ,
2181 2107 2204 2140 fi
2223 2110 2340 2151 pec‘ius
2360 2123 2417 2154 ge..

1403 2163 1463 2184 aua
1486 2149 1593 2192 versus
1617 2150 1782 2184 inclinaret
1803 2171 1816 2188 ,
1849 2157 1902 2180 aut
1925 2147 2158 2190 aliquantulum
2189 2161 2308 2193 pronus
2325 2155 2417 2197 sede-

1403 2203 1468 2229 ret.
1497 2195 1557 2229 Sed
1582 2194 1643 2227 alia
1665 2190 1851 2235 hujusmodi
1874 2191 2016 2234 exempla
2040 2192 2125 2226 infra
2136 2205 2264 2238 quoque
2287 2210 2415 2234 memo-

1404 2239 1546 2273 rabimus
1561 2264 1568 2271 .
2348 2264 2351 2266 -

1450 2293 1498 2323 19.
1524 2284 1569 2315 At
1594 2283 1704 2320 enim,
1727 2281 1873 2324 inquies,
1899 2281 1931 2313 in
1956 2282 1982 2312 Ι.
2009 2281 2156 2316 Set-“tione
2193 2284 2269 2318 libri
2293 2288 2339 2319 ΙΙ.
2366 2288 2419 2321 Se-

1403 2325 1566 2367 pulchreti
1592 2325 1675 2367 (f)
1698 2325 1841 2367 itemque
1865 2325 1897 2356 in
1910 2325 2016 2369 ⁵XIII.
2043 2324 2119 2357 libri
2155 2326 2332 2370 superioris
2356 2334 2418 2371 (t)

1403 2381 1440 2402 ex
1474 2368 1765 2402 Observationibus
1802 2367 1931 2399 Williiii
1966 2369 2089 2400 constat
2113 2370 2251 2414 ,bfuiffe
2275 2376 2332 2415 qui
2358 2374 2418 2408 nisi

1401 2422 1495 2453 caput
1520 2421 1573 2445 aut
1597 2412 1737 2445 erectum
1761 2411 1881 2453 semper
1902 2434 1915 2451 ,
1939 2419 1992 2442 aut
2017 2414 2196 2446 antrorlum
2221 2417 2416 2452 inclinatum

1402 2456 1556 2490 servarent
1573 2479 1585 2494 ,
1610 2456 1664 2487 alii
1689 2456 1846 2488 continuo
1870 2456 1902 2486 in
1927 2451 2033 2485 cordis
2060 2463 2241 2498 tremores,
2265 2463 2296 2493 &
2321 2462 2417 2505 spyri-

1402 2509 1493 2532 tuum
1517 2499 1658 2540 deliquia
1689 2498 1869 2530 inciderent
1890 2521 1902 2537 ,
1932 2497 1990 2528 alii
2027 2508 2101 2530 vero
2122 2522 2134 2538 ,
2172 2501 2261 2543 quod
2284 2504 2325 2538 ad
2349 2517 2416 2539 sem

1402 2542 1588 2583 praesentem
1612 2542 1714 2584 magis
1739 2542 1878 2581 attinet,
1900 2539 2008 2586 statim
2032 2539 2281 2585 anhelifieient,
2307 2560 2341 2581 ac
2362 2560 2416 2582 ve-

1404 2587 1451 2619 lut
1487 2585 1672 2618 moribundi
1707 2583 1900 2618 difficillime
1933 2585 2123 2631 respirarent
2148 2609 2158 2624 ‚
2190 2599 2265 2623 cum
2309 2601 2416 2628 tamen

1403 2631 1507 2662 neutri
1534 2629 1753 2671 aneni-ylmata
1779 2630 1811 2660 in
1836 2626 1986 2664 thorace,
2012 2628 2062 2661 sed
2086 2632 2213 2675 utrique
2239 2635 2272 2666 in
2296 2638 2416 2673 cerebri

1402 2674 1590 2706 ventriculis
1616 2684 1762 2715 magnam
1787 2671 1878 2712 salsi,
1904 2681 1957 2705 aut
1981 2673 2061 2704 acris
2086 2674 2144 2706 ieri
2160 2677 2332 2713 colluviem
2358 2681 2416 2715 ha..

1402 2716 1509 2749 herent
1524 2742 1531 2756 ‚
1555 2728 1624 2759 qum
1648 2719 1751 2758 capite
1776 2726 1840 2748 non
1863 2716 1989 2754 effero,
2015 2726 2068 2749 aut
2092 2727 2157 2751 non
2181 2722 2340 2757 inclinato
2365 2737 2415 2758 re-

1402 2760 1511 2793 cidens
1536 2760 1638 2793 versus
1663 2761 1807 2802 origines
1831 2770 1940 2792 eorum
1963 2770 2135 2794 nervorum
2158 2766 2213 2804 qui
2228 2769 2414 2807 praecordjjg

1375 2811 1379 2812 ⁷
1400 2803 1577 2836 inserviunt
1599 2829 1607 2842 ‚
1645 2803 1762 2836 horum
1798 2805 1950 2836 immanes
1985 2805 2200 2840 convulsione-s
2225 2812 2378 2845 excitaret
2403 2839 2411 2846 .

1531 2848 1605 2890 Ego
1625 2858 1700 2879 vero
1732 2859 1796 2880 non
1830 2845 1882 2881 hic
1917 2847 1955 2880 de
1987 2849 2091 2889 capite
2122 2852 2229 2885 ereffto
2252 2878 2261 2894 ‚
2294 2853 2344 2889 sed
2376 2856 2415 2890 de

1402 2889 1532 2925 thorace
1557 2890 1752 2933 potissimum
1778 2890 1958 2924 antrorsum
1981 2892 2141 2927 inclinato
2175 2896 2268 2930 verba
2293 2897 2379 2932 facio
2405 2913 2415 2933 .-

1402 2934 1549 2978 illudque
1574 2933 1702 2976 insuper
1724 2936 1799 2968 dico
1815 2959 1824 2975 ‚
1848 2945 1984 2981 quorum
2008 2937 2040 2967 in
2065 2938 2195 2971 cerebro
2218 2949 2306 2974 tanta
2330 2942 2413 2984 ejus-

1407 2978 1496 3011 modi
1522 2980 1579 3011 ieri
1603 2980 1697 3020 copia
1722 2979 1819 3018 esset,
1844 2990 1896 3011 eos
1920 2978 2015 3021 signis
2039 2981 2108 3013 aliis
2142 2984 2258 3024 capitis
2280 2986 2361 3019 male
2385 2986 2414 3020 se

1404 3022 1550 3055 habentis
1573 3033 1676 3054 carere
1701 3033 1765 3055 non
1788 3022 1947 3064 potuisle‚
1971 3024 2087 3065 quibus
2100 3023 2164 3058 fere
2187 3028 2414 3073 carebantple-

1404 3067 1494 3108 rique
1519 3076 1631 3098 eorum
1653 3067 1690 3098 de
1714 3066 1830 3109 quibus
1854 3078 1869 3098 a
1892 3077 1942 3098 me
1966 3068 2090 3101 dictum
2113 3069 2177 3110 est,
2199 3081 2271 3104 cum
2294 3074 2413 3108 interea

1402 3107 1465 3141 fine
1489 3108 1621 3142 indiciis
1650 3120 1712 3141 non
1738 3109 1831 3142 essent
1861 3121 1931 3151 quae
1955 3112 2148 3154 praecipuam
2180 3116 2285 3148 morbi
2312 3117 2413 3151 sedem

1402 3154 1437 3184 in
1461 3152 1591 3186 thorace
1613 3151 1847 3194 significarent,
1871 3153 1891 3185 ii
1916 3165 1948 3186 ea
1972 3166 2043 3198 quae
2067 3157 2282 3198 praecefferant
2305 3184 2314 3198 ‚
2339 3173 2413 3194 cum

1403 3197 1442 3228 iis
1466 3208 1536 3239 quae
1561 3196 1689 3230 aderant
1714 3218 1723 3232 ‚
1757 3196 1929 3238 diligenter
1951 3198 2159 3243 conjungeres
2181 3225 2189 3232 .
2223 3203 2293 3235 Alii
2326 3206 2412 3238 enim

1404 3239 1591 3282 gravissimis
1616 3241 1714 3272 animi
1739 3238 1904 3273 affeftibus
1929 3241 2060 3283 perculfi
2082 3268 2096 3284 ,
2127 3253 2162 3276 ut
2187 3246 2374 3282 Pauluccius
2400 3274 2411 3290 ‚

1406 3287 1437 3316 &
1462 3285 1488 3316 is
1508 3305 1517 3320 ‚
1554 3294 1648 3326 quem
1671 3309 1679 3322 ‚
1714 3283 1868 3317 Dionifio
1893 3286 2019 3318 auctore
2057 3293 2375 3325 commemoravimus
2400 3304 2411 3331 5

1405 3327 1459 3358 alii
1484 3327 1658 3365 diuturna,
1684 3329 1879 3369 immanique
1904 3328 1994 3369 ruffi,
2018 3341 2053 3363 ut
2078 3333 2273 3368 Ferrarinius
2299 3359 2312 3375 ,
2344 3337 2413 3377 agi.

1404 3372 1464 3402 tati
1489 3372 1522 3402 in
1546 3370 1696 3404 morbum
1717 3371 1913 3404 inciderant.
2049 3375 2098 3406 Ut
2120 3385 2195 3409 vero
2219 3379 2253 3410 in
2273 3378 2412 3421 ejusmo-

1403 3413 1437 3446 di
1461 3412 1532 3446 tuffi
1555 3425 1652 3456 quam
1675 3413 1808 3453 crebro,
1834 3427 1930 3458 quam
1954 3417 2111 3449 violenter
2136 3422 2288 3454 naturalis
2302 3432 2410 3456 motus

1405 3456 1645 3499 respirationis,
1670 3460 1722 3495 δε,
1749 3457 1835 3500 quod
1859 3460 2065 3503 consequitur
2086 3484 2098 3501 ,
2121 3464 2219 3496 etiam
2246 3465 2411 3507 sanguinis

2261 3518 2366 3541 mute-

677 3604 2401 3622 Q

407 3674 420 3702 ζ
436 3672 451 3696 1<
470 3673 482 3700 )
500 3672 573 3706 Epist.
594 3680 630 3702 17.
648 3682 669 3698 n.
688 3678 726 3698 26.
789 3677 799 3699 <
816 3676 824 3699 Ι
840 3676 853 3704 )
870 3676 894 3700 in
913 3675 1038 3701 additam.
1056 3678 1085 3701 ad
1103 3679 1162 3703 Seffl.
1183 3686 1200 3702 ῐ,
1219 3679 1235 3703 1.
1254 3687 1274 3702 2.
1292 3679 1352 3703 obs.
1370 3687 1407 3709 29.

407 3704 415 3731 (
435 3712 446 3726 o
465 3703 598 3730 )H1st.de
617 3707 639 3733 ixa
655 3706 750 3728 Medec.
770 3706 790 3728 Ι.
854 3706 917 3736 (p)
937 3708 1026 3736 opusc.
1043 3710 1083 3733 cit.
1101 3710 1184 3739 supra,
1200 3711 1231 3735 ad
1249 3718 1274 3734 n.
1294 3717 1329 3734 ιι.

407 3733 609 3766 (sjobss164
682 3735 859 3765 (t)0bs.4.

1470 3681 1479 3708 (
1498 3689 1520 3703 m
1536 3681 1550 3710 )
1565 3681 1650 3706 Traite
1668 3683 1698 3706 du
1716 3684 1794 3707 Coeur
1811 3682 1839 3707 ch
1871 3691 1889 3706 1.

1393 3713 1408 3740 (
1423 3720 1438 3741 q
1455 3716 1464 3739 J
1482 3713 1558 3740 oper.
1576 3712 1640 3737 Edit.
1659 3722 1681 3741 4.
1699 3712 1759 3737 vers.
1778 3714 1819 3737 fin.
1838 3714 1897 3738 Hist.
1916 3722 1937 3738 2.

1954 3685 1967 3712 (
1983 3692 1998 3707 n
2017 3682 2025 3712 )
2042 3683 2122 3713 supra,
2140 3693 2205 3708 mir
2237 3687 2311 3710 2⁷:12.

1978 3724 1980 3728 ’
2001 3715 2041 3743 (r
2057 3715 2071 3743 )
2091 3717 2144 3739 lbni
2173 3718 2225 3741 Hui
2254 3717 2300 3746 seq*
