<?xml version="1.0" encoding="UTF-8"?>
<!DOCTYPE html PUBLIC "-//W3C//DTD XHTML 1.0 Transitional//EN"
    "http://www.w3.org/TR/xhtml1/DTD/xhtml1-transitional.dtd">
<html xmlns="http://www.w3.org/1999/xhtml" xml:lang="en" lang="en">
 <head>
  <title>
</title>
<meta http-equiv="Content-Type" content="text/html;charset=utf-8" />
  <meta name='ocr-system' content='tesseract 3.04.00' />
  <meta name='ocr-capabilities' content='ocr_page ocr_carea ocr_par ocr_line ocrx_word'/>
</head>
<body>
  <div class='ocr_page' id='page_1' title='image "./desedibusetcausi00morg_0699.png"; bbox 0 0 2498 4075; ppageno 0'>
   <div class='ocr_carea' id='block_1_1' title="bbox 442 191 1756 261">
    <p class='ocr_par' dir='ltr' id='par_1_1' title="bbox 442 191 1756 261">
     <span class='ocr_line' id='line_1_1' title="bbox 442 191 1756 261; baseline -0.001 -16"><span class='ocrx_word' id='word_1_1' title='bbox 442 191 611 258; x_wconf 64' lang='lat' dir='ltr'>Epist:</span> <span class='ocrx_word' id='word_1_2' title='bbox 636 191 796 246; x_wconf 87' lang='lat' dir='ltr'>Anat.</span> <span class='ocrx_word' id='word_1_3' title='bbox 832 192 1195 254; x_wconf 52' lang='lat' dir='ltr'>Medica-:mm</span> <span class='ocrx_word' id='word_1_4' title='bbox 1228 192 1646 261; x_wconf 27' lang='lat' dir='ltr'>Art;9.10,1t.s&amp;</span> <span class='ocrx_word' id='word_1_5' title='bbox 1668 211 1756 247; x_wconf 85' lang='lat'><strong>12.·</strong></span> 
     </span>
    </p>
   </div>
   <div class='ocr_carea' id='block_1_2' title="bbox 44 272 1065 3696">
    <p class='ocr_par' dir='ltr' id='par_1_2' title="bbox 56 272 1064 1527">
     <span class='ocr_line' id='line_1_2' title="bbox 66 272 1064 319; baseline 0.005 -14"><span class='ocrx_word' id='word_1_6' title='bbox 66 282 205 306; x_wconf 78' lang='lat' dir='ltr'>annexa.</span> <span class='ocrx_word' id='word_1_7' title='bbox 231 273 296 317; x_wconf 80' lang='lat' dir='ltr'>Ipsi</span> <span class='ocrx_word' id='word_1_8' title='bbox 319 272 475 319; x_wconf 81' lang='lat' dir='ltr'>nusquam</span> <span class='ocrx_word' id='word_1_9' title='bbox 497 275 591 312; x_wconf 81' lang='lat' dir='ltr'>duri;</span> <span class='ocrx_word' id='word_1_10' title='bbox 614 283 645 309; x_wconf 86' lang='lat' dir='ltr'>at</span> <span class='ocrx_word' id='word_1_11' title='bbox 668 285 853 319; x_wconf 78' lang='lat' dir='ltr'>quanquam</span> <span class='ocrx_word' id='word_1_12' title='bbox 885 285 943 308; x_wconf 89' lang='lat' dir='ltr'>nec</span> <span class='ocrx_word' id='word_1_13' title='bbox 971 286 1064 310; x_wconf 86' lang='lat' dir='ltr'>crura</span> 
     </span>
     <span class='ocr_line' id='line_1_3' title="bbox 66 316 1062 360; baseline 0.004 -12"><span class='ocrx_word' id='word_1_14' title='bbox 66 316 254 357; x_wconf 78' lang='lat' dir='ltr'>tumebant,</span> <span class='ocrx_word' id='word_1_15' title='bbox 278 329 336 352; x_wconf 90' lang='lat' dir='ltr'>nec</span> <span class='ocrx_word' id='word_1_16' title='bbox 352 318 470 360; x_wconf 87' lang='lat' dir='ltr'>pedes,</span> <span class='ocrx_word' id='word_1_17' title='bbox 493 329 573 360; x_wconf 86' lang='lat' dir='ltr'>aqua</span> <span class='ocrx_word' id='word_1_18' title='bbox 597 318 784 354; x_wconf 81' lang='lat' dir='ltr'>circumfusi</span> <span class='ocrx_word' id='word_1_19' title='bbox 808 328 900 353; x_wconf 90' lang='lat' dir='ltr'>erant</span> <span class='ocrx_word' id='word_1_20' title='bbox 924 319 1027 352; x_wconf 91' lang='lat' dir='ltr'>multa</span> <span class='ocrx_word' id='word_1_21' title='bbox 1053 335 1062 357; x_wconf 81' lang='lat'>3</span> 
     </span>
     <span class='ocr_line' id='line_1_4' title="bbox 65 360 1063 405; baseline 0.005 -14"><span class='ocrx_word' id='word_1_22' title='bbox 65 360 161 392; x_wconf 87' lang='lat' dir='ltr'>rubra</span> <span class='ocrx_word' id='word_1_23' title='bbox 176 383 186 398; x_wconf 91' lang='lat'>,</span> <span class='ocrx_word' id='word_1_24' title='bbox 209 362 240 392; x_wconf 89' lang='lat'><strong>&amp;</strong></span> <span class='ocrx_word' id='word_1_25' title='bbox 265 362 433 405; x_wconf 84' lang='lat' dir='ltr'>aliquanto</span> <span class='ocrx_word' id='word_1_26' title='bbox 446 364 593 402; x_wconf 85' lang='lat' dir='ltr'>pauciore</span> <span class='ocrx_word' id='word_1_27' title='bbox 616 361 757 400; x_wconf 79' lang='lat' dir='ltr'>finister,</span> <span class='ocrx_word' id='word_1_28' title='bbox 782 375 820 399; x_wconf 81' lang='lat' dir='ltr'>ex</span> <span class='ocrx_word' id='word_1_29' title='bbox 832 360 928 400; x_wconf 83' lang='lat' dir='ltr'>viridi</span> <span class='ocrx_word' id='word_1_30' title='bbox 952 361 1063 396; x_wconf 80' lang='lat' dir='ltr'>sublu-</span> 
     </span>
     <span class='ocr_line' id='line_1_5' title="bbox 64 402 1061 447; baseline 0.005 -13"><span class='ocrx_word' id='word_1_31' title='bbox 64 411 116 434; x_wconf 88' lang='lat' dir='ltr'>tea</span> <span class='ocrx_word' id='word_1_32' title='bbox 139 402 253 436; x_wconf 84' lang='lat' dir='ltr'>dexter</span> <span class='ocrx_word' id='word_1_33' title='bbox 267 429 275 435; x_wconf 91' lang='lat'><strong>.</strong></span> <span class='ocrx_word' id='word_1_34' title='bbox 301 407 331 438; x_wconf 88' lang='lat' dir='ltr'>A</span> <span class='ocrx_word' id='word_1_35' title='bbox 354 404 476 438; x_wconf 82' lang='lat' dir='ltr'>dextris</span> <span class='ocrx_word' id='word_1_36' title='bbox 486 414 616 446; x_wconf 82' lang='lat' dir='ltr'>quoque</span> <span class='ocrx_word' id='word_1_37' title='bbox 638 405 746 447; x_wconf 88' lang='lat' dir='ltr'>pleura</span> <span class='ocrx_word' id='word_1_38' title='bbox 769 415 837 439; x_wconf 84' lang='lat' dir='ltr'>erat</span> <span class='ocrx_word' id='word_1_39' title='bbox 850 405 1002 447; x_wconf 87' lang='lat' dir='ltr'>putrida,</span> <span class='ocrx_word' id='word_1_40' title='bbox 1025 413 1061 439; x_wconf 90' lang='lat' dir='ltr'>ut</span> 
     </span>
     <span class='ocr_line' id='line_1_6' title="bbox 61 445 1062 490; baseline 0.003 -13"><span class='ocrx_word' id='word_1_41' title='bbox 61 454 128 477; x_wconf 88' lang='lat' dir='ltr'>non</span> <span class='ocrx_word' id='word_1_42' title='bbox 141 445 238 479; x_wconf 89' lang='lat' dir='ltr'>modo</span> <span class='ocrx_word' id='word_1_43' title='bbox 259 446 413 481; x_wconf 85' lang='lat' dir='ltr'>facillime</span> <span class='ocrx_word' id='word_1_44' title='bbox 436 448 624 482; x_wconf 80' lang='lat' dir='ltr'>avelleretur</span> <span class='ocrx_word' id='word_1_45' title='bbox 639 474 648 487; x_wconf 90' lang='lat'>‚</span> <span class='ocrx_word' id='word_1_46' title='bbox 671 447 722 481; x_wconf 87' lang='lat' dir='ltr'>sed</span> <span class='ocrx_word' id='word_1_47' title='bbox 734 448 840 482; x_wconf 85' lang='lat' dir='ltr'>frustis</span> <span class='ocrx_word' id='word_1_48' title='bbox 852 459 906 490; x_wconf 88' lang='lat' dir='ltr'>per</span> <span class='ocrx_word' id='word_1_49' title='bbox 930 447 960 482; x_wconf 90' lang='lat' dir='ltr'>se</span> <span class='ocrx_word' id='word_1_50' title='bbox 971 449 1062 482; x_wconf 85' lang='lat' dir='ltr'>avul-</span> 
     </span>
     <span class='ocr_line' id='line_1_7' title="bbox 61 485 1060 534; baseline 0.005 -14"><span class='ocrx_word' id='word_1_51' title='bbox 61 485 102 521; x_wconf 86' lang='lat' dir='ltr'>fis</span> <span class='ocrx_word' id='word_1_52' title='bbox 125 489 159 520; x_wconf 91' lang='lat' dir='ltr'>in</span> <span class='ocrx_word' id='word_1_53' title='bbox 183 489 238 522; x_wconf 90' lang='lat' dir='ltr'>illa</span> <span class='ocrx_word' id='word_1_54' title='bbox 263 502 344 534; x_wconf 87' lang='lat' dir='ltr'>aqua</span> <span class='ocrx_word' id='word_1_55' title='bbox 356 499 500 531; x_wconf 87' lang='lat' dir='ltr'>nataret,</span> <span class='ocrx_word' id='word_1_56' title='bbox 522 490 731 532; x_wconf 82' lang='lat' dir='ltr'>&amp;pulmonis</span> <span class='ocrx_word' id='word_1_57' title='bbox 754 491 966 529; x_wconf 65' lang='lat' dir='ltr'>membranae,</span> <span class='ocrx_word' id='word_1_58' title='bbox 988 503 1060 534; x_wconf 73' lang='lat' dir='ltr'>quat</span> 
     </span>
     <span class='ocr_line' id='line_1_8' title="bbox 62 531 1059 575; baseline 0.004 -12"><span class='ocrx_word' id='word_1_59' title='bbox 62 531 134 564; x_wconf 90' lang='lat' dir='ltr'>sana</span> <span class='ocrx_word' id='word_1_60' title='bbox 147 532 212 573; x_wconf 90' lang='lat' dir='ltr'>ipsa</span> <span class='ocrx_word' id='word_1_61' title='bbox 224 543 293 567; x_wconf 88' lang='lat' dir='ltr'>erat</span> <span class='ocrx_word' id='word_1_62' title='bbox 306 557 318 574; x_wconf 89' lang='lat'>‚</span> <span class='ocrx_word' id='word_1_63' title='bbox 341 534 501 568; x_wconf 69' lang='lat' dir='ltr'>adhaerens</span> <span class='ocrx_word' id='word_1_64' title='bbox 511 556 524 573; x_wconf 91' lang='lat'>,</span> <span class='ocrx_word' id='word_1_65' title='bbox 547 544 605 575; x_wconf 88' lang='lat' dir='ltr'>pus</span> <span class='ocrx_word' id='word_1_66' title='bbox 618 536 810 569; x_wconf 81' lang='lat' dir='ltr'>mentiretur</span> <span class='ocrx_word' id='word_1_67' title='bbox 821 560 828 568; x_wconf 91' lang='lat'>.</span> <span class='ocrx_word' id='word_1_68' title='bbox 841 534 1059 569; x_wconf 86' lang='lat' dir='ltr'>Pericardium</span> 
     </span>
     <span class='ocr_line' id='line_1_9' title="bbox 60 572 1063 620; baseline 0.003 -14"><span class='ocrx_word' id='word_1_69' title='bbox 60 572 253 609; x_wconf 82' lang='lat' dir='ltr'>subrubram</span> <span class='ocrx_word' id='word_1_70' title='bbox 277 588 418 620; x_wconf 87' lang='lat' dir='ltr'>aquam,·</span> <span class='ocrx_word' id='word_1_71' title='bbox 438 588 495 610; x_wconf 82' lang='lat' dir='ltr'>cor</span> <span class='ocrx_word' id='word_1_72' title='bbox 519 575 704 619; x_wconf 87' lang='lat' dir='ltr'>sanguinem</span> <span class='ocrx_word' id='word_1_73' title='bbox 728 577 911 620; x_wconf 78' lang='lat' dir='ltr'>spumosum</span> <span class='ocrx_word' id='word_1_74' title='bbox 922 577 1063 617; x_wconf 85' lang='lat' dir='ltr'>habuit;</span> 
     </span>
     <span class='ocr_line' id='line_1_10' title="bbox 60 616 1060 663; baseline 0.004 -13"><span class='ocrx_word' id='word_1_75' title='bbox 60 616 182 659; x_wconf 84' lang='lat' dir='ltr'>Magna</span> <span class='ocrx_word' id='word_1_76' title='bbox 192 630 231 653; x_wconf 90' lang='lat' dir='ltr'>ex</span> <span class='ocrx_word' id='word_1_77' title='bbox 252 620 346 654; x_wconf 90' lang='lat' dir='ltr'>corde</span> <span class='ocrx_word' id='word_1_78' title='bbox 357 622 462 654; x_wconf 88' lang='lat' dir='ltr'>oriens</span> <span class='ocrx_word' id='word_1_79' title='bbox 473 621 588 654; x_wconf 86' lang='lat' dir='ltr'>arteria</span> <span class='ocrx_word' id='word_1_80' title='bbox 599 623 837 656; x_wconf 81' lang='lat' dir='ltr'>concretionem</span> <span class='ocrx_word' id='word_1_81' title='bbox 851 620 1039 663; x_wconf 86' lang='lat' dir='ltr'>polyposam</span> <span class='ocrx_word' id='word_1_82' title='bbox 1052 645 1060 654; x_wconf 93' lang='lat'>.</span> 
     </span>
     <span class='ocr_line' id='line_1_11' title="bbox 73 663 1060 710; baseline 0.003 -16"><span class='ocrx_word' id='word_1_83' title='bbox 73 703 81 710; x_wconf 51' lang='grc'><em>·</em></span> <span class='ocrx_word' id='word_1_84' title='bbox 192 663 359 705; x_wconf 87' lang='lat' dir='ltr'>Sincipitis</span> <span class='ocrx_word' id='word_1_85' title='bbox 372 663 529 697; x_wconf 84' lang='lat' dir='ltr'>vulnerati</span> <span class='ocrx_word' id='word_1_86' title='bbox 547 674 584 695; x_wconf 86' lang='lat' dir='ltr'>os</span> <span class='ocrx_word' id='word_1_87' title='bbox 593 664 723 706; x_wconf 88' lang='lat' dir='ltr'>patebat</span> <span class='ocrx_word' id='word_1_88' title='bbox 747 664 784 698; x_wconf 84' lang='lat' dir='ltr'>ad</span> <span class='ocrx_word' id='word_1_89' title='bbox 797 663 1038 707; x_wconf 84' lang='lat' dir='ltr'>sesquidigitum</span> <span class='ocrx_word' id='word_1_90' title='bbox 1050 688 1060 704; x_wconf 81' lang='lat'><em>‚</em></span> 
     </span>
     <span class='ocr_line' id='line_1_12' title="bbox 57 702 1058 749; baseline 0.003 -13"><span class='ocrx_word' id='word_1_91' title='bbox 57 702 232 745; x_wconf 79' lang='lat' dir='ltr'>livescens,</span> <span class='ocrx_word' id='word_1_92' title='bbox 253 709 284 740; x_wconf 76' lang='grc' dir='ltr'>δι</span> <span class='ocrx_word' id='word_1_93' title='bbox 315 707 463 741; x_wconf 82' lang='lat' dir='ltr'>circulari</span> <span class='ocrx_word' id='word_1_94' title='bbox 487 705 573 748; x_wconf 78' lang='lat' dir='ltr'>quasi</span> <span class='ocrx_word' id='word_1_95' title='bbox 605 706 730 742; x_wconf 85' lang='lat' dir='ltr'>sulculo</span> <span class='ocrx_word' id='word_1_96' title='bbox 761 706 1026 749; x_wconf 86' lang='lat' dir='ltr'>comprehensum</span> <span class='ocrx_word' id='word_1_97' title='bbox 1049 730 1058 747; x_wconf 93' lang='lat'>,</span> 
     </span>
     <span class='ocr_line' id='line_1_13' title="bbox 59 745 1059 784; baseline 0.003 -5"><span class='ocrx_word' id='word_1_98' title='bbox 59 755 96 780; x_wconf 90' lang='lat' dir='ltr'>ut</span> <span class='ocrx_word' id='word_1_99' title='bbox 118 745 141 780; x_wconf 75' lang='lat' dir='ltr'>fi</span> <span class='ocrx_word' id='word_1_100' title='bbox 164 750 306 783; x_wconf 85' lang='lat' dir='ltr'>exterior</span> <span class='ocrx_word' id='word_1_101' title='bbox 318 749 551 784; x_wconf 86' lang='lat' dir='ltr'>craniilamina</span> <span class='ocrx_word' id='word_1_102' title='bbox 565 749 771 784; x_wconf 77' lang='lat' dir='ltr'>subsedisset.</span> <span class='ocrx_word' id='word_1_103' title='bbox 798 751 939 784; x_wconf 90' lang='lat' dir='ltr'>Interior</span> <span class='ocrx_word' id='word_1_104' title='bbox 952 759 1059 783; x_wconf 89' lang='lat' dir='ltr'>autem</span> 
     </span>
     <span class='ocr_line' id='line_1_14' title="bbox 58 788 1059 836; baseline 0.004 -14"><span class='ocrx_word' id='word_1_105' title='bbox 58 788 179 831; x_wconf 81' lang='lat' dir='ltr'>facies,</span> <span class='ocrx_word' id='word_1_106' title='bbox 200 792 259 834; x_wconf 87' lang='lat' dir='ltr'>ipsi</span> <span class='ocrx_word' id='word_1_107' title='bbox 281 792 473 834; x_wconf 86' lang='lat' dir='ltr'>respondens</span> <span class='ocrx_word' id='word_1_108' title='bbox 497 817 508 833; x_wconf 89' lang='lat'>,</span> <span class='ocrx_word' id='word_1_109' title='bbox 540 792 650 829; x_wconf 89' lang='lat' dir='ltr'>colore</span> <span class='ocrx_word' id='word_1_110' title='bbox 674 793 804 836; x_wconf 91' lang='lat' dir='ltr'>quidem</span> <span class='ocrx_word' id='word_1_111' title='bbox 828 802 893 827; x_wconf 87' lang='lat' dir='ltr'>erat</span> <span class='ocrx_word' id='word_1_112' title='bbox 924 793 1059 830; x_wconf 83' lang='lat' dir='ltr'>eodem;</span> 
     </span>
     <span class='ocr_line' id='line_1_15' title="bbox 60 831 1059 883; baseline 0.006 -18"><span class='ocrx_word' id='word_1_113' title='bbox 60 831 113 883; x_wconf 82' lang='lat' dir='ltr'>sed</span> <span class='ocrx_word' id='word_1_114' title='bbox 137 835 373 872; x_wconf 71' lang='lat' dir='ltr'>nullmsulculo</span> <span class='ocrx_word' id='word_1_115' title='bbox 395 834 643 878; x_wconf 74' lang='lat' dir='ltr'>comprehensa.</span> <span class='ocrx_word' id='word_1_116' title='bbox 667 837 739 870; x_wconf 89' lang='lat' dir='ltr'>Nec</span> <span class='ocrx_word' id='word_1_117' title='bbox 764 847 842 870; x_wconf 87' lang='lat' dir='ltr'>vero</span> <span class='ocrx_word' id='word_1_118' title='bbox 865 837 937 876; x_wconf 90' lang='lat' dir='ltr'>ibi,</span> <span class='ocrx_word' id='word_1_119' title='bbox 958 847 1059 879; x_wconf 85' lang='lat' dir='ltr'>neque</span> 
     </span>
     <span class='ocr_line' id='line_1_16' title="bbox 59 876 1060 921; baseline 0.005 -13"><span class='ocrx_word' id='word_1_120' title='bbox 59 876 140 910; x_wconf 82' lang='lat' dir='ltr'>alibi</span> <span class='ocrx_word' id='word_1_121' title='bbox 163 877 252 912; x_wconf 89' lang='lat' dir='ltr'>aliud</span> <span class='ocrx_word' id='word_1_122' title='bbox 273 888 423 921; x_wconf 86' lang='lat' dir='ltr'>praeterea</span> <span class='ocrx_word' id='word_1_123' title='bbox 436 879 574 912; x_wconf 87' lang='lat' dir='ltr'>calvaria</span> <span class='ocrx_word' id='word_1_124' title='bbox 586 880 704 914; x_wconf 90' lang='lat' dir='ltr'>vitium</span> <span class='ocrx_word' id='word_1_125' title='bbox 715 879 874 913; x_wconf 82' lang='lat' dir='ltr'>habebat.</span> <span class='ocrx_word' id='word_1_126' title='bbox 900 881 991 914; x_wconf 91' lang='lat' dir='ltr'>Dura</span> <span class='ocrx_word' id='word_1_127' title='bbox 1002 891 1060 913; x_wconf 87' lang='lat' dir='ltr'>au-</span> 
     </span>
     <span class='ocr_line' id='line_1_17' title="bbox 57 921 1061 964; baseline 0.003 -12"><span class='ocrx_word' id='word_1_128' title='bbox 57 928 149 960; x_wconf 87' lang='lat' dir='ltr'>tem,</span> <span class='ocrx_word' id='word_1_129' title='bbox 171 921 201 954; x_wconf 91' lang='lat' dir='ltr'>ei</span> <span class='ocrx_word' id='word_1_130' title='bbox 226 924 282 955; x_wconf 87' lang='lat' dir='ltr'>uni</span> <span class='ocrx_word' id='word_1_131' title='bbox 305 922 379 956; x_wconf 89' lang='lat' dir='ltr'>loco</span> <span class='ocrx_word' id='word_1_132' title='bbox 403 921 545 964; x_wconf 74' lang='lat' dir='ltr'>subjeeta</span> <span class='ocrx_word' id='word_1_133' title='bbox 559 946 569 962; x_wconf 95' lang='lat'>,</span> <span class='ocrx_word' id='word_1_134' title='bbox 591 921 845 960; x_wconf 87' lang='lat' dir='ltr'>meninxichore</span> <span class='ocrx_word' id='word_1_135' title='bbox 858 922 1061 956; x_wconf 83' lang='lat' dir='ltr'>craffiusculo</span> 
     </span>
     <span class='ocr_line' id='line_1_18' title="bbox 59 961 1061 1008; baseline 0.002 -12"><span class='ocrx_word' id='word_1_136' title='bbox 59 961 208 1000; x_wconf 85' lang='lat' dir='ltr'>madebat</span> <span class='ocrx_word' id='word_1_137' title='bbox 230 963 312 999; x_wconf 89' lang='lat' dir='ltr'>facie</span> <span class='ocrx_word' id='word_1_138' title='bbox 323 964 452 1008; x_wconf 89' lang='lat' dir='ltr'>quidem</span> <span class='ocrx_word' id='word_1_139' title='bbox 466 964 648 1008; x_wconf 82' lang='lat' dir='ltr'>superiore;</span> <span class='ocrx_word' id='word_1_140' title='bbox 671 965 819 1000; x_wconf 87' lang='lat' dir='ltr'>inferiori</span> <span class='ocrx_word' id='word_1_141' title='bbox 843 966 1061 1002; x_wconf 73' lang='lat' dir='ltr'>adhaerentem</span> 
     </span>
     <span class='ocr_line' id='line_1_19' title="bbox 57 1005 1061 1053; baseline 0.003 -14"><span class='ocrx_word' id='word_1_142' title='bbox 57 1005 221 1047; x_wconf 89' lang='lat' dir='ltr'>habebat,</span> <span class='ocrx_word' id='word_1_143' title='bbox 244 1008 286 1042; x_wconf 79' lang='lat' dir='ltr'>fic</span> <span class='ocrx_word' id='word_1_144' title='bbox 309 1017 434 1048; x_wconf 85' lang='lat' dir='ltr'>tamen,</span> <span class='ocrx_word' id='word_1_145' title='bbox 461 1017 497 1043; x_wconf 83' lang='lat' dir='ltr'>ut</span> <span class='ocrx_word' id='word_1_146' title='bbox 520 1009 611 1043; x_wconf 91' lang='lat' dir='ltr'>nullo</span> <span class='ocrx_word' id='word_1_147' title='bbox 633 1011 768 1053; x_wconf 88' lang='lat' dir='ltr'>negotio</span> <span class='ocrx_word' id='word_1_148' title='bbox 789 1008 915 1044; x_wconf 85' lang='lat' dir='ltr'>detrahi</span> <span class='ocrx_word' id='word_1_149' title='bbox 939 1008 1061 1052; x_wconf 82' lang='lat' dir='ltr'>posset,</span> 
     </span>
     <span class='ocr_line' id='line_1_20' title="bbox 58 1049 1062 1095; baseline 0.002 -13"><span class='ocrx_word' id='word_1_150' title='bbox 58 1049 147 1091; x_wconf 81' lang='lat' dir='ltr'>quasi</span> <span class='ocrx_word' id='word_1_151' title='bbox 173 1050 302 1086; x_wconf 88' lang='lat' dir='ltr'>alterius</span> <span class='ocrx_word' id='word_1_152' title='bbox 325 1053 422 1085; x_wconf 84' lang='lat' dir='ltr'>Durae</span> <span class='ocrx_word' id='word_1_153' title='bbox 446 1053 609 1094; x_wconf 88' lang='lat' dir='ltr'>meningis</span> <span class='ocrx_word' id='word_1_154' title='bbox 643 1051 804 1091; x_wconf 83' lang='lat' dir='ltr'>frustum,</span> <span class='ocrx_word' id='word_1_155' title='bbox 825 1051 914 1095; x_wconf 89' lang='lat' dir='ltr'>quod</span> <span class='ocrx_word' id='word_1_156' title='bbox 940 1060 1062 1085; x_wconf 91' lang='lat' dir='ltr'>attente</span> 
     </span>
     <span class='ocr_line' id='line_1_21' title="bbox 58 1094 1061 1138; baseline 0.004 -13"><span class='ocrx_word' id='word_1_157' title='bbox 58 1095 301 1136; x_wconf 81' lang='lat' dir='ltr'>examinatum,</span> <span class='ocrx_word' id='word_1_158' title='bbox 325 1094 484 1136; x_wconf 78' lang='lat' dir='ltr'>persimile</span> <span class='ocrx_word' id='word_1_159' title='bbox 507 1095 676 1130; x_wconf 86' lang='lat' dir='ltr'>inventum</span> <span class='ocrx_word' id='word_1_160' title='bbox 699 1096 742 1129; x_wconf 88' lang='lat' dir='ltr'>est</span> <span class='ocrx_word' id='word_1_161' title='bbox 756 1095 935 1138; x_wconf 87' lang='lat' dir='ltr'>spuriarum</span> <span class='ocrx_word' id='word_1_162' title='bbox 959 1106 1061 1131; x_wconf 81' lang='lat' dir='ltr'>mem-</span> 
     </span>
     <span class='ocr_line' id='line_1_22' title="bbox 58 1136 1062 1182; baseline 0.001 -11"><span class='ocrx_word' id='word_1_163' title='bbox 58 1136 233 1172; x_wconf 88' lang='lat' dir='ltr'>branarum</span> <span class='ocrx_word' id='word_1_164' title='bbox 256 1139 377 1180; x_wconf 89' lang='lat' dir='ltr'>quibus</span> <span class='ocrx_word' id='word_1_165' title='bbox 399 1139 433 1171; x_wconf 92' lang='lat' dir='ltr'>in</span> <span class='ocrx_word' id='word_1_166' title='bbox 457 1137 925 1173; x_wconf 84' lang='lat' dir='ltr'>thoracisinflammationibus</span> <span class='ocrx_word' id='word_1_167' title='bbox 948 1137 1062 1182; x_wconf 85' lang='lat' dir='ltr'>persae-</span> 
     </span>
     <span class='ocr_line' id='line_1_23' title="bbox 56 1181 1063 1223; baseline 0.003 -11"><span class='ocrx_word' id='word_1_168' title='bbox 56 1189 98 1222; x_wconf 92' lang='lat' dir='ltr'>pe</span> <span class='ocrx_word' id='word_1_169' title='bbox 120 1181 288 1221; x_wconf 87' lang='lat' dir='ltr'>pulmones</span> <span class='ocrx_word' id='word_1_170' title='bbox 302 1206 312 1222; x_wconf 89' lang='lat'>,</span> <span class='ocrx_word' id='word_1_171' title='bbox 335 1193 370 1215; x_wconf 88' lang='lat' dir='ltr'>ac</span> <span class='ocrx_word' id='word_1_172' title='bbox 393 1182 500 1223; x_wconf 91' lang='lat' dir='ltr'>pleura</span> <span class='ocrx_word' id='word_1_173' title='bbox 523 1182 731 1217; x_wconf 85' lang='lat' dir='ltr'>obducuntur</span> <span class='ocrx_word' id='word_1_174' title='bbox 753 1207 761 1216; x_wconf 96' lang='lat'>.</span> <span class='ocrx_word' id='word_1_175' title='bbox 800 1183 865 1217; x_wconf 92' lang='lat' dir='ltr'>Sub</span> <span class='ocrx_word' id='word_1_176' title='bbox 897 1193 936 1216; x_wconf 89' lang='lat' dir='ltr'>eo</span> <span class='ocrx_word' id='word_1_177' title='bbox 960 1181 1063 1216; x_wconf 90' lang='lat' dir='ltr'>frusto</span> 
     </span>
     <span class='ocr_line' id='line_1_24' title="bbox 56 1223 1064 1269; baseline 0.003 -14"><span class='ocrx_word' id='word_1_178' title='bbox 56 1223 169 1256; x_wconf 89' lang='lat' dir='ltr'>Tenui</span> <span class='ocrx_word' id='word_1_179' title='bbox 193 1225 335 1267; x_wconf 86' lang='lat' dir='ltr'>meningi</span> <span class='ocrx_word' id='word_1_180' title='bbox 358 1225 497 1259; x_wconf 86' lang='lat' dir='ltr'>exterius</span> <span class='ocrx_word' id='word_1_181' title='bbox 508 1223 691 1260; x_wconf 72' lang='lat' dir='ltr'>adhaerebat</span> <span class='ocrx_word' id='word_1_182' title='bbox 703 1224 790 1267; x_wconf 79' lang='lat' dir='ltr'>quafi</span> <span class='ocrx_word' id='word_1_183' title='bbox 804 1224 978 1269; x_wconf 79' lang='lat' dir='ltr'>majuscula</span> <span class='ocrx_word' id='word_1_184' title='bbox 989 1234 1064 1268; x_wconf 87' lang='lat' dir='ltr'>gut-</span> 
     </span>
     <span class='ocr_line' id='line_1_25' title="bbox 56 1266 1063 1307; baseline 0.002 -9"><span class='ocrx_word' id='word_1_185' title='bbox 56 1272 92 1299; x_wconf 82' lang='lat' dir='ltr'>ta</span> <span class='ocrx_word' id='word_1_186' title='bbox 114 1266 221 1307; x_wconf 79' lang='lat' dir='ltr'>crassi,</span> <span class='ocrx_word' id='word_1_187' title='bbox 243 1268 276 1300; x_wconf 89' lang='lat'>&amp;</span> <span class='ocrx_word' id='word_1_188' title='bbox 299 1268 422 1302; x_wconf 84' lang='lat' dir='ltr'>subalbi</span> <span class='ocrx_word' id='word_1_189' title='bbox 447 1267 589 1304; x_wconf 84' lang='lat' dir='ltr'>ichoris.</span> <span class='ocrx_word' id='word_1_190' title='bbox 613 1271 701 1303; x_wconf 86' lang='lat' dir='ltr'>Inter</span> <span class='ocrx_word' id='word_1_191' title='bbox 713 1269 796 1303; x_wconf 87' lang='lat' dir='ltr'>hanc</span> <span class='ocrx_word' id='word_1_192' title='bbox 821 1278 926 1304; x_wconf 88' lang='lat' dir='ltr'>autem</span> <span class='ocrx_word' id='word_1_193' title='bbox 937 1269 1063 1303; x_wconf 83' lang='lat' dir='ltr'>menin-</span> 
     </span>
     <span class='ocr_line' id='line_1_26' title="bbox 57 1311 1062 1355; baseline 0.003 -13"><span class='ocrx_word' id='word_1_194' title='bbox 57 1320 153 1352; x_wconf 81' lang='lat' dir='ltr'>gem,</span> <span class='ocrx_word' id='word_1_195' title='bbox 178 1312 386 1346; x_wconf 89' lang='lat' dir='ltr'>&amp;cerebrum</span> <span class='ocrx_word' id='word_1_196' title='bbox 411 1311 535 1345; x_wconf 89' lang='lat' dir='ltr'>nonibi</span> <span class='ocrx_word' id='word_1_197' title='bbox 547 1311 739 1355; x_wconf 85' lang='lat' dir='ltr'>dumtaxat,</span> <span class='ocrx_word' id='word_1_198' title='bbox 763 1312 814 1346; x_wconf 82' lang='lat' dir='ltr'>sed</span> <span class='ocrx_word' id='word_1_199' title='bbox 828 1312 957 1355; x_wconf 76' lang='lat' dir='ltr'>passim,</span> <span class='ocrx_word' id='word_1_200' title='bbox 981 1322 1062 1354; x_wconf 88' lang='lat' dir='ltr'>aqua</span> 
     </span>
     <span class='ocr_line' id='line_1_27' title="bbox 57 1353 1064 1396; baseline 0.003 -10"><span class='ocrx_word' id='word_1_201' title='bbox 57 1353 320 1396; x_wconf 86' lang='lat' dir='ltr'>interjiciebatur</span> <span class='ocrx_word' id='word_1_202' title='bbox 343 1366 406 1388; x_wconf 79' lang='lat' dir='ltr'>non</span> <span class='ocrx_word' id='word_1_203' title='bbox 431 1354 555 1389; x_wconf 84' lang='lat' dir='ltr'>multa.</span> <span class='ocrx_word' id='word_1_204' title='bbox 579 1356 662 1392; x_wconf 90' lang='lat' dir='ltr'>Quae</span> <span class='ocrx_word' id='word_1_205' title='bbox 685 1357 720 1389; x_wconf 89' lang='lat' dir='ltr'>in</span> <span class='ocrx_word' id='word_1_206' title='bbox 744 1356 944 1389; x_wconf 83' lang='lat' dir='ltr'>Lateralibus</span> <span class='ocrx_word' id='word_1_207' title='bbox 963 1357 1064 1389; x_wconf 87' lang='lat' dir='ltr'>etiam</span> 
     </span>
     <span class='ocr_line' id='line_1_28' title="bbox 57 1397 860 1442; baseline 0.002 -12"><span class='ocrx_word' id='word_1_208' title='bbox 57 1398 245 1431; x_wconf 85' lang='lat' dir='ltr'>ventriculis</span> <span class='ocrx_word' id='word_1_209' title='bbox 269 1409 333 1431; x_wconf 90' lang='lat' dir='ltr'>non</span> <span class='ocrx_word' id='word_1_210' title='bbox 356 1398 484 1437; x_wconf 89' lang='lat' dir='ltr'>deerat,</span> <span class='ocrx_word' id='word_1_211' title='bbox 509 1397 640 1442; x_wconf 84' lang='lat' dir='ltr'>haecque</span> <span class='ocrx_word' id='word_1_212' title='bbox 671 1398 828 1433; x_wconf 86' lang='lat' dir='ltr'>subrubra</span> <span class='ocrx_word' id='word_1_213' title='bbox 851 1423 860 1432; x_wconf 85' lang='lat'><strong>.</strong></span> 
     </span>
     <span class='ocr_line' id='line_1_29' title="bbox 57 1441 1064 1485; baseline 0.003 -11"><span class='ocrx_word' id='word_1_214' title='bbox 57 1442 166 1474; x_wconf 86' lang='lat' dir='ltr'>omnis</span> <span class='ocrx_word' id='word_1_215' title='bbox 187 1442 315 1476; x_wconf 90' lang='lat' dir='ltr'>cerebri</span> <span class='ocrx_word' id='word_1_216' title='bbox 325 1441 501 1476; x_wconf 82' lang='lat' dir='ltr'>substantia</span> <span class='ocrx_word' id='word_1_217' title='bbox 524 1442 645 1485; x_wconf 83' lang='lat' dir='ltr'>ubique</span> <span class='ocrx_word' id='word_1_218' title='bbox 669 1442 741 1476; x_wconf 87' lang='lat' dir='ltr'>sana</span> <span class='ocrx_word' id='word_1_219' title='bbox 755 1455 765 1474; x_wconf 89' lang='lat'>.·</span> <span class='ocrx_word' id='word_1_220' title='bbox 781 1442 979 1478; x_wconf 79' lang='lat' dir='ltr'>,cerebellum</span> <span class='ocrx_word' id='word_1_221' title='bbox 992 1454 1064 1484; x_wconf 87' lang='lat' dir='ltr'>per-</span> 
     </span>
     <span class='ocr_line' id='line_1_30' title="bbox 57 1483 1062 1527; baseline 0 -7"><span class='ocrx_word' id='word_1_222' title='bbox 57 1484 178 1520; x_wconf 78' lang='lat' dir='ltr'>molle.</span> <span class='ocrx_word' id='word_1_223' title='bbox 202 1485 330 1519; x_wconf 85' lang='lat' dir='ltr'>Omnes</span> <span class='ocrx_word' id='word_1_224' title='bbox 342 1486 482 1527; x_wconf 86' lang='lat' dir='ltr'>denique</span> <span class='ocrx_word' id='word_1_225' title='bbox 493 1487 640 1527; x_wconf 88' lang='lat' dir='ltr'>corporis</span> <span class='ocrx_word' id='word_1_226' title='bbox 665 1485 799 1522; x_wconf 85' lang='lat' dir='ltr'>musculi</span> <span class='ocrx_word' id='word_1_227' title='bbox 811 1483 943 1519; x_wconf 89' lang='lat' dir='ltr'>flaccidi</span> <span class='ocrx_word' id='word_1_228' title='bbox 955 1484 1062 1520; x_wconf 87' lang='lat' dir='ltr'>fuere.</span> 
     </span>
    </p>

    <p class='ocr_par' dir='ltr' id='par_1_3' title="bbox 44 1527 1065 3213">
     <span class='ocr_line' id='line_1_31' title="bbox 100 1527 1065 1571; baseline 0.001 -10"><span class='ocrx_word' id='word_1_229' title='bbox 100 1539 133 1568; x_wconf 84' lang='lat'>9.</span> <span class='ocrx_word' id='word_1_230' title='bbox 158 1527 260 1569; x_wconf 76' lang='lat' dir='ltr'>Qud</span> <span class='ocrx_word' id='word_1_231' title='bbox 284 1528 321 1562; x_wconf 87' lang='lat' dir='ltr'>ad</span> <span class='ocrx_word' id='word_1_232' title='bbox 346 1527 470 1561; x_wconf 87' lang='lat' dir='ltr'>sensum</span> <span class='ocrx_word' id='word_1_233' title='bbox 494 1531 609 1562; x_wconf 86' lang='lat' dir='ltr'>attinet</span> <span class='ocrx_word' id='word_1_234' title='bbox 621 1527 708 1570; x_wconf 81' lang='lat' dir='ltr'>quasi</span> <span class='ocrx_word' id='word_1_235' title='bbox 721 1529 881 1562; x_wconf 86' lang='lat' dir='ltr'>bullarum</span> <span class='ocrx_word' id='word_1_236' title='bbox 905 1527 1065 1571; x_wconf 82' lang='lat' dir='ltr'>assurgen-</span> 
     </span>
     <span class='ocr_line' id='line_1_32' title="bbox 59 1570 1060 1614; baseline 0.004 -12"><span class='ocrx_word' id='word_1_237' title='bbox 59 1570 169 1611; x_wconf 84' lang='lat' dir='ltr'>tium,</span> <span class='ocrx_word' id='word_1_238' title='bbox 194 1573 226 1603; x_wconf 90' lang='lat'>&amp;</span> <span class='ocrx_word' id='word_1_239' title='bbox 250 1571 505 1610; x_wconf 72' lang='lat' dir='ltr'>subsidentium,</span> <span class='ocrx_word' id='word_1_240' title='bbox 531 1571 697 1605; x_wconf 85' lang='lat' dir='ltr'>molestum</span> <span class='ocrx_word' id='word_1_241' title='bbox 722 1572 814 1605; x_wconf 87' lang='lat' dir='ltr'>illum</span> <span class='ocrx_word' id='word_1_242' title='bbox 829 1570 960 1614; x_wconf 88' lang='lat' dir='ltr'>quidem</span> <span class='ocrx_word' id='word_1_243' title='bbox 975 1594 985 1610; x_wconf 89' lang='lat'>‚</span> <span class='ocrx_word' id='word_1_244' title='bbox 1009 1571 1060 1606; x_wconf 86' lang='lat' dir='ltr'>sed</span> 
     </span>
     <span class='ocr_line' id='line_1_33' title="bbox 57 1612 1062 1653; baseline 0 -6"><span class='ocrx_word' id='word_1_245' title='bbox 57 1612 153 1648; x_wconf 83' lang='lat' dir='ltr'>facile</span> <span class='ocrx_word' id='word_1_246' title='bbox 177 1613 215 1647; x_wconf 86' lang='lat' dir='ltr'>ad</span> <span class='ocrx_word' id='word_1_247' title='bbox 234 1614 432 1651; x_wconf 85' lang='lat' dir='ltr'>flatulentos</span> <span class='ocrx_word' id='word_1_248' title='bbox 444 1613 597 1653; x_wconf 86' lang='lat' dir='ltr'>habitus,</span> <span class='ocrx_word' id='word_1_249' title='bbox 619 1615 804 1648; x_wconf 87' lang='lat' dir='ltr'>attollentes</span> <span class='ocrx_word' id='word_1_250' title='bbox 816 1614 890 1648; x_wconf 89' lang='lat' dir='ltr'>sein</span> <span class='ocrx_word' id='word_1_251' title='bbox 902 1625 988 1648; x_wconf 87' lang='lat' dir='ltr'>certa</span> <span class='ocrx_word' id='word_1_252' title='bbox 1002 1617 1062 1649; x_wconf 84' lang='lat' dir='ltr'>ali-</span> 
     </span>
     <span class='ocr_line' id='line_1_34' title="bbox 56 1657 1062 1700; baseline 0.002 -10"><span class='ocrx_word' id='word_1_253' title='bbox 56 1668 121 1697; x_wconf 81' lang='lat' dir='ltr'>qua</span> <span class='ocrx_word' id='word_1_254' title='bbox 145 1657 375 1697; x_wconf 84' lang='lat' dir='ltr'>intestinorum</span> <span class='ocrx_word' id='word_1_255' title='bbox 401 1665 491 1699; x_wconf 89' lang='lat' dir='ltr'>parte</span> <span class='ocrx_word' id='word_1_256' title='bbox 504 1679 514 1694; x_wconf 96' lang='lat'>,</span> <span class='ocrx_word' id='word_1_257' title='bbox 538 1668 641 1700; x_wconf 90' lang='lat' dir='ltr'>neque</span> <span class='ocrx_word' id='word_1_258' title='bbox 654 1658 687 1690; x_wconf 90' lang='lat' dir='ltr'>in</span> <span class='ocrx_word' id='word_1_259' title='bbox 703 1658 798 1691; x_wconf 86' lang='lat' dir='ltr'>aliam</span> <span class='ocrx_word' id='word_1_260' title='bbox 811 1657 961 1692; x_wconf 88' lang='lat' dir='ltr'>abeuntes</span> <span class='ocrx_word' id='word_1_261' title='bbox 976 1681 985 1695; x_wconf 90' lang='lat'>,</span> <span class='ocrx_word' id='word_1_262' title='bbox 1011 1670 1062 1692; x_wconf 90' lang='lat' dir='ltr'>re-</span> 
     </span>
     <span class='ocr_line' id='line_1_35' title="bbox 55 1699 1065 1744; baseline 0.002 -9"><span class='ocrx_word' id='word_1_263' title='bbox 55 1699 224 1739; x_wconf 81' lang='lat' dir='ltr'>ferendum</span> <span class='ocrx_word' id='word_1_264' title='bbox 237 1725 246 1740; x_wconf 89' lang='lat'><em>‚</em></span> <span class='ocrx_word' id='word_1_265' title='bbox 269 1700 292 1733; x_wconf 85' lang='lat' dir='ltr'>fi</span> <span class='ocrx_word' id='word_1_266' title='bbox 315 1701 348 1733; x_wconf 87' lang='lat' dir='ltr'>id</span> <span class='ocrx_word' id='word_1_267' title='bbox 362 1710 487 1734; x_wconf 88' lang='lat' dir='ltr'>mecum</span> <span class='ocrx_word' id='word_1_268' title='bbox 511 1702 644 1734; x_wconf 84' lang='lat' dir='ltr'>omittas</span> <span class='ocrx_word' id='word_1_269' title='bbox 657 1722 665 1737; x_wconf 91' lang='lat'>,</span> <span class='ocrx_word' id='word_1_270' title='bbox 689 1703 721 1734; x_wconf 86' lang='lat'>&amp;</span> <span class='ocrx_word' id='word_1_271' title='bbox 734 1701 855 1744; x_wconf 86' lang='lat' dir='ltr'>reliqua</span> <span class='ocrx_word' id='word_1_272' title='bbox 869 1702 1065 1744; x_wconf 77' lang='lat' dir='ltr'>perpendas,-</span> 
     </span>
     <span class='ocr_line' id='line_1_36' title="bbox 54 1742 1064 1787; baseline 0.004 -10"><span class='ocrx_word' id='word_1_273' title='bbox 54 1754 170 1787; x_wconf 79' lang='lat' dir='ltr'>nempe</span> <span class='ocrx_word' id='word_1_274' title='bbox 193 1742 462 1779; x_wconf 80' lang='lat' dir='ltr'>observationem</span> <span class='ocrx_word' id='word_1_275' title='bbox 487 1743 568 1780; x_wconf 83' lang='lat' dir='ltr'>hanc</span> <span class='ocrx_word' id='word_1_276' title='bbox 590 1755 720 1787; x_wconf 90' lang='lat' dir='ltr'>quoque</span> <span class='ocrx_word' id='word_1_277' title='bbox 743 1745 781 1778; x_wconf 88' lang='lat' dir='ltr'>ad</span> <span class='ocrx_word' id='word_1_278' title='bbox 804 1755 946 1787; x_wconf 89' lang='lat' dir='ltr'>quatuor</span> <span class='ocrx_word' id='word_1_279' title='bbox 970 1746 1064 1781; x_wconf 88' lang='lat' dir='ltr'>addes</span> 
     </span>
     <span class='ocr_line' id='line_1_37' title="bbox 55 1785 1062 1831; baseline 0.003 -10"><span class='ocrx_word' id='word_1_280' title='bbox 55 1796 151 1824; x_wconf 84' lang='lat' dir='ltr'>antea</span> <span class='ocrx_word' id='word_1_281' title='bbox 168 1785 369 1830; x_wconf 81' lang='lat' dir='ltr'>descriptas,</span> <span class='ocrx_word' id='word_1_282' title='bbox 395 1789 427 1820; x_wconf 88' lang='lat'>&amp;</span> <span class='ocrx_word' id='word_1_283' title='bbox 449 1786 489 1821; x_wconf 93' lang='lat' dir='ltr'>ad</span> <span class='ocrx_word' id='word_1_284' title='bbox 513 1787 619 1829; x_wconf 89' lang='lat' dir='ltr'>plures</span> <span class='ocrx_word' id='word_1_285' title='bbox 630 1788 706 1821; x_wconf 82' lang='lat' dir='ltr'>alias</span> <span class='ocrx_word' id='word_1_286' title='bbox 731 1787 894 1830; x_wconf 81' lang='lat' dir='ltr'>superiore</span> <span class='ocrx_word' id='word_1_287' title='bbox 917 1789 1062 1831; x_wconf 80' lang='lat' dir='ltr'>Epistola</span> 
     </span>
     <span class='ocr_line' id='line_1_38' title="bbox 55 1829 1063 1875; baseline 0.002 -10"><span class='ocrx_word' id='word_1_288' title='bbox 55 1842 96 1865; x_wconf 84' lang='lat' dir='ltr'>ex</span> <span class='ocrx_word' id='word_1_289' title='bbox 118 1830 273 1867; x_wconf 83' lang='lat' dir='ltr'>Valsalva</span> <span class='ocrx_word' id='word_1_290' title='bbox 295 1829 497 1874; x_wconf 83' lang='lat' dir='ltr'>propositas,</span> <span class='ocrx_word' id='word_1_291' title='bbox 521 1842 559 1865; x_wconf 90' lang='lat' dir='ltr'>ex</span> <span class='ocrx_word' id='word_1_292' title='bbox 583 1831 700 1874; x_wconf 89' lang='lat' dir='ltr'>quibus</span> <span class='ocrx_word' id='word_1_293' title='bbox 733 1832 936 1875; x_wconf 85' lang='lat' dir='ltr'>intelligitur</span> <span class='ocrx_word' id='word_1_294' title='bbox 958 1855 967 1871; x_wconf 86' lang='lat'>,</span> <span class='ocrx_word' id='word_1_295' title='bbox 998 1834 1063 1867; x_wconf 84' lang='lat' dir='ltr'>osse</span> 
     </span>
     <span class='ocr_line' id='line_1_39' title="bbox 55 1872 1061 1918; baseline 0.005 -12"><span class='ocrx_word' id='word_1_296' title='bbox 55 1875 146 1913; x_wconf 87' lang='lat' dir='ltr'>nulla</span> <span class='ocrx_word' id='word_1_297' title='bbox 170 1872 284 1911; x_wconf 14' lang='lat' dir='ltr'>fissura!</span> <span class='ocrx_word' id='word_1_298' title='bbox 300 1875 437 1917; x_wconf 82' lang='lat' dir='ltr'>pervio,</span> <span class='ocrx_word' id='word_1_299' title='bbox 460 1886 477 1908; x_wconf 84' lang='lat' dir='ltr'>a</span> <span class='ocrx_word' id='word_1_300' title='bbox 502 1874 701 1917; x_wconf 87' lang='lat' dir='ltr'>percuffione</span> <span class='ocrx_word' id='word_1_301' title='bbox 732 1884 839 1909; x_wconf 82' lang='lat' dir='ltr'>tamen</span> <span class='ocrx_word' id='word_1_302' title='bbox 872 1876 989 1918; x_wconf 85' lang='lat' dir='ltr'>capitis</span> <span class='ocrx_word' id='word_1_303' title='bbox 1013 1880 1061 1911; x_wconf 87' lang='lat' dir='ltr'>vi-</span> 
     </span>
     <span class='ocr_line' id='line_1_40' title="bbox 55 1915 1060 1961; baseline 0.002 -9"><span class='ocrx_word' id='word_1_304' title='bbox 55 1919 135 1952; x_wconf 78' lang='lat' dir='ltr'>tiari</span> <span class='ocrx_word' id='word_1_305' title='bbox 149 1916 286 1959; x_wconf 67' lang='lat' dir='ltr'>,aliquid</span> <span class='ocrx_word' id='word_1_306' title='bbox 304 1919 390 1952; x_wconf 85' lang='lat' dir='ltr'>intra</span> <span class='ocrx_word' id='word_1_307' title='bbox 412 1918 558 1952; x_wconf 87' lang='lat' dir='ltr'>cranium</span> <span class='ocrx_word' id='word_1_308' title='bbox 572 1915 678 1960; x_wconf 82' lang='lat' dir='ltr'>posse,</span> <span class='ocrx_word' id='word_1_309' title='bbox 701 1930 853 1961; x_wconf 86' lang='lat' dir='ltr'>excoque</span> <span class='ocrx_word' id='word_1_310' title='bbox 876 1920 961 1953; x_wconf 88' lang='lat' dir='ltr'>vitio</span> <span class='ocrx_word' id='word_1_311' title='bbox 973 1932 1060 1954; x_wconf 88' lang='lat' dir='ltr'>mor-</span> 
     </span>
     <span class='ocr_line' id='line_1_41' title="bbox 56 1961 1060 2005; baseline 0.002 -9"><span class='ocrx_word' id='word_1_312' title='bbox 56 1970 125 1996; x_wconf 84' lang='lat' dir='ltr'>tem</span> <span class='ocrx_word' id='word_1_313' title='bbox 147 1962 249 2005; x_wconf 84' lang='lat' dir='ltr'>oriri.</span> <span class='ocrx_word' id='word_1_314' title='bbox 272 1961 363 1996; x_wconf 87' lang='lat' dir='ltr'>Nam</span> <span class='ocrx_word' id='word_1_315' title='bbox 385 1972 457 2005; x_wconf 79' lang='lat' dir='ltr'>quae</span> <span class='ocrx_word' id='word_1_316' title='bbox 476 1963 554 1998; x_wconf 74' lang='lat' dir='ltr'>vSeni</span> <span class='ocrx_word' id='word_1_317' title='bbox 577 1961 654 1995; x_wconf 90' lang='lat' dir='ltr'>huic</span> <span class='ocrx_word' id='word_1_318' title='bbox 677 1963 775 1996; x_wconf 84' lang='lat' dir='ltr'>etiam</span> <span class='ocrx_word' id='word_1_319' title='bbox 799 1963 833 1995; x_wconf 91' lang='lat' dir='ltr'>in</span> <span class='ocrx_word' id='word_1_320' title='bbox 856 1962 987 1997; x_wconf 83' lang='lat' dir='ltr'>thorace</span> <span class='ocrx_word' id='word_1_321' title='bbox 1010 1976 1060 1998; x_wconf 88' lang='lat' dir='ltr'>re-</span> 
     </span>
     <span class='ocr_line' id='line_1_42' title="bbox 54 2003 1061 2049; baseline 0.004 -11"><span class='ocrx_word' id='word_1_322' title='bbox 54 2015 150 2049; x_wconf 85' lang='lat' dir='ltr'>perta</span> <span class='ocrx_word' id='word_1_323' title='bbox 174 2004 250 2039; x_wconf 81' lang='lat' dir='ltr'>sunt·</span> <span class='ocrx_word' id='word_1_324' title='bbox 269 2015 383 2046; x_wconf 84' lang='lat' dir='ltr'>praeter</span> <span class='ocrx_word' id='word_1_325' title='bbox 421 2008 591 2042; x_wconf 68' lang='lat' dir='ltr'>naturam3</span> <span class='ocrx_word' id='word_1_326' title='bbox 613 2003 742 2039; x_wconf 77' lang='lat' dir='ltr'>fortasse</span> <span class='ocrx_word' id='word_1_327' title='bbox 771 2005 829 2039; x_wconf 85' lang='lat' dir='ltr'>illa</span> <span class='ocrx_word' id='word_1_328' title='bbox 861 2018 990 2049; x_wconf 89' lang='lat' dir='ltr'>quoque</span> <span class='ocrx_word' id='word_1_329' title='bbox 1022 2020 1061 2042; x_wconf 88' lang='lat' dir='ltr'>ex</span> 
     </span>
     <span class='ocr_line' id='line_1_43' title="bbox 52 2049 1062 2092; baseline 0.002 -10"><span class='ocrx_word' id='word_1_330' title='bbox 52 2050 97 2083; x_wconf 83' lang='lat' dir='ltr'>iis</span> <span class='ocrx_word' id='word_1_331' title='bbox 119 2060 198 2092; x_wconf 86' lang='lat' dir='ltr'>quae·</span> <span class='ocrx_word' id='word_1_332' title='bbox 215 2049 401 2082; x_wconf 85' lang='lat' dir='ltr'>erantintra</span> <span class='ocrx_word' id='word_1_333' title='bbox 426 2049 597 2082; x_wconf 82' lang='lat' dir='ltr'>calvariam</span> <span class='ocrx_word' id='word_1_334' title='bbox 608 2050 792 2092; x_wconf 82' lang='lat' dir='ltr'>originem,</span> <span class='ocrx_word' id='word_1_335' title='bbox 814 2051 1062 2085; x_wconf 87' lang='lat' dir='ltr'>autincremen-</span> 
     </span>
     <span class='ocr_line' id='line_1_44' title="bbox 54 2091 1062 2135; baseline 0.002 -9"><span class='ocrx_word' id='word_1_336' title='bbox 54 2100 128 2127; x_wconf 81' lang='lat' dir='ltr'>tum</span> <span class='ocrx_word' id='word_1_337' title='bbox 152 2091 317 2129; x_wconf 85' lang='lat' dir='ltr'>habuere,</span> <span class='ocrx_word' id='word_1_338' title='bbox 340 2102 429 2135; x_wconf 89' lang='lat' dir='ltr'>parte</span> <span class='ocrx_word' id='word_1_339' title='bbox 453 2093 561 2135; x_wconf 86' lang='lat' dir='ltr'>aliqua</span> <span class='ocrx_word' id='word_1_340' title='bbox 585 2094 675 2135; x_wconf 86' lang='lat' dir='ltr'>pravi</span> <span class='ocrx_word' id='word_1_341' title='bbox 698 2092 820 2127; x_wconf 88' lang='lat' dir='ltr'>ichoris</span> <span class='ocrx_word' id='word_1_342' title='bbox 843 2093 917 2128; x_wconf 82' lang='lat' dir='ltr'>inde·</span> <span class='ocrx_word' id='word_1_343' title='bbox 940 2094 1062 2128; x_wconf 87' lang='lat' dir='ltr'>intho-</span> 
     </span>
     <span class='ocr_line' id='line_1_45' title="bbox 53 2134 1057 2178; baseline 0.003 -9"><span class='ocrx_word' id='word_1_344' title='bbox 53 2146 160 2170; x_wconf 87' lang='lat' dir='ltr'>racem</span> <span class='ocrx_word' id='word_1_345' title='bbox 183 2134 359 2175; x_wconf 86' lang='lat' dir='ltr'>translata,</span> <span class='ocrx_word' id='word_1_346' title='bbox 383 2135 526 2170; x_wconf 89' lang='lat' dir='ltr'>hominis</span> <span class='ocrx_word' id='word_1_347' title='bbox 540 2134 719 2178; x_wconf 85' lang='lat' dir='ltr'>praesertim</span> <span class='ocrx_word' id='word_1_348' title='bbox 732 2135 879 2171; x_wconf 83' lang='lat' dir='ltr'>asthmati</span> <span class='ocrx_word' id='word_1_349' title='bbox 902 2137 1057 2172; x_wconf 85' lang='lat' dir='ltr'>obnoxii.</span> 
     </span>
     <span class='ocr_line' id='line_1_46' title="bbox 51 2176 1060 2219; baseline 0.003 -7"><span class='ocrx_word' id='word_1_350' title='bbox 51 2179 116 2214; x_wconf 81' lang='lat' dir='ltr'>Sed</span> <span class='ocrx_word' id='word_1_351' title='bbox 139 2181 172 2212; x_wconf 90' lang='lat'>&amp;</span> <span class='ocrx_word' id='word_1_352' title='bbox 194 2179 364 2215; x_wconf 84' lang='lat' dir='ltr'>mulierem</span> <span class='ocrx_word' id='word_1_353' title='bbox 390 2179 526 2213; x_wconf 89' lang='lat' dir='ltr'>memini</span> <span class='ocrx_word' id='word_1_354' title='bbox 549 2189 590 2212; x_wconf 89' lang='lat' dir='ltr'>ex</span> <span class='ocrx_word' id='word_1_355' title='bbox 612 2176 732 2213; x_wconf 83' lang='lat' dir='ltr'>frontis</span> <span class='ocrx_word' id='word_1_356' title='bbox 766 2180 833 2213; x_wconf 57' lang='lat' dir='ltr'>iustu</span> <span class='ocrx_word' id='word_1_357' title='bbox 858 2189 1024 2215; x_wconf 89' lang='lat' dir='ltr'>mortuam</span> <span class='ocrx_word' id='word_1_358' title='bbox 1048 2203 1060 2219; x_wconf 95' lang='lat'>,</span> 
     </span>
     <span class='ocr_line' id='line_1_47' title="bbox 52 2222 1060 2265; baseline 0.002 -8"><span class='ocrx_word' id='word_1_359' title='bbox 52 2222 89 2257; x_wconf 81' lang='lat' dir='ltr'>in</span> <span class='ocrx_word' id='word_1_360' title='bbox 111 2222 257 2257; x_wconf 85' lang='lat' dir='ltr'>thoracis</span> <span class='ocrx_word' id='word_1_361' title='bbox 281 2231 420 2263; x_wconf 89' lang='lat' dir='ltr'>utroque</span> <span class='ocrx_word' id='word_1_362' title='bbox 432 2234 533 2259; x_wconf 86' lang='lat' dir='ltr'>cavo,</span> <span class='ocrx_word' id='word_1_363' title='bbox 556 2230 673 2264; x_wconf 87' lang='lat' dir='ltr'>praeter</span> <span class='ocrx_word' id='word_1_364' title='bbox 693 2224 972 2265; x_wconf 72' lang='lat' dir='ltr'>expeetationem,</span> <span class='ocrx_word' id='word_1_365' title='bbox 995 2224 1060 2259; x_wconf 79' lang='lat' dir='ltr'>foe&#39;-</span> 
     </span>
     <span class='ocr_line' id='line_1_48' title="bbox 51 2263 1056 2309; baseline 0.002 -9"><span class='ocrx_word' id='word_1_366' title='bbox 51 2267 126 2300; x_wconf 89' lang='lat' dir='ltr'>dam</span> <span class='ocrx_word' id='word_1_367' title='bbox 149 2277 265 2309; x_wconf 88' lang='lat' dir='ltr'>aquam</span> <span class='ocrx_word' id='word_1_368' title='bbox 288 2265 460 2304; x_wconf 71' lang='lat' dir='ltr'>habuisse-2</span> <span class='ocrx_word' id='word_1_369' title='bbox 478 2263 572 2308; x_wconf 83' lang='lat' dir='ltr'>cujus</span> <span class='ocrx_word' id='word_1_370' title='bbox 607 2264 772 2300; x_wconf 81' lang='lat' dir='ltr'>historiam</span> <span class='ocrx_word' id='word_1_371' title='bbox 806 2268 948 2306; x_wconf 86' lang='lat' dir='ltr'>mulieris</span> <span class='ocrx_word' id='word_1_372' title='bbox 980 2268 1056 2303; x_wconf 86' lang='lat' dir='ltr'>alias</span> 
     </span>
     <span class='ocr_line' id='line_1_49' title="bbox 52 2309 1054 2351; baseline 0.002 -8"><span class='ocrx_word' id='word_1_373' title='bbox 52 2309 92 2344; x_wconf 93' lang='lat' dir='ltr'>ad</span> <span class='ocrx_word' id='word_1_374' title='bbox 136 2319 169 2343; x_wconf 90' lang='lat' dir='ltr'>te</span> <span class='ocrx_word' id='word_1_375' title='bbox 213 2311 299 2344; x_wconf 90' lang='lat' dir='ltr'>inter</span> <span class='ocrx_word' id='word_1_376' title='bbox 345 2321 396 2344; x_wconf 87' lang='lat' dir='ltr'>eas</span> <span class='ocrx_word' id='word_1_377' title='bbox 428 2312 561 2344; x_wconf 87' lang='lat' dir='ltr'>mittam</span> <span class='ocrx_word' id='word_1_378' title='bbox 595 2320 667 2351; x_wconf 81' lang='lat' dir='ltr'>quae</span> <span class='ocrx_word' id='word_1_379' title='bbox 703 2309 740 2344; x_wconf 87' lang='lat' dir='ltr'>ad</span> <span class='ocrx_word' id='word_1_380' title='bbox 783 2311 1054 2345; x_wconf 82' lang='lat' dir='ltr'>claudicationem</span> 
     </span>
     <span class='ocr_line' id='line_1_50' title="bbox 52 2351 1053 2396; baseline 0 -8"><span class='ocrx_word' id='word_1_381' title='bbox 52 2353 196 2396; x_wconf 62' lang='lat' dir='ltr'>{pediant</span> <span class='ocrx_word' id='word_1_382' title='bbox 240 2356 254 2392; x_wconf 92' lang='lat'>(</span> <span class='ocrx_word' id='word_1_383' title='bbox 277 2353 297 2387; x_wconf 88' lang='lat' dir='ltr'><em>h</em></span> <span class='ocrx_word' id='word_1_384' title='bbox 318 2356 333 2392; x_wconf 82' lang='lat'>&gt;</span> <span class='ocrx_word' id='word_1_385' title='bbox 354 2379 361 2387; x_wconf 92' lang='lat'><strong><em>.</em></strong></span> <span class='ocrx_word' id='word_1_386' title='bbox 407 2354 463 2387; x_wconf 88' lang='lat' dir='ltr'>Ad</span> <span class='ocrx_word' id='word_1_387' title='bbox 496 2353 578 2387; x_wconf 84' lang='lat' dir='ltr'>hanc</span> <span class='ocrx_word' id='word_1_388' title='bbox 612 2351 824 2396; x_wconf 88' lang='lat' dir='ltr'>suspicionem</span> <span class='ocrx_word' id='word_1_389' title='bbox 848 2354 952 2389; x_wconf 87' lang='lat' dir='ltr'>ansam</span> <span class='ocrx_word' id='word_1_390' title='bbox 975 2355 1053 2388; x_wconf 88' lang='lat' dir='ltr'>dant</span> 
     </span>
     <span class='ocr_line' id='line_1_51' title="bbox 45 2398 1054 2439; baseline 0.001 -8"><span class='ocrx_word' id='word_1_391' title='bbox 45 2407 126 2438; x_wconf 59' lang='lat' dir='ltr'>›quae</span> <span class='ocrx_word' id='word_1_392' title='bbox 170 2398 257 2432; x_wconf 87' lang='lat' dir='ltr'>circa</span> <span class='ocrx_word' id='word_1_393' title='bbox 302 2407 368 2431; x_wconf 87' lang='lat' dir='ltr'>non</span> <span class='ocrx_word' id='word_1_394' title='bbox 412 2407 520 2431; x_wconf 86' lang='lat' dir='ltr'>rarum</span> <span class='ocrx_word' id='word_1_395' title='bbox 554 2406 658 2439; x_wconf 80' lang='lat' dir='ltr'>pravae</span> <span class='ocrx_word' id='word_1_396' title='bbox 690 2399 831 2432; x_wconf 85' lang='lat' dir='ltr'>materiae</span> <span class='ocrx_word' id='word_1_397' title='bbox 854 2409 894 2431; x_wconf 85' lang='lat' dir='ltr'>ex</span> <span class='ocrx_word' id='word_1_398' title='bbox 927 2398 1054 2439; x_wconf 69' lang='lat' dir='ltr'>percus-</span> 
     </span>
     <span class='ocr_line' id='line_1_52' title="bbox 54 2438 1055 2486; baseline 0.002 -12"><span class='ocrx_word' id='word_1_399' title='bbox 54 2440 90 2475; x_wconf 89' lang='lat' dir='ltr'>so</span> <span class='ocrx_word' id='word_1_400' title='bbox 134 2442 246 2474; x_wconf 83' lang='lat' dir='ltr'>cranio</span> <span class='ocrx_word' id='word_1_401' title='bbox 287 2440 323 2473; x_wconf 86' lang='lat' dir='ltr'>in</span> <span class='ocrx_word' id='word_1_402' title='bbox 369 2438 535 2474; x_wconf 85' lang='lat' dir='ltr'>thoracem</span> <span class='ocrx_word' id='word_1_403' title='bbox 559 2439 734 2474; x_wconf 76' lang='lat' dir='ltr'>tranfitum</span> <span class='ocrx_word' id='word_1_404' title='bbox 785 2452 826 2475; x_wconf 90' lang='lat' dir='ltr'>ex</span> <span class='ocrx_word' id='word_1_405' title='bbox 859 2442 1018 2481; x_wconf 77' lang='lat' dir='ltr'>Valsalvae</span> <span class='ocrx_word' id='word_1_406' title='bbox 1041 2466 1055 2486; x_wconf 46' lang='grc' dir='ltr'>ι</span> 
     </span>
     <span class='ocr_line' id='line_1_53' title="bbox 53 2475 1053 2529; baseline 0.002 -12"><span class='ocrx_word' id='word_1_407' title='bbox 53 2483 261 2527; x_wconf 83' lang='lat' dir='ltr'>aliorumque</span> <span class='ocrx_word' id='word_1_408' title='bbox 305 2482 532 2518; x_wconf 87' lang='lat' dir='ltr'>observatione</span> <span class='ocrx_word' id='word_1_409' title='bbox 576 2483 802 2521; x_wconf 85' lang='lat' dir='ltr'>adnotavimus</span> <span class='ocrx_word' id='word_1_410' title='bbox 847 2486 864 2529; x_wconf 93' lang='lat'><em>(</em></span> <span class='ocrx_word' id='word_1_411' title='bbox 881 2485 894 2518; x_wconf 84' lang='lat' dir='ltr'>i</span> <span class='ocrx_word' id='word_1_412' title='bbox 915 2489 930 2526; x_wconf 88' lang='lat'><em>)</em></span> <span class='ocrx_word' id='word_1_413' title='bbox 952 2511 961 2519; x_wconf 89' lang='lat'>.</span> <span class='ocrx_word' id='word_1_414' title='bbox 990 2475 1053 2527; x_wconf 53' lang='lat' dir='ltr'>HE:</span> 
     </span>
     <span class='ocr_line' id='line_1_54' title="bbox 52 2525 1057 2571; baseline 0.002 -11"><span class='ocrx_word' id='word_1_415' title='bbox 52 2529 204 2571; x_wconf 87' lang='lat' dir='ltr'>quamvis</span> <span class='ocrx_word' id='word_1_416' title='bbox 249 2527 414 2565; x_wconf 84' lang='lat' dir='ltr'>sciamus,</span> <span class='ocrx_word' id='word_1_417' title='bbox 455 2528 513 2561; x_wconf 91' lang='lat' dir='ltr'>ubi</span> <span class='ocrx_word' id='word_1_418' title='bbox 557 2525 596 2559; x_wconf 89' lang='lat' dir='ltr'>de</span> <span class='ocrx_word' id='word_1_419' title='bbox 623 2528 849 2571; x_wconf 84' lang='lat' dir='ltr'>meningibus,</span> <span class='ocrx_word' id='word_1_420' title='bbox 871 2530 902 2561; x_wconf 89' lang='lat'>&amp;</span> <span class='ocrx_word' id='word_1_421' title='bbox 924 2528 1057 2563; x_wconf 78' lang='lat' dir='ltr'>cerebro</span> 
     </span>
     <span class='ocr_line' id='line_1_55' title="bbox 44 2570 1057 2614; baseline 0.004 -11"><span class='ocrx_word' id='word_1_422' title='bbox 44 2572 182 2614; x_wconf 78' lang='lat' dir='ltr'>agitur,</span> <span class='ocrx_word' id='word_1_423' title='bbox 204 2581 269 2605; x_wconf 89' lang='lat' dir='ltr'>non</span> <span class='ocrx_word' id='word_1_424' title='bbox 293 2573 398 2604; x_wconf 89' lang='lat' dir='ltr'>minus</span> <span class='ocrx_word' id='word_1_425' title='bbox 409 2570 642 2607; x_wconf 86' lang='lat' dir='ltr'>acrimoniam,</span> <span class='ocrx_word' id='word_1_426' title='bbox 664 2582 762 2612; x_wconf 88' lang='lat' dir='ltr'>quam</span> <span class='ocrx_word' id='word_1_427' title='bbox 784 2572 912 2614; x_wconf 82' lang='lat' dir='ltr'>copiam</span> <span class='ocrx_word' id='word_1_428' title='bbox 933 2573 1057 2612; x_wconf 82' lang='lat' dir='ltr'>attendi</span> 
     </span>
     <span class='ocr_line' id='line_1_56' title="bbox 51 2610 1057 2659; baseline -0.001 -11"><span class='ocrx_word' id='word_1_429' title='bbox 51 2610 154 2649; x_wconf 87' lang='lat' dir='ltr'>solere</span> <span class='ocrx_word' id='word_1_430' title='bbox 175 2613 321 2649; x_wconf 88' lang='lat' dir='ltr'>laedentis</span> <span class='ocrx_word' id='word_1_431' title='bbox 343 2613 510 2652; x_wconf 75' lang='lat' dir='ltr'>humoris5</span> <span class='ocrx_word' id='word_1_432' title='bbox 535 2623 715 2648; x_wconf 90' lang='lat' dir='ltr'>nontamen</span> <span class='ocrx_word' id='word_1_433' title='bbox 738 2615 954 2657; x_wconf 84' lang='lat' dir='ltr'>incongruum</span> <span class='ocrx_word' id='word_1_434' title='bbox 965 2627 1057 2659; x_wconf 74' lang='lat' dir='ltr'>pror.</span> 
     </span>
     <span class='ocr_line' id='line_1_57' title="bbox 52 2656 1057 2700; baseline 0.001 -8"><span class='ocrx_word' id='word_1_435' title='bbox 52 2657 105 2692; x_wconf 80' lang='lat' dir='ltr'>sus</span> <span class='ocrx_word' id='word_1_436' title='bbox 129 2658 194 2699; x_wconf 88' lang='lat' dir='ltr'>est,</span> <span class='ocrx_word' id='word_1_437' title='bbox 216 2658 273 2692; x_wconf 91' lang='lat' dir='ltr'>ubi</span> <span class='ocrx_word' id='word_1_438' title='bbox 295 2657 392 2700; x_wconf 80' lang='lat' dir='ltr'>hujus</span> <span class='ocrx_word' id='word_1_439' title='bbox 415 2656 630 2700; x_wconf 83' lang='lat' dir='ltr'>pauxillulum</span> <span class='ocrx_word' id='word_1_440' title='bbox 654 2659 738 2692; x_wconf 83' lang='lat' dir='ltr'>intra</span> <span class='ocrx_word' id='word_1_441' title='bbox 762 2667 968 2693; x_wconf 90' lang='lat' dir='ltr'>mortuorum</span> <span class='ocrx_word' id='word_1_442' title='bbox 990 2660 1057 2699; x_wconf 87' lang='lat' dir='ltr'>cal-</span> 
     </span>
     <span class='ocr_line' id='line_1_58' title="bbox 53 2700 1056 2744; baseline 0.003 -10"><span class='ocrx_word' id='word_1_443' title='bbox 53 2703 178 2735; x_wconf 80' lang='lat' dir='ltr'>vatiam</span> <span class='ocrx_word' id='word_1_444' title='bbox 200 2700 472 2743; x_wconf 87' lang='lat' dir='ltr'>deprehenditur,</span> <span class='ocrx_word' id='word_1_445' title='bbox 496 2700 658 2734; x_wconf 87' lang='lat' dir='ltr'>interdum</span> <span class='ocrx_word' id='word_1_446' title='bbox 684 2701 792 2735; x_wconf 88' lang='lat' dir='ltr'>saltem</span> <span class='ocrx_word' id='word_1_447' title='bbox 806 2701 985 2744; x_wconf 88' lang='lat' dir='ltr'>suspicari,</span> <span class='ocrx_word' id='word_1_448' title='bbox 1008 2715 1056 2737; x_wconf 91' lang='lat' dir='ltr'>re-</span> 
     </span>
     <span class='ocr_line' id='line_1_59' title="bbox 50 2742 1053 2789; baseline 0.002 -12"><span class='ocrx_word' id='word_1_449' title='bbox 50 2744 170 2787; x_wconf 89' lang='lat' dir='ltr'>liquias</span> <span class='ocrx_word' id='word_1_450' title='bbox 193 2744 227 2777; x_wconf 92' lang='lat' dir='ltr'>id</span> <span class='ocrx_word' id='word_1_451' title='bbox 250 2742 309 2777; x_wconf 88' lang='lat' dir='ltr'>esse</span> <span class='ocrx_word' id='word_1_452' title='bbox 332 2745 500 2787; x_wconf 89' lang='lat' dir='ltr'>aliquanto</span> <span class='ocrx_word' id='word_1_453' title='bbox 524 2743 655 2786; x_wconf 82' lang='lat' dir='ltr'>majoris</span> <span class='ocrx_word' id='word_1_454' title='bbox 677 2746 781 2788; x_wconf 87' lang='lat' dir='ltr'>copiae</span> <span class='ocrx_word' id='word_1_455' title='bbox 792 2757 869 2788; x_wconf 51' lang='lat' dir='ltr'>quae,</span> <span class='ocrx_word' id='word_1_456' title='bbox 886 2745 1053 2789; x_wconf 87' lang='lat' dir='ltr'>postquam</span> 
     </span>
     <span class='ocr_line' id='line_1_60' title="bbox 51 2787 1054 2831; baseline 0 -10"><span class='ocrx_word' id='word_1_457' title='bbox 51 2787 124 2821; x_wconf 85' lang='lat' dir='ltr'>illas</span> <span class='ocrx_word' id='word_1_458' title='bbox 148 2797 255 2830; x_wconf 87' lang='lat' dir='ltr'>partes</span> <span class='ocrx_word' id='word_1_459' title='bbox 276 2787 327 2820; x_wconf 88' lang='lat' dir='ltr'>vel</span> <span class='ocrx_word' id='word_1_460' title='bbox 352 2788 454 2829; x_wconf 85' lang='lat' dir='ltr'>magis</span> <span class='ocrx_word' id='word_1_461' title='bbox 477 2798 573 2829; x_wconf 91' lang='lat' dir='ltr'>quam</span> <span class='ocrx_word' id='word_1_462' title='bbox 598 2798 746 2831; x_wconf 84' lang='lat' dir='ltr'>appareat</span> <span class='ocrx_word' id='word_1_463' title='bbox 769 2810 780 2826; x_wconf 88' lang='lat'>,</span> <span class='ocrx_word' id='word_1_464' title='bbox 814 2788 928 2823; x_wconf 80' lang='lat' dir='ltr'>laeserit</span> <span class='ocrx_word' id='word_1_465' title='bbox 943 2812 953 2826; x_wconf 90' lang='lat'><em>‚</em></span> <span class='ocrx_word' id='word_1_466' title='bbox 978 2799 1054 2823; x_wconf 84' lang='lat' dir='ltr'>mox</span> 
     </span>
     <span class='ocr_line' id='line_1_61' title="bbox 51 2829 1054 2874; baseline 0.001 -9"><span class='ocrx_word' id='word_1_467' title='bbox 51 2842 109 2874; x_wconf 90' lang='lat' dir='ltr'>per</span> <span class='ocrx_word' id='word_1_468' title='bbox 132 2829 204 2864; x_wconf 89' lang='lat' dir='ltr'>vasa</span> <span class='ocrx_word' id='word_1_469' title='bbox 226 2830 260 2862; x_wconf 81' lang='lat' dir='ltr'>in</span> <span class='ocrx_word' id='word_1_470' title='bbox 284 2830 360 2864; x_wconf 84' lang='lat' dir='ltr'>alias</span> <span class='ocrx_word' id='word_1_471' title='bbox 383 2829 606 2870; x_wconf 62' lang='lat' dir='ltr'>mansuetam,</span> <span class='ocrx_word' id='word_1_472' title='bbox 628 2842 683 2865; x_wconf 85' lang='lat' dir='ltr'>aut</span> <span class='ocrx_word' id='word_1_473' title='bbox 707 2842 762 2874; x_wconf 85' lang='lat' dir='ltr'>per</span> <span class='ocrx_word' id='word_1_474' title='bbox 784 2832 967 2866; x_wconf 86' lang='lat' dir='ltr'>universum</span> <span class='ocrx_word' id='word_1_475' title='bbox 979 2845 1054 2867; x_wconf 91' lang='lat' dir='ltr'>cor-</span> 
     </span>
     <span class='ocr_line' id='line_1_62' title="bbox 52 2872 1053 2918; baseline 0.002 -10"><span class='ocrx_word' id='word_1_476' title='bbox 52 2886 112 2918; x_wconf 89' lang='lat' dir='ltr'>pus</span> <span class='ocrx_word' id='word_1_477' title='bbox 134 2872 291 2917; x_wconf 87' lang='lat' dir='ltr'>dispersa,</span> <span class='ocrx_word' id='word_1_478' title='bbox 314 2874 396 2909; x_wconf 91' lang='lat' dir='ltr'>unde</span> <span class='ocrx_word' id='word_1_479' title='bbox 418 2874 587 2906; x_wconf 78' lang='lat' dir='ltr'>etiam-ex</span> <span class='ocrx_word' id='word_1_480' title='bbox 609 2883 699 2915; x_wconf 88' lang='lat' dir='ltr'>parte</span> <span class='ocrx_word' id='word_1_481' title='bbox 730 2874 920 2909; x_wconf 89' lang='lat' dir='ltr'>universalis</span> <span class='ocrx_word' id='word_1_482' title='bbox 944 2886 1053 2917; x_wconf 89' lang='lat' dir='ltr'>putre-</span> 
     </span>
     <span class='ocr_line' id='line_1_63' title="bbox 51 2916 1054 2960; baseline 0.001 -8"><span class='ocrx_word' id='word_1_483' title='bbox 51 2919 138 2953; x_wconf 89' lang='lat' dir='ltr'>dinis</span> <span class='ocrx_word' id='word_1_484' title='bbox 159 2916 302 2955; x_wconf 90' lang='lat' dir='ltr'>indicia,</span> <span class='ocrx_word' id='word_1_485' title='bbox 323 2919 353 2950; x_wconf 86' lang='lat'>&amp;</span> <span class='ocrx_word' id='word_1_486' title='bbox 375 2928 505 2960; x_wconf 89' lang='lat' dir='ltr'>gravem</span> <span class='ocrx_word' id='word_1_487' title='bbox 532 2916 728 2958; x_wconf 87' lang='lat' dir='ltr'>potiffimum</span> <span class='ocrx_word' id='word_1_488' title='bbox 762 2918 896 2953; x_wconf 89' lang='lat' dir='ltr'>odorem</span> <span class='ocrx_word' id='word_1_489' title='bbox 918 2917 1054 2953; x_wconf 85' lang='lat' dir='ltr'>deduxi-</span> 
     </span>
     <span class='ocr_line' id='line_1_64' title="bbox 51 2960 1055 3001; baseline 0 -5"><span class='ocrx_word' id='word_1_490' title='bbox 51 2973 124 2996; x_wconf 88' lang='lat' dir='ltr'>mus</span> <span class='ocrx_word' id='word_1_491' title='bbox 147 2963 160 2999; x_wconf 89' lang='lat'><strong>(</strong></span> <span class='ocrx_word' id='word_1_492' title='bbox 181 2961 201 3001; x_wconf 65' lang='grc' dir='ltr'>Ις</span> <span class='ocrx_word' id='word_1_493' title='bbox 222 2963 257 2999; x_wconf 92' lang='grc'>).</span> <span class='ocrx_word' id='word_1_494' title='bbox 282 2960 488 3001; x_wconf 82' lang='lat' dir='ltr'>Qantulum</span> <span class='ocrx_word' id='word_1_495' title='bbox 501 2960 749 2995; x_wconf 84' lang='lat' dir='ltr'>autemlethalis</span> <span class='ocrx_word' id='word_1_496' title='bbox 771 2961 913 3000; x_wconf 87' lang='lat' dir='ltr'>ichoris‚</span> <span class='ocrx_word' id='word_1_497' title='bbox 936 2973 990 2997; x_wconf 86' lang='lat' dir='ltr'>aut</span> <span class='ocrx_word' id='word_1_498' title='bbox 1005 2965 1055 2996; x_wconf 87' lang='lat' dir='ltr'>vi-</span> 
     </span>
     <span class='ocr_line' id='line_1_65' title="bbox 52 3002 1053 3048; baseline 0.001 -9"><span class='ocrx_word' id='word_1_499' title='bbox 52 3007 94 3039; x_wconf 83' lang='lat' dir='ltr'>tii</span> <span class='ocrx_word' id='word_1_500' title='bbox 118 3004 160 3039; x_wconf 85' lang='lat' dir='ltr'>ab</span> <span class='ocrx_word' id='word_1_501' title='bbox 183 3016 221 3038; x_wconf 88' lang='lat' dir='ltr'>eo</span> <span class='ocrx_word' id='word_1_502' title='bbox 242 3003 369 3038; x_wconf 68' lang='lat' dir='ltr'>inducti</span> <span class='ocrx_word' id='word_1_503' title='bbox 380 3002 465 3038; x_wconf 88' lang='lat' dir='ltr'>hand</span> <span class='ocrx_word' id='word_1_504' title='bbox 476 3015 549 3037; x_wconf 90' lang='lat' dir='ltr'>raro</span> <span class='ocrx_word' id='word_1_505' title='bbox 561 3004 646 3038; x_wconf 87' lang='lat' dir='ltr'>intra</span> <span class='ocrx_word' id='word_1_506' title='bbox 659 3005 807 3038; x_wconf 88' lang='lat' dir='ltr'>cranium</span> <span class='ocrx_word' id='word_1_507' title='bbox 821 3005 974 3048; x_wconf 82' lang='lat' dir='ltr'>superfit,</span> <span class='ocrx_word' id='word_1_508' title='bbox 997 3016 1053 3040; x_wconf 90' lang='lat' dir='ltr'>aut</span> 
     </span>
     <span class='ocr_line' id='line_1_66' title="bbox 54 3047 1052 3090; baseline 0 -7"><span class='ocrx_word' id='word_1_509' title='bbox 54 3058 141 3083; x_wconf 86' lang='lat' dir='ltr'>certe</span> <span class='ocrx_word' id='word_1_510' title='bbox 163 3047 348 3081; x_wconf 88' lang='lat' dir='ltr'>inveniatur</span> <span class='ocrx_word' id='word_1_511' title='bbox 364 3071 373 3085; x_wconf 66' lang='grc'>,</span> <span class='ocrx_word' id='word_1_512' title='bbox 395 3057 508 3089; x_wconf 85' lang='lat' dir='ltr'>praeter</span> <span class='ocrx_word' id='word_1_513' title='bbox 518 3048 698 3090; x_wconf 86' lang='lat' dir='ltr'>complures</span> <span class='ocrx_word' id='word_1_514' title='bbox 721 3047 879 3082; x_wconf 86' lang='lat' dir='ltr'>Valsalvae</span> <span class='ocrx_word' id='word_1_515' title='bbox 904 3048 1052 3084; x_wconf 88' lang='lat' dir='ltr'>historias</span> 
     </span>
     <span class='ocr_line' id='line_1_67' title="bbox 48 3089 1052 3135; baseline 0.003 -11"><span class='ocrx_word' id='word_1_516' title='bbox 48 3092 99 3135; x_wconf 77' lang='lat' dir='ltr'>(l</span> <span class='ocrx_word' id='word_1_517' title='bbox 123 3096 133 3131; x_wconf 94' lang='lat'>)</span> <span class='ocrx_word' id='word_1_518' title='bbox 159 3094 190 3124; x_wconf 86' lang='lat'>&amp;</span> <span class='ocrx_word' id='word_1_519' title='bbox 213 3091 289 3124; x_wconf 86' lang='lat' dir='ltr'>duas</span> <span class='ocrx_word' id='word_1_520' title='bbox 312 3091 430 3132; x_wconf 85' lang='lat' dir='ltr'>primas</span> <span class='ocrx_word' id='word_1_521' title='bbox 453 3089 596 3130; x_wconf 89' lang='lat' dir='ltr'>nostras,</span> <span class='ocrx_word' id='word_1_522' title='bbox 618 3094 648 3124; x_wconf 77' lang='grc' dir='ltr'>δι</span> <span class='ocrx_word' id='word_1_523' title='bbox 671 3090 753 3124; x_wconf 89' lang='lat' dir='ltr'>hanc</span> <span class='ocrx_word' id='word_1_524' title='bbox 785 3091 936 3126; x_wconf 89' lang='lat' dir='ltr'>ultimam</span> <span class='ocrx_word' id='word_1_525' title='bbox 960 3114 970 3130; x_wconf 89' lang='lat'><strong>‚</strong></span> <span class='ocrx_word' id='word_1_526' title='bbox 1002 3092 1052 3127; x_wconf 81' lang='lat' dir='ltr'>hae</span> 
     </span>
     <span class='ocr_line' id='line_1_68' title="bbox 49 3132 1051 3179; baseline 0.001 -10"><span class='ocrx_word' id='word_1_527' title='bbox 49 3137 120 3169; x_wconf 84' lang='lat' dir='ltr'>aliae</span> <span class='ocrx_word' id='word_1_528' title='bbox 142 3134 307 3169; x_wconf 87' lang='lat' dir='ltr'>ostendent</span> <span class='ocrx_word' id='word_1_529' title='bbox 329 3144 407 3176; x_wconf 83' lang='lat' dir='ltr'>quas</span> <span class='ocrx_word' id='word_1_530' title='bbox 429 3132 600 3169; x_wconf 85' lang='lat' dir='ltr'>nobiscum</span> <span class='ocrx_word' id='word_1_531' title='bbox 622 3134 790 3169; x_wconf 87' lang='lat' dir='ltr'>Mediavia</span> <span class='ocrx_word' id='word_1_532' title='bbox 801 3135 1051 3179; x_wconf 84' lang='lat' dir='ltr'>nosterdiligen-</span> 
     </span>
     <span class='ocr_line' id='line_1_69' title="bbox 49 3177 484 3213; baseline -0.007 0"><span class='ocrx_word' id='word_1_533' title='bbox 49 3179 186 3213; x_wconf 75' lang='lat' dir='ltr'>tissimus</span> <span class='ocrx_word' id='word_1_534' title='bbox 209 3177 484 3211; x_wconf 87' lang='lat' dir='ltr'>communicavit.</span> 
     </span>
    </p>

    <p class='ocr_par' dir='ltr' id='par_1_4' title="bbox 45 3218 1050 3652">
     <span class='ocr_line' id='line_1_70' title="bbox 96 3218 1050 3265; baseline 0 -9"><span class='ocrx_word' id='word_1_535' title='bbox 96 3233 145 3256; x_wconf 75' lang='grc' dir='ltr'>ιο.</span> <span class='ocrx_word' id='word_1_536' title='bbox 170 3221 299 3260; x_wconf 85' lang='lat' dir='ltr'>SENI,</span> <span class='ocrx_word' id='word_1_537' title='bbox 320 3231 395 3254; x_wconf 87' lang='lat' dir='ltr'>cum</span> <span class='ocrx_word' id='word_1_538' title='bbox 418 3220 524 3256; x_wconf 85' lang='lat' dir='ltr'>ebrius</span> <span class='ocrx_word' id='word_1_539' title='bbox 547 3218 644 3261; x_wconf 83' lang='lat' dir='ltr'>esset,</span> <span class='ocrx_word' id='word_1_540' title='bbox 665 3221 699 3254; x_wconf 88' lang='lat' dir='ltr'>in</span> <span class='ocrx_word' id='word_1_541' title='bbox 724 3222 826 3256; x_wconf 87' lang='lat' dir='ltr'>altero</span> <span class='ocrx_word' id='word_1_542' title='bbox 838 3221 1050 3265; x_wconf 85' lang='lat' dir='ltr'>fincipitisla-</span> 
     </span>
     <span class='ocr_line' id='line_1_71' title="bbox 49 3263 1050 3308; baseline 0 -8"><span class='ocrx_word' id='word_1_543' title='bbox 49 3273 118 3299; x_wconf 88' lang='lat' dir='ltr'>tere</span> <span class='ocrx_word' id='word_1_544' title='bbox 140 3264 356 3298; x_wconf 54' lang='lat' dir='ltr'>vunmrfaxo</span> <span class='ocrx_word' id='word_1_545' title='bbox 377 3263 539 3298; x_wconf 66' lang='lat' dir='ltr'>inflictum</span> <span class='ocrx_word' id='word_1_546' title='bbox 563 3263 688 3298; x_wconf 79' lang='lat' dir='ltr'>fuerat:</span> <span class='ocrx_word' id='word_1_547' title='bbox 710 3276 750 3299; x_wconf 87' lang='lat' dir='ltr'>ex</span> <span class='ocrx_word' id='word_1_548' title='bbox 773 3277 842 3308; x_wconf 91' lang='lat' dir='ltr'>quo</span> <span class='ocrx_word' id='word_1_549' title='bbox 864 3276 970 3300; x_wconf 85' lang='lat' dir='ltr'>tamen</span> <span class='ocrx_word' id='word_1_550' title='bbox 993 3277 1050 3299; x_wconf 91' lang='lat' dir='ltr'>ne-</span> 
     </span>
     <span class='ocr_line' id='line_1_72' title="bbox 47 3308 1048 3353; baseline 0 -10"><span class='ocrx_word' id='word_1_551' title='bbox 47 3320 112 3351; x_wconf 90' lang='lat' dir='ltr'>que</span> <span class='ocrx_word' id='word_1_552' title='bbox 135 3309 273 3345; x_wconf 87' lang='lat' dir='ltr'>cecidit,</span> <span class='ocrx_word' id='word_1_553' title='bbox 296 3318 397 3348; x_wconf 91' lang='lat' dir='ltr'>neque</span> <span class='ocrx_word' id='word_1_554' title='bbox 421 3310 570 3342; x_wconf 83' lang='lat' dir='ltr'>vomuit.</span> <span class='ocrx_word' id='word_1_555' title='bbox 596 3308 741 3343; x_wconf 88' lang='lat' dir='ltr'>Vulnere</span> <span class='ocrx_word' id='word_1_556' title='bbox 764 3320 820 3351; x_wconf 88' lang='lat' dir='ltr'>per</span> <span class='ocrx_word' id='word_1_557' title='bbox 843 3308 1048 3353; x_wconf 86' lang='lat' dir='ltr'>Chirurgum</span> 
     </span>
     <span class='ocr_line' id='line_1_73' title="bbox 45 3349 1047 3394; baseline 0.004 -9"><span class='ocrx_word' id='word_1_558' title='bbox 45 3353 162 3388; x_wconf 87' lang='lat' dir='ltr'>diebus</span> <span class='ocrx_word' id='word_1_559' title='bbox 183 3349 424 3393; x_wconf 87' lang='lat' dir='ltr'>insequentibus</span> <span class='ocrx_word' id='word_1_560' title='bbox 447 3351 586 3384; x_wconf 87' lang='lat' dir='ltr'>dilatato</span> <span class='ocrx_word' id='word_1_561' title='bbox 608 3351 786 3394; x_wconf 56' lang='lat' dir='ltr'>subjectum</span> <span class='ocrx_word' id='word_1_562' title='bbox 817 3363 853 3385; x_wconf 91' lang='lat' dir='ltr'>os</span> <span class='ocrx_word' id='word_1_563' title='bbox 883 3352 967 3387; x_wconf 91' lang='lat' dir='ltr'>haud</span> <span class='ocrx_word' id='word_1_564' title='bbox 1000 3353 1047 3389; x_wconf 82' lang='lat' dir='ltr'>ita</span> 
     </span>
     <span class='ocr_line' id='line_1_74' title="bbox 47 3393 1047 3441; baseline 0 -11"><span class='ocrx_word' id='word_1_565' title='bbox 47 3394 163 3441; x_wconf 80' lang='lat' dir='ltr'>procul</span> <span class='ocrx_word' id='word_1_566' title='bbox 187 3393 357 3436; x_wconf 84' lang='lat' dir='ltr'>abangulo</span> <span class='ocrx_word' id='word_1_567' title='bbox 380 3405 476 3436; x_wconf 90' lang='lat' dir='ltr'>quem</span> <span class='ocrx_word' id='word_1_568' title='bbox 499 3396 681 3436; x_wconf 73' lang='lat' dir='ltr'>sagittans,</span> <span class='ocrx_word' id='word_1_569' title='bbox 707 3398 737 3428; x_wconf 79' lang='grc' dir='ltr'>δι</span> <span class='ocrx_word' id='word_1_570' title='bbox 760 3395 975 3430; x_wconf 80' lang='lat' dir='ltr'>Lambdoides</span> <span class='ocrx_word' id='word_1_571' title='bbox 998 3396 1047 3431; x_wconf 86' lang='lat' dir='ltr'>su-</span> 
     </span>
     <span class='ocr_line' id='line_1_75' title="bbox 47 3437 1046 3482; baseline 0.001 -10"><span class='ocrx_word' id='word_1_572' title='bbox 47 3451 130 3474; x_wconf 68' lang='lat' dir='ltr'>turae</span> <span class='ocrx_word' id='word_1_573' title='bbox 154 3438 387 3479; x_wconf 83' lang='lat' dir='ltr'>intercipiunt,</span> <span class='ocrx_word' id='word_1_574' title='bbox 414 3437 610 3471; x_wconf 90' lang='lat' dir='ltr'>sublividum</span> <span class='ocrx_word' id='word_1_575' title='bbox 634 3447 792 3480; x_wconf 88' lang='lat' dir='ltr'>repertum</span> <span class='ocrx_word' id='word_1_576' title='bbox 814 3438 884 3478; x_wconf 88' lang='lat' dir='ltr'>est‚·</span> <span class='ocrx_word' id='word_1_577' title='bbox 905 3450 1046 3482; x_wconf 89' lang='lat' dir='ltr'>quapro-</span> 
     </span>
     <span class='ocr_line' id='line_1_76' title="bbox 47 3479 1048 3527; baseline 0 -11"><span class='ocrx_word' id='word_1_578' title='bbox 47 3492 119 3527; x_wconf 84' lang='lat' dir='ltr'>pter</span> <span class='ocrx_word' id='word_1_579' title='bbox 149 3481 268 3514; x_wconf 90' lang='lat' dir='ltr'>idoneo</span> <span class='ocrx_word' id='word_1_580' title='bbox 293 3480 330 3514; x_wconf 90' lang='lat' dir='ltr'>ad</span> <span class='ocrx_word' id='word_1_581' title='bbox 353 3480 386 3515; x_wconf 89' lang='lat' dir='ltr'>id</span> <span class='ocrx_word' id='word_1_582' title='bbox 422 3479 620 3514; x_wconf 83' lang='lat' dir='ltr'>ferramento</span> <span class='ocrx_word' id='word_1_583' title='bbox 643 3481 747 3515; x_wconf 86' lang='lat' dir='ltr'>rasum</span> <span class='ocrx_word' id='word_1_584' title='bbox 770 3482 854 3516; x_wconf 87' lang='lat' dir='ltr'>fuit.</span> <span class='ocrx_word' id='word_1_585' title='bbox 877 3481 949 3516; x_wconf 89' lang='lat' dir='ltr'>Nec</span> <span class='ocrx_word' id='word_1_586' title='bbox 974 3482 1048 3516; x_wconf 88' lang='lat' dir='ltr'>Me-</span> 
     </span>
     <span class='ocr_line' id='line_1_77' title="bbox 46 3524 1047 3568; baseline -0.003 -7"><span class='ocrx_word' id='word_1_587' title='bbox 46 3528 138 3561; x_wconf 87' lang='lat' dir='ltr'>dicus</span> <span class='ocrx_word' id='word_1_588' title='bbox 160 3524 270 3557; x_wconf 87' lang='lat' dir='ltr'>deerat</span> <span class='ocrx_word' id='word_1_589' title='bbox 294 3524 376 3558; x_wconf 90' lang='lat' dir='ltr'>nihil</span> <span class='ocrx_word' id='word_1_590' title='bbox 399 3535 513 3558; x_wconf 87' lang='lat' dir='ltr'>eorum</span> <span class='ocrx_word' id='word_1_591' title='bbox 536 3526 782 3565; x_wconf 63' lang='lat' dir='ltr'>praetermittens</span> <span class='ocrx_word' id='word_1_592' title='bbox 814 3537 886 3568; x_wconf 82' lang='lat' dir='ltr'>quae</span> <span class='ocrx_word' id='word_1_593' title='bbox 909 3524 1047 3567; x_wconf 85' lang='lat' dir='ltr'>ejusmo-</span> 
     </span>
     <span class='ocr_line' id='line_1_78' title="bbox 45 3566 1047 3607; baseline 0 -4"><span class='ocrx_word' id='word_1_594' title='bbox 45 3570 82 3604; x_wconf 91' lang='lat' dir='ltr'>di</span> <span class='ocrx_word' id='word_1_595' title='bbox 105 3571 138 3602; x_wconf 91' lang='lat' dir='ltr'>in</span> <span class='ocrx_word' id='word_1_596' title='bbox 149 3567 270 3602; x_wconf 88' lang='lat' dir='ltr'>cafibus</span> <span class='ocrx_word' id='word_1_597' title='bbox 281 3566 464 3601; x_wconf 84' lang='lat' dir='ltr'>fierisolent</span> <span class='ocrx_word' id='word_1_598' title='bbox 476 3591 486 3601; x_wconf 85' lang='lat'>.</span> <span class='ocrx_word' id='word_1_599' title='bbox 507 3567 637 3602; x_wconf 86' lang='lat' dir='ltr'>Vulnus</span> <span class='ocrx_word' id='word_1_600' title='bbox 650 3577 755 3601; x_wconf 89' lang='lat' dir='ltr'>autem</span> <span class='ocrx_word' id='word_1_601' title='bbox 767 3568 945 3603; x_wconf 84' lang='lat' dir='ltr'>subsiccum</span> <span class='ocrx_word' id='word_1_602' title='bbox 957 3578 1024 3603; x_wconf 92' lang='lat' dir='ltr'>erat</span> <span class='ocrx_word' id='word_1_603' title='bbox 1036 3591 1047 3607; x_wconf 90' lang='lat'><em>‚</em></span> 
     </span>
     <span class='ocr_line' id='line_1_79' title="bbox 45 3610 1044 3652; baseline 0 -6"><span class='ocrx_word' id='word_1_604' title='bbox 45 3624 102 3649; x_wconf 83' lang='lat' dir='ltr'>nec</span> <span class='ocrx_word' id='word_1_605' title='bbox 126 3612 205 3645; x_wconf 90' lang='lat' dir='ltr'>boni</span> <span class='ocrx_word' id='word_1_606' title='bbox 227 3611 367 3645; x_wconf 83' lang='lat' dir='ltr'>coloris.-</span> <span class='ocrx_word' id='word_1_607' title='bbox 391 3610 491 3645; x_wconf 91' lang='lat' dir='ltr'>febris</span> <span class='ocrx_word' id='word_1_608' title='bbox 513 3610 639 3645; x_wconf 88' lang='lat' dir='ltr'>aderat:</span> <span class='ocrx_word' id='word_1_609' title='bbox 665 3610 770 3652; x_wconf 91' lang='lat' dir='ltr'>pulsus</span> <span class='ocrx_word' id='word_1_610' title='bbox 793 3621 880 3644; x_wconf 88' lang='lat' dir='ltr'>erant</span> <span class='ocrx_word' id='word_1_611' title='bbox 903 3611 1044 3646; x_wconf 86' lang='lat' dir='ltr'>debiles:</span> 
     </span>
    </p>

    <p class='ocr_par' dir='ltr' id='par_1_5' title="bbox 126 3653 908 3696">
     <span class='ocr_line' id='line_1_80' title="bbox 126 3653 908 3696; baseline 0.001 -9"><span class='ocrx_word' id='word_1_612' title='bbox 126 3654 292 3696; x_wconf 74' lang='lat' dir='ltr'>Morgagni</span> <span class='ocrx_word' id='word_1_613' title='bbox 315 3654 350 3687; x_wconf 87' lang='lat' dir='ltr'>de</span> <span class='ocrx_word' id='word_1_614' title='bbox 363 3656 431 3688; x_wconf 86' lang='lat' dir='ltr'>Sed.</span> <span class='ocrx_word' id='word_1_615' title='bbox 454 3656 497 3689; x_wconf 72' lang='lat'>&amp;¹</span> <span class='ocrx_word' id='word_1_616' title='bbox 519 3653 607 3696; x_wconf 80' lang='lat' dir='ltr'>Caufi</span> <span class='ocrx_word' id='word_1_617' title='bbox 633 3653 908 3688; x_wconf 85' lang='lat' dir='ltr'>Morb.Tom.II.</span> 
     </span>
    </p>
   </div>
   <div class='ocr_carea' id='block_1_3' title="bbox 893 1400 1085 1442">
    <p class='ocr_par' dir='ltr' id='par_1_6' title="bbox 893 1400 1085 1442">
     <span class='ocr_line' id='line_1_81' title="bbox 893 1400 1085 1442; baseline 0.01 -11"><span class='ocrx_word' id='word_1_618' title='bbox 893 1400 1064 1433; x_wconf 86' lang='lat' dir='ltr'>Caeterum</span> <span class='ocrx_word' id='word_1_619' title='bbox 1080 1438 1085 1442; x_wconf 26' lang='lat' dir='ltr'><em>f</em></span> 
     </span>
    </p>
   </div>
   <div class='ocr_carea' id='block_1_4' title="bbox 1951 210 2048 260">
    <p class='ocr_par' dir='ltr' id='par_1_7' title="bbox 1951 210 2048 260">
     <span class='ocr_line' id='line_1_82' title="bbox 1951 210 2048 260; baseline 0.01 -1"><span class='ocrx_word' id='word_1_620' title='bbox 1951 210 2048 260; x_wconf 77' lang='lat'>299</span> 
     </span>
    </p>
   </div>
   <div class='ocr_carea' id='block_1_5' title="bbox 1097 271 2150 3696">
    <p class='ocr_par' dir='ltr' id='par_1_8' title="bbox 1110 271 2150 1265">
     <span class='ocr_line' id='line_1_83' title="bbox 1113 271 2122 318; baseline -0.003 -11"><span class='ocrx_word' id='word_1_621' title='bbox 1113 285 1198 317; x_wconf 82' lang='lat' dir='ltr'>aeger</span> <span class='ocrx_word' id='word_1_622' title='bbox 1220 274 1317 308; x_wconf 64' lang='lat' dir='ltr'>noRu</span> <span class='ocrx_word' id='word_1_623' title='bbox 1342 274 1509 317; x_wconf 76' lang='lat' dir='ltr'>surgebat,</span> <span class='ocrx_word' id='word_1_624' title='bbox 1532 273 1640 308; x_wconf 79' lang='lat' dir='ltr'>aestum</span> <span class='ocrx_word' id='word_1_625' title='bbox 1663 271 1828 310; x_wconf 81' lang='lat' dir='ltr'>causatus3</span> <span class='ocrx_word' id='word_1_626' title='bbox 1851 273 1882 307; x_wconf 79' lang='grc' dir='ltr'>δι</span> <span class='ocrx_word' id='word_1_627' title='bbox 1899 271 2018 315; x_wconf 88' lang='lat' dir='ltr'>Junius</span> <span class='ocrx_word' id='word_1_628' title='bbox 2039 275 2122 318; x_wconf 53' lang='lat' dir='ltr'>qui-s</span> 
     </span>
     <span class='ocr_line' id='line_1_84' title="bbox 1112 314 2117 360; baseline -0.005 -8"><span class='ocrx_word' id='word_1_629' title='bbox 1112 317 1185 355; x_wconf 88' lang='lat' dir='ltr'>dem</span> <span class='ocrx_word' id='word_1_630' title='bbox 1208 316 1412 360; x_wconf 19' lang='lat' dir='ltr'>eratssmensis</span> <span class='ocrx_word' id='word_1_631' title='bbox 1435 319 1477 351; x_wconf 90' lang='lat' dir='ltr'>A.</span> <span class='ocrx_word' id='word_1_632' title='bbox 1506 328 1599 360; x_wconf 62' lang='lat'>1739}</span> <span class='ocrx_word' id='word_1_633' title='bbox 1622 315 1672 348; x_wconf 89' lang='lat' dir='ltr'>sed</span> <span class='ocrx_word' id='word_1_634' title='bbox 1695 315 1728 349; x_wconf 85' lang='lat' dir='ltr'>id</span> <span class='ocrx_word' id='word_1_635' title='bbox 1753 314 1859 351; x_wconf 80' lang='lat' dir='ltr'>tamen</span> <span class='ocrx_word' id='word_1_636' title='bbox 1874 316 2117 356; x_wconf 73' lang='lat' dir='ltr'>videbaturlae-</span> 
     </span>
     <span class='ocr_line' id='line_1_85' title="bbox 1113 357 2116 396; baseline -0.002 -2"><span class='ocrx_word' id='word_1_637' title='bbox 1113 360 1144 394; x_wconf 90' lang='lat' dir='ltr'>sa</span> <span class='ocrx_word' id='word_1_638' title='bbox 1166 359 1314 394; x_wconf 86' lang='lat' dir='ltr'>nonnihil</span> <span class='ocrx_word' id='word_1_639' title='bbox 1340 363 1445 394; x_wconf 85' lang='lat' dir='ltr'>mente</span> <span class='ocrx_word' id='word_1_640' title='bbox 1469 360 1575 396; x_wconf 57' lang='lat' dir='ltr'>fieri„</span> <span class='ocrx_word' id='word_1_641' title='bbox 1585 358 1736 393; x_wconf 83' lang='lat' dir='ltr'>Tandem</span> <span class='ocrx_word' id='word_1_642' title='bbox 1759 357 1858 393; x_wconf 87' lang='lat' dir='ltr'>febris</span> <span class='ocrx_word' id='word_1_643' title='bbox 1882 358 1975 391; x_wconf 84' lang='lat' dir='ltr'>abit.-</span> <span class='ocrx_word' id='word_1_644' title='bbox 1999 361 2116 392; x_wconf 76' lang='lat' dir='ltr'>melio-</span> 
     </span>
     <span class='ocr_line' id='line_1_86' title="bbox 1113 401 2115 446; baseline -0.003 -9"><span class='ocrx_word' id='word_1_645' title='bbox 1113 415 1160 438; x_wconf 86' lang='lat' dir='ltr'>res</span> <span class='ocrx_word' id='word_1_646' title='bbox 1183 401 1267 438; x_wconf 87' lang='lat' dir='ltr'>fiunt</span> <span class='ocrx_word' id='word_1_647' title='bbox 1290 403 1415 446; x_wconf 84' lang='lat' dir='ltr'>pulsus:</span> <span class='ocrx_word' id='word_1_648' title='bbox 1439 404 1568 446; x_wconf 79' lang='lat' dir='ltr'>jamque</span> <span class='ocrx_word' id='word_1_649' title='bbox 1589 412 1674 444; x_wconf 82' lang='lat' dir='ltr'>aeger</span> <span class='ocrx_word' id='word_1_650' title='bbox 1698 401 1815 435; x_wconf 84' lang='lat' dir='ltr'>famem</span> <span class='ocrx_word' id='word_1_651' title='bbox 1839 402 1868 435; x_wconf 90' lang='lat' dir='ltr'>se</span> <span class='ocrx_word' id='word_1_652' title='bbox 1891 401 2027 443; x_wconf 87' lang='lat' dir='ltr'>amplius</span> <span class='ocrx_word' id='word_1_653' title='bbox 2051 402 2115 435; x_wconf 85' lang='lat' dir='ltr'>fer-</span> 
     </span>
     <span class='ocr_line' id='line_1_87' title="bbox 1113 445 2117 490; baseline -0.002 -10"><span class='ocrx_word' id='word_1_654' title='bbox 1113 459 1147 487; x_wconf 64' lang='lat' dir='ltr'>re&gt;</span> <span class='ocrx_word' id='word_1_655' title='bbox 1169 446 1255 490; x_wconf 82' lang='lat' dir='ltr'>posse</span> <span class='ocrx_word' id='word_1_656' title='bbox 1275 469 1286 486; x_wconf 86' lang='lat'>,</span> <span class='ocrx_word' id='word_1_657' title='bbox 1309 456 1423 489; x_wconf 82' lang='lat' dir='ltr'>negat.</span> <span class='ocrx_word' id='word_1_658' title='bbox 1447 446 1548 481; x_wconf 90' lang='lat' dir='ltr'>Nulla</span> <span class='ocrx_word' id='word_1_659' title='bbox 1573 456 1680 480; x_wconf 86' lang='lat' dir='ltr'>tamen</span> <span class='ocrx_word' id='word_1_660' title='bbox 1705 448 1739 479; x_wconf 91' lang='lat' dir='ltr'>in</span> <span class='ocrx_word' id='word_1_661' title='bbox 1763 457 1796 478; x_wconf 90' lang='lat' dir='ltr'>re</span> <span class='ocrx_word' id='word_1_662' title='bbox 1808 446 1952 487; x_wconf 83' lang='lat' dir='ltr'>peccanti</span> <span class='ocrx_word' id='word_1_663' title='bbox 1976 445 2045 487; x_wconf 84' lang='lat' dir='ltr'>post</span> <span class='ocrx_word' id='word_1_664' title='bbox 2056 445 2117 479; x_wconf 86' lang='lat' dir='ltr'>ali-</span> 
     </span>
     <span class='ocr_line' id='line_1_88' title="bbox 1112 487 2118 534; baseline -0.002 -10"><span class='ocrx_word' id='word_1_665' title='bbox 1112 501 1192 534; x_wconf 90' lang='lat' dir='ltr'>quot</span> <span class='ocrx_word' id='word_1_666' title='bbox 1215 489 1283 525; x_wconf 83' lang='lat' dir='ltr'>dies</span> <span class='ocrx_word' id='word_1_667' title='bbox 1307 491 1390 523; x_wconf 85' lang='lat' dir='ltr'>redit</span> <span class='ocrx_word' id='word_1_668' title='bbox 1414 489 1512 527; x_wconf 84' lang='lat' dir='ltr'>febris</span> <span class='ocrx_word' id='word_1_669' title='bbox 1535 500 1611 525; x_wconf 89' lang='lat' dir='ltr'>cum</span> <span class='ocrx_word' id='word_1_670' title='bbox 1635 487 1723 523; x_wconf 90' lang='lat' dir='ltr'>sensu</span> <span class='ocrx_word' id='word_1_671' title='bbox 1757 489 1927 530; x_wconf 83' lang='lat' dir='ltr'>gravitatis</span> <span class='ocrx_word' id='word_1_672' title='bbox 1961 489 2079 531; x_wconf 82' lang='lat' dir='ltr'>capitis</span> <span class='ocrx_word' id='word_1_673' title='bbox 2103 510 2118 527; x_wconf 83' lang='lat'>‚</span> 
     </span>
     <span class='ocr_line' id='line_1_89' title="bbox 1111 531 2119 575; baseline 0 -9"><span class='ocrx_word' id='word_1_674' title='bbox 1111 542 1242 575; x_wconf 86' lang='lat' dir='ltr'>torpore</span> <span class='ocrx_word' id='word_1_675' title='bbox 1265 533 1406 574; x_wconf 87' lang='lat' dir='ltr'>quodam</span> <span class='ocrx_word' id='word_1_676' title='bbox 1431 534 1570 572; x_wconf 84' lang='lat' dir='ltr'>mentis,</span> <span class='ocrx_word' id='word_1_677' title='bbox 1595 532 1659 566; x_wconf 89' lang='lat' dir='ltr'>levi</span> <span class='ocrx_word' id='word_1_678' title='bbox 1679 532 1819 571; x_wconf 84' lang='lat' dir='ltr'>delirio,</span> <span class='ocrx_word' id='word_1_679' title='bbox 1843 531 2013 571; x_wconf 76' lang='lat' dir='ltr'>faciei,·&amp;</span> <span class='ocrx_word' id='word_1_680' title='bbox 2035 542 2119 567; x_wconf 85' lang='lat' dir='ltr'>ocu--¹</span> 
     </span>
     <span class='ocr_line' id='line_1_90' title="bbox 1112 573 2116 618; baseline -0.003 -9"><span class='ocrx_word' id='word_1_681' title='bbox 1112 577 1218 614; x_wconf 87' lang='lat' dir='ltr'>lorum</span> <span class='ocrx_word' id='word_1_682' title='bbox 1242 576 1413 611; x_wconf 84' lang='lat' dir='ltr'>rubedine.</span> <span class='ocrx_word' id='word_1_683' title='bbox 1440 579 1556 618; x_wconf 86' lang='lat' dir='ltr'>Itaque</span> <span class='ocrx_word' id='word_1_684' title='bbox 1580 575 1713 610; x_wconf 88' lang='lat' dir='ltr'>Medico</span> <span class='ocrx_word' id='word_1_685' title='bbox 1736 577 1855 612; x_wconf 81' lang='lat' dir='ltr'>iterum</span> <span class='ocrx_word' id='word_1_686' title='bbox 1877 586 1973 616; x_wconf 90' lang='lat' dir='ltr'>opem</span> <span class='ocrx_word' id='word_1_687' title='bbox 1997 573 2077 607; x_wconf 87' lang='lat' dir='ltr'>ferre</span> <span class='ocrx_word' id='word_1_688' title='bbox 2102 595 2116 613; x_wconf 86' lang='lat'>‚</span> 
     </span>
     <span class='ocr_line' id='line_1_91' title="bbox 1113 617 2116 660; baseline -0.003 -8"><span class='ocrx_word' id='word_1_689' title='bbox 1113 618 1166 655; x_wconf 84' lang='lat' dir='ltr'>sed</span> <span class='ocrx_word' id='word_1_690' title='bbox 1189 618 1302 653; x_wconf 79' lang='lat' dir='ltr'>frustra</span> <span class='ocrx_word' id='word_1_691' title='bbox 1324 628 1483 656; x_wconf 84' lang='lat' dir='ltr'>conante,</span> <span class='ocrx_word' id='word_1_692' title='bbox 1507 619 1596 652; x_wconf 90' lang='lat' dir='ltr'>brevi</span> <span class='ocrx_word' id='word_1_693' title='bbox 1621 617 1691 660; x_wconf 86' lang='lat' dir='ltr'>post</span> <span class='ocrx_word' id='word_1_694' title='bbox 1724 627 1869 659; x_wconf 88' lang='lat' dir='ltr'>tempore</span> <span class='ocrx_word' id='word_1_695' title='bbox 1893 619 1995 652; x_wconf 84' lang='lat' dir='ltr'>Senex</span> <span class='ocrx_word' id='word_1_696' title='bbox 2017 618 2089 651; x_wconf 90' lang='lat' dir='ltr'>obit</span> <span class='ocrx_word' id='word_1_697' title='bbox 2103 638 2116 655; x_wconf 85' lang='lat'>‚</span> 
     </span>
     <span class='ocr_line' id='line_1_92' title="bbox 1114 660 2119 704; baseline -0.001 -9"><span class='ocrx_word' id='word_1_698' title='bbox 1114 660 1269 704; x_wconf 80' lang='lat' dir='ltr'>vigesimo</span> <span class='ocrx_word' id='word_1_699' title='bbox 1290 664 1420 697; x_wconf 89' lang='lat' dir='ltr'>circiter</span> <span class='ocrx_word' id='word_1_700' title='bbox 1443 662 1483 695; x_wconf 88' lang='lat' dir='ltr'>ab</span> <span class='ocrx_word' id='word_1_701' title='bbox 1505 663 1572 698; x_wconf 77' lang='grc' dir='ltr'><strong>ι’ἂιι</strong></span> <span class='ocrx_word' id='word_1_702' title='bbox 1595 661 1682 700; x_wconf 55' lang='lat' dir='ltr'>die„</span> <span class='ocrx_word' id='word_1_703' title='bbox 1797 660 2034 695; x_wconf 83' lang='lat' dir='ltr'>CRANIUM</span> <span class='ocrx_word' id='word_1_704' title='bbox 2047 669 2119 694; x_wconf 79' lang='lat' dir='ltr'>erat</span> 
     </span>
     <span class='ocr_line' id='line_1_93' title="bbox 1111 704 2115 748; baseline -0.001 -9"><span class='ocrx_word' id='word_1_705' title='bbox 1111 705 1346 740; x_wconf 80' lang='lat' dir='ltr'>craffiffimum:</span> <span class='ocrx_word' id='word_1_706' title='bbox 1371 705 1468 741; x_wconf 79' lang='lat' dir='ltr'>crassa</span> <span class='ocrx_word' id='word_1_707' title='bbox 1492 705 1704 748; x_wconf 88' lang='lat' dir='ltr'>proportione</span> <span class='ocrx_word' id='word_1_708' title='bbox 1727 704 1826 739; x_wconf 87' lang='lat' dir='ltr'>etiam</span> <span class='ocrx_word' id='word_1_709' title='bbox 1848 704 1939 739; x_wconf 84' lang='lat' dir='ltr'>Dura</span> <span class='ocrx_word' id='word_1_710' title='bbox 1963 704 2115 738; x_wconf 88' lang='lat' dir='ltr'>meninx.</span> 
     </span>
     <span class='ocr_line' id='line_1_94' title="bbox 1111 746 2118 791; baseline -0.004 -9"><span class='ocrx_word' id='word_1_711' title='bbox 1111 750 1150 782; x_wconf 89' lang='lat' dir='ltr'>In</span> <span class='ocrx_word' id='word_1_712' title='bbox 1172 748 1232 782; x_wconf 87' lang='lat' dir='ltr'>illo</span> <span class='ocrx_word' id='word_1_713' title='bbox 1256 750 1337 783; x_wconf 83' lang='lat' dir='ltr'>nihil</span> <span class='ocrx_word' id='word_1_714' title='bbox 1363 749 1497 791; x_wconf 85' lang='lat' dir='ltr'>usquam</span> <span class='ocrx_word' id='word_1_715' title='bbox 1521 749 1618 787; x_wconf 83' lang='lat' dir='ltr'>vitii,·</span> <span class='ocrx_word' id='word_1_716' title='bbox 1639 748 1715 790; x_wconf 83' lang='lat' dir='ltr'>quia</span> <span class='ocrx_word' id='word_1_717' title='bbox 1738 747 1786 782; x_wconf 84' lang='lat' dir='ltr'>ibi</span> <span class='ocrx_word' id='word_1_718' title='bbox 1811 747 1907 783; x_wconf 84' lang='lat' dir='ltr'>etiam</span> <span class='ocrx_word' id='word_1_719' title='bbox 1930 746 1987 781; x_wconf 89' lang='lat' dir='ltr'>ubi</span> <span class='ocrx_word' id='word_1_720' title='bbox 2011 747 2044 778; x_wconf 91' lang='lat' dir='ltr'>in</span> <span class='ocrx_word' id='word_1_721' title='bbox 2067 747 2118 779; x_wconf 92' lang='lat' dir='ltr'>vi-</span> 
     </span>
     <span class='ocr_line' id='line_1_95' title="bbox 1111 789 2118 833; baseline -0.003 -9"><span class='ocrx_word' id='word_1_722' title='bbox 1111 800 1206 825; x_wconf 89' lang='lat' dir='ltr'>vente</span> <span class='ocrx_word' id='word_1_723' title='bbox 1223 791 1325 829; x_wconf 85' lang='lat' dir='ltr'>rasum</span> <span class='ocrx_word' id='word_1_724' title='bbox 1340 792 1466 832; x_wconf 83' lang='lat' dir='ltr'>fuerat,</span> <span class='ocrx_word' id='word_1_725' title='bbox 1487 800 1580 827; x_wconf 85' lang='lat' dir='ltr'>extra</span> <span class='ocrx_word' id='word_1_726' title='bbox 1595 815 1604 829; x_wconf 90' lang='lat'><strong><em>‚</em></strong></span> <span class='ocrx_word' id='word_1_727' title='bbox 1629 790 1780 833; x_wconf 82' lang='lat' dir='ltr'>intusque</span> <span class='ocrx_word' id='word_1_728' title='bbox 1804 799 1872 825; x_wconf 76' lang='lat' dir='ltr'>erat</span> <span class='ocrx_word' id='word_1_729' title='bbox 1896 789 2034 822; x_wconf 89' lang='lat' dir='ltr'>naturali</span> <span class='ocrx_word' id='word_1_730' title='bbox 2059 800 2118 822; x_wconf 86' lang='lat' dir='ltr'>co-</span> 
     </span>
     <span class='ocr_line' id='line_1_96' title="bbox 1110 832 2119 878; baseline -0.004 -10"><span class='ocrx_word' id='word_1_731' title='bbox 1110 834 1178 868; x_wconf 88' lang='lat' dir='ltr'>lore</span> <span class='ocrx_word' id='word_1_732' title='bbox 1192 859 1201 868; x_wconf 95' lang='lat'>.</span> <span class='ocrx_word' id='word_1_733' title='bbox 1225 835 1304 872; x_wconf 84' lang='lat' dir='ltr'>Haec</span> <span class='ocrx_word' id='word_1_734' title='bbox 1317 838 1435 878; x_wconf 89' lang='lat' dir='ltr'>pariter</span> <span class='ocrx_word' id='word_1_735' title='bbox 1452 834 1525 868; x_wconf 89' lang='lat' dir='ltr'>sana</span> <span class='ocrx_word' id='word_1_736' title='bbox 1536 859 1545 867; x_wconf 89' lang='lat'><strong>.</strong></span> <span class='ocrx_word' id='word_1_737' title='bbox 1570 833 1650 866; x_wconf 90' lang='lat' dir='ltr'>Non</span> <span class='ocrx_word' id='word_1_738' title='bbox 1674 832 1715 866; x_wconf 83' lang='lat' dir='ltr'>sic</span> <span class='ocrx_word' id='word_1_739' title='bbox 1732 842 1840 867; x_wconf 89' lang='lat' dir='ltr'>autem</span> <span class='ocrx_word' id='word_1_740' title='bbox 1852 832 1950 866; x_wconf 87' lang='lat' dir='ltr'>altera</span> <span class='ocrx_word' id='word_1_741' title='bbox 1963 832 2094 865; x_wconf 86' lang='lat' dir='ltr'>meninx</span> <span class='ocrx_word' id='word_1_742' title='bbox 2107 854 2119 871; x_wconf 78' lang='grc'><strong>.</strong></span> 
     </span>
     <span class='ocr_line' id='line_1_97' title="bbox 1110 875 2150 920; baseline -0.003 -9"><span class='ocrx_word' id='word_1_743' title='bbox 1110 877 1202 919; x_wconf 77' lang='lat' dir='ltr'>cujus</span> <span class='ocrx_word' id='word_1_744' title='bbox 1224 879 1377 913; x_wconf 85' lang='lat' dir='ltr'>exteriori</span> <span class='ocrx_word' id='word_1_745' title='bbox 1402 878 1497 913; x_wconf 85' lang='lat' dir='ltr'>faciei</span> <span class='ocrx_word' id='word_1_746' title='bbox 1518 888 1581 919; x_wconf 90' lang='lat' dir='ltr'>qua</span> <span class='ocrx_word' id='word_1_747' title='bbox 1605 875 1749 920; x_wconf 88' lang='lat' dir='ltr'>percusso</span> <span class='ocrx_word' id='word_1_748' title='bbox 1773 876 1848 911; x_wconf 87' lang='lat' dir='ltr'>loco</span> <span class='ocrx_word' id='word_1_749' title='bbox 1871 875 2085 917; x_wconf 89' lang='lat' dir='ltr'>respondebat</span> <span class='ocrx_word' id='word_1_750' title='bbox 2105 898 2117 914; x_wconf 84' lang='lat'>,</span> <span class='ocrx_word' id='word_1_751' title='bbox 2148 894 2150 897; x_wconf 93' lang='lat'><em>-</em></span> 
     </span>
     <span class='ocr_line' id='line_1_98' title="bbox 1113 919 2119 963; baseline -0.002 -10"><span class='ocrx_word' id='word_1_752' title='bbox 1113 920 1291 963; x_wconf 87' lang='lat' dir='ltr'>pauxillum</span> <span class='ocrx_word' id='word_1_753' title='bbox 1314 921 1498 958; x_wconf 77' lang='lat' dir='ltr'>adhaerebat</span> <span class='ocrx_word' id='word_1_754' title='bbox 1522 921 1633 960; x_wconf 80' lang='lat' dir='ltr'>muci,</span> <span class='ocrx_word' id='word_1_755' title='bbox 1655 931 1693 954; x_wconf 88' lang='lat' dir='ltr'>ex</span> <span class='ocrx_word' id='word_1_756' title='bbox 1718 919 1803 956; x_wconf 83' lang='lat' dir='ltr'>flavo</span> <span class='ocrx_word' id='word_1_757' title='bbox 1828 920 1963 957; x_wconf 82' lang='lat' dir='ltr'>viridis,</span> <span class='ocrx_word' id='word_1_758' title='bbox 1987 919 2119 952; x_wconf 85' lang='lat' dir='ltr'>teterri-</span> 
     </span>
     <span class='ocr_line' id='line_1_99' title="bbox 1111 961 2119 1006; baseline -0.001 -9"><span class='ocrx_word' id='word_1_759' title='bbox 1111 964 1158 997; x_wconf 87' lang='lat' dir='ltr'>mi</span> <span class='ocrx_word' id='word_1_760' title='bbox 1180 964 1311 999; x_wconf 78' lang='lat' dir='ltr'>odoris.</span> <span class='ocrx_word' id='word_1_761' title='bbox 1335 966 1378 999; x_wconf 85' lang='lat' dir='ltr'>Ei</span> <span class='ocrx_word' id='word_1_762' title='bbox 1403 975 1497 998; x_wconf 90' lang='lat' dir='ltr'>muco</span> <span class='ocrx_word' id='word_1_763' title='bbox 1521 962 1702 1006; x_wconf 64' lang='lat' dir='ltr'>subjeetum</span> <span class='ocrx_word' id='word_1_764' title='bbox 1725 963 1891 997; x_wconf 88' lang='lat' dir='ltr'>cerebrum</span> <span class='ocrx_word' id='word_1_765' title='bbox 1927 961 2119 1004; x_wconf 84' lang='lat' dir='ltr'>subnigrurn</span> 
     </span>
     <span class='ocr_line' id='line_1_100' title="bbox 1111 1003 2115 1050; baseline -0.002 -10"><span class='ocrx_word' id='word_1_766' title='bbox 1111 1006 1182 1040; x_wconf 83' lang='lat' dir='ltr'>fieri</span> <span class='ocrx_word' id='word_1_767' title='bbox 1213 1008 1392 1050; x_wconf 87' lang='lat' dir='ltr'>incipiebat</span> <span class='ocrx_word' id='word_1_768' title='bbox 1415 1006 1508 1043; x_wconf 75' lang='lat' dir='ltr'>tant‘o</span> <span class='ocrx_word' id='word_1_769' title='bbox 1531 1006 1636 1049; x_wconf 86' lang='lat' dir='ltr'>spatio</span> <span class='ocrx_word' id='word_1_770' title='bbox 1658 1015 1820 1049; x_wconf 86' lang='lat' dir='ltr'>quantum</span> <span class='ocrx_word' id='word_1_771' title='bbox 1854 1006 1921 1040; x_wconf 90' lang='lat' dir='ltr'>duo</span> <span class='ocrx_word' id='word_1_772' title='bbox 1942 1003 2115 1040; x_wconf 80' lang='lat' dir='ltr'>transversi</span> 
     </span>
     <span class='ocr_line' id='line_1_101' title="bbox 1111 1048 2123 1093; baseline -0.001 -10"><span class='ocrx_word' id='word_1_773' title='bbox 1111 1050 1212 1093; x_wconf 82' lang='lat' dir='ltr'>digiti</span> <span class='ocrx_word' id='word_1_774' title='bbox 1234 1050 1495 1093; x_wconf 88' lang='lat' dir='ltr'>quoquoversum</span> <span class='ocrx_word' id='word_1_775' title='bbox 1508 1050 1723 1088; x_wconf 90' lang='lat' dir='ltr'>obducerent,</span> <span class='ocrx_word' id='word_1_776' title='bbox 1748 1061 1804 1083; x_wconf 89' lang='lat' dir='ltr'>nec</span> <span class='ocrx_word' id='word_1_777' title='bbox 1815 1048 2123 1093; x_wconf 68' lang='lat' dir='ltr'>profundiusquam&#39;</span> 
     </span>
     <span class='ocr_line' id='line_1_102' title="bbox 1113 1091 2116 1128; baseline -0.001 -3"><span class='ocrx_word' id='word_1_778' title='bbox 1113 1092 1154 1126; x_wconf 83' lang='lat' dir='ltr'>fit</span> <span class='ocrx_word' id='word_1_779' title='bbox 1176 1094 1342 1127; x_wconf 87' lang='lat' dir='ltr'>corticalis</span> <span class='ocrx_word' id='word_1_780' title='bbox 1363 1093 1487 1128; x_wconf 84' lang='lat' dir='ltr'>cerebri</span> <span class='ocrx_word' id='word_1_781' title='bbox 1500 1093 1675 1127; x_wconf 82' lang='lat' dir='ltr'>substantia</span> <span class='ocrx_word' id='word_1_782' title='bbox 1692 1116 1700 1124; x_wconf 92' lang='lat'><em>.</em></span> <span class='ocrx_word' id='word_1_783' title='bbox 1726 1092 1810 1126; x_wconf 87' lang='lat' dir='ltr'>Bene</span> <span class='ocrx_word' id='word_1_784' title='bbox 1832 1102 1940 1126; x_wconf 85' lang='lat' dir='ltr'>autem</span> <span class='ocrx_word' id='word_1_785' title='bbox 1965 1091 1995 1125; x_wconf 88' lang='lat' dir='ltr'>se</span> <span class='ocrx_word' id='word_1_786' title='bbox 2018 1092 2116 1128; x_wconf 80' lang='lat' dir='ltr'>habe-</span> 
     </span>
     <span class='ocr_line' id='line_1_103' title="bbox 1112 1134 2119 1178; baseline -0.001 -10"><span class='ocrx_word' id='word_1_787' title='bbox 1112 1137 1190 1169; x_wconf 90' lang='lat' dir='ltr'>bant</span> <span class='ocrx_word' id='word_1_788' title='bbox 1202 1136 1326 1178; x_wconf 84' lang='lat' dir='ltr'>reliqua</span> <span class='ocrx_word' id='word_1_789' title='bbox 1342 1160 1351 1176; x_wconf 92' lang='lat'><strong>‚</strong></span> <span class='ocrx_word' id='word_1_790' title='bbox 1372 1136 1431 1172; x_wconf 77' lang='lat' dir='ltr'>nili</span> <span class='ocrx_word' id='word_1_791' title='bbox 1444 1136 1532 1178; x_wconf 86' lang='lat' dir='ltr'>quod</span> <span class='ocrx_word' id='word_1_792' title='bbox 1545 1136 1718 1171; x_wconf 87' lang='lat' dir='ltr'>subrubens</span> <span class='ocrx_word' id='word_1_793' title='bbox 1738 1134 1844 1169; x_wconf 85' lang='lat' dir='ltr'>serum</span> <span class='ocrx_word' id='word_1_794' title='bbox 1855 1146 1920 1168; x_wconf 92' lang='lat' dir='ltr'>non</span> <span class='ocrx_word' id='word_1_795' title='bbox 1934 1146 2069 1178; x_wconf 88' lang='lat' dir='ltr'>paucum</span> <span class='ocrx_word' id='word_1_796' title='bbox 2083 1136 2119 1167; x_wconf 88' lang='lat' dir='ltr'>in</span> 
     </span>
     <span class='ocr_line' id='line_1_104' title="bbox 1114 1178 2119 1221; baseline 0 -9"><span class='ocrx_word' id='word_1_797' title='bbox 1114 1180 1313 1215; x_wconf 90' lang='lat' dir='ltr'>Lateralibus</span> <span class='ocrx_word' id='word_1_798' title='bbox 1326 1180 1512 1216; x_wconf 89' lang='lat' dir='ltr'>ventriculis</span> <span class='ocrx_word' id='word_1_799' title='bbox 1523 1180 1626 1213; x_wconf 89' lang='lat' dir='ltr'>inerat</span> <span class='ocrx_word' id='word_1_800' title='bbox 1637 1200 1647 1216; x_wconf 91' lang='lat'>,</span> <span class='ocrx_word' id='word_1_801' title='bbox 1671 1178 1721 1212; x_wconf 90' lang='lat' dir='ltr'>sed</span> <span class='ocrx_word' id='word_1_802' title='bbox 1735 1180 1768 1211; x_wconf 88' lang='lat' dir='ltr'>in</span> <span class='ocrx_word' id='word_1_803' title='bbox 1782 1190 1821 1213; x_wconf 87' lang='lat' dir='ltr'>eo</span> <span class='ocrx_word' id='word_1_804' title='bbox 1833 1179 1903 1220; x_wconf 90' lang='lat' dir='ltr'>plus</span> <span class='ocrx_word' id='word_1_805' title='bbox 1914 1180 1971 1221; x_wconf 90' lang='lat' dir='ltr'>qui</span> <span class='ocrx_word' id='word_1_806' title='bbox 1991 1178 2119 1212; x_wconf 78' lang='lat' dir='ltr'>vulneri</span> 
     </span>
     <span class='ocr_line' id='line_1_105' title="bbox 1114 1221 2117 1265; baseline -0.001 -9"><span class='ocrx_word' id='word_1_807' title='bbox 1114 1221 1365 1265; x_wconf 85' lang='lat' dir='ltr'>subjiciebatur.</span> <span class='ocrx_word' id='word_1_808' title='bbox 1389 1224 1428 1256; x_wconf 93' lang='lat' dir='ltr'>In</span> <span class='ocrx_word' id='word_1_809' title='bbox 1453 1232 1589 1265; x_wconf 85' lang='lat' dir='ltr'>utroque</span> <span class='ocrx_word' id='word_1_810' title='bbox 1613 1223 1724 1262; x_wconf 87' lang='lat' dir='ltr'>plexus</span> <span class='ocrx_word' id='word_1_811' title='bbox 1735 1221 1918 1257; x_wconf 88' lang='lat' dir='ltr'>Choroides</span> <span class='ocrx_word' id='word_1_812' title='bbox 1929 1221 2117 1263; x_wconf 84' lang='lat' dir='ltr'>pallebant.</span> 
     </span>
    </p>

    <p class='ocr_par' dir='ltr' id='par_1_9' title="bbox 1111 1263 2127 2051">
     <span class='ocr_line' id='line_1_106' title="bbox 1161 1263 2118 1306; baseline -0.003 -7"><span class='ocrx_word' id='word_1_813' title='bbox 1161 1275 1209 1303; x_wconf 84' lang='lat'>11.</span> <span class='ocrx_word' id='word_1_814' title='bbox 1234 1266 1446 1301; x_wconf 85' lang='lat' dir='ltr'>MULIERI</span> <span class='ocrx_word' id='word_1_815' title='bbox 1458 1288 1469 1304; x_wconf 90' lang='lat'>,</span> <span class='ocrx_word' id='word_1_816' title='bbox 1492 1266 1653 1300; x_wconf 88' lang='lat' dir='ltr'>comitiali</span> <span class='ocrx_word' id='word_1_817' title='bbox 1665 1264 1780 1298; x_wconf 88' lang='lat' dir='ltr'>morbo</span> <span class='ocrx_word' id='word_1_818' title='bbox 1792 1267 1858 1306; x_wconf 80' lang='lat' dir='ltr'>jam</span> <span class='ocrx_word' id='word_1_819' title='bbox 1874 1263 1930 1298; x_wconf 90' lang='lat' dir='ltr'>diu</span> <span class='ocrx_word' id='word_1_820' title='bbox 1943 1265 2094 1297; x_wconf 87' lang='lat' dir='ltr'>obnoxiae</span> <span class='ocrx_word' id='word_1_821' title='bbox 2107 1288 2118 1305; x_wconf 88' lang='lat'>,</span> 
     </span>
     <span class='ocr_line' id='line_1_107' title="bbox 1114 1306 2118 1353; baseline -0.005 -8"><span class='ocrx_word' id='word_1_822' title='bbox 1114 1307 1295 1351; x_wconf 80' lang='lat' dir='ltr'>percussum</span> <span class='ocrx_word' id='word_1_823' title='bbox 1307 1310 1349 1345; x_wconf 89' lang='lat' dir='ltr'>est</span> <span class='ocrx_word' id='word_1_824' title='bbox 1370 1320 1489 1353; x_wconf 70' lang='lat' dir='ltr'>caput,</span> <span class='ocrx_word' id='word_1_825' title='bbox 1512 1310 1615 1344; x_wconf 84' lang='lat' dir='ltr'>Initio</span> <span class='ocrx_word' id='word_1_826' title='bbox 1637 1307 1717 1342; x_wconf 83' lang='lat' dir='ltr'>nihil</span> <span class='ocrx_word' id='word_1_827' title='bbox 1733 1308 1906 1350; x_wconf 86' lang='lat' dir='ltr'>maliquod</span> <span class='ocrx_word' id='word_1_828' title='bbox 1919 1306 1993 1341; x_wconf 78' lang='lat' dir='ltr'>esset</span> <span class='ocrx_word' id='word_1_829' title='bbox 2017 1306 2118 1341; x_wconf 83' lang='lat' dir='ltr'>adno-</span> 
     </span>
     <span class='ocr_line' id='line_1_108' title="bbox 1115 1351 2120 1395; baseline -0.003 -8"><span class='ocrx_word' id='word_1_830' title='bbox 1115 1354 1239 1387; x_wconf 84' lang='lat' dir='ltr'>tatione</span> <span class='ocrx_word' id='word_1_831' title='bbox 1251 1352 1411 1395; x_wconf 77' lang='lat' dir='ltr'>dignum3</span> <span class='ocrx_word' id='word_1_832' title='bbox 1436 1364 1470 1386; x_wconf 87' lang='lat' dir='ltr'>ut</span> <span class='ocrx_word' id='word_1_833' title='bbox 1486 1352 1798 1393; x_wconf 79' lang='lat' dir='ltr'>fiinterrogaretur,</span> <span class='ocrx_word' id='word_1_834' title='bbox 1820 1351 1972 1386; x_wconf 82' lang='lat' dir='ltr'>leviffima</span> <span class='ocrx_word' id='word_1_835' title='bbox 1984 1352 2092 1384; x_wconf 88' lang='lat' dir='ltr'>omnia</span> <span class='ocrx_word' id='word_1_836' title='bbox 2106 1376 2120 1392; x_wconf 59' lang='lat'><em>2</em></span> 
     </span>
     <span class='ocr_line' id='line_1_109' title="bbox 1115 1395 2119 1439; baseline -0.001 -10"><span class='ocrx_word' id='word_1_837' title='bbox 1115 1396 1163 1429; x_wconf 88' lang='lat' dir='ltr'>vel</span> <span class='ocrx_word' id='word_1_838' title='bbox 1186 1395 1274 1430; x_wconf 87' lang='lat' dir='ltr'>nulla</span> <span class='ocrx_word' id='word_1_839' title='bbox 1284 1396 1367 1437; x_wconf 75' lang='lat' dir='ltr'>effe,</span> <span class='ocrx_word' id='word_1_840' title='bbox 1390 1395 1615 1439; x_wconf 78' lang='lat' dir='ltr'>responderet..</span> <span class='ocrx_word' id='word_1_841' title='bbox 1642 1396 1701 1431; x_wconf 83' lang='lat' dir='ltr'>Sed</span> <span class='ocrx_word' id='word_1_842' title='bbox 1715 1395 1840 1437; x_wconf 88' lang='lat' dir='ltr'>aliquot</span> <span class='ocrx_word' id='word_1_843' title='bbox 1854 1396 1973 1430; x_wconf 71' lang='lat' dir='ltr'>exaffis</span> <span class='ocrx_word' id='word_1_844' title='bbox 1983 1395 2119 1432; x_wconf 83' lang='lat' dir='ltr'>diebus,</span> 
     </span>
     <span class='ocr_line' id='line_1_110' title="bbox 1113 1437 2123 1480; baseline 0 -9"><span class='ocrx_word' id='word_1_845' title='bbox 1113 1438 1271 1480; x_wconf 87' lang='lat' dir='ltr'>paulatim</span> <span class='ocrx_word' id='word_1_846' title='bbox 1294 1437 1376 1473; x_wconf 83' lang='lat' dir='ltr'>mala</span> <span class='ocrx_word' id='word_1_847' title='bbox 1400 1439 1429 1473; x_wconf 89' lang='lat' dir='ltr'>se</span> <span class='ocrx_word' id='word_1_848' title='bbox 1452 1438 1613 1475; x_wconf 80' lang='lat' dir='ltr'>ostendere</span> <span class='ocrx_word' id='word_1_849' title='bbox 1628 1463 1638 1479; x_wconf 90' lang='lat'>,</span> <span class='ocrx_word' id='word_1_850' title='bbox 1659 1441 1690 1474; x_wconf 87' lang='lat'>&amp;</span> <span class='ocrx_word' id='word_1_851' title='bbox 1712 1437 1868 1477; x_wconf 87' lang='lat' dir='ltr'>crescere,</span> <span class='ocrx_word' id='word_1_852' title='bbox 1888 1437 1988 1473; x_wconf 89' lang='lat' dir='ltr'>febris</span> <span class='ocrx_word' id='word_1_853' title='bbox 2010 1440 2123 1472; x_wconf 77' lang='lat' dir='ltr'>inten-</span> 
     </span>
     <span class='ocr_line' id='line_1_111' title="bbox 1114 1480 2122 1525; baseline -0.001 -10"><span class='ocrx_word' id='word_1_854' title='bbox 1114 1480 1170 1521; x_wconf 91' lang='lat' dir='ltr'>di,</span> <span class='ocrx_word' id='word_1_855' title='bbox 1193 1481 1341 1524; x_wconf 84' lang='lat' dir='ltr'>quaedam</span> <span class='ocrx_word' id='word_1_856' title='bbox 1364 1491 1516 1525; x_wconf 72' lang='lat' dir='ltr'>praeterea</span> <span class='ocrx_word' id='word_1_857' title='bbox 1537 1483 1627 1524; x_wconf 88' lang='lat' dir='ltr'>quies</span> <span class='ocrx_word' id='word_1_858' title='bbox 1651 1481 1797 1517; x_wconf 86' lang='lat' dir='ltr'>accedere</span> <span class='ocrx_word' id='word_1_859' title='bbox 1821 1480 2035 1515; x_wconf 85' lang='lat' dir='ltr'>somniinstar</span> <span class='ocrx_word' id='word_1_860' title='bbox 2048 1480 2122 1515; x_wconf 82' lang='lat' dir='ltr'>affi-</span> 
     </span>
     <span class='ocr_line' id='line_1_112' title="bbox 1115 1523 2121 1565; baseline 0 -6"><span class='ocrx_word' id='word_1_861' title='bbox 1115 1525 1195 1564; x_wconf 92' lang='lat' dir='ltr'>dui,</span> <span class='ocrx_word' id='word_1_862' title='bbox 1221 1524 1273 1565; x_wconf 86' lang='lat' dir='ltr'>sed</span> <span class='ocrx_word' id='word_1_863' title='bbox 1295 1524 1359 1559; x_wconf 81' lang='lat' dir='ltr'>fine</span> <span class='ocrx_word' id='word_1_864' title='bbox 1382 1525 1521 1562; x_wconf 58' lang='lat' dir='ltr'>somno:</span> <span class='ocrx_word' id='word_1_865' title='bbox 1546 1535 1580 1558; x_wconf 90' lang='lat' dir='ltr'>ut</span> <span class='ocrx_word' id='word_1_866' title='bbox 1596 1550 1606 1565; x_wconf 94' lang='lat'>‚</span> <span class='ocrx_word' id='word_1_867' title='bbox 1629 1523 1651 1557; x_wconf 84' lang='lat' dir='ltr'>fi</span> <span class='ocrx_word' id='word_1_868' title='bbox 1675 1525 1854 1559; x_wconf 89' lang='lat' dir='ltr'>attenderes</span> <span class='ocrx_word' id='word_1_869' title='bbox 1879 1549 1888 1565; x_wconf 92' lang='lat'>,</span> <span class='ocrx_word' id='word_1_870' title='bbox 1923 1525 2013 1559; x_wconf 89' lang='lat' dir='ltr'>tenui</span> <span class='ocrx_word' id='word_1_871' title='bbox 2038 1536 2121 1559; x_wconf 79' lang='lat' dir='ltr'>voce</span> 
     </span>
     <span class='ocr_line' id='line_1_113' title="bbox 1112 1568 2127 1612; baseline -0.002 -8"><span class='ocrx_word' id='word_1_872' title='bbox 1112 1578 1367 1604; x_wconf 84' lang='lat' dir='ltr'>murmurantem</span> <span class='ocrx_word' id='word_1_873' title='bbox 1392 1568 1515 1602; x_wconf 84' lang='lat' dir='ltr'>audires</span> <span class='ocrx_word' id='word_1_874' title='bbox 1531 1593 1539 1601; x_wconf 94' lang='lat'>.</span> <span class='ocrx_word' id='word_1_875' title='bbox 1563 1569 1614 1602; x_wconf 89' lang='lat' dir='ltr'>Sic</span> <span class='ocrx_word' id='word_1_876' title='bbox 1638 1568 1734 1601; x_wconf 90' lang='lat' dir='ltr'>nullis</span> <span class='ocrx_word' id='word_1_877' title='bbox 1746 1578 1799 1603; x_wconf 83' lang='lat' dir='ltr'>aut</span> <span class='ocrx_word' id='word_1_878' title='bbox 1824 1569 1958 1610; x_wconf 82' lang='lat' dir='ltr'>primis,</span> <span class='ocrx_word' id='word_1_879' title='bbox 1982 1578 2038 1602; x_wconf 89' lang='lat' dir='ltr'>aut</span> <span class='ocrx_word' id='word_1_880' title='bbox 2059 1580 2127 1612; x_wconf 80' lang='lat' dir='ltr'>po-</span> 
     </span>
     <span class='ocr_line' id='line_1_114' title="bbox 1112 1610 1986 1653; baseline -0.003 -7"><span class='ocrx_word' id='word_1_881' title='bbox 1112 1612 1303 1646; x_wconf 88' lang='lat' dir='ltr'>sterioribus</span> <span class='ocrx_word' id='word_1_882' title='bbox 1326 1610 1574 1653; x_wconf 85' lang='lat' dir='ltr'>proficientibus</span> <span class='ocrx_word' id='word_1_883' title='bbox 1597 1610 1751 1650; x_wconf 86' lang='lat' dir='ltr'>auxiliis,</span> <span class='ocrx_word' id='word_1_884' title='bbox 1775 1620 1903 1645; x_wconf 85' lang='lat' dir='ltr'>mortua</span> <span class='ocrx_word' id='word_1_885' title='bbox 1926 1612 1986 1644; x_wconf 79' lang='lat' dir='ltr'>est.</span> 
     </span>
     <span class='ocr_line' id='line_1_115' title="bbox 1113 1654 2121 1699; baseline 0.002 -11"><span class='ocrx_word' id='word_1_886' title='bbox 1113 1655 1366 1689; x_wconf 85' lang='lat' dir='ltr'>CALVARIA</span> <span class='ocrx_word' id='word_1_887' title='bbox 1391 1666 1456 1689; x_wconf 90' lang='lat' dir='ltr'>non</span> <span class='ocrx_word' id='word_1_888' title='bbox 1481 1655 1580 1688; x_wconf 90' lang='lat' dir='ltr'>rnodo</span> <span class='ocrx_word' id='word_1_889' title='bbox 1604 1655 1720 1688; x_wconf 86' lang='lat' dir='ltr'>rimam</span> <span class='ocrx_word' id='word_1_890' title='bbox 1733 1655 1854 1688; x_wconf 88' lang='lat' dir='ltr'>nullam</span> <span class='ocrx_word' id='word_1_891' title='bbox 1869 1675 1878 1691; x_wconf 87' lang='lat'><em>‚</em></span> <span class='ocrx_word' id='word_1_892' title='bbox 1904 1654 1954 1688; x_wconf 88' lang='lat' dir='ltr'>sed</span> <span class='ocrx_word' id='word_1_893' title='bbox 1976 1657 2033 1689; x_wconf 88' lang='lat' dir='ltr'>vix</span> <span class='ocrx_word' id='word_1_894' title='bbox 2055 1667 2121 1699; x_wconf 75' lang='lat' dir='ltr'>qua</span> 
     </span>
     <span class='ocr_line' id='line_1_116' title="bbox 1113 1696 2121 1740; baseline 0.002 -9"><span class='ocrx_word' id='word_1_895' title='bbox 1113 1698 1177 1740; x_wconf 60' lang='lat' dir='ltr'>ida</span> <span class='ocrx_word' id='word_1_896' title='bbox 1200 1696 1326 1739; x_wconf 88' lang='lat' dir='ltr'>fuerat,</span> <span class='ocrx_word' id='word_1_897' title='bbox 1350 1697 1503 1733; x_wconf 85' lang='lat' dir='ltr'>nonnihil</span> <span class='ocrx_word' id='word_1_898' title='bbox 1526 1707 1689 1733; x_wconf 88' lang='lat' dir='ltr'>mutatum</span> <span class='ocrx_word' id='word_1_899' title='bbox 1719 1698 1864 1732; x_wconf 87' lang='lat' dir='ltr'>colorem</span> <span class='ocrx_word' id='word_1_900' title='bbox 1894 1698 2052 1733; x_wconf 82' lang='lat' dir='ltr'>ostendit.</span> <span class='ocrx_word' id='word_1_901' title='bbox 2076 1700 2121 1733; x_wconf 78' lang='lat' dir='ltr'>Ei</span> 
     </span>
     <span class='ocr_line' id='line_1_117' title="bbox 1115 1742 2121 1786; baseline -0.001 -7"><span class='ocrx_word' id='word_1_902' title='bbox 1115 1744 1282 1779; x_wconf 80' lang='lat' dir='ltr'>dumtaxat</span> <span class='ocrx_word' id='word_1_903' title='bbox 1304 1742 1380 1779; x_wconf 82' lang='lat' dir='ltr'>loco</span> <span class='ocrx_word' id='word_1_904' title='bbox 1404 1754 1515 1781; x_wconf 73' lang='lat' dir='ltr'>mutus</span> <span class='ocrx_word' id='word_1_905' title='bbox 1539 1742 1666 1778; x_wconf 86' lang='lat' dir='ltr'>suberat</span> <span class='ocrx_word' id='word_1_906' title='bbox 1689 1742 1899 1786; x_wconf 84' lang='lat' dir='ltr'>purulentus,</span> <span class='ocrx_word' id='word_1_907' title='bbox 1923 1752 1959 1775; x_wconf 89' lang='lat' dir='ltr'>ut</span> <span class='ocrx_word' id='word_1_908' title='bbox 1981 1744 2014 1776; x_wconf 88' lang='lat' dir='ltr'>in</span> <span class='ocrx_word' id='word_1_909' title='bbox 2039 1743 2121 1779; x_wconf 79' lang='lat' dir='ltr'>Sene</span> 
     </span>
     <span class='ocr_line' id='line_1_118' title="bbox 1114 1785 2118 1832; baseline -0.001 -10"><span class='ocrx_word' id='word_1_910' title='bbox 1114 1788 1278 1827; x_wconf 85' lang='lat' dir='ltr'>diximus,</span> <span class='ocrx_word' id='word_1_911' title='bbox 1304 1797 1359 1824; x_wconf 90' lang='lat' dir='ltr'>aut</span> <span class='ocrx_word' id='word_1_912' title='bbox 1382 1789 1480 1832; x_wconf 87' lang='lat' dir='ltr'>paulo</span> <span class='ocrx_word' id='word_1_913' title='bbox 1502 1790 1591 1831; x_wconf 87' lang='lat' dir='ltr'>plus.</span> <span class='ocrx_word' id='word_1_914' title='bbox 1616 1786 1771 1822; x_wconf 87' lang='lat' dir='ltr'>Praeterea</span> <span class='ocrx_word' id='word_1_915' title='bbox 1807 1797 1848 1819; x_wconf 83' lang='lat' dir='ltr'>ex</span> <span class='ocrx_word' id='word_1_916' title='bbox 1870 1785 2026 1820; x_wconf 82' lang='lat' dir='ltr'>interiore</span> <span class='ocrx_word' id='word_1_917' title='bbox 2048 1798 2118 1821; x_wconf 84' lang='lat' dir='ltr'>cra-</span> 
     </span>
     <span class='ocr_line' id='line_1_119' title="bbox 1114 1830 2119 1876; baseline 0 -12"><span class='ocrx_word' id='word_1_918' title='bbox 1114 1832 1164 1864; x_wconf 91' lang='lat' dir='ltr'>nii</span> <span class='ocrx_word' id='word_1_919' title='bbox 1187 1831 1269 1865; x_wconf 83' lang='lat' dir='ltr'>facie</span> <span class='ocrx_word' id='word_1_920' title='bbox 1290 1844 1354 1875; x_wconf 88' lang='lat' dir='ltr'>qua</span> <span class='ocrx_word' id='word_1_921' title='bbox 1377 1832 1435 1876; x_wconf 82' lang='lat' dir='ltr'>ipsi</span> <span class='ocrx_word' id='word_1_922' title='bbox 1448 1832 1641 1867; x_wconf 86' lang='lat' dir='ltr'>imminebat</span> <span class='ocrx_word' id='word_1_923' title='bbox 1665 1830 1756 1866; x_wconf 81' lang='lat' dir='ltr'>Sinni</span> <span class='ocrx_word' id='word_1_924' title='bbox 1783 1830 1903 1869; x_wconf 77' lang='lat' dir='ltr'>Paleis,</span> <span class='ocrx_word' id='word_1_925' title='bbox 1929 1831 2119 1873; x_wconf 89' lang='lat' dir='ltr'>prominen-</span> 
     </span>
     <span class='ocr_line' id='line_1_120' title="bbox 1114 1873 2117 1922; baseline 0.001 -15"><span class='ocrx_word' id='word_1_926' title='bbox 1114 1876 1159 1922; x_wconf 80' lang='lat' dir='ltr'>tia</span> <span class='ocrx_word' id='word_1_927' title='bbox 1182 1873 1264 1909; x_wconf 79' lang='lat' dir='ltr'>ossea</span> <span class='ocrx_word' id='word_1_928' title='bbox 1287 1875 1433 1910; x_wconf 85' lang='lat' dir='ltr'>exstabat</span> <span class='ocrx_word' id='word_1_929' title='bbox 1456 1876 1537 1910; x_wconf 81' lang='lat' dir='ltr'>levis</span> <span class='ocrx_word' id='word_1_930' title='bbox 1557 1877 1613 1911; x_wconf 87' lang='lat' dir='ltr'>illa</span> <span class='ocrx_word' id='word_1_931' title='bbox 1637 1875 1793 1918; x_wconf 83' lang='lat' dir='ltr'>quidem,</span> <span class='ocrx_word' id='word_1_932' title='bbox 1832 1875 1864 1909; x_wconf 87' lang='lat'>&amp;</span> <span class='ocrx_word' id='word_1_933' title='bbox 1888 1875 1995 1909; x_wconf 84' lang='lat' dir='ltr'>brevis</span> <span class='ocrx_word' id='word_1_934' title='bbox 2018 1899 2027 1915; x_wconf 86' lang='lat'>‚</span> <span class='ocrx_word' id='word_1_935' title='bbox 2064 1874 2117 1908; x_wconf 82' lang='lat' dir='ltr'>sed</span> 
     </span>
     <span class='ocr_line' id='line_1_121' title="bbox 1114 1917 2117 1963; baseline -0.001 -11"><span class='ocrx_word' id='word_1_936' title='bbox 1114 1917 1292 1960; x_wconf 77' lang='lat' dir='ltr'>ejusmodi,</span> <span class='ocrx_word' id='word_1_937' title='bbox 1318 1929 1353 1953; x_wconf 91' lang='lat' dir='ltr'>ut</span> <span class='ocrx_word' id='word_1_938' title='bbox 1377 1919 1399 1953; x_wconf 88' lang='lat' dir='ltr'>fi</span> <span class='ocrx_word' id='word_1_939' title='bbox 1423 1919 1644 1963; x_wconf 73' lang='lat' dir='ltr'>digitum&#39;per</span> <span class='ocrx_word' id='word_1_940' title='bbox 1654 1920 1757 1963; x_wconf 82' lang='lat' dir='ltr'>ipsam</span> <span class='ocrx_word' id='word_1_941' title='bbox 1780 1918 2038 1962; x_wconf 83' lang='lat' dir='ltr'>aposterioribus</span> <span class='ocrx_word' id='word_1_942' title='bbox 2063 1929 2117 1951; x_wconf 93' lang='lat' dir='ltr'>an-</span> 
     </span>
     <span class='ocr_line' id='line_1_122' title="bbox 1111 1960 2121 2007; baseline 0.003 -12"><span class='ocrx_word' id='word_1_943' title='bbox 1111 1960 1253 1999; x_wconf 86' lang='lat' dir='ltr'>trorsum</span> <span class='ocrx_word' id='word_1_944' title='bbox 1274 1961 1423 2001; x_wconf 76' lang='lat' dir='ltr'>duceres3</span> <span class='ocrx_word' id='word_1_945' title='bbox 1448 1972 1648 2007; x_wconf 64' lang='lat' dir='ltr'>,pungeretur</span> <span class='ocrx_word' id='word_1_946' title='bbox 1672 1987 1680 1993; x_wconf 89' lang='lat'>-</span> <span class='ocrx_word' id='word_1_947' title='bbox 1716 1964 1844 1998; x_wconf 90' lang='lat' dir='ltr'>Verum</span> <span class='ocrx_word' id='word_1_948' title='bbox 1865 1963 1933 1999; x_wconf 82' lang='lat' dir='ltr'>haec</span> <span class='ocrx_word' id='word_1_949' title='bbox 1957 1963 1995 1999; x_wconf 87' lang='lat' dir='ltr'>ad</span> <span class='ocrx_word' id='word_1_950' title='bbox 2018 1962 2121 2007; x_wconf 60' lang='lat' dir='ltr'>epile2</span> 
     </span>
     <span class='ocr_line' id='line_1_123' title="bbox 1113 2003 2001 2051; baseline 0.007 -13"><span class='ocrx_word' id='word_1_951' title='bbox 1113 2003 1211 2049; x_wconf 87' lang='lat' dir='ltr'>pfiam</span> <span class='ocrx_word' id='word_1_952' title='bbox 1234 2005 1384 2044; x_wconf 81' lang='lat' dir='ltr'>fortaffe3</span> <span class='ocrx_word' id='word_1_953' title='bbox 1408 2007 1448 2042; x_wconf 89' lang='lat' dir='ltr'>ad</span> <span class='ocrx_word' id='word_1_954' title='bbox 1473 2009 1575 2042; x_wconf 68' lang='lat' dir='ltr'>ic&#39;tum</span> <span class='ocrx_word' id='word_1_955' title='bbox 1598 2016 1683 2041; x_wconf 89' lang='lat' dir='ltr'>certe</span> <span class='ocrx_word' id='word_1_956' title='bbox 1706 2018 1771 2041; x_wconf 90' lang='lat' dir='ltr'>non</span> <span class='ocrx_word' id='word_1_957' title='bbox 1795 2009 2001 2051; x_wconf 80' lang='lat' dir='ltr'>pertinebat.-</span> 
     </span>
    </p>

    <p class='ocr_par' dir='ltr' id='par_1_10' title="bbox 1097 2049 2118 3655">
     <span class='ocr_line' id='line_1_124' title="bbox 1143 2049 2111 2096; baseline 0.007 -16"><span class='ocrx_word' id='word_1_958' title='bbox 1143 2059 1207 2087; x_wconf 27' lang='lat'>¹12.</span> <span class='ocrx_word' id='word_1_959' title='bbox 1244 2049 1298 2084; x_wconf 88' lang='lat' dir='ltr'>Ad</span> <span class='ocrx_word' id='word_1_960' title='bbox 1320 2049 1458 2085; x_wconf 83' lang='lat' dir='ltr'>eundem</span> <span class='ocrx_word' id='word_1_961' title='bbox 1482 2049 1547 2085; x_wconf 86' lang='lat' dir='ltr'>fere</span> <span class='ocrx_word' id='word_1_962' title='bbox 1580 2050 1713 2084; x_wconf 90' lang='lat' dir='ltr'>modum</span> <span class='ocrx_word' id='word_1_963' title='bbox 1749 2052 1861 2087; x_wconf 83' lang='lat' dir='ltr'>eodem</span> <span class='ocrx_word' id='word_1_964' title='bbox 1894 2064 1978 2087; x_wconf 89' lang='lat' dir='ltr'>anno</span> <span class='ocrx_word' id='word_1_965' title='bbox 2019 2062 2111 2096; x_wconf 57' lang='lat'>1729⁶</span> 
     </span>
     <span class='ocr_line' id='line_1_125' title="bbox 1116 2092 2117 2140; baseline 0.005 -13"><span class='ocrx_word' id='word_1_966' title='bbox 1116 2093 1211 2133; x_wconf 87' lang='lat' dir='ltr'>aliis,</span> <span class='ocrx_word' id='word_1_967' title='bbox 1235 2102 1271 2125; x_wconf 91' lang='lat' dir='ltr'>ut</span> <span class='ocrx_word' id='word_1_968' title='bbox 1294 2094 1389 2135; x_wconf 86' lang='lat' dir='ltr'>Seni,</span> <span class='ocrx_word' id='word_1_969' title='bbox 1422 2095 1513 2133; x_wconf 89' lang='lat' dir='ltr'>aliis,</span> <span class='ocrx_word' id='word_1_970' title='bbox 1540 2103 1576 2128; x_wconf 91' lang='lat' dir='ltr'>ut</span> <span class='ocrx_word' id='word_1_971' title='bbox 1601 2094 1762 2135; x_wconf 83' lang='lat' dir='ltr'>Mulieri,</span> <span class='ocrx_word' id='word_1_972' title='bbox 1785 2107 1824 2129; x_wconf 90' lang='lat' dir='ltr'>ex</span> <span class='ocrx_word' id='word_1_973' title='bbox 1856 2099 1973 2140; x_wconf 87' lang='lat' dir='ltr'>capitis</span> <span class='ocrx_word' id='word_1_974' title='bbox 1996 2092 2117 2133; x_wconf 74' lang='lat' dir='ltr'>iffibus</span> 
     </span>
     <span class='ocr_line' id='line_1_126' title="bbox 1114 2136 2117 2187; baseline 0.007 -16"><span class='ocrx_word' id='word_1_975' title='bbox 1114 2147 1181 2171; x_wconf 89' lang='lat' dir='ltr'>rem</span> <span class='ocrx_word' id='word_1_976' title='bbox 1196 2136 1342 2171; x_wconf 88' lang='lat' dir='ltr'>accidisse</span> <span class='ocrx_word' id='word_1_977' title='bbox 1353 2159 1364 2175; x_wconf 92' lang='lat'>,</span> <span class='ocrx_word' id='word_1_978' title='bbox 1387 2138 1536 2171; x_wconf 85' lang='lat' dir='ltr'>narrabat</span> <span class='ocrx_word' id='word_1_979' title='bbox 1548 2137 1711 2171; x_wconf 83' lang='lat' dir='ltr'>Mediavia</span> <span class='ocrx_word' id='word_1_980' title='bbox 1723 2161 1736 2178; x_wconf 89' lang='lat'>‚</span> <span class='ocrx_word' id='word_1_981' title='bbox 1758 2140 2092 2187; x_wconf 82' lang='lat' dir='ltr'>animadverteratque</span> <span class='ocrx_word' id='word_1_982' title='bbox 2105 2164 2117 2181; x_wconf 62' lang='grc' dir='ltr'><strong><em>ς</em></strong></span> 
     </span>
     <span class='ocr_line' id='line_1_127' title="bbox 1109 2179 2118 2230; baseline 0.009 -18"><span class='ocrx_word' id='word_1_983' title='bbox 1109 2179 1188 2214; x_wconf 86' lang='lat' dir='ltr'>ficui</span> <span class='ocrx_word' id='word_1_984' title='bbox 1211 2181 1323 2221; x_wconf 86' lang='lat' dir='ltr'>gravia</span> <span class='ocrx_word' id='word_1_985' title='bbox 1338 2202 1349 2218; x_wconf 92' lang='lat'>‚</span> <span class='ocrx_word' id='word_1_986' title='bbox 1372 2192 1443 2224; x_wconf 82' lang='lat' dir='ltr'>quae</span> <span class='ocrx_word' id='word_1_987' title='bbox 1468 2182 1567 2215; x_wconf 90' lang='lat' dir='ltr'>initio</span> <span class='ocrx_word' id='word_1_988' title='bbox 1590 2180 1724 2216; x_wconf 81' lang='lat' dir='ltr'>fuissent</span> <span class='ocrx_word' id='word_1_989' title='bbox 1748 2203 1758 2220; x_wconf 89' lang='lat'>‚</span> <span class='ocrx_word' id='word_1_990' title='bbox 1791 2185 1869 2217; x_wconf 87' lang='lat' dir='ltr'>mali</span> <span class='ocrx_word' id='word_1_991' title='bbox 1892 2184 2017 2221; x_wconf 80' lang='lat' dir='ltr'>indicia</span> <span class='ocrx_word' id='word_1_992' title='bbox 2039 2199 2118 2230; x_wconf 89' lang='lat' dir='ltr'>pro-</span> 
     </span>
     <span class='ocr_line' id='line_1_128' title="bbox 1110 2223 2117 2267; baseline 0.01 -11"><span class='ocrx_word' id='word_1_993' title='bbox 1110 2223 1284 2267; x_wconf 88' lang='lat' dir='ltr'>pemodum</span> <span class='ocrx_word' id='word_1_994' title='bbox 1307 2224 1576 2264; x_wconf 81' lang='lat' dir='ltr'>obliterarentur‚</span> <span class='ocrx_word' id='word_1_995' title='bbox 1598 2224 1712 2259; x_wconf 88' lang='lat' dir='ltr'>deinde</span> <span class='ocrx_word' id='word_1_996' title='bbox 1735 2236 1844 2262; x_wconf 87' lang='lat' dir='ltr'>autem</span> <span class='ocrx_word' id='word_1_997' title='bbox 1868 2229 1966 2265; x_wconf 85' lang='lat' dir='ltr'>febris</span> <span class='ocrx_word' id='word_1_998' title='bbox 1990 2243 2028 2264; x_wconf 86' lang='lat' dir='ltr'>ex</span> <span class='ocrx_word' id='word_1_999' title='bbox 2051 2231 2117 2266; x_wconf 87' lang='lat' dir='ltr'>levi</span> 
     </span>
     <span class='ocr_line' id='line_1_129' title="bbox 1110 2267 2116 2315; baseline 0.01 -16"><span class='ocrx_word' id='word_1_1000' title='bbox 1110 2267 1243 2309; x_wconf 79' lang='lat' dir='ltr'>gravior</span> <span class='ocrx_word' id='word_1_1001' title='bbox 1261 2278 1390 2309; x_wconf 90' lang='lat' dir='ltr'>repente</span> <span class='ocrx_word' id='word_1_1002' title='bbox 1413 2268 1502 2302; x_wconf 85' lang='lat' dir='ltr'>fieret</span> <span class='ocrx_word' id='word_1_1003' title='bbox 1515 2293 1525 2313; x_wconf 82' lang='lat'>,</span> <span class='ocrx_word' id='word_1_1004' title='bbox 1548 2279 1622 2303; x_wconf 89' lang='lat' dir='ltr'>cum</span> <span class='ocrx_word' id='word_1_1005' title='bbox 1637 2267 1761 2311; x_wconf 79' lang='lat' dir='ltr'>frigore</span> <span class='ocrx_word' id='word_1_1006' title='bbox 1783 2274 1956 2315; x_wconf 86' lang='lat' dir='ltr'>ingruens,</span> <span class='ocrx_word' id='word_1_1007' title='bbox 1980 2275 2012 2307; x_wconf 87' lang='lat'>&amp;</span> <span class='ocrx_word' id='word_1_1008' title='bbox 2028 2285 2116 2309; x_wconf 91' lang='lat' dir='ltr'>men-</span> 
     </span>
     <span class='ocr_line' id='line_1_130' title="bbox 1105 2310 2114 2356; baseline 0.006 -13"><span class='ocrx_word' id='word_1_1009' title='bbox 1105 2312 1148 2344; x_wconf 90' lang='lat' dir='ltr'>tis</span> <span class='ocrx_word' id='word_1_1010' title='bbox 1170 2310 1437 2353; x_wconf 85' lang='lat' dir='ltr'>perturbatione,</span> <span class='ocrx_word' id='word_1_1011' title='bbox 1462 2312 1483 2345; x_wconf 86' lang='lat' dir='ltr'>fi</span> <span class='ocrx_word' id='word_1_1012' title='bbox 1508 2324 1542 2346; x_wconf 88' lang='lat' dir='ltr'>ea</span> <span class='ocrx_word' id='word_1_1013' title='bbox 1565 2311 1696 2355; x_wconf 88' lang='lat' dir='ltr'>quidem</span> <span class='ocrx_word' id='word_1_1014' title='bbox 1719 2315 1883 2356; x_wconf 80' lang='lat' dir='ltr'>ingrueret</span> <span class='ocrx_word' id='word_1_1015' title='bbox 1905 2317 1956 2351; x_wconf 91' lang='lat' dir='ltr'>die</span> <span class='ocrx_word' id='word_1_1016' title='bbox 1981 2319 2114 2353; x_wconf 79' lang='lat' dir='ltr'>undeci-</span> 
     </span>
     <span class='ocr_line' id='line_1_131' title="bbox 1104 2354 2113 2399; baseline 0.011 -14"><span class='ocrx_word' id='word_1_1017' title='bbox 1104 2365 1178 2392; x_wconf 79' lang='lat' dir='ltr'>mo3</span> <span class='ocrx_word' id='word_1_1018' title='bbox 1204 2364 1342 2388; x_wconf 79' lang='lat' dir='ltr'>mortem</span> <span class='ocrx_word' id='word_1_1019' title='bbox 1366 2354 1524 2390; x_wconf 85' lang='lat' dir='ltr'>advenisse</span> <span class='ocrx_word' id='word_1_1020' title='bbox 1546 2354 1675 2391; x_wconf 82' lang='lat' dir='ltr'>decimo</span> <span class='ocrx_word' id='word_1_1021' title='bbox 1696 2368 1833 2399; x_wconf 85' lang='lat' dir='ltr'>quarto:</span> <span class='ocrx_word' id='word_1_1022' title='bbox 1859 2359 1880 2393; x_wconf 90' lang='lat' dir='ltr'>fi</span> <span class='ocrx_word' id='word_1_1023' title='bbox 1906 2361 1961 2394; x_wconf 90' lang='lat' dir='ltr'>illa</span> <span class='ocrx_word' id='word_1_1024' title='bbox 1984 2360 2113 2397; x_wconf 84' lang='lat' dir='ltr'>decimo</span> 
     </span>
     <span class='ocr_line' id='line_1_132' title="bbox 1103 2398 2117 2447; baseline 0.001 -17"><span class='ocrx_word' id='word_1_1025' title='bbox 1103 2407 1244 2440; x_wconf 80' lang='lat' dir='ltr'>quart05</span> <span class='ocrx_word' id='word_1_1026' title='bbox 1269 2399 1350 2432; x_wconf 87' lang='lat' dir='ltr'>hanc</span> <span class='ocrx_word' id='word_1_1027' title='bbox 1374 2398 1501 2433; x_wconf 90' lang='lat' dir='ltr'>decimo</span> <span class='ocrx_word' id='word_1_1028' title='bbox 1526 2399 1682 2441; x_wconf 88' lang='lat' dir='ltr'>septimo.</span> <span class='ocrx_word' id='word_1_1029' title='bbox 1816 2403 1900 2439; x_wconf 77' lang='lat' dir='ltr'>Quae</span> <span class='ocrx_word' id='word_1_1030' title='bbox 1923 2405 2117 2447; x_wconf 53' lang='lat' dir='ltr'>dumleffis,</span> 
     </span>
     <span class='ocr_line' id='line_1_133' title="bbox 1105 2442 2113 2490; baseline 0.009 -16"><span class='ocrx_word' id='word_1_1031' title='bbox 1105 2442 1275 2483; x_wconf 88' lang='lat' dir='ltr'>multoque</span> <span class='ocrx_word' id='word_1_1032' title='bbox 1298 2443 1396 2476; x_wconf 88' lang='lat' dir='ltr'>etiam</span> <span class='ocrx_word' id='word_1_1033' title='bbox 1423 2444 1525 2485; x_wconf 87' lang='lat' dir='ltr'>magis</span> <span class='ocrx_word' id='word_1_1034' title='bbox 1551 2454 1625 2477; x_wconf 89' lang='lat' dir='ltr'>cum</span> <span class='ocrx_word' id='word_1_1035' title='bbox 1648 2443 1806 2478; x_wconf 78' lang='lat' dir='ltr'>Valsalvae</span> <span class='ocrx_word' id='word_1_1036' title='bbox 1832 2456 1882 2479; x_wconf 93' lang='lat' dir='ltr'>tot</span> <span class='ocrx_word' id='word_1_1037' title='bbox 1906 2449 2025 2490; x_wconf 84' lang='lat' dir='ltr'>legeres</span> <span class='ocrx_word' id='word_1_1038' title='bbox 2037 2443 2113 2484; x_wconf 84' lang='lat' dir='ltr'>Ob-</span> 
     </span>
     <span class='ocr_line' id='line_1_134' title="bbox 1105 2484 2113 2532; baseline 0.009 -14"><span class='ocrx_word' id='word_1_1039' title='bbox 1105 2484 1301 2523; x_wconf 85' lang='lat' dir='ltr'>servationes</span> <span class='ocrx_word' id='word_1_1040' title='bbox 1323 2490 1334 2526; x_wconf 93' lang='lat'>(</span> <span class='ocrx_word' id='word_1_1041' title='bbox 1358 2497 1389 2520; x_wconf 92' lang='lat' dir='ltr'>m</span> <span class='ocrx_word' id='word_1_1042' title='bbox 1411 2489 1450 2525; x_wconf 83' lang='lat'>&gt;3</span> <span class='ocrx_word' id='word_1_1043' title='bbox 1471 2498 1537 2521; x_wconf 92' lang='lat' dir='ltr'>non</span> <span class='ocrx_word' id='word_1_1044' title='bbox 1558 2486 1697 2525; x_wconf 88' lang='lat' dir='ltr'>dubito,</span> <span class='ocrx_word' id='word_1_1045' title='bbox 1723 2489 1803 2529; x_wconf 91' lang='lat' dir='ltr'>quin</span> <span class='ocrx_word' id='word_1_1046' title='bbox 1828 2489 1940 2532; x_wconf 84' lang='lat' dir='ltr'>saepius</span> <span class='ocrx_word' id='word_1_1047' title='bbox 1965 2492 2113 2531; x_wconf 80' lang='lat' dir='ltr'>mireris,</span> 
     </span>
     <span class='ocr_line' id='line_1_135' title="bbox 1107 2527 2110 2571; baseline 0.008 -9"><span class='ocrx_word' id='word_1_1048' title='bbox 1107 2527 1307 2571; x_wconf 82' lang='lat' dir='ltr'>miratusque</span> <span class='ocrx_word' id='word_1_1049' title='bbox 1331 2530 1392 2569; x_wconf 81' lang='lat' dir='ltr'>sis,</span> <span class='ocrx_word' id='word_1_1050' title='bbox 1414 2529 1537 2564; x_wconf 86' lang='lat' dir='ltr'>nullam</span> <span class='ocrx_word' id='word_1_1051' title='bbox 1548 2530 1703 2569; x_wconf 86' lang='lat' dir='ltr'>terebrati</span> <span class='ocrx_word' id='word_1_1052' title='bbox 1726 2532 1830 2565; x_wconf 89' lang='lat' dir='ltr'>cranii</span> <span class='ocrx_word' id='word_1_1053' title='bbox 1855 2534 2054 2570; x_wconf 87' lang='lat' dir='ltr'>mentionem</span> <span class='ocrx_word' id='word_1_1054' title='bbox 2065 2537 2110 2570; x_wconf 87' lang='lat' dir='ltr'>es-</span> 
     </span>
     <span class='ocr_line' id='line_1_136' title="bbox 1111 2570 2113 2620; baseline 0.008 -15"><span class='ocrx_word' id='word_1_1055' title='bbox 1111 2571 1142 2605; x_wconf 83' lang='lat' dir='ltr'>se</span> <span class='ocrx_word' id='word_1_1056' title='bbox 1165 2570 1281 2605; x_wconf 74' lang='lat' dir='ltr'>factam</span> <span class='ocrx_word' id='word_1_1057' title='bbox 1294 2594 1312 2609; x_wconf 82' lang='lat'>,-</span> <span class='ocrx_word' id='word_1_1058' title='bbox 1325 2574 1359 2605; x_wconf 92' lang='lat' dir='ltr'>in</span> <span class='ocrx_word' id='word_1_1059' title='bbox 1384 2573 1423 2606; x_wconf 87' lang='lat' dir='ltr'>iis</span> <span class='ocrx_word' id='word_1_1060' title='bbox 1445 2574 1618 2616; x_wconf 85' lang='lat' dir='ltr'>praesertim</span> <span class='ocrx_word' id='word_1_1061' title='bbox 1640 2574 1844 2611; x_wconf 86' lang='lat' dir='ltr'>Civitatibus</span> <span class='ocrx_word' id='word_1_1062' title='bbox 1868 2578 1903 2610; x_wconf 87' lang='lat' dir='ltr'>in</span> <span class='ocrx_word' id='word_1_1063' title='bbox 1914 2579 2030 2620; x_wconf 89' lang='lat' dir='ltr'>quibus</span> <span class='ocrx_word' id='word_1_1064' title='bbox 2045 2581 2113 2613; x_wconf 87' lang='lat' dir='ltr'>exi-</span> 
     </span>
     <span class='ocr_line' id='line_1_137' title="bbox 1110 2613 2110 2664; baseline 0.008 -16"><span class='ocrx_word' id='word_1_1065' title='bbox 1110 2615 1170 2648; x_wconf 89' lang='lat' dir='ltr'>mii</span> <span class='ocrx_word' id='word_1_1066' title='bbox 1193 2617 1239 2648; x_wconf 90' lang='lat' dir='ltr'>rei</span> <span class='ocrx_word' id='word_1_1067' title='bbox 1262 2614 1465 2658; x_wconf 84' lang='lat' dir='ltr'>Chirurgicae</span> <span class='ocrx_word' id='word_1_1068' title='bbox 1478 2618 1636 2651; x_wconf 62' lang='lat' dir='ltr'>Dotffmres</span> <span class='ocrx_word' id='word_1_1069' title='bbox 1647 2613 1830 2653; x_wconf 79' lang='lat' dir='ltr'>floruiffent</span> <span class='ocrx_word' id='word_1_1070' title='bbox 1850 2622 1907 2663; x_wconf 89' lang='lat' dir='ltr'>qui</span> <span class='ocrx_word' id='word_1_1071' title='bbox 1922 2623 2025 2664; x_wconf 85' lang='lat' dir='ltr'>capite</span> <span class='ocrx_word' id='word_1_1072' title='bbox 2040 2623 2110 2656; x_wconf 84' lang='lat' dir='ltr'>sau-</span> 
     </span>
     <span class='ocr_line' id='line_1_138' title="bbox 1108 2659 2107 2707; baseline 0.008 -15"><span class='ocrx_word' id='word_1_1073' title='bbox 1108 2659 1204 2694; x_wconf 90' lang='lat' dir='ltr'>ciatis</span> <span class='ocrx_word' id='word_1_1074' title='bbox 1228 2670 1266 2692; x_wconf 89' lang='lat' dir='ltr'>eo</span> <span class='ocrx_word' id='word_1_1075' title='bbox 1289 2660 1401 2693; x_wconf 87' lang='lat' dir='ltr'>auxilii</span> <span class='ocrx_word' id='word_1_1076' title='bbox 1426 2671 1539 2702; x_wconf 84' lang='lat' dir='ltr'>genere</span> <span class='ocrx_word' id='word_1_1077' title='bbox 1562 2669 1631 2693; x_wconf 88' lang='lat' dir='ltr'>tam</span> <span class='ocrx_word' id='word_1_1078' title='bbox 1654 2671 1807 2703; x_wconf 87' lang='lat' dir='ltr'>prompte</span> <span class='ocrx_word' id='word_1_1079' title='bbox 1829 2665 1931 2702; x_wconf 88' lang='lat' dir='ltr'>olim,</span> <span class='ocrx_word' id='word_1_1080' title='bbox 1956 2666 2043 2707; x_wconf 82' lang='lat' dir='ltr'>quod</span> <span class='ocrx_word' id='word_1_1081' title='bbox 2058 2667 2107 2700; x_wconf 87' lang='lat' dir='ltr'>vel</span> 
     </span>
     <span class='ocr_line' id='line_1_139' title="bbox 1106 2704 2109 2747; baseline 0.008 -12"><span class='ocrx_word' id='word_1_1082' title='bbox 1106 2713 1146 2735; x_wconf 87' lang='lat' dir='ltr'>ex</span> <span class='ocrx_word' id='word_1_1083' title='bbox 1168 2713 1282 2737; x_wconf 88' lang='lat' dir='ltr'>eorum</span> <span class='ocrx_word' id='word_1_1084' title='bbox 1305 2704 1441 2745; x_wconf 85' lang='lat' dir='ltr'>Scriptis</span> <span class='ocrx_word' id='word_1_1085' title='bbox 1465 2704 1714 2747; x_wconf 83' lang='lat' dir='ltr'>cognoscimus,</span> <span class='ocrx_word' id='word_1_1086' title='bbox 1736 2716 1832 2746; x_wconf 87' lang='lat' dir='ltr'>opem</span> <span class='ocrx_word' id='word_1_1087' title='bbox 1856 2707 1938 2741; x_wconf 85' lang='lat' dir='ltr'>ferre</span> <span class='ocrx_word' id='word_1_1088' title='bbox 1961 2708 2109 2743; x_wconf 79' lang='lat' dir='ltr'>consues-</span> 
     </span>
     <span class='ocr_line' id='line_1_140' title="bbox 1106 2744 2106 2791; baseline 0.008 -13"><span class='ocrx_word' id='word_1_1089' title='bbox 1106 2744 1194 2779; x_wconf 89' lang='lat' dir='ltr'>sent.</span> <span class='ocrx_word' id='word_1_1090' title='bbox 1222 2745 1342 2780; x_wconf 87' lang='lat' dir='ltr'>Mirari</span> <span class='ocrx_word' id='word_1_1091' title='bbox 1366 2755 1472 2781; x_wconf 88' lang='lat' dir='ltr'>tamen</span> <span class='ocrx_word' id='word_1_1092' title='bbox 1495 2746 1634 2785; x_wconf 80' lang='lat' dir='ltr'>defines,</span> <span class='ocrx_word' id='word_1_1093' title='bbox 1657 2747 1714 2781; x_wconf 89' lang='lat' dir='ltr'>ubi</span> <span class='ocrx_word' id='word_1_1094' title='bbox 1741 2749 1837 2781; x_wconf 83' lang='lat' dir='ltr'>aliam</span> <span class='ocrx_word' id='word_1_1095' title='bbox 1849 2750 1919 2783; x_wconf 87' lang='lat' dir='ltr'>aliis</span> <span class='ocrx_word' id='word_1_1096' title='bbox 1933 2752 2106 2791; x_wconf 79' lang='lat' dir='ltr'>aetatibus,</span> 
     </span>
     <span class='ocr_line' id='line_1_141' title="bbox 1105 2790 2110 2835; baseline 0.007 -13"><span class='ocrx_word' id='word_1_1097' title='bbox 1105 2797 1170 2823; x_wconf 86' lang='lat' dir='ltr'>non</span> <span class='ocrx_word' id='word_1_1098' title='bbox 1195 2791 1294 2823; x_wconf 91' lang='lat' dir='ltr'>modo</span> <span class='ocrx_word' id='word_1_1099' title='bbox 1316 2791 1399 2831; x_wconf 82' lang='lat' dir='ltr'>apud</span> <span class='ocrx_word' id='word_1_1100' title='bbox 1422 2791 1522 2829; x_wconf 86' lang='lat' dir='ltr'>alias,</span> <span class='ocrx_word' id='word_1_1101' title='bbox 1545 2790 1594 2824; x_wconf 87' lang='lat' dir='ltr'>sed</span> <span class='ocrx_word' id='word_1_1102' title='bbox 1617 2792 1649 2823; x_wconf 63' lang='grc' dir='ltr'>δέ</span> <span class='ocrx_word' id='word_1_1103' title='bbox 1672 2790 1754 2832; x_wconf 90' lang='lat' dir='ltr'>apud</span> <span class='ocrx_word' id='word_1_1104' title='bbox 1768 2792 1908 2833; x_wconf 86' lang='lat' dir='ltr'>ejusdem</span> <span class='ocrx_word' id='word_1_1105' title='bbox 1933 2805 2041 2835; x_wconf 85' lang='lat' dir='ltr'>gentes</span> <span class='ocrx_word' id='word_1_1106' title='bbox 2054 2804 2110 2830; x_wconf 90' lang='lat' dir='ltr'>tot</span> 
     </span>
     <span class='ocr_line' id='line_1_142' title="bbox 1105 2832 2107 2881; baseline 0.007 -15"><span class='ocrx_word' id='word_1_1107' title='bbox 1105 2832 1302 2866; x_wconf 83' lang='lat' dir='ltr'>auxiliorum</span> <span class='ocrx_word' id='word_1_1108' title='bbox 1329 2833 1491 2867; x_wconf 87' lang='lat' dir='ltr'>fortunam</span> <span class='ocrx_word' id='word_1_1109' title='bbox 1508 2834 1722 2876; x_wconf 66' lang='lat' dir='ltr'>spefiaveris‚</span> <span class='ocrx_word' id='word_1_1110' title='bbox 1744 2833 1818 2868; x_wconf 82' lang='lat' dir='ltr'>saevi</span> <span class='ocrx_word' id='word_1_1111' title='bbox 1845 2836 2042 2878; x_wconf 76' lang='lat' dir='ltr'>potiffimum</span> <span class='ocrx_word' id='word_1_1112' title='bbox 2053 2850 2107 2881; x_wconf 88' lang='lat' dir='ltr'>ge-</span> 
     </span>
     <span class='ocr_line' id='line_1_143' title="bbox 1104 2875 2103 2918; baseline 0.006 -9"><span class='ocrx_word' id='word_1_1113' title='bbox 1104 2876 1210 2915; x_wconf 87' lang='lat' dir='ltr'>neris,</span> <span class='ocrx_word' id='word_1_1114' title='bbox 1233 2876 1416 2918; x_wconf 88' lang='lat' dir='ltr'>incertique</span> <span class='ocrx_word' id='word_1_1115' title='bbox 1439 2875 1531 2911; x_wconf 77' lang='lat' dir='ltr'>simul</span> <span class='ocrx_word' id='word_1_1116' title='bbox 1553 2886 1684 2910; x_wconf 77' lang='lat' dir='ltr'>eventus</span> <span class='ocrx_word' id='word_1_1117' title='bbox 1707 2897 1717 2913; x_wconf 91' lang='lat'>‚</span> <span class='ocrx_word' id='word_1_1118' title='bbox 1754 2887 1790 2911; x_wconf 92' lang='lat' dir='ltr'>ut</span> <span class='ocrx_word' id='word_1_1119' title='bbox 1823 2877 1887 2914; x_wconf 92' lang='lat' dir='ltr'>hoc</span> <span class='ocrx_word' id='word_1_1120' title='bbox 1905 2876 1952 2913; x_wconf 54' lang='lat' dir='ltr'>‘est</span> <span class='ocrx_word' id='word_1_1121' title='bbox 1976 2904 1985 2914; x_wconf 83' lang='lat'>.</span> <span class='ocrx_word' id='word_1_1122' title='bbox 2021 2882 2103 2916; x_wconf 91' lang='lat' dir='ltr'>Non</span> 
     </span>
     <span class='ocr_line' id='line_1_144' title="bbox 1105 2918 2105 2966; baseline 0.006 -14"><span class='ocrx_word' id='word_1_1123' title='bbox 1105 2918 1355 2962; x_wconf 87' lang='lat' dir='ltr'>promptitudo,</span> <span class='ocrx_word' id='word_1_1124' title='bbox 1380 2930 1443 2952; x_wconf 90' lang='lat' dir='ltr'>non</span> <span class='ocrx_word' id='word_1_1125' title='bbox 1468 2921 1663 2959; x_wconf 83' lang='lat' dir='ltr'>dexteritas,</span> <span class='ocrx_word' id='word_1_1126' title='bbox 1686 2929 1750 2951; x_wconf 87' lang='lat' dir='ltr'>non</span> <span class='ocrx_word' id='word_1_1127' title='bbox 1775 2922 1901 2956; x_wconf 80' lang='lat' dir='ltr'>animus</span> <span class='ocrx_word' id='word_1_1128' title='bbox 1930 2923 2105 2966; x_wconf 86' lang='lat' dir='ltr'>Chirurgis</span> 
     </span>
     <span class='ocr_line' id='line_1_145' title="bbox 1103 2961 2107 3009; baseline 0.004 -12"><span class='ocrx_word' id='word_1_1129' title='bbox 1103 2961 1228 2997; x_wconf 87' lang='lat' dir='ltr'>defuit.</span> <span class='ocrx_word' id='word_1_1130' title='bbox 1254 2963 1320 2996; x_wconf 86' lang='lat' dir='ltr'>Hic</span> <span class='ocrx_word' id='word_1_1131' title='bbox 1344 2966 1437 3004; x_wconf 84' lang='lat' dir='ltr'>aegris</span> <span class='ocrx_word' id='word_1_1132' title='bbox 1461 2966 1593 3004; x_wconf 81' lang='lat' dir='ltr'>potius,</span> <span class='ocrx_word' id='word_1_1133' title='bbox 1619 2971 1674 2995; x_wconf 90' lang='lat' dir='ltr'>aut</span> <span class='ocrx_word' id='word_1_1134' title='bbox 1697 2973 1808 2998; x_wconf 89' lang='lat' dir='ltr'>eorum</span> <span class='ocrx_word' id='word_1_1135' title='bbox 1839 2964 2107 3009; x_wconf 84' lang='lat' dir='ltr'>consanguineis,</span> 
     </span>
     <span class='ocr_line' id='line_1_146' title="bbox 1103 3002 2103 3047; baseline 0.006 -7"><span class='ocrx_word' id='word_1_1136' title='bbox 1103 3014 1159 3040; x_wconf 89' lang='lat' dir='ltr'>aut</span> <span class='ocrx_word' id='word_1_1137' title='bbox 1184 3006 1257 3039; x_wconf 88' lang='lat' dir='ltr'>aliis</span> <span class='ocrx_word' id='word_1_1138' title='bbox 1279 3016 1418 3047; x_wconf 87' lang='lat' dir='ltr'>quorum</span> <span class='ocrx_word' id='word_1_1139' title='bbox 1442 3007 1620 3046; x_wconf 87' lang='lat' dir='ltr'>intererat,</span> <span class='ocrx_word' id='word_1_1140' title='bbox 1640 3002 1768 3047; x_wconf 89' lang='lat' dir='ltr'>defuit,</span> <span class='ocrx_word' id='word_1_1141' title='bbox 1792 3008 1869 3043; x_wconf 91' lang='lat' dir='ltr'>hinc</span> <span class='ocrx_word' id='word_1_1142' title='bbox 1902 3010 2033 3044; x_wconf 49' lang='lat' dir='ltr'>crudele*</span> <span class='ocrx_word' id='word_1_1143' title='bbox 2063 3012 2103 3046; x_wconf 87' lang='lat' dir='ltr'>ad</span> 
     </span>
     <span class='ocr_line' id='line_1_147' title="bbox 1103 3048 2105 3097; baseline 0.007 -15"><span class='ocrx_word' id='word_1_1144' title='bbox 1103 3049 1240 3092; x_wconf 86' lang='lat' dir='ltr'>speciem</span> <span class='ocrx_word' id='word_1_1145' title='bbox 1263 3059 1364 3091; x_wconf 86' lang='lat' dir='ltr'>opus,</span> <span class='ocrx_word' id='word_1_1146' title='bbox 1388 3048 1464 3083; x_wconf 85' lang='lat' dir='ltr'>inde</span> <span class='ocrx_word' id='word_1_1147' title='bbox 1474 3050 1581 3091; x_wconf 84' lang='lat' dir='ltr'>operis</span> <span class='ocrx_word' id='word_1_1148' title='bbox 1591 3049 1714 3082; x_wconf 89' lang='lat' dir='ltr'>exitum</span> <span class='ocrx_word' id='word_1_1149' title='bbox 1726 3053 1931 3086; x_wconf 88' lang='lat' dir='ltr'>cernentibus</span> <span class='ocrx_word' id='word_1_1150' title='bbox 1943 3063 2020 3088; x_wconf 84' lang='lat' dir='ltr'>tunc</span> <span class='ocrx_word' id='word_1_1151' title='bbox 2030 3057 2105 3097; x_wconf 89' lang='lat' dir='ltr'>opi-</span> 
     </span>
     <span class='ocr_line' id='line_1_148' title="bbox 1102 3091 2102 3137; baseline 0.005 -11"><span class='ocrx_word' id='word_1_1152' title='bbox 1102 3103 1183 3130; x_wconf 90' lang='lat' dir='ltr'>nor,</span> <span class='ocrx_word' id='word_1_1153' title='bbox 1207 3104 1280 3125; x_wconf 90' lang='lat' dir='ltr'>cum</span> <span class='ocrx_word' id='word_1_1154' title='bbox 1305 3093 1638 3134; x_wconf 84' lang='lat' dir='ltr'>abnuerecoeperunt,</span> <span class='ocrx_word' id='word_1_1155' title='bbox 1662 3091 1742 3134; x_wconf 87' lang='lat' dir='ltr'>saepe</span> <span class='ocrx_word' id='word_1_1156' title='bbox 1765 3095 1843 3129; x_wconf 91' lang='lat' dir='ltr'>adeo</span> <span class='ocrx_word' id='word_1_1157' title='bbox 1855 3095 2042 3137; x_wconf 87' lang='lat' dir='ltr'>infelicem,</span> <span class='ocrx_word' id='word_1_1158' title='bbox 2064 3107 2102 3131; x_wconf 90' lang='lat' dir='ltr'>ut</span> 
     </span>
     <span class='ocr_line' id='line_1_149' title="bbox 1102 3135 2102 3180; baseline 0.005 -11"><span class='ocrx_word' id='word_1_1159' title='bbox 1102 3136 1245 3178; x_wconf 79' lang='lat' dir='ltr'>populo,</span> <span class='ocrx_word' id='word_1_1160' title='bbox 1271 3136 1335 3169; x_wconf 85' lang='lat' dir='ltr'>Rei</span> <span class='ocrx_word' id='word_1_1161' title='bbox 1350 3136 1487 3170; x_wconf 82' lang='lat' dir='ltr'>Medicae</span> <span class='ocrx_word' id='word_1_1162' title='bbox 1499 3137 1632 3178; x_wconf 89' lang='lat' dir='ltr'>ignaro,</span> <span class='ocrx_word' id='word_1_1163' title='bbox 1655 3135 1699 3169; x_wconf 86' lang='lat' dir='ltr'>fic</span> <span class='ocrx_word' id='word_1_1164' title='bbox 1721 3139 1816 3171; x_wconf 83' lang='lat' dir='ltr'>occisi</span> <span class='ocrx_word' id='word_1_1165' title='bbox 1839 3141 1895 3180; x_wconf 89' lang='lat' dir='ltr'>qui</span> <span class='ocrx_word' id='word_1_1166' title='bbox 1907 3139 2023 3173; x_wconf 89' lang='lat' dir='ltr'>servari</span> <span class='ocrx_word' id='word_1_1167' title='bbox 2035 3151 2102 3174; x_wconf 81' lang='lat' dir='ltr'>non</span> 
     </span>
     <span class='ocr_line' id='line_1_150' title="bbox 1101 3179 2102 3222; baseline 0.003 -10"><span class='ocrx_word' id='word_1_1168' title='bbox 1101 3187 1299 3221; x_wconf 83' lang='lat' dir='ltr'>potuerant,</span> <span class='ocrx_word' id='word_1_1169' title='bbox 1323 3179 1523 3213; x_wconf 86' lang='lat' dir='ltr'>viderentur.</span> <span class='ocrx_word' id='word_1_1170' title='bbox 1548 3180 1619 3212; x_wconf 87' lang='lat' dir='ltr'>Tot</span> <span class='ocrx_word' id='word_1_1171' title='bbox 1630 3188 1757 3216; x_wconf 86' lang='lat' dir='ltr'>autem,</span> <span class='ocrx_word' id='word_1_1172' title='bbox 1771 3185 1836 3214; x_wconf 84' lang='lat' dir='ltr'>t&#39;arn</span> <span class='ocrx_word' id='word_1_1173' title='bbox 1849 3183 1967 3222; x_wconf 76' lang='lat' dir='ltr'>variae,</span> <span class='ocrx_word' id='word_1_1174' title='bbox 1989 3185 2019 3215; x_wconf 86' lang='lat'>&amp;</span> <span class='ocrx_word' id='word_1_1175' title='bbox 2031 3193 2102 3217; x_wconf 80' lang='lat' dir='ltr'>tam</span> 
     </span>
     <span class='ocr_line' id='line_1_151' title="bbox 1100 3221 2102 3268; baseline 0 -12"><span class='ocrx_word' id='word_1_1176' title='bbox 1100 3221 1245 3257; x_wconf 82' lang='lat' dir='ltr'>difficiles</span> <span class='ocrx_word' id='word_1_1177' title='bbox 1269 3222 1307 3256; x_wconf 92' lang='lat' dir='ltr'>ad</span> <span class='ocrx_word' id='word_1_1178' title='bbox 1319 3222 1560 3264; x_wconf 88' lang='lat' dir='ltr'>conjiciendum</span> <span class='ocrx_word' id='word_1_1179' title='bbox 1572 3222 1643 3256; x_wconf 85' lang='lat' dir='ltr'>sunt</span> <span class='ocrx_word' id='word_1_1180' title='bbox 1656 3222 1758 3256; x_wconf 86' lang='lat' dir='ltr'>causae</span> <span class='ocrx_word' id='word_1_1181' title='bbox 1768 3225 1812 3257; x_wconf 90' lang='lat' dir='ltr'>ob</span> <span class='ocrx_word' id='word_1_1182' title='bbox 1822 3235 1899 3266; x_wconf 86' lang='lat' dir='ltr'>quas</span> <span class='ocrx_word' id='word_1_1183' title='bbox 1911 3226 2013 3259; x_wconf 89' lang='lat' dir='ltr'>cranii</span> <span class='ocrx_word' id='word_1_1184' title='bbox 2027 3237 2102 3268; x_wconf 90' lang='lat' dir='ltr'>per..</span> 
     </span>
     <span class='ocr_line' id='line_1_152' title="bbox 1098 3264 2101 3310; baseline 0.005 -12"><span class='ocrx_word' id='word_1_1185' title='bbox 1098 3264 1245 3304; x_wconf 88' lang='lat' dir='ltr'>foratio,</span> <span class='ocrx_word' id='word_1_1186' title='bbox 1269 3267 1417 3308; x_wconf 81' lang='lat' dir='ltr'>quamvis</span> <span class='ocrx_word' id='word_1_1187' title='bbox 1440 3266 1562 3306; x_wconf 84' lang='lat' dir='ltr'>perite,</span> <span class='ocrx_word' id='word_1_1188' title='bbox 1584 3267 1834 3310; x_wconf 88' lang='lat' dir='ltr'>innocenterque</span> <span class='ocrx_word' id='word_1_1189' title='bbox 1851 3267 2101 3310; x_wconf 53' lang='lat' dir='ltr'>perfeeiastnu-</span> 
     </span>
     <span class='ocr_line' id='line_1_153' title="bbox 1097 3306 2097 3351; baseline 0.004 -9"><span class='ocrx_word' id='word_1_1190' title='bbox 1097 3309 1165 3343; x_wconf 86' lang='lat' dir='ltr'>tilis</span> <span class='ocrx_word' id='word_1_1191' title='bbox 1177 3319 1282 3342; x_wconf 87' lang='lat' dir='ltr'>tamen</span> <span class='ocrx_word' id='word_1_1192' title='bbox 1305 3310 1364 3348; x_wconf 82' lang='lat' dir='ltr'>fit,</span> <span class='ocrx_word' id='word_1_1193' title='bbox 1389 3319 1425 3342; x_wconf 89' lang='lat' dir='ltr'>ut</span> <span class='ocrx_word' id='word_1_1194' title='bbox 1437 3308 1530 3342; x_wconf 83' lang='lat' dir='ltr'>facile</span> <span class='ocrx_word' id='word_1_1195' title='bbox 1542 3306 1610 3342; x_wconf 83' lang='lat' dir='ltr'>fieri</span> <span class='ocrx_word' id='word_1_1196' title='bbox 1634 3312 1778 3351; x_wconf 90' lang='lat' dir='ltr'>potuerit</span> <span class='ocrx_word' id='word_1_1197' title='bbox 1793 3331 1801 3345; x_wconf 83' lang='lat'><strong><em>‚</em></strong></span> <span class='ocrx_word' id='word_1_1198' title='bbox 1826 3320 1864 3343; x_wconf 90' lang='lat' dir='ltr'>ne</span> <span class='ocrx_word' id='word_1_1199' title='bbox 1897 3312 1983 3344; x_wconf 83' lang='lat' dir='ltr'>inter</span> <span class='ocrx_word' id='word_1_1200' title='bbox 2017 3314 2097 3346; x_wconf 89' lang='lat' dir='ltr'>mul-</span> 
     </span>
     <span class='ocr_line' id='line_1_154' title="bbox 1098 3352 2098 3395; baseline 0.005 -10"><span class='ocrx_word' id='word_1_1201' title='bbox 1098 3360 1150 3385; x_wconf 92' lang='lat' dir='ltr'>tos</span> <span class='ocrx_word' id='word_1_1202' title='bbox 1172 3352 1283 3386; x_wconf 90' lang='lat' dir='ltr'>iisdem</span> <span class='ocrx_word' id='word_1_1203' title='bbox 1308 3352 1398 3385; x_wconf 90' lang='lat' dir='ltr'>annis</span> <span class='ocrx_word' id='word_1_1204' title='bbox 1421 3352 1596 3386; x_wconf 78' lang='lat' dir='ltr'>terebratos</span> <span class='ocrx_word' id='word_1_1205' title='bbox 1626 3360 1742 3394; x_wconf 78' lang='lat' dir='ltr'>praeter</span> <span class='ocrx_word' id='word_1_1206' title='bbox 1766 3363 1939 3395; x_wconf 90' lang='lat' dir='ltr'>perpaucos</span> <span class='ocrx_word' id='word_1_1207' title='bbox 1963 3355 2098 3390; x_wconf 85' lang='lat' dir='ltr'>evaserit</span> 
     </span>
     <span class='ocr_line' id='line_1_155' title="bbox 1097 3395 2097 3438; baseline 0.001 -9"><span class='ocrx_word' id='word_1_1208' title='bbox 1097 3396 1286 3438; x_wconf 84' lang='lat' dir='ltr'>quisquam.</span> <span class='ocrx_word' id='word_1_1209' title='bbox 1310 3395 1395 3428; x_wconf 88' lang='lat' dir='ltr'>Noli</span> <span class='ocrx_word' id='word_1_1210' title='bbox 1430 3404 1538 3429; x_wconf 87' lang='lat' dir='ltr'>autem</span> <span class='ocrx_word' id='word_1_1211' title='bbox 1575 3395 1684 3428; x_wconf 88' lang='lat' dir='ltr'>mirari</span> <span class='ocrx_word' id='word_1_1212' title='bbox 1724 3395 1813 3438; x_wconf 88' lang='lat' dir='ltr'>quod</span> <span class='ocrx_word' id='word_1_1213' title='bbox 1843 3396 1981 3430; x_wconf 88' lang='lat' dir='ltr'>dixerim</span> <span class='ocrx_word' id='word_1_1214' title='bbox 2008 3420 2017 3436; x_wconf 89' lang='lat'>‚</span> <span class='ocrx_word' id='word_1_1215' title='bbox 2054 3398 2097 3434; x_wconf 75' lang='lat' dir='ltr'>fic</span> 
     </span>
     <span class='ocr_line' id='line_1_156' title="bbox 1097 3437 2100 3481; baseline 0.001 -8"><span class='ocrx_word' id='word_1_1216' title='bbox 1097 3440 1241 3473; x_wconf 89' lang='lat' dir='ltr'>accidere</span> <span class='ocrx_word' id='word_1_1217' title='bbox 1285 3437 1421 3481; x_wconf 77' lang='lat' dir='ltr'>potuiffe</span> <span class='ocrx_word' id='word_1_1218' title='bbox 1453 3460 1463 3475; x_wconf 84' lang='lat'>,</span> <span class='ocrx_word' id='word_1_1219' title='bbox 1505 3449 1581 3472; x_wconf 84' lang='lat' dir='ltr'>curn</span> <span class='ocrx_word' id='word_1_1220' title='bbox 1625 3438 1758 3471; x_wconf 88' lang='lat' dir='ltr'>Tronus</span> <span class='ocrx_word' id='word_1_1221' title='bbox 1804 3440 1886 3481; x_wconf 86' lang='lat' dir='ltr'>apud</span> <span class='ocrx_word' id='word_1_1222' title='bbox 1931 3440 2100 3478; x_wconf 67' lang='lat' dir='ltr'>Bohnium</span> 
     </span>
     <span class='ocr_line' id='line_1_157' title="bbox 1098 3481 2099 3528; baseline 0.001 -12"><span class='ocrx_word' id='word_1_1223' title='bbox 1098 3486 1109 3522; x_wconf 90' lang='lat'><strong>(</strong></span> <span class='ocrx_word' id='word_1_1224' title='bbox 1132 3493 1152 3516; x_wconf 88' lang='lat' dir='ltr'>n</span> <span class='ocrx_word' id='word_1_1225' title='bbox 1174 3486 1210 3522; x_wconf 93' lang='lat'>)‚</span> <span class='ocrx_word' id='word_1_1226' title='bbox 1231 3493 1269 3515; x_wconf 92' lang='lat' dir='ltr'>ne</span> <span class='ocrx_word' id='word_1_1227' title='bbox 1281 3493 1348 3515; x_wconf 92' lang='lat' dir='ltr'>uno</span> <span class='ocrx_word' id='word_1_1228' title='bbox 1370 3481 1502 3525; x_wconf 89' lang='lat' dir='ltr'>quidem</span> <span class='ocrx_word' id='word_1_1229' title='bbox 1525 3489 1661 3524; x_wconf 87' lang='lat' dir='ltr'>excepto</span> <span class='ocrx_word' id='word_1_1230' title='bbox 1672 3504 1686 3522; x_wconf 91' lang='lat'><em>‚</em></span> <span class='ocrx_word' id='word_1_1231' title='bbox 1707 3492 1815 3515; x_wconf 87' lang='lat' dir='ltr'>revera</span> <span class='ocrx_word' id='word_1_1232' title='bbox 1839 3483 2099 3528; x_wconf 80' lang='lat' dir='ltr'>omnesperiiffe,</span> 
     </span>
     <span class='ocr_line' id='line_1_158' title="bbox 1098 3525 2098 3567; baseline 0.002 -8"><span class='ocrx_word' id='word_1_1233' title='bbox 1098 3526 1252 3565; x_wconf 85' lang='lat' dir='ltr'>testetur,</span> <span class='ocrx_word' id='word_1_1234' title='bbox 1274 3525 1331 3566; x_wconf 88' lang='lat' dir='ltr'>qui</span> <span class='ocrx_word' id='word_1_1235' title='bbox 1354 3526 1460 3566; x_wconf 85' lang='lat' dir='ltr'>capite</span> <span class='ocrx_word' id='word_1_1236' title='bbox 1494 3525 1653 3559; x_wconf 89' lang='lat' dir='ltr'>vulnerati</span> <span class='ocrx_word' id='word_1_1237' title='bbox 1676 3547 1690 3565; x_wconf 82' lang='lat'>,</span> <span class='ocrx_word' id='word_1_1238' title='bbox 1721 3526 1755 3557; x_wconf 89' lang='lat' dir='ltr'>in</span> <span class='ocrx_word' id='word_1_1239' title='bbox 1787 3536 1906 3567; x_wconf 87' lang='lat' dir='ltr'>magno</span> <span class='ocrx_word' id='word_1_1240' title='bbox 1939 3528 2098 3564; x_wconf 69' lang='lat' dir='ltr'>Civitatis</span> 
     </span>
     <span class='ocr_line' id='line_1_159' title="bbox 1098 3567 2096 3607; baseline 0.002 -6"><span class='ocrx_word' id='word_1_1241' title='bbox 1098 3569 1202 3602; x_wconf 74' lang='lat' dir='ltr'>Italiae</span> <span class='ocrx_word' id='word_1_1242' title='bbox 1227 3567 1431 3602; x_wconf 89' lang='lat' dir='ltr'>Nosocomio</span> <span class='ocrx_word' id='word_1_1243' title='bbox 1463 3568 1622 3602; x_wconf 87' lang='lat' dir='ltr'>terebram</span> <span class='ocrx_word' id='word_1_1244' title='bbox 1654 3568 1902 3607; x_wconf 82' lang='lat' dir='ltr'>experiebantur</span> <span class='ocrx_word' id='word_1_1245' title='bbox 1924 3593 1933 3601; x_wconf 92' lang='lat'>.</span> <span class='ocrx_word' id='word_1_1246' title='bbox 1969 3571 2060 3607; x_wconf 88' lang='lat' dir='ltr'>Quid</span> <span class='ocrx_word' id='word_1_1247' title='bbox 2085 3577 2096 3606; x_wconf 71' lang='lat'>,³</span> 
     </span>
     <span class='ocr_line' id='line_1_160' title="bbox 1097 3609 2094 3655; baseline 0.003 -10"><span class='ocrx_word' id='word_1_1248' title='bbox 1097 3611 1186 3654; x_wconf 91' lang='lat' dir='ltr'>quod</span> <span class='ocrx_word' id='word_1_1249' title='bbox 1219 3612 1254 3645; x_wconf 90' lang='lat' dir='ltr'>in</span> <span class='ocrx_word' id='word_1_1250' title='bbox 1287 3610 1391 3645; x_wconf 87' lang='lat' dir='ltr'>multo</span> <span class='ocrx_word' id='word_1_1251' title='bbox 1423 3610 1540 3654; x_wconf 82' lang='lat' dir='ltr'>majori</span> <span class='ocrx_word' id='word_1_1252' title='bbox 1575 3609 1659 3654; x_wconf 89' lang='lat' dir='ltr'>apud</span> <span class='ocrx_word' id='word_1_1253' title='bbox 1689 3612 1827 3645; x_wconf 88' lang='lat' dir='ltr'>Exteros</span> <span class='ocrx_word' id='word_1_1254' title='bbox 1854 3611 2060 3648; x_wconf 85' lang='lat' dir='ltr'>Nosocomio</span> <span class='ocrx_word' id='word_1_1255' title='bbox 2083 3639 2094 3655; x_wconf 87' lang='lat'>‚</span> 
     </span>
    </p>

    <p class='ocr_par' dir='ltr' id='par_1_11' title="bbox 1559 3657 2050 3696">
     <span class='ocr_line' id='line_1_161' title="bbox 1559 3657 2050 3696; baseline 0.004 -9"><span class='ocrx_word' id='word_1_1256' title='bbox 1559 3657 1584 3687; x_wconf 89' lang='lat' dir='ltr'><strong>P</strong></span> <span class='ocrx_word' id='word_1_1257' title='bbox 1606 3665 1627 3696; x_wconf 94' lang='lat' dir='ltr'>p</span> <span class='ocrx_word' id='word_1_1258' title='bbox 1672 3665 1689 3686; x_wconf 91' lang='lat'>2</span> <span class='ocrx_word' id='word_1_1259' title='bbox 1987 3667 2050 3689; x_wconf 92' lang='lat' dir='ltr'>non</span> 
     </span>
    </p>
   </div>
   <div class='ocr_carea' id='block_1_6' title="bbox 50 3712 2092 3729">
    <p class='ocr_par' dir='ltr' id='par_1_12' title="bbox 50 3712 2092 3729">
     <span class='ocr_line' id='line_1_162' title="bbox 50 3712 2092 3729; baseline 0 346"><span class='ocrx_word' id='word_1_1260' title='bbox 50 3712 2092 3729; x_wconf 95' lang='lat' dir='ltr'> </span> 
     </span>
    </p>
   </div>
   <div class='ocr_carea' id='block_1_7' title="bbox 106 3767 1031 3832">
    <p class='ocr_par' dir='ltr' id='par_1_13' title="bbox 106 3767 1031 3832">
     <span class='ocr_line' id='line_1_163' title="bbox 106 3767 1031 3832; baseline 0.001 -5"><span class='ocrx_word' id='word_1_1261' title='bbox 106 3769 474 3832; x_wconf 51' lang='lat' dir='ltr'>merissimam</span> <span class='ocrx_word' id='word_1_1262' title='bbox 485 3768 641 3827; x_wconf 45' lang='lat' dir='ltr'>&lt;sactu</span> <span class='ocrx_word' id='word_1_1263' title='bbox 828 3777 853 3796; x_wconf 58' lang='grc' dir='ltr'>π·</span> <span class='ocrx_word' id='word_1_1264' title='bbox 927 3768 951 3796; x_wconf 49' lang='grc' dir='ltr'><strong>ἃ</strong></span> <span class='ocrx_word' id='word_1_1265' title='bbox 966 3767 1031 3802; x_wconf 63' lang='lat'>‘²³³-</span> 
     </span>
    </p>
   </div>
   <div class='ocr_carea' id='block_1_8' title="bbox 1090 3767 1943 3804">
    <p class='ocr_par' dir='ltr' id='par_1_14' title="bbox 1090 3767 1943 3804">
     <span class='ocr_line' id='line_1_164' title="bbox 1090 3767 1943 3804; baseline 0 -6"><span class='ocrx_word' id='word_1_1266' title='bbox 1090 3767 1101 3802; x_wconf 89' lang='lat'>(</span> <span class='ocrx_word' id='word_1_1267' title='bbox 1116 3770 1134 3798; x_wconf 73' lang='lat' dir='ltr'><em>k</em></span> <span class='ocrx_word' id='word_1_1268' title='bbox 1150 3769 1161 3804; x_wconf 70' lang='lat' dir='ltr'>l</span> <span class='ocrx_word' id='word_1_1269' title='bbox 1175 3770 1244 3803; x_wconf 75' lang='lat' dir='ltr'>supra</span> <span class='ocrx_word' id='word_1_1270' title='bbox 1259 3778 1287 3803; x_wconf 69' lang='lat' dir='ltr'>n,</span> <span class='ocrx_word' id='word_1_1271' title='bbox 1302 3779 1325 3803; x_wconf 77' lang='grc' dir='ltr'>ς.</span> <span class='ocrx_word' id='word_1_1272' title='bbox 1386 3772 1398 3800; x_wconf 91' lang='grc'>(</span> <span class='ocrx_word' id='word_1_1273' title='bbox 1411 3772 1422 3798; x_wconf 85' lang='grc' dir='ltr'><strong><em>Ι</em></strong></span> <span class='ocrx_word' id='word_1_1274' title='bbox 1436 3771 1451 3802; x_wconf 84' lang='grc'>)</span> <span class='ocrx_word' id='word_1_1275' title='bbox 1467 3771 1539 3803; x_wconf 73' lang='lat' dir='ltr'>Epist.</span> <span class='ocrx_word' id='word_1_1276' title='bbox 1556 3769 1656 3802; x_wconf 63' lang='lat' dir='ltr'>praeced,</span> <span class='ocrx_word' id='word_1_1277' title='bbox 1716 3772 1732 3802; x_wconf 86' lang='grc'>(</span> <span class='ocrx_word' id='word_1_1278' title='bbox 1745 3780 1770 3798; x_wconf 87' lang='lat' dir='ltr'>m</span> <span class='ocrx_word' id='word_1_1279' title='bbox 1785 3772 1799 3803; x_wconf 86' lang='grc'>)</span> <span class='ocrx_word' id='word_1_1280' title='bbox 1814 3771 1884 3804; x_wconf 68' lang='lat' dir='ltr'>Epist.</span> <span class='ocrx_word' id='word_1_1281' title='bbox 1905 3778 1943 3803; x_wconf 78' lang='lat'>31·</span> 
     </span>
    </p>
   </div>
  </div>
 </body>
</html>
