2498 4075
215 223 369 290 Epist.
405 221 567 276 Anat.
599 216 804 272 Medica
840 215 1042 271 XXIV.
1078 215 1199 268 Art.
1236 231 1282 279 7·
1316 215 1358 268 8.
1394 230 1440 279 9.
1478 226 1551 273 ιο.
1588 207 1651 266 rit*
1681 225 1754 265 12.
1786 212 1842 266 &
1872 215 1946 277 132
2026 231 2061 278 9

89 295 161 330 satis
175 306 248 329 cum
259 307 332 328 vero
348 292 746 332 consentite),crediderim
758 292 845 335 quod
856 292 894 326 ab
906 293 1088 335 Hippocra-

86 349 117 371 te
139 342 200 378 (c)
224 340 377 372 traditum
401 338 461 375 est,
486 337 588 371 minus
612 335 704 370 facile
715 336 1086 377 adolescentes‚omnium

86 391 190 416 autem
212 383 339 416 minime
358 391 470 423 pueros
492 379 647 422 jejunium
672 378 776 418 ferre,
801 378 888 421 quod
911 388 1023 412 contra
1036 377 1084 411 fa-

84 426 178 458 cilius
201 423 302 458 ferant
324 425 380 467 qui
403 432 525 457 atatem
548 421 750 466 confiftentem
772 420 904 459 habent,
914 421 1006 464 senes
1030 434 1083 456 au-

84 478 150 501 tem
165 465 320 510 facillime
335 491 344 506 ‚
368 466 424 500 nisi
450 466 533 499 forte
556 464 618 499 sint
641 474 734 499 aetate
756 464 898 499 consesti
923 487 935 505 ,
968 474 1003 498 ut
1037 466 1081 499 sa-

85 513 207 553 pienter
230 511 339 546 Celsus
360 511 414 551 (d)
436 509 941 550 Hippocrateminterpretatur,
962 506 1003 540 sic
1016 506 1083 551 ejus

84 553 271 588 sententiam
296 555 391 588 latine
415 552 567 585 reddens.-
598 552 734 585 inediam
750 550 907 595 facillime
932 550 1083 593 sustineat

83 597 187 631 media
210 606 317 631 aetates
329 621 341 638 ,
363 597 468 631 minus
482 595 614 637 juvenes
625 618 638 635 ,
660 593 788 628 minime
809 596 918 635 pueri,
941 593 976 628 ἐφ
995 593 1082 636 sene-

82 639 168 673 ἑῖιιῑε
190 639 346 684 confesti:
373 664 381 671 .
398 663 406 671 .
421 662 428 670 .
442 664 449 672 .
474 639 609 671 maxime
631 649 706 670 vero
730 640 756 671 is
779 636 845 670 cibo
855 645 946 680 eget,
968 638 1082 679 quiin-

82 683 213 725 crescit,
235 683 322 727 quod
345 681 458 717 diserte
481 682 698 724 Hippocrates
721 690 847 724 quoque
872 683 905 713 in
928 682 1080 723 proximo

82 727 142 769 (e)
166 727 315 762 docuerat
339 725 544 768 aphorismo.

124 781 155 810 7-
179 770 391 813 Hippocratis
413 777 521 803 autem
547 766 738 803 sententiam
761 766 896 801 mirifice
920 778 981 801 una
1004 774 1078 799 con·

83 810 223 847 firmaret
246 812 397 848 historia,
421 811 441 844 {i
466 823 500 845 ea
523 813 679 854 quidem,
713 821 749 846 ut
774 822 936 854 perperam
958 809 1080 844 Carda-

82 866 141 890 nus
162 855 224 899 (f)
246 860 277 890 &
302 855 541 890 Zambcccarius
563 857 629 898 (g)
650 853 833 895 credidere,
859 854 988 887 historia
998 851 1085 891 esset,

82 909 148 932 non
171 901 333 941 poeticum
358 900 474 933 Dantis
497 898 568 939 (h)
591 907 809 931 commentum
842 897 880 931 de
912 896 1085 939 Hugolino

82 944 219 976 Comite
233 966 245 983 ,
267 945 300 977 δε
322 952 462 986 quatuor
483 942 549 985 ejus
564 941 673 982 filiis,
709 942 815 974 inedia
849 942 931 974 mori
962 939 1083 972 coactis

82 989 97 1025 (
122 985 208 1029 quod
232 997 333 1021 unum
355 995 481 1019 certum
504 984 579 1027 est)
604 985 644 1019 sic
668 994 704 1019 ut
728 995 838 1018 ornnes
863 985 1001 1017 vixerint
1024 982 1080 1014 ali-

83 1038 168 1071 quot
190 1029 281 1068 dies,
308 1031 442 1064 triennis
466 1039 574 1064 autem
598 1039 674 1071 puer
696 1038 813 1071 quarto
834 1052 842 1067 ,
875 1027 992 1069 reliqui
1024 1025 1083 1058 ali-

80 1081 203 1114 quanto
227 1071 364 1117 majores
387 1074 500 1115 pueri,
523 1081 578 1106 aut
594 1071 822 1105 adolescentuli
857 1070 1082 1113 quinstostut

81 1117 173 1150 sexto
194 1115 266 1154 die,
290 1127 379 1161 pater
402 1115 539 1161 denique
555 1139 567 1156 ,
588 1125 625 1149 ut
647 1115 801 1149 constanti
827 1124 892 1147 erat
915 1121 1083 1152 aetate,aut

79 1157 178 1193 cruda
199 1170 310 1201 certe,
334 1159 495 1203 viridique
520 1158 701 1196 senestute‚
736 1159 852 1192 octavo
886 1155 1046 1190 decesserit
1073 1167 1084 1188 :

79 1214 152 1251 quae
174 1205 283 1236 omnia
306 1216 322 1236 a
348 1206 444 1237 Poeta
456 1227 468 1244 ‚
490 1212 524 1237 ut
537 1211 602 1235 erat
614 1214 648 1235 ea
680 1200 862 1243 tempestate
872 1199 1077 1237 doetiffimus,

79 1246 178 1280 sacile
201 1246 369 1281 secundum
393 1247 609 1289 Hippocratis
621 1245 860 1288 aphorismum,
884 1253 967 1278 certe
977 1242 1084 1277 secun-

81 1288 159 1328 dum
181 1291 246 1323 veri
270 1290 515 1325 similitudinem
536 1288 598 1323 effe
620 1291 823 1332 excogitata,
861 1290 958 1321 Poeta
981 1286 1045 1331 ipse
1066 1310 1079 1327 ,

85 1332 174 1376 quod
196 1333 288 1367 Clari
313 1335 364 1368 illi
389 1335 467 1368 Viri
491 1344 556 1367 non
579 1333 781 1367 attenderunt
806 1355 816 1371 ,
848 1330 922 1365 satis
944 1343 982 1365 eo
1004 1332 1079 1364 loco

82 1376 227 1418 indicat,
249 1377 305 1411 ubi
328 1377 491 1421 Hugolini
516 1377 657 1409 animam
681 1376 747 1410 liaec
769 1374 826 1409 fibi
839 1384 1016 1408 narrantem
1030 1377 1079 1407 iri-

81 1420 200 1461 ducit,
222 1432 292 1463 quae
315 1420 463 1461 aliunde,
485 1429 521 1454 ut
544 1419 659 1453 diserte
682 1420 751 1459 ait,
772 1429 830 1451 non
848 1417 945 1463 posset
958 1417 1081 1451 intelle-

81 1462 181 1506 xiste,
201 1466 321 1507 quippe
343 1476 416 1507 quae
440 1465 473 1497 in
497 1463 700 1497 tenebricosis
724 1462 903 1495 acciderant
917 1463 1013 1495 turris
1027 1473 1081 1503 pe-

81 1506 281 1547 netralibus,
303 1508 393 1551 cujus
415 1508 515 1540 claves
537 1505 643 1540 statim
668 1505 736 1548 post
757 1506 831 1538 illos
846 1504 1007 1542 inclusos,
1030 1504 1083 1536 ad-

81 1549 213 1583 versarii
239 1553 269 1583 in
296 1551 411 1585 flumen
436 1550 634 1593 abjecerant.
660 1549 760 1590 Qod
785 1547 806 1581 si
832 1549 933 1590 igitur
946 1547 983 1581 ad
997 1548 1083 1580 mul-

81 1594 211 1636 tiplices
233 1594 475 1637 Hippocraticae
499 1593 661 1626 sententiae
686 1601 803 1633 partes,
826 1600 861 1624 ut
886 1590 1009 1624 aCelso
1031 1603 1086 1624 ex-

81 1636 192 1680 positae
216 1637 311 1676 sunt,
334 1636 586 1679 comprobandas
610 1634 694 1668 forte
719 1635 824 1677 plures
835 1634 985 1669 historias
1002 1645 1087 1677 quae—

80 1682 149 1719 ris,
172 1680 340 1714 nonnullas
363 1692 434 1722 quae
459 1679 610 1712 scribenti
635 1677 828 1721 suppetunt:
863 1690 902 1711 ex
926 1678 1085 1712 Romanis

78 1723 361 1758 commemorabo.
385 1725 521 1764 AEgrurn
558 1724 776 1764 Pomponium
811 1722 961 1755 Atticum
994 1721 1088 1763 supra

76 1768 139 1807 (i)
161 1766 303 1801 diximus
325 1766 377 1800 die
399 1767 537 1810 quinem
560 1765 847 1799 inediaemortuum
861 1790 869 1798 .
895 1766 1024 1799 Sextius
1035 1775 1087 1799 au-

79 1819 148 1843 tem
173 1810 309 1844 Baculus
325 1837 333 1849 ,
358 1819 395 1843 ut
418 1809 460 1843 est
483 1809 567 1853 apud
589 1808 748 1842 Caesarem
760 1807 819 1848 (k),
834 1810 966 1841 cumita
989 1820 1093 1851 aegro-

76 1862 160 1887 taret
180 1876 189 1892 ,
215 1862 250 1888 ut
273 1855 354 1888 diem
365 1853 433 1894 jam
456 1854 489 1886 V.
504 1852 573 1886 cibo
592 1852 750 1897 caruisset,
764 1853 842 1885 adeo
865 1864 880 1884 a
905 1861 1007 1885 morte
1020 1863 1094 1893 pro-

76 1897 131 1930 cul
155 1906 243 1934 erat,
266 1907 302 1931 ut
326 1907 410 1929 arma
433 1904 558 1939 caperet
573 1918 582 1933 ‚
606 1894 775 1937 hostesque
799 1905 917 1928 arceret
942 1917 950 1930 ‚
976 1896 1094 1937 quippe

78 1949 174 1974 aetate
206 1951 263 1979 ea,
286 1949 322 1974 ut
347 1950 411 1972 non
435 1940 482 1973 ita
508 1939 632 1981 pridem
645 1949 773 1971 munere
797 1937 926 1972 functus
938 1937 1012 1972 esset
1030 1939 1095 1980 pri-

76 1984 214 2026 mipili3
239 1986 371 2017 Atticus
396 1994 469 2015 vero
493 1983 618 2017 VIL&
641 1982 741 2016 LXX.
756 1993 852 2015 annos
865 1982 1090 2021 compleverat.

77 2029 132 2061 Sic
155 2028 267 2060 mirari
293 2037 357 2059 non
369 2035 523 2068 oportet,
547 2027 739 2060 Suetonium
762 2025 903 2066 (l)cum
917 2025 1090 2059 Tiberium

78 2069 205 2113 scripsit
222 2095 230 2109 ,
252 2068 383 2112 cihoper
394 2069 595 2111 quatriduum
605 2068 797 2114 abstinauiffi’,
820 2080 885 2102 non
900 2068 1091 2112 modoquid

83 2126 180 2148 noxae
204 2112 276 2146 inde
298 2113 466 2152 retulerit,
489 2124 551 2145 non
574 2112 741 2155 adjecisse3
765 2113 832 2145 imo
854 2121 890 2146 ut
926 2109 1090 2153 confestim

75 2156 195 2199 ostiam
218 2156 423 2199 descenderit,
445 2154 608 2193 docuisse;
631 2155 787 2188 Tiberius
811 2156 895 2187 enim
919 2164 997 2188 tunc
1021 2162 1088 2186 erat

75 2201 218 2236 maxime
239 2198 397 2233 constanti
420 2208 532 2233 aetate.
568 2199 633 2232 His
666 2198 728 2230 alia
752 2197 817 2240 ipse
856 2196 1023 2240 juniorum
1056 2208 1088 2229 e-

75 2244 206 2286 xempla
227 2241 349 2276 addes:
373 2253 428 2275 nec
452 2242 566 2278 facile,
591 2243 733 2282 opinor,
766 2242 925 2282 reperies,
960 2239 1013 2272 ubi
1047 2239 1086 2273 ad

74 2299 210 2331 pueros,
231 2284 429 2328 infantesque
452 2286 652 2327 perveneris,
674 2284 730 2328 qui
754 2283 934 2317 istiusmodi
960 2281 1081 2326 jejunia

78 2330 122 2364 sic
146 2330 289 2364 tulerint.
305 2329 376 2361 Nec
401 2339 474 2362 vero
495 2340 535 2362 ex
546 2326 1003 2368 Fernelii(m)observatione
1017 2328 1081 2359 mi-

78 2373 117 2408 hi
141 2372 260 2407 foetum
281 2371 419 2415 objicias
441 2373 498 2414 qui
525 2370 671 2404 mirando
685 2370 754 2404 sane
776 2370 1076 2412 exemplobimestre

77 2415 235 2460 jejunium
261 2414 384 2449 videtur
408 2414 568 2458 pertulisse
582 2439 589 2446 .
616 2415 703 2447 Nam
728 2413 784 2446 etsi
798 2423 899 2447 mater
921 2414 1082 2457 quae‚ad-

68 2461 223 2503 stantium
244 2460 381 2492 omnium
401 2459 538 2501 judicio,
569 2457 650 2491 nihil
680 2456 744 2491 cibi
774 2456 908 2500 potusve
944 2455 1081 2496 bimestri

83 2511 220 2545 tempore
241 2499 390 2545 vorasset,
413 2500 540 2534 tandem
554 2501 589 2533 in
602 2510 742 2534 extrema
760 2523 769 2538 ,
792 2499 1013 2544 quaconfeeta
1023 2499 1077 2538 est,

78 2546 165 2581 febre
189 2545 288 2579 edidit
307 2553 438 2587 partum
453 2569 462 2583 ‚
487 2554 577 2587 quem
599 2544 673 2577 vitae
687 2544 886 2587 superstitem
910 2543 1041 2586 reliquit
1066 2554 1078 2581 3

78 2600 189 2624 tamen
211 2587 463 2631 quotiescunque
484 2587 595 2621 cibum
620 2597 772 2629 potumve
795 2587 835 2621 ad
858 2585 1004 2621 infimam
1028 2585 1079 2620 us-

73 2646 136 2679 que
157 2630 324 2674 oesophagi
348 2641 467 2672 partem
490 2631 700 2671 detrudebat,
731 2629 806 2665 inde
828 2642 904 2664 vero
937 2642 1013 2664 mox
1037 2641 1083 2662 re-

77 2675 248 2714 trahebat,
270 2673 522 2718 rejiciebatque,
545 2674 697 2709 credibile
707 2675 769 2713 est,
796 2674 917 2717 semper
939 2674 1081 2717 aliquam

78 2719 273 2763 ingestorum
297 2720 478 2759 portionem
504 2718 592 2752 ultro
603 2719 751 2761 citroque
761 2719 1014 2752 commeantium
1028 2717 1083 2750 ab-

78 2763 240 2801 sorbentia
263 2761 369 2795 oscula
391 2763 475 2800 oris,
500 2761 644 2796 faucium
681 2785 690 2800 ,
723 2761 891 2805 oesophagi
925 2758 1050 2796 subiisse
1071 2783 1085 2800 ,

78 2809 181 2850 fitque
206 2805 287 2840 hanc
310 2816 371 2837 non
396 2805 480 2840 secus
501 2807 719 2849 quadantenus
744 2817 778 2838 ac
802 2806 862 2838 alia
896 2805 1026 2847 gravida
1051 2815 1084 2836 a·

81 2850 150 2896 pud
174 2848 354 2883 Hildanurn
378 2849 439 2892 (n)
464 2860 518 2891 pei·
541 2849 624 2883 solos
648 2848 714 2882 fere
738 2849 883 2890 clysteres
907 2849 1084 2882 nutrientes

81 2893 189 2936 spatio
212 2891 263 2925 sex
287 2890 520 2926 hebdomadum
545 2904 692 2928 unacum
716 2890 825 2930 foetu,
850 2892 1001 2925 servatam
1014 2890 1081 2925 esse.

79 2939 175 2982 Qin
199 2935 352 2969 credibile
374 2936 471 2971 etiam
493 2936 557 2977 est,
579 2935 779 2970 tuberculum
801 2935 887 2978 quod
911 2935 1084 2968 ventriculi

82 2982 206 3017 ostium
229 2978 416 3017 claudebat,
443 2988 478 3013 ut
501 2981 534 3013 in
560 2989 686 3013 mortua
707 2978 913 3022 conspeQum
936 2979 980 3012 est
1003 3002 1015 3019 ,
1047 2979 1082 3011 in

80 3027 227 3062 vivente,
252 3020 310 3054 nisi
331 3022 416 3055 forte
438 3031 579 3057 extremo
601 3033 764 3066 tempore,
789 3033 854 3055 non
865 3031 991 3056 tantum
1003 3021 1084 3055 fuis-

82 3070 137 3108 se,
161 3076 198 3102 ut
221 3064 382 3099 orificium
407 3065 487 3100 illud
519 3068 655 3100 omnino
685 3067 874 3104 obturaret;
904 3066 1083 3099 increscunt

83 3114 170 3147 enim
194 3110 313 3154 jugiter
336 3108 499 3151 ejusmodi*
515 3111 619 3149 vitia,
642 3119 680 3145 ut
702 3109 831 3143 demum
854 3120 894 3143 eo
916 3109 945 3143 se
976 3120 1087 3143 exten-

81 3156 159 3191 dant
181 3166 249 3199 quo
273 3152 368 3195 paulo
391 3162 461 3186 ante
483 3163 546 3186 non
571 3153 814 3196 perveniebant.

126 3200 156 3233 8.
180 3196 315 3239 Redigit
346 3198 379 3229 in
411 3197 599 3231 memoriam
630 3197 697 3231 haec
740 3196 877 3231 Fernelii
908 3192 1088 3230 observatio

83 3244 269 3287 Qartam,
293 3242 327 3273 in
349 3251 411 3282 qua
434 3243 468 3273 δε
490 3240 556 3282 ipsa
587 3239 924 3282 est(o)‚Sepulchreti
957 3240 1082 3274 5εᾶἰο-

81 3297 178 3326 nem,
200 3285 238 3319 de
261 3295 323 3326 qua
348 3284 393 3316 ita
417 3284 516 3316 initio
537 3286 601 3325 (p)
626 3285 819 3318 mentionem
851 3282 1008 3320 fecimus,
1043 3292 1079 3318 ut

81 3341 146 3364 non
169 3328 267 3363 deeffe
291 3327 385 3362 nobis
409 3327 618 3361 indicaremus
640 3338 710 3371 quae
734 3327 771 3361 ad
794 3327 920 3368 ipsam,
943 3327 977 3360 id
988 3326 1029 3360 est
1040 3325 1079 3360 ad

81 3374 188 3408 laesam
210 3370 458 3415 deglutitionem
483 3371 670 3404 attinerent.
696 3371 771 3405 Nec
793 3370 931 3405 deessent
963 3371 1079 3413 utique

80 3418 104 3452 fi
152 3416 214 3450 uod
238 3419 272 3449 in
297 3414 446 3448 Sectione
467 3425 594 3457 quoque
619 3413 676 3448 hac
698 3413 735 3448 fit
749 3438 763 3455 ‚
785 3414 907 3447 imitari
918 3415 1077 3456 placeret.

80 3429 218 3494 Videbis
241 3458 348 3498 enim,
372 3455 638 3490 Observationem
660 3459 695 3490 in
719 3467 753 3490 ea
776 3459 837 3492 IV.
862 3468 926 3491 non
941 3457 997 3490 nisi
1007 3468 1077 3490 ver-

79 3504 132 3539 bis
155 3503 321 3546 aliquanto
344 3501 550 3543 paucioribus
573 3499 698 3534 differre
730 3501 769 3534 ab
779 3503 892 3534 XVlI.
925 3500 1075 3544 idemque

78 3547 186 3583 multo
208 3547 308 3589 magis
331 3544 537 3578 miraberisin
558 3544 646 3577 XIX.
658 3544 773 3578 collata
794 3555 865 3578 cum
876 3549 912 3578 ea
934 3547 1074 3588 cuipro-

166 3589 331 3633 Morgagni
352 3589 387 3622 de
410 3588 477 3622 sed.
504 3588 546 3621 Θ
567 3588 654 3629 Causss
679 3587 778 3621 Morb.
803 3589 903 3623 Tom.
918 3590 964 3623 II.

1137 293 1224 327 xime
1247 289 1414 334 subjicitur
1438 303 1553 326 xviii.
1580 293 1618 325 In
1641 288 1717 332 ipsis
1752 300 1858 323 autem
1890 287 2132 322 Additamentis'

1136 346 1241 369 nonne
1265 335 1357 367 altera
1383 346 1450 377 pars
1473 335 1721 370 Observationis
1746 332 1792 366 Ii.
1817 332 1954 366 totidem
1964 332 2138 365 verbisite-

1136 388 1184 412 rat
1207 378 1291 420 quod
1316 378 1390 411 satis
1413 377 1476 421 jam
1498 379 1603 414 fuerat
1628 377 1774 410 sectione
1800 375 1906 409 eadem
1930 378 1963 408 in
1987 384 2075 418 parte
2092 375 2140 407 al-

1132 430 1197 455 tera
1220 421 1344 454 Scholii
1369 422 1569 463 propositum
1596 420 1633 454 ad
1659 420 1786 452 Vnt?
1810 420 1883 452 Nos
1905 430 1979 452 vero
2014 431 2050 451 ne
2082 417 2140 450 illa

1156 465 1262 499 uidem
1284 464 1338 498 hic
1362 474 1538 505 repetemus
1558 476 1630 508 quae
1653 464 1689 495 in
1714 463 1785 495 aliis
1807 462 1961 503 Epistolis
1984 473 2023 496 ex
2055 459 2140 495 Val-

1132 477 1223 542 salvae
1240 531 1250 547 ,
1274 518 1328 541 aut
1352 507 1455 542 nostra
1478 508 1701 542 observatione
1727 505 1920 548 protulimus
1937 530 1944 537 .
1959 505 2019 539 Sed
2042 503 2137 546 quid-

1132 551 1213 594 quid
1237 552 1351 591 restat‚
1375 550 1436 585 huc
1461 551 1646 589 afferemu55
1682 559 1796 582 caetera
1820 549 1876 580 illa
1900 551 1955 581 vix
1978 547 2137 582 indicabi-

1132 606 1220 628 mus.
1244 594 1377 629 Restant
1401 604 1508 628 autem
1532 607 1570 629 ex
1594 591 1743 627 Valsalva
1769 590 1909 626 histotiae
1931 593 2023 626 duae.
2047 591 2140 627 Qua-

1131 649 1202 672 rum
1228 640 1329 679 prima
1355 638 1392 670 ad
1417 637 1501 671 hunc
1530 637 1662 671 modum
1686 634 1715 669 se
1738 633 1858 669 habet.

1174 695 1204 722 9.
1230 683 1313 716 VIR
1337 693 1433 715 annos
1455 683 1691 725 quinquaginta
1715 689 1807 715 natus
1828 678 1920 721 queri
1953 677 2071 720 incipit
2102 676 2141 711 de

1131 724 1286 766 impedita
1310 725 1524 766 deglutitione
1541 750 1549 758 .
1576 723 1848 765 Impedimentum
1870 721 2024 762 paulatim
2047 732 2142 763 auge-

1135 777 1206 806 tur:
1232 780 1293 801 vox
1304 770 1466 801 amittitur
1479 781 1489 801 :
1501 769 1534 801 in
1550 765 1760 810 deglutiendo
1774 776 1836 799 non
1852 765 1928 800 levis
1941 766 2036 798 dolor
2050 776 2058 796 :
2071 764 2140 798 cibi

1136 812 1245 854 portio
1269 814 1302 844 in
1314 811 1459 846 faucibus
1482 810 1658 844 remanebat
1674 832 1682 846 ,
1705 820 1775 851 quae
1792 807 1899 842 sensim
1923 807 2026 851 postea
2049 809 2080 840 in
2103 818 2141 841 os

1138 854 1282 895 redibat,
1305 855 1486 893 interdum,
1511 864 1547 888 ut
1572 853 1758 889 videbatur,
1781 861 1957 893 corrupta:
1992 850 2141 884 inacescit

1134 908 1265 940 corpus.-
1277 897 1360 932 nibil
1373 900 1512 933 exterius
1525 908 1637 940 praeter
1649 906 1795 932 naturam
1810 893 2143 937 conspicitur3sinistra

1133 942 1300 975 dumtaxat
1323 942 1507 975 Maxillaris
1534 944 1662 974 interna
1685 939 1837 982 glandula
1860 937 2144 982 percipiturindu·

1133 994 1199 1017 rata
1219 1009 1225 1014 .
1249 985 1415 1026 Repente,
1430 985 1515 1028 quasi
1528 982 1708 1022 suffocatus,
1734 985 1875 1018 moritur
1889 1008 1898 1015 .
1988 982 2142 1016 GLAN-

1134 1029 1266 1063 DULA
1291 1027 1388 1060 modo
1410 1038 1609 1066 memorata,
1633 1027 1711 1061 dura
1726 1048 1735 1063 ‚
1759 1026 1894 1060 habebat
1918 1024 1957 1059 ad
1980 1025 2064 1059 latus
2089 1027 2143 1058 in-

1134 1081 1261 1105 ternum
1285 1073 1450 1104 materiam
1476 1071 1651 1105 albuminis
1674 1069 1829 1103 similem.
1855 1071 1965 1103 Plures
1991 1069 2144 1103 autemin

1135 1115 1321 1156 pharynge,
1342 1117 1374 1148 δε
1399 1116 1434 1147 ad
1461 1114 1615 1148 summam
1631 1114 1795 1155 laryngem
1810 1121 1952 1147 tumores
1963 1111 2145 1155 conspicie-

1134 1157 1255 1191 bantur
1269 1183 1277 1195 ,
1303 1162 1357 1201 qui
1383 1157 1609 1191 carcinomatis
1633 1155 1790 1191 habebant
1805 1165 1948 1189 naturam
1961 1182 1969 1189 .

1182 1212 1226 1235 ιο,
1250 1201 1456 1245 JUVENlS
1479 1202 1609 1244 quoque
1636 1198 1894 1242 postconsimilia
1918 1199 2027 1233 morbi
2045 1197 2147 1241 signa,

1135 1245 1247 1278 eodem
1262 1244 1357 1278 ferme
1367 1245 1462 1287 pacto
1474 1254 1641 1282 mortuus,
1653 1242 1791 1286 ejusdem
1818 1252 1935 1276 naturae
1959 1251 2101 1276 tumores
2110 1254 2149 1276 οφ

1130 1288 1261 1328 stendit,
1275 1288 1449 1330 praesertim
1463 1288 1500 1322 ad
1524 1288 1701 1329 supremam
1715 1288 1856 1328 laryngis
1869 1295 1989 1328 partem
2005 1309 2016 1326 ‚
2029 1287 2060 1318 δε
2072 1297 2149 1328 pro-

1130 1334 1216 1366 xima
1231 1331 1405 1375 pharyngis
1416 1332 1511 1365 latera
1528 1331 1606 1364 ..Sed
1619 1341 1760 1364 tumores
1774 1329 1977 1363 nonnullisin
1990 1329 2069 1363 locis
2082 1328 2148 1371 jam

1130 1385 1217 1410 erant
1227 1374 1575 1418 exulcerati:ipsamque
1588 1374 1813 1417 epiglottidem
1827 1374 1916 1408 ulcus
1928 1372 2150 1417 perforaverat.

1180 1429 1228 1451 ιτ.
1254 1418 1354 1456 Quod
1378 1418 1417 1452 ad
1440 1417 1607 1460 utriusque
1630 1419 1827 1461 repentinam
1851 1418 1966 1451 attinet
1980 1426 2121 1450 mortem
2136 1438 2149 1456 ‚

1133 1462 1209 1496 hinc
1219 1462 1406 1496 confirmare
1431 1463 1551 1505 poteris
1561 1461 1648 1504 quod
1674 1460 1858 1496 Valsalvam
1873 1484 1882 1499 ‚
1910 1458 1970 1493 hos
1984 1460 2066 1494 duos
2079 1460 2147 1494 for-

1132 1506 1208 1539 tasse
1222 1505 1436 1548 spectantem,
1459 1504 1692 1544 mihidixiffe,
1716 1505 1794 1538 alias
1807 1504 1854 1546 (q)
1866 1502 1976 1544 scripsi
1991 1526 2003 1543 ,
2028 1515 2067 1537 ex
2079 1513 2153 1547 gra-

1137 1550 1171 1581 vi
1196 1550 1341 1592 Iaryngis
1353 1551 1439 1582 vitio
1461 1548 1489 1582 se
1504 1549 1553 1581 bis
1576 1547 1730 1590 ejusmodi
1748 1556 1886 1581 mortem
1908 1546 2100 1581 observasse.
2116 1549 2149 1581 A

1138 1604 1187 1625 me
1198 1604 1327 1636 quoque
1351 1594 1385 1625 in
1401 1593 1539 1634 Virgine
1550 1590 1715 1625 observata
1728 1591 1770 1624 est
1782 1613 1790 1627 ‚
1803 1590 1841 1623 de
1851 1601 1914 1633 qua
1927 1590 2049 1623 ibidem
2058 1602 2152 1624 corn-

1136 1637 1331 1675 memoravi,
1354 1639 1386 1669 &
1409 1634 1539 1668 fortasse
1561 1636 1661 1667 etiam
1684 1635 1717 1667 in
1729 1636 1873 1668 Cantore
1884 1633 2149 1676 praestantiffimo,

1136 1691 1233 1722 quem
1257 1677 1458 1712 manifestum
1482 1679 1515 1711 in
1539 1677 1686 1712 faucibus
1708 1678 1798 1712 ulcus
1812 1678 1966 1718 vexabat,
1990 1676 2149 1713 summam

1138 1721 1266 1758 afferens
1277 1722 1500 1756 difficultatem
1523 1719 1723 1763 deglutiendi
1740 1747 1748 1753 .
1782 1721 1840 1755 Sed
1864 1723 2019 1764 quoniam
2045 1722 2078 1756 id
2102 1723 2153 1756 ul-

1141 1778 1196 1800 cus
1212 1766 1249 1799 ad
1261 1777 1336 1809 quas
1359 1765 1454 1808 usque
1476 1774 1582 1808 partes
1606 1765 1636 1798 se
1659 1764 1860 1802 extenderet,
1884 1776 1985 1808 neque
2017 1768 2051 1799 in
2075 1767 2152 1798 vivo

1142 1809 1267 1843 definiti
1282 1836 1289 1847 ,
1313 1821 1413 1852 neque
1437 1811 1470 1842 in
1495 1817 1627 1842 mortuo
1651 1809 1753 1852 quaeri
1779 1809 1873 1843 licuit
1898 1832 1910 1849 ,
1933 1811 2059 1843 idcirco
2082 1821 2150 1843 rem

1145 1864 1205 1895 pro
1227 1862 1313 1887 certa
1325 1862 1552 1895 compertaque
1575 1863 1640 1885 non
1653 1852 1772 1895 posui,
1796 1851 1971 1895 praesertim
1997 1855 2150 1897 quoniam

1145 1896 1323 1931 istiusmodi
1349 1897 1450 1930 ulcera
1476 1894 1648 1937 aliquando
1664 1907 1702 1928 eo
1725 1907 1789 1929 non
1813 1898 2002 1939 perveniunt
2015 1909 2081 1941 quo
2091 1908 2151 1940 pu-

1145 1950 1248 1980 tares,
1271 1939 1443 1982 eademque
1476 1941 1664 1982 perveniunt
1689 1951 1755 1982 quo
1786 1951 1849 1973 non
1874 1951 2019 1982 putares.
2046 1940 2150 1980 Quod

1142 1984 1289 2025 praeclare
1313 1983 1454 2017 ostendet
1476 1981 1561 2016 casus
1584 1983 1671 2024 viri,
1695 1982 1806 2017 eodem
1829 1985 1946 2018 mortis
1963 1995 2073 2028 genere
2098 1985 2151 2018 aba

1143 2028 1250 2068 reptie
1273 2038 1368 2070 quem
1402 2026 1508 2062 casum
1519 2024 1572 2060 etsi
1597 2038 1634 2060 ex
1647 2035 1735 2069 parte
1759 2028 1855 2069 attigi
1880 2028 1913 2061 i'n
1938 2027 2151 2071 EpistolisA-

1142 2071 1318 2103 natomicis
1329 2070 1397 2113 (r),
1419 2080 1559 2112 exparte
1583 2071 1616 2103 in
1642 2070 1701 2103 alia
1725 2081 1821 2114 quam
1845 2069 1883 2105 ad
1906 2080 1936 2105 te
1962 2070 2031 2106 misi
2056 2072 2117 2116 (s)
2139 2084 2150 2112 5

1141 2112 1294 2156 nusquam
1319 2122 1423 2147 tamen
1448 2122 1555 2148 totum
1578 2113 1734 2157 exposui,
1757 2113 1807 2148 sed
1831 2114 1977 2149 consulto
2012 2115 2075 2150 huc
2099 2115 2151 2150 di-

1140 2155 1239 2197 stuli,
1264 2166 1414 2200 tanquam
1437 2157 1475 2191 ad
1499 2156 1604 2191 laesam
1628 2156 1879 2201 deglutitionem
1903 2161 2116 2202 pertinentem
2140 2186 2150 2195 .

1188 2210 1237 2248 iz.
1253 2201 1338 2234 VIR
1350 2209 1437 2238 erat,
1449 2202 1501 2234 cui
1513 2201 1600 2233 inter
1612 2199 1857 2244 deglutiendum
1871 2225 1882 2241 ,
1895 2206 2068 2244 potionum
2079 2215 2150 2246 pars

1137 2242 1260 2276 redibat
1273 2254 1328 2291 per
1341 2254 1430 2277 nares
1443 2266 1450 2274 .
1463 2244 1553 2276 Huic
1565 2243 1707 2286 palatum
1717 2244 1835 2279 osseum
1849 2255 1914 2278 erat
1927 2249 2102 2288 integrum3
2117 2258 2149 2281 at

1133 2286 1232 2319 molle
1244 2310 1253 2326 ,
1266 2287 1354 2320 simul
1367 2298 1439 2321 cum
1452 2287 1556 2324 uvula,
1569 2298 1632 2319 non
1643 2298 1748 2321 recens
1759 2289 1847 2322 ulcus
1857 2285 2085 2334 absumpserat,
2110 2292 2150 2325 ad

1130 2331 1313 2364 cicatricem
1325 2354 1336 2370 ,
1358 2339 1514 2373 quantum
1527 2330 1632 2364 oculis
1645 2332 1779 2373 perspici
1792 2342 1918 2375 poterat
1933 2360 1941 2374 ,
1953 2334 2018 2377 jam
2033 2334 2148 2378 perdu-

1132 2373 1241 2411 Ctum3
1266 2373 1313 2407 sed
1325 2386 1388 2416 qua
1401 2373 1533 2416 perspici
1546 2384 1609 2406 non
1621 2374 1737 2408 licebat
1751 2401 1758 2410 ,
1781 2376 1879 2409 etiam
1894 2388 1965 2412 turn
1990 2379 2127 2420 perstans
2141 2401 2151 2416 ,

1131 2425 1167 2450 ut
1184 2417 1231 2449 vel
1246 2428 1281 2450 ea
1292 2428 1362 2460 quae
1375 2416 1493 2451 screatu
1505 2416 1730 2457 reddebantur,
1742 2418 1963 2461 significabant
1976 2448 1984 2454 .
1998 2424 2083 2456 Cum
2096 2422 2147 2457 his

1131 2460 1218 2509 tuffis
1233 2460 1405 2507 aliquando
1417 2484 1430 2501 ‚
1443 2464 1474 2493 ὃ(
1489 2461 1549 2493 alia
1560 2459 1742 2503 ejusmodi,
1753 2466 1900 2505 quamvis
1923 2466 2006 2498 levia
2017 2488 2026 2503 ‚
2040 2470 2069 2500 δε
2084 2478 2150 2500 arn-

1131 2503 1229 2545 bigua
1241 2526 1253 2543 ,
1265 2504 1475 2545 suspicionem
1491 2504 1660 2537 movebant
1674 2505 1787 2538 ulceris
1798 2505 1867 2540 sese
1878 2508 2025 2543 deorsum
2039 2520 2150 2544 exten-

1131 2546 1255 2580 dentis.
1285 2547 1394 2587 Qam
1420 2549 1510 2581 auxit
1534 2546 1635 2580 subita
1649 2559 1735 2581 mors
1748 2547 2023 2587 suffocatiinstar.

1134 2590 1411 2624 PHARYNGIS
1422 2601 1527 2624 tamen
1538 2589 1673 2625 inferior
1685 2595 1802 2634 pars,&
1816 2605 1887 2636 quae
1903 2594 1961 2630 hac
1977 2598 2147 2642 intercipi·

1135 2643 1190 2666 tur
1201 2633 1317 2675 larynx
1332 2636 1383 2672 ,δε
1395 2632 1470 2667 huic
1486 2632 1640 2676 subjectus
1656 2636 1915 2680 arterireAsperae
1928 2641 2047 2675 canalis
2061 2652 2149 2677 erant

1132 2677 1269 2709 omnino
1281 2675 1574 2721 illaesaequanquam
1584 2677 1703 2713 sinistri
1715 2681 1877 2722 pulmonis
1891 2683 2084 2727 superiorem
2097 2686 2150 2719 lo-

1133 2719 1225 2759 bum,
1242 2731 1315 2754 cum
1328 2722 1528 2755 attrecta-em
1542 2745 1550 2759 ‚
1562 2721 1677 2757 durum
1688 2746 1696 2762 ‚
1711 2733 1784 2757 cum
1797 2724 1955 2767 secarern,
1979 2739 2093 2771 magna
2106 2741 2146 2764 ex

1136 2773 1223 2813 parte
1248 2763 1370 2806 pessime
1392 2775 1581 2808 corruptum
1604 2764 1746 2801 offendi·
1774 2769 1878 2803 Ulcus
1904 2780 2009 2805 autem
2036 2772 2073 2806 ad
2100 2770 2148 2807 al*-

1135 2815 1231 2840 tiores
1270 2807 1445 2852 pharyngis
1468 2818 1591 2851 partes,
1614 2812 1646 2842 &
1670 2809 1707 2843 ad
1732 2811 1903 2852 posteriora
1926 2814 1988 2848 nasi
2012 2815 2148 2850 forami-

1135 2860 1175 2883 na
1198 2850 1227 2884 se
1251 2850 1462 2898 perduxerat,
1484 2851 1592 2894 ibique
1616 2852 1788 2894 perstabat.
1823 2857 1988 2892 Caeterum
2025 2860 2146 2895 Venti-e

1137 2903 1272 2935 aperto,
1297 2906 1409 2936 Jecur,
1433 2898 1466 2928 &
1489 2895 1635 2928 intestina
1660 2896 1854 2939 quibusdam
1868 2900 1969 2940 locis,
1991 2903 2148 2939 intimos..

1136 2948 1197 2979 que
1222 2936 1403 2971 abdominis
1428 2939 1587 2972 musculos
1610 2939 1716 2973 inveni
1739 2942 1825 2984 quasi
1850 2954 1889 2978 ex
1912 2945 2073 2989 praegressa
2096 2949 2147 2983 in-

1134 2979 1353 3030 flammatione
1376 2982 1530 3022 liventia,
1554 2985 1586 3015 δε
1609 2993 1702 3024 grave
1722 2985 1860 3020 olentia.

1138 3068 1160 3076 ..
1182 3037 1231 3068 13.
1257 3025 1355 3075 .Ub¹.³
1378 3027 1410 3057 &
1432 3036 1498 3075 quo
1522 3035 1668 3068 tempore
1690 3027 1723 3061 id
1747 3030 1878 3064 cadaver
1900 3030 2051 3069 seruerim
2076 3057 2088 3075 ,
2111 3035 2147 3069 in

1136 3079 1181 3119 iis⁸
1200 3067 1356 3111 Epistolis
1384 3078 1519 3118 reperies
1536 3092 1546 3106 ,
1569 3080 1646 3112 quas
1659 3071 1757 3111 paulo
1768 3083 1843 3106 ante
1859 3078 1925 3115 (t)
1940 3077 2144 3117 indicabam,

1137 3111 1342 3161 ibidemque,
1367 3113 1397 3144 &
1423 3112 1568 3154 Epistola
1592 3124 1719 3158 quoque
1743 3116 1781 3149 ad
1807 3127 1838 3151 te
1860 3119 2049 3162 XX11.(u)
2071 3133 2145 3164 quae

1138 3155 1177 3188 de
1189 3166 1339 3198 origine,
1363 3155 1505 3189 &causis
1528 3157 1623 3199 attigi
1648 3158 1735 3193 illius
1747 3161 1940 3202 pulmonum
1952 3165 2143 3205 vitii.Qae

1139 3210 1215 3249 vero
1240 3196 1427 3248 ad'causas,
1450 3199 1645 3249 modumque
1669 3204 1832 3244 attinent,
1866 3216 1932 3246 quo
1965 3206 2144 3245 deglutitio

1138 3252 1174 3275 m
1196 3254 1236 3276 eo
1259 3252 1350 3279 Viro,
1377 3250 1430 3274 aut
1453 3253 1487 3275 in
1510 3243 1636 3278 duobus
1659 3257 1742 3288 quos
1765 3257 1783 3280 a
1809 3248 1954 3285 Valsalva
1994 3244 2143 3286 diffie-{05

1133 3284 1285 3336 proposui
1300 3310 1309 3324 ,
1331 3284 1503 3320 laedebatur
1518 3309 1526 3324 ‚
1538 3286 1616 3320 adeo
1627 3288 1792 3324 manifesta
1809 3290 1880 3324 sunt
1894 3293 2048 3328 universae
2062 3295 2143 3338 pha-

1132 3340 1243 3379 ryngis
1253 3352 1265 3368 ‚
1283 3331 1320 3379 ’δε
1330 3329 1472 3378 laryngis
1494 3329 1679 3366 necessarios
1693 3333 1726 3365 in
1739 3332 1946 3376 deglutiendo
1959 3348 2066 3372 motus
2075 3349 2142 3372 non

1128 3381 1310 3414 ignoranti,
1336 3381 1371 3405 ut
1395 3374 1527 3407 minime
1550 3385 1636 3417 opus
1658 3373 1696 3408 fit
1706 3375 1881 3410 declarare.
1907 3380 1982 3414 Huc
1995 3380 2141 3422 spectant

1128 3417 1162 3449 in
1187 3417 1336 3450 Seetione
1361 3415 1418 3449 hac
1435 3417 1497 3451 IV.
1510 3417 1710 3461 Sepulchreti
1721 3443 1734 3460 ,
1749 3419 1998 3457 Observationes
2014 3425 2144 3466 XVII.‚‘

1127 3461 1243 3507 quaetin
1260 3458 1378 3494 duabus
1390 3459 1460 3493 sunt
1473 3461 1718 3503 Appendicibus
1729 3474 1797 3505 quae
1810 3465 1879 3497 XX.
1908 3465 2139 3504 Observationi

1129 3502 1341 3552 subijciuntur
1352 3528 1359 3537 .
1385 3503 1430 3535 Et
1443 3505 1588 3546 quamvis
1598 3516 1660 3547 ego
1671 3529 1683 3545 ,
1695 3516 1769 3540 cum
1782 3508 1816 3540 in
1832 3507 1955 3542 senibus
1965 3510 2081 3552 plures,
2102 3522 2142 3548 ue

1127 3546 1204 3580 alias
1214 3547 1440 3589 dixi,laryngis
1449 3548 1650 3592 cartilagines
1661 3548 1862 3627 sepenfimero
1872 3549 1967 3586 osseas
1978 3551 2079 3589 fafitas
2089 3556 2146 3591 in-

2041 3609 2095 3633 ve.

108 3671 2109 3698 *um—..nam

112 3731 166 3762 (ι)
182 3729 245 3756 Sest-
264 3738 287 3765 ς..
307 3730 360 3765 Apl:
388 3737 433 3764 13.=
485 3726 547 3758 (d)
561 3730 598 3763 pe
614 3727 705 3762 Medic.
722 3728 739 3753 Ι.
758 3736 779 3755 x.
794 3735 814 3753 e.
831 3737 856 3760 3.

132 3762 172 3816 f)
188 3763 301 3790 Experim
328 3768 393 3786 cirea
408 3760 499 3785 diversa
513 3767 527 3784 e
544 3758 662 3784 viventib.
677 3758 780 3784 exsecta.

149 3792 163 3820 )
178 3793 214 3816 ne
229 3791 358 3817 duodecim
377 3791 489 3816 caesnib.
506 3790 521 3814 l.
539 3797 561 3820 3.
579 3797 600 3824 q.
618 3797 653 3814 ιο.

478 3820 535 3853 (r)
549 3820 621 3852 Epist.
639 3828 663 3851 9.
679 3828 704 3846 ri.
722 3828 744 3852 9.
758 3822 782 3849 8η
797 3826 836 3855 10,

916 3728 968 3759 (e)
985 3738 1024 3760 ¹4·

112 3821 173 3857 (Α)
188 3821 262 3853 Epist.
278 3829 317 3849 υ..
333 3830 359 3848 n.
377 3830 416 3854 ²⁵·

841 3758 896 3789 (h)
913 3761 1003 3785 1nfem.
1020 3767 1085 3786 cant.
1104 3770 1141 3792 ³3·

716 3792 730 3820 (
741 3790 783 3818 na)
798 3789 894 3816 Pathol.
910 3790 928 3814 l.
946 3795 967 3816 6.
983 3799 1004 3815 c.
1023 3800 1044 3816 1.
1063 3793 1088 3817 in
1104 3793 1145 3818 fin.

900 3820 949 3855 (I)
966 3822 1041 3854 Epist.
1057 3831 1099 3855 ις.
1114 3832 1141 3850 n.
1156 3832 1195 3856 5⁰·

1086 3731 1136 3762 (J)
1152 3734 1294 3760 Comment.
1313 3733 1339 3757 in
1353 3732 1395 3758 cit.
1412 3734 1475 3763 aph.
1494 3742 1534 3765 ¹3.·

1400 3763 1435 3795 [a
1446 3766 1459 3792 )
1476 3767 1511 3790 oe
1527 3765 1597 3791 seno
1612 3767 1677 3792 caii.
1695 3768 1712 3793 i.
1728 3771 1752 3795 6.
1768 3776 1789 3796 e.
1806 3771 1849 3800 38-

1472 3826 1532 3858 (υ)
1546 3797 1640 3855 afa?
1654 3798 1715 3825 ebs.
1731 3807 1771 3825 ιι.
1832 3796 1893 3829 (2)
1906 3799 1974 3833 tufts

1202 3766 1258 3828 ἕνῃ)
1273 3771 1347 3820 zegt.
1363 3803 1385 3824 4,
1402 3794 1463 3820 Obs.
1478 3803 1519 3825 3⁰·

1256 3826 1312 3857 (e)
1327 3832 1352 3854 n.
1372 3831 1408 3852 n.
