2498 4075
427 78 493 141 75

362 161 422 203 qui
445 160 479 192 in
501 151 674 200 epileptico
697 153 863 188 Cardinali
888 153 1005 188 cerebri
1028 149 1184 186 corticem
1207 160 1270 192 qua
1292 146 1366 191 insi-

363 204 421 248 gni
445 200 595 244 hydatidi
619 197 828 240 respondebat
844 223 852 238 ,
874 199 913 231 ad
934 206 1002 231 eam
1023 191 1203 234 refiflentem
1214 190 1368 234 confision-

365 249 447 283 tz'am
471 243 637 286 devenisse,
658 243 801 283 invenit,
821 252 887 284 quae
904 240 997 283 plane
1010 234 1167 282 scirrhosa
1189 236 1368 269 videretur.-

366 291 438 323 Cel.
461 298 572 325 autern
597 286 713 319 Virum
737 285 888 325 Ioannem
911 285 1089 315 Fantonum
1122 281 1199 320 (g)
1222 280 1257 311 in
1280 277 1368 320 pueri

366 334 474 376 capite
496 339 589 372 quem
612 323 761 370 epilepsia
785 327 971 364 sustulerat,
990 322 1163 367 praeduram
1195 322 1368 363 portionem

349 373 480 419 >Callofi
503 372 641 414 corporis
662 370 778 405 cerebri
796 393 809 414 >
840 369 877 403 (θ’
908 367 990 403 nihil
1019 373 1166 408 praeterea
1199 364 1369 402 morbosum

371 415 539 461 reperisse,
563 416 639 448 Huc
662 413 738 447 adde
749 413 914 446 Cl.Viros
927 409 1179 445 Abr.Kaavium
1200 411 1214 447 (
1236 407 1256 440 h
1279 410 1312 445 )‚
1337 409 1368 438 &

374 461 591 496 Baltbasarern
615 457 867 491 Walthierium.
891 454 949 489 Ille
972 453 1059 486 enim
1081 453 1115 483 in
1138 451 1289 483 claffiario
1313 450 1375 482 mi—

375 506 455 547 lite,
479 502 661 546 epilepticis
684 499 854 534 insultibus
876 496 932 530 diu
957 496 1126 533 obnoxio,
1151 496 1182 526 &
1205 494 1238 525 in
1261 493 1375 527 horum

375 547 553 592 postremo,
576 546 632 586 qui
657 544 751 584 longe
775 539 1013 575 violentiffimus
1036 537 1100 571 fuit
1112 560 1123 576 ,
1147 545 1271 580 repente
1294 547 1378 568 mor-

369 601 429 627 tuo
452 613 462 629 ‚
485 601 558 624 cum
583 587 663 626 alia,
687 596 757 621 tum
779 584 897 618 cerebri
920 585 1075 631 corticem
1099 591 1162 613 non
1176 578 1379 623 ⁴inodoubi-

376 646 437 677 que
460 633 595 667 multum
614 630 797 664 induratum
818 651 830 668 ,
849 626 904 664 >sed
928 626 1041 660 multis
1073 625 1105 656 in
1139 623 1215 656 locis
1242 621 1378 664 [cirrho-

374 679 473 721 sum,
496 677 529 712 in
543 673 625 709 ‘aliis
647 671 729 714 quafi
752 671 988 713 cartilagineum
1021 667 1193 709 praesertim
1227 676 1285 706 quo
1304 675 1379 708 pro..

374 723 448 768 pior
471 725 538 752 erat
560 716 677 749 vertici
691 737 701 754 ,
724 712 932 756 deprehendit
947 736 955 743 .
981 709 1198 745 Walthierius
1211 718 1317 741 autem
1339 707 1378 742 ad

381 775 430 796 me
453 772 524 795 cum
547 760 619 795 aliis
642 757 680 792 de
703 758 818 799 quibus
851 764 940 788 antea
964 754 992 796 ⁷(
1010 755 1022 787 i
1043 758 1056 790 )
1089 752 1338 792 commemoravi
1366 774 1378 791 ‚

374 801 666 839 Observationibus
702 799 781 833 hanc
812 809 940 843 quoque
974 796 1083 836 unfit,
1115 794 1202 838 cujus
1225 793 1379 831 suminam

370 850 528 884 continuo
551 844 744 877 adscribam,

418 902 469 933 25.
494 889 578 922 VIR
602 885 916 928 annorum'triginta
939 884 1103 927 quinque,
1126 881 1253 918 habitus
1278 883 1382 924 graci-

374 935 414 967 lis
438 960 447 974 ‚
479 931 591 965 dolore
613 930 730 971 capitis
766 928 908 961 frontem
928 927 1031 960 versus
1054 937 1126 960 cum
1150 925 1238 960 sensu
1261 925 1382 967 ponde-

372 979 418 1013 ris
440 983 629 1015 correptus,
650 972 727 1005 bene
750 972 862 1005 multis
885 982 955 1015 quae
989 972 1071 1003 intra
1105 970 1271 1003 biennium
1301 969 1381 1001 cele-

377 1019 510 1054 berrimi
532 1019 762 1059 imperaverant
783 1015 928 1055 Medici,
951 1013 1060 1048 frustra
1085 1013 1241 1059 permitis,
1264 1011 1380 1048 incidit

373 1067 408 1098 in
431 1063 555 1098 cursum
579 1060 741 1102 sanguinis
764 1071 803 1096 ex
827 1058 954 1093 naribus
978 1080 990 1097 ³
1014 1058 1069 1100 qui
1108 1056 1274 1100 postquam
1314 1067 1379 1088 ma-

373 1119 434 1151 gna
458 1106 551 1148 copia
576 1104 702 1147 erupit,
726 1114 780 1147 per
803 1103 832 1135 se
855 1102 925 1136 dein
948 1101 1043 1137 fluere
1066 1099 1175 1133 desiit.
1211 1099 1284 1133 Post
1315 1099 1346 1132 id
1371 1123 1384 1139 ,

376 1151 508 1185 orbatus
531 1146 703 1183 olfaciendi
737 1146 889 1182 facultate
915 1168 924 1184 ‚
957 1144 1070 1178 deinde
1104 1143 1284 1185 epilepticis
1317 1154 1386 1184 pre-

373 1193 488 1229 hensus
510 1190 702 1229 insultibus,
725 1189 776 1223 his
798 1190 908 1233 saepius
931 1186 969 1221 ad
993 1198 1091 1220 annos
1114 1185 1194 1219 duos
1216 1185 1386 1220 confflera-

375 1246 427 1270 tus
442 1260 454 1276 ,
477 1234 636 1268 noviffime
672 1233 793 1265 obierat
816 1257 822 1267 ,
954 1231 1199 1265 CALVARIA
1218 1251 1220 1254 .
1236 1230 1350 1262 reclusa
1375 1252 1384 1266 ‚

377 1280 465 1313 nihil*
488 1278 526 1311 ab
549 1285 658 1311 natura
681 1277 820 1309 alienum
843 1276 1009 1308 inventum
1033 1272 1099 1313 est,
1121 1272 1179 1306 nifi
1205 1272 1242 1306 ad
1267 1272 1384 1308 cerebri

377 1322 538 1356 anteriora
553 1343 562 1359 ‚
584 1319 639 1354 ubi·
663 1320 697 1353 in
721 1318 845 1355 sinistro
868 1318 997 1362 quidem
1020 1318 1116 1350 latere
1138 1316 1244 1359 aliqua
1258 1316 1384 1358 sangui-

377 1369 427 1399 nis
450 1365 545 1407 copia
571 1362 689 1402 effusa,
711 1374 729 1396 a.
749 1362 870 1397 dextris
895 1371 998 1395 autem
1019 1360 1121 1393 versus
1154 1371 1227 1393 eum
1260 1358 1386 1401 proces-

376 1409 444 1443 sum
468 1419 563 1452 quem
586 1405 725 1441 Cristam
748 1407 839 1439 Galli
862 1404 1050 1439 Anatomici
1062 1412 1200 1443 vocant,
1224 1403 1384 1435 cerebrum

374 1453 482 1496 ipsum
505 1452 620 1485 durum
645 1458 739 1491 atque
761 1449 937 1488 callosum,
961 1446 1187 1489 aretiffirneque
1199 1457 1380 1479 connexum

374 1507 448 1530 cum
470 1498 563 1530 Dura
586 1494 733 1535 meninge
756 1491 980 1535 deprehensum
1005 1490 1086 1524 fuit.

367 1575 374 1580 ‚
417 1542 468 1572 26.
494 1539 573 1572 Veri
598 1535 699 1573 ,firnile
721 1535 786 1579 est,
809 1535 941 1580 spiritus
964 1534 1112 1569 animales
1135 1534 1169 1567 in
1201 1532 1378 1567 tumultua-

952 67 1110 122 Liber
1143 66 1181 118 i.
1215 64 1299 118 De
1335 60 1541 116 Morbis
1575 59 1780 124 Capitis

1416 146 1481 179 rios
1501 153 1608 178 motus
1631 142 1751 176 refleffi
1771 139 2023 184 quotiescunque
2044 139 2148 183 aliqua
2170 139 2208 172 de
2225 132 2316 169 causa
2328 137 2416 174 velo.

1416 190 1484 222 cius
1509 188 1592 226 acti,
1610 184 1657 219 'ad
1678 194 1761 218 certa
1793 183 1937 228 quaedam
1969 185 2040 217 loca
2072 185 2268 225 pervenerint
2298 186 2417 222 cerebri

1416 232 1460 265 ob
1481 231 1632 263 callosam
1653 228 1805 262 duritiem
1819 250 1829 265 ,
1852 237 1906 261 aut
1930 227 1973 260 ob
1994 227 2218 269 interpositum
2259 228 2415 271 apostema

1420 273 1545 320 prorsus
1561 272 1744 314 impervia:
1763 280 1944 314 quanquam
1965 273 1999 303 ἃ
2020 269 2174 312 apostema
2195 271 2318 305 videtur
2342 272 2415 312 pos..

1420 321 1448 350 ie
1472 316 1595 360 aliquid
1618 327 1655 348 ex
1677 314 1760 347 sein
1783 314 1933 347 viciniam
1955 313 2153 354 emittendo,
2174 313 2285 348 turbas
2315 315 2415 350 ciere.

1550 361 1599 392 Ut
1623 367 1659 392 ut
1681 356 1746 397 est,
1769 356 1791 390 fi
1815 368 1833 389 a
1857 357 1978 390 cerebri
2001 355 2141 398 duritie,
2172 356 2203 397 fir
2226 357 2267 390 ab
2287 358 2419 400 ¹aposte-

1419 413 1502 438 mate
1519 426 1532 444 ,
1553 402 1576 435 si
1600 401 1637 434 ab
1661 400 1706 434 sui
1728 401 1850 443 generis
1872 398 2025 437 abscessu,
2049 399 2072 433 si
2096 412 2113 433 a
2137 400 2282 434 vasorum
2305 400 2421 435 disten-

1425 449 1536 486 tione,
1559 444 1582 479 fi
1606 445 1645 478 ab
1666 455 1748 487 aqua
1770 453 1824 477 aut
1847 444 1971 485 multa,
1994 451 2048 477 aut
2071 455 2169 487 pauca
2187 466 2200 483 ,
2223 454 2278 477 aut
2311 444 2389 479 flava
2413 473 2423 490 ,

1427 500 1480 524 aut
1504 487 1663 531 limpida,
1684 488 1707 520 fi
1734 486 1771 519 ab
1794 487 1863 521 aliis
1884 497 2031 529 praeterea
2052 486 2152 520 causis
2171 485 2354 529 epilepsiam
2371 488 2426 522 fie-

1430 535 1480 572 ri,
1503 542 1582 571 aut5
1606 531 1628 565 fi
1651 531 1764 564 harum
1788 531 1909 575 aliquas
1931 542 1990 573 pro
2018 528 2183 564 effeffibus
2215 530 2328 565 habere
2357 544 2426 566 ma-

1430 580 1498 614 vis,
1523 586 1556 609 at
1580 575 1681 608 foveri
1705 573 1837 613 saltem,
1861 574 1998 614 servari,
2021 575 2126 616 augeri
2151 573 2254 617 posse,
2276 584 2341 607 non
2372 576 2427 610 ne'.

1430 632 1504 661 gas3
1528 618 1613 652 vides
1637 618 1805 660 proferftm
1827 628 1924 659 quam
1946 615 2089 651 difficilis
2100 616 2137 650 fit
2148 615 2427 661 aliqtiaiidoip,sius

1427 664 1579 709 curatio,
1601 671 1692 704 atque
1715 660 1792 693 adeo
1816 669 1851 693 ut
1874 663 1957 693 vires
1979 661 2071 693 Artis
2088 659 2222 694 excedat
2237 686 2244 695 .
2364 664 2427 697 Vi-

1428 707 1483 740 des
1506 706 1622 746 simulo³
1644 716 1717 738 cum
1742 702 1798 737 has
1822 714 1886 736 non
1909 702 2054 744 excedit,
2077 715 2174 745 quam
2196 704 2280 737 varia
2303 709 2428 742 curatio

1426 749 1485 783 esse
1506 750 1638 785 debeat,
1661 757 1737 780 tunc
1770 758 1898 789 quoque
1930 758 2003 780 cum
2036 747 2191 789 epilepsiae
2222 746 2312 781 causa
2344 749 2430 784 intra

1431 794 1572 828 cranium
1595 792 1657 831 est,
1681 801 1744 823 non
1755 790 1935 825 modocum
1958 799 2045 823 extra
2072 791 2197 833 ipsum,
2219 789 2309 833 cujus
2332 795 2429 828 etiam

1430 836 1609 880 epilepfiae,
1632 835 1788 875 variaeque
1811 833 1877 876 ejus
1900 835 2077 867 curationis
2088 834 2211 876 aliquot
2222 834 2314 876 supra
2326 845 2430 871 exem.

1432 881 1484 923 pla
1509 879 1723 922 protulimus.
1856 876 2074 917 Qamobrem
2108 887 2336 919 nonnunquam
2367 882 2430 914 im-

1432 926 1571 962 merito,
1595 922 1673 964 saepe
1698 920 1814 954 merito
1836 919 2022 954 accusantur
2043 917 2164 953 Medici
2186 921 2213 958 ,“
2231 922 2319 963 iique
2350 933 2433 964 prae-

1432 968 1540 1001 sertim
1564 968 1703 1007 qui-una
1726 974 1835 998 omnes
1854 962 2018 1006 epilepsias
2041 965 2162 996 ratione
2186 975 2220 996 ac
2252 963 2350 998 modo
2380 979 2434 1010 ag-

1431 1011 1637 1053 grediuntur.
1664 1009 1783 1041 Verum
1809 1007 1874 1040 haec
1898 1017 1951 1049 per
1974 1006 2053 1040 alios
2075 1018 2204 1050 quoque
2228 1007 2356 1043 morbos
2390 1003 2436 1044 lass

1433 1064 1465 1086 te
1489 1062 1596 1096 patens
1620 1050 1776 1084 necessitas
1808 1052 1932 1089 varice,
1965 1061 2000 1082 ac
2034 1051 2227 1092 multiplicis
2258 1054 2435 1088 curationis

1436 1098 1587 1131 summam
1613 1095 1691 1128 facit
1710 1094 1747 1126 in
1771 1095 1852 1127 recte
1877 1092 2032 1126 medendo
2056 1092 2300 1127 difficultatem:
2338 1096 2434 1140 qfiam

1436 1150 1474 1174 ut
1496 1140 1683 1172 Anatoniici
1698 1160 1711 1177 ,
1735 1140 1835 1170 varias
1858 1137 1951 1170 unius
1972 1136 2077 1169 morbi
2104 1136 2207 1171 causas
2233 1138 2419 1181 retegendo

1435 1185 1535 1226 magis
1558 1182 1674 1223 semper
1696 1180 1859 1223 magisque
1882 1180 2117 1219 demonstrant5
2140 1178 2182 1213 fic
2213 1182 2336 1216 utinam
2350 1185 2352 1187 ’
2367 1166 2440 1218 Me:

1436 1227 1500 1261 diri
1526 1226 1610 1258 varia
1634 1225 1791 1258 variarum
1816 1223 1978 1256 causarum
1991 1222 2073 1265 signa
2087 1222 2294 1265 adnotando,
2318 1225 2440 1268 poss‘ent

1439 1272 1557 1312 pariter
1580 1270 1703 1310 magis,
1726 1267 1887 1309 magisque
1913 1270 2098 1299 extenuare.
2122 1265 2224 1302 Quod
2246 1269 2441 1310 quidemde-

1438 1312 1625 1357 sperandum
1650 1311 1870 1353 usquequaque
1894 1320 1956 1342 non
1981 1308 2044 1349 est,
2069 1308 2166 1341 modo
2198 1313 2326 1354 utrique
2349 1339 2357 1354 ‚
2390 1315 2443 1352 5111

1437 1355 1568 1401 quidem
1594 1364 1737 1387 accurate
1762 1352 1897 1386 secando
1917 1376 1925 1391 ‚
1954 1352 1988 1384 hi
2025 1364 2099 1385 vero
2131 1352 2304 1395 diligenter
2335 1357 2444 1392 obser.

1435 1402 1561 1439 vando,
1586 1399 1774 1437 unanimes,
1798 1407 1834 1430 ut
1858 1408 1912 1439 par
1935 1395 1998 1433 est,
2033 1398 2066 1428 in
2101 1407 2132 1428 re
2168 1401 2251 1431 tanti
2285 1403 2443 1436 momenti

1436 1444 1503 1477 suas
1525 1443 1645 1486 quique
1669 1450 1771 1487 partes
1796 1450 1907 1482 agant.
1934 1440 2081 1481 Qarum
2106 1439 2275 1483 utrasque,
2301 1455 2354 1477 ant
2375 1456 2446 1479 cer.

1431 1497 1461 1520 te
1484 1488 1648 1520 alterutras
1672 1483 1814 1525 suscipe,
1837 1483 1965 1525 quceso,
1990 1484 2037 1516 vel
2063 1485 2173 1525 potius
2196 1490 2285 1520 tuere
2301 1512 2310 1528 ‚
2334 1497 2371 1522 ut
2395 1487 2446 1523 fa-

1429 1532 1496 1569 cis,
1521 1529 1544 1562 si
1569 1541 1617 1563 me
1639 1528 1774 1561 deserere
1798 1538 1860 1560 non
1886 1527 1971 1561 vides
1996 1538 2099 1560 meas.
2126 1526 2207 1560 Vale
2223 1553 2231 1560 .

437 1745 982 1827 ‘EPISTOLA‘
1072 1705 2184 1824 ANATOMICO-MEDICA
2279 1758 2358 1819 X.

674 1912 874 1980 Agitur
906 1908 969 1960 de
1002 1906 1378 1967 Convulsione,
1415 1907 1469 1958 <Sc
1506 1904 1749 1956 Motibus
1785 1901 2122 1955 Convulsivis
2144 1940 2159 1954 .

386 2055 700 2173 AFseftiones
722 2056 772 2093 hae
806 2066 876 2098 quae
910 2055 1055 2088 Sce'tione
1086 2052 1182 2087 XIII.
1221 2034 1253 2089 in
1281 2050 1391 2091 Sepulc

528 2099 643 2133 elireto
665 2108 891 2144 proponuntur
908 2121 919 2138 ,
945 2097 1023 2139 saepe
1045 2096 1121 2130 adeo
1146 2094 1175 2126 se
1200 2092 1270 2126 aliis
1281 2092 1391 2135 adjun-

527 2154 629 2185 gunt,
653 2153 688 2177 ut
711 2145 744 2176 in
768 2142 924 2185 plerisque
955 2138 1244 2173 Observationibus
1277 2136 1392 2170 diserte

382 2189 551 2223 admoneat
577 2188 714 2220 Bonetus
729 2212 737 2226 ‚
761 2185 842 2228 ipsas
868 2184 906 2219 ad
930 2184 1090 2217 &stiones
1114 2182 1189 2214 alias
1213 2181 1258 2214 sui
1271 2181 1392 2222 Operis

384 2234 538 2266 attinere.
566 2230 693 2263 Nostrae
718 2238 823 2263 autem
847 2226 1085 2262 consuetudinis
1109 2236 1182 2259 cum
1205 2224 1339 2256 minime
1354 2221 1392 2255 sit

385 2288 449 2310 non
474 2273 571 2308 modo
594 2275 627 2305 in
652 2285 735 2311 unas
760 2272 793 2304 id
817 2271 904 2315 quod
928 2269 1059 2304 subinde
1082 2270 1131 2301 i-lli
1156 2293 1165 2307 ‚
1188 2277 1282 2310 atque
1315 2265 1393 2299 adeo

386 2323 421 2352 in
447 2319 590 2362 Seffione
618 2315 675 2350 hac
700 2326 824 2358 quoque
848 2314 913 2356 (a)
937 2312 1082 2352 excidit5
1106 2311 1155 2345 sed
1179 2322 1216 2343 ne
1241 2312 1274 2342 in
1298 2309 1393 2342 variis

385 2362 518 2407 quidem
541 2359 674 2401 suscepti
700 2360 818 2400 Operis
844 2356 987 2400 partibus
1010 2356 1129 2390 easdem
1145 2353 1395 2387 Observationes

388 2414 548 2448 repetere;
570 2403 637 2435 noli
662 2403 717 2435 hic
742 2402 895 2443 plurimas
920 2410 983 2431 non
1009 2398 1217 2440 infrequentis
1249 2396 1397 2437 alioquin

388 2449 467 2482 mali
493 2459 506 2479 a
532 2445 625 2479 nobis
648 2445 831 2487 expestare:
855 2442 905 2477 sed
931 2441 951 2477 si
965 2442 1068 2483 plnres
1080 2442 1191 2485 cupis3
1215 2440 1399 2480 iniisquae-

389 2504 436 2526 res
461 2489 639 2532 Epistolis,
664 2500 739 2532 quas
763 2488 842 2522 alias
859 2511 867 2525 ‚
891 2485 926 2519 ad
952 2486 1092 2518 Vulnera
1127 2481 1300 2527 praesei·tim
1331 2484 1400 2523 spe-

389 2537 534 2573 nantes,
557 2534 747 2571 misterium,
770 2540 825 2567 aut
848 2531 883 2562 in
908 2528 1066 2573 plerisque
1089 2529 1186 2560 etiam
1207 2537 1311 2558 earum
1324 2535 1400 2566 quas

391 2588 481 2612 antea
503 2574 668 2615 misimus,
693 2577 723 2607 δε
749 2584 865 2616 praeter
888 2581 1038 2611 caeteras,
1061 2573 1095 2604 in
1120 2569 1298 2613 postrema.
1326 2568 1395 2600 Ne-

391 2633 451 2664 que
476 2620 560 2654 enim
583 2618 644 2653 sine
666 2617 857 2652 convulsivis
881 2615 1114 2657 agitationibus
1136 2624 1208 2646 vera
1231 2610 1287 2645 effe
1299 2609 1399 2654 potest

391 2662 562 2706 epilepsia:
587 2663 733 2704 quamvis
755 2660 820 2693 illae
847 2658 984 2701 poffinc,
1008 2669 1045 2692 ut
1080 2657 1193 2699 saepius
1225 2654 1367 2688 videmus
1387 2677 1400 2693 ,

391 2708 454 2742 fine
478 2706 556 2742 hac.
585 2703 689 2749 Cujus
711 2703 906 2737 discriminis
929 2701 1052 2736 causam
1068 2725 1082 2742 ,
1103 2711 1176 2733 cum
1199 2698 1263 2732 illae
1287 2708 1402 2730 acere-

392 2752 451 2786 bro
474 2750 570 2788 sunt,
592 2759 713 2783 certam
736 2746 866 2790 quidem
880 2769 892 2786 ,
915 2748 946 2779 ὃ(
970 2746 1165 2787 exploratam
1189 2742 1227 2775 ab
1242 2753 1280 2774 eo
1295 2740 1398 2783 requi-

395 2806 442 2831 res
465 2794 522 2835 qui
545 2791 622 2826 scire
645 2791 697 2832 se,
718 2789 845 2826 credat,
869 2800 930 2832 qua
952 2789 986 2821 in
1009 2788 1126 2823 cerebri
1152 2795 1237 2828 parte
1259 2785 1398 2827 quimo-

388 2847 448 2872 *tus
470 2836 571 2877 fiant,
596 2847 670 2869 cum
693 2835 866 2869 sentimus,
890 2841 943 2866 aut
965 2843 1038 2865 curn
1061 2832 1129 2865 ullo
1150 2829 1249 2862 modo
1271 2828 1396 2868 cogita-

399 2891 489 2914 mus.
512 2880 587 2920 Ego
610 2879 667 2922 qui
690 2875 775 2910 nihil
798 2875 855 2908 nisi
879 2874 1070 2919 conjeeturas
1095 2875 1169 2908 dare
1193 2871 1323 2917 poffimq,
1347 2869 1399 2902 hi-

398 2923 510 2958 storias
533 2920 642 2960 malo,
664 2931 759 2963 quam
783 2918 979 2959 conjeeturas
1003 2918 1162 2960 proferre,
1185 2927 1256 2958 quae
1288 2915 1309 2946 si
1335 2923 1399 2945 rem

402 2966 536 3001 debeant
559 2975 693 3007 quoquo
716 2962 815 2997 modo
837 2960 965 2995 definire
984 2972 995 2999 3
1029 2961 1083 2995 hic
1113 2959 1243 3003 quidem
1276 2956 1401 2999 prorsus

400 3008 634 3044 commentitiae
658 3006 741 3045 fint,
765 3013 918 3049 oportet:
941 3004 963 3036 fi
988 3006 1052 3037 veri
1086 3001 1330 3037 fimilitudineiu
1362 2999 1406 3031 se-

401 3054 482 3096 qui3
505 3051 601 3086 nimis
624 3051 826 3092 generatim,
849 3046 1052 3091 universeque
1082 3048 1276 3089 ,excogitatae
1298 3068 1304 3075 .
1340 3044 1404 3076 His

401 3107 506 3130 tamen
554 3094 642 3129 otius
665 3105 761 3136 quam
784 3092 851 3126 illis
876 3100 974 3128 ut01·‚
995 3090 1248 3134 quandocunque
1277 3088 1327 3120 uti
1350 3097 1405 3118 ne..

402 3137 478 3174 cesse
500 3106 566 3178 esi),
587 3137 707 3180 quippe
730 3148 798 3178 quae
822 3135 916 3177 longe
939 3135 1043 3167 minus
1067 3133 1123 3168 esse
1146 3133 1295 3167 videntur
1317 3140 1404 3162 erro-

407 3183 493 3218 ribus
527 3181 676 3215 obnoxiae
697 3204 708 3220 ,
741 3178 907 3221 multoque
950 3178 1153 3219 paucioribus
1184 3186 1254 3209 turn
1302 3173 1403 3205 verbis

407 3233 525 3268 egent,
547 3228 617 3259 turn
640 3223 805 3267 postulatis
820 3244 830 3260 ,
851 3223 920 3254 imo
943 3219 993 3254 his
1016 3221 1094 3256 adeo
1118 3219 1288 3256 facilibus,
1311 3226 1404 3258 atque

407 3267 585 3313 perspicuis
602 3289 613 3305 ,
635 3275 671 3301 ut
696 3275 855 3309 ponantur
878 3264 991 3306 saepius
1009 3287 1017 3301 ‚
1039 3275 1133 3307 quarn
1156 3263 1374 3305 exprimantur
1396 3271 1403 3291 .-

408 3312 496 3358 velut
519 3310 541 3345 si
563 3309 689 3350 dicam,
711 3309 927 3344 irritationem
949 3319 1019 3349 quae
1041 3306 1257 3342 convulsiones
1287 3302 1366 3336 facit
1395 3327 1408 3343 ‚

406 3355 428 3389 si
455 3353 611 3396 ejusmodi
635 3351 697 3393 fit,
719 3363 755 3388 ut
779 3360 832 3386 aut
855 3352 888 3383 vi
909 3375 916 3388 ,
940 3360 994 3383 aut
1018 3350 1138 3391 modo,
1160 3359 1212 3383 aut
1236 3349 1329 3386 loco,
1352 3356 1407 3380 aut

410 3400 533 3432 ratione
557 3396 618 3429 alia
642 3397 746 3439 aliqua
770 3395 979 3436 intercipere,
1002 3403 1054 3428 aut
1078 3395 1212 3427 omnino
1237 3397 1408 3433 pervertere

410 3441 500 3476 simul
524 3438 618 3485 poffit
642 3438 681 3473 ad
704 3449 831 3483 tempus
855 3436 985 3482 aliquod
1009 3448 1061 3471 eos
1075 3447 1201 3477 motus,
1222 3434 1280 3479 qui
1293 3432 1330 3466 ad
1343 3432 1408 3467 sen-

1440 2047 1611 2088 tiendum,
1636 2045 1883 2089 cogitandumve
1908 2047 1941 2079 in
1965 2046 2097 2080 cerebro
2120 2047 2201 2082 fiunt
2221 2073 2234 2090 ‚
2266 2059 2344 2083 tunc
2371 2040 2439 2086 'non

1441 2091 1662 2125 convulsiones
1685 2088 1805 2129 modo,
1829 2088 1880 2123 sed
1904 2090 2085 2132 epilepsiam
2110 2091 2211 2134 ipsam
2244 2092 2301 2126 ess'e
2334 2093 2440 2129 fastu-

1444 2146 1528 2167 ram.
1555 2159 1558 2162 ,
1665 2131 1724 2166 Sed
1745 2131 1783 2165 ad
1807 2132 1953 2167 historias
1976 2133 2133 2167 Valsalvae
2167 2138 2310 2178 primum
2334 2162 2343 2176 ,
2378 2150 2449 2173 rum

1444 2176 1557 2212 deinde
1581 2179 1614 2210 &
1637 2176 1756 2210 nostras
1778 2177 1959 2210 veniamus.

1489 2232 1518 2253 2.
1539 2220 1724 2269 JUVENI
1747 2220 1864 2261 viginti
1891 2220 1941 2253 sex
1962 2220 2091 2252 circiter
2115 2231 2273 2256 annorum
2309 2225 2450 2266 primum

1446 2265 1553 2300 fauces
1577 2262 1727 2297 nonnihil
1752 2263 1991 2301 intumuerant3
2027 2265 2189 2305 appeti-tus
2224 2275 2330 2300 autem
2366 2267 2455 2311 deje-

1445 2310 1515 2342 &us
1538 2315 1605 2355 erat
1621 2330 1627 2336 .
1645 2306 1715 2354 *His
1738 2305 1806 2347 post
1829 2306 1953 2350 aliquot
1976 2307 2042 2338 dies
2068 2308 2378 2344 acceffit'convulsio
2388 2311 2460 2347 bra-

1446 2351 1514 2384 chii
1537 2347 1674 2387 sinistri,
1697 2357 1732 2382 nt
1756 2356 1862 2382 toturn
1887 2349 2055 2382 immobile
2078 2348 2173 2389 esset,
2197 2362 2291 2395 atque
2324 2354 2457 2393 inflexi-

1448 2395 1536 2431 bile,
1559 2390 1672 2426 deinde
1697 2400 1802 2424 autem
1827 2392 1972 2426 universo
1994 2395 2124 2434 corpori
2147 2394 2231 2428 idem
2257 2397 2376 2430 accidit
2414 2410 2463 2431 re-

1451 2444 1544 2480 pente
1567 2434 1655 2479 quod
1682 2434 1817 2468 brachio
1839 2436 2031 2473 acciderat3
2065 2444 2101 2468 ut
2135 2437 2225 2470 nullo
2261 2440 2359 2473 modo
2394 2440 2461 2484 jam

1451 2490 1533 2526 aege-r
1557 2477 1655 2521 posset
1679 2479 1712 2510 in
1736 2478 1834 2511 ullam
1858 2489 1980 2520 partem
2005 2477 2033 2511 se
2057 2489 2186 2512 movere
2211 2494 2220 2518 ς
2256 2481 2306 2516 sed
2339 2485 2428 2517 reeto

1449 2523 1654 2572 utjacebat,
1679 2532 1816 2563 corpore
1840 2521 2042 2562 immobilia,
2066 2521 2252 2567 rigidusque
2278 2525 2425 2568 perstaret
2447 2509 2461 2526 ⁹

1451 2566 1510 2598 nisi
1532 2564 1617 2607 quod
1643 2564 1745 2607 postea
1770 2575 1881 2598 manus
1914 2565 2081 2601 dumtaxat
2104 2588 2117 2605 >
2148 2569 2180 2600 δε
2221 2563 2312 2610 pede's
2337 2552 2464 2605 movere?

1453 2608 1602 2658 nonnihil
1626 2608 1735 2651 potuit
1751 2632 1758 2640 .
1784 2608 1898 2641 Illatus
1917 2616 2027 2645 'autem
2053 2606 2156 2642 fuerat
2192 2612 2224 2643 in
2260 2612 2461 2647 Bononiense

1454 2653 1485 2684 S.
1510 2653 1623 2693 Mariae
1646 2652 1680 2685 de
1706 2652 1779 2684 Vita
1804 2651 2071 2692 Nosocomium‚
2104 2653 2159 2686 ubi
2183 2656 2215 2687 &
2254 2654 2353 2689 febris
2382 2681 2394 2696 ‚
2428 2654 2461 2691 Sc

1454 2694 1617 2728 convulsio
1641 2705 1701 2735 qua
1725 2693 1915 2735 tenebatur,
1939 2696 2045 2737 agnita
2070 2694 2113 2728 est
2136 2721 2145 2736 ,
2176 2708 2271 2739 quam
2307 2698 2460 2734 videlicet

1453 2740 1572 2772 τέτανον
1599 2738 1760 2779 appellant
1786 2738 1893 2771 Graeci
1909 2762 1917 2770 .
1939 2739 1971 2770 A
1993 2738 2100 2780 primo
2112 2750 2176 2780 quo
2190 2741 2248 2775 hac
2262 2751 2335 2775 toto
2346 2754 2466 2786 corpo-

1451 2791 1484 2830 re
1509 2781 1677 2822 prehensus
1703 2780 1765 2819 est,
1791 2779 1843 2813 die
1868 2780 1906 2815 ad
1931 2790 2066 2814 mortem
2090 2782 2188 2826 usque
2211 2785 2351 2819 multum
2375 2786 2466 2820 suda-

1449 2831 1516 2855 vit.
1541 2825 1632 2858 Mors
1642 2834 1745 2858 autem
1761 2849 1771 2865 ,
1795 2824 1846 2857 die
1858 2825 2125 2866 quintoineunte‚
2138 2836 2253 2862 novam
2265 2831 2466 2864 contratftio-

1449 2877 1520 2898 nem
1543 2879 1613 2909 quae
1636 2878 1752 2909 corpus
1775 2868 1810 2901 in
1834 2867 1917 2900 latus
1938 2869 2104 2905 curvavit,
2140 2868 2242 2904 secuta
2268 2872 2329 2905 est.

1454 2910 1508 2942 IN
1531 2911 1806 2945 CADAVERIS
1831 2920 1903 2943 cute
1927 2911 2037 2945 multae
2061 2912 2161 2945 rubrae
2186 2916 2387 2954 maculae5in
2401 2918 2465 2949 Ce-

1455 2952 1546 2985 rebro
1569 2963 1673 2987 autem
1697 2954 1779 2987 nihil
1805 2953 2011 2987 adnotatione
2028 2953 2160 2997 dignum
2183 2960 2325 2991 occurrit
2350 2970 2465 3000 praeter

1458 3007 1650 3038 perpaucum
1673 2997 1800 3037 serum,
1823 2996 1920 3038 idque
1944 2996 2056 3031 salsum
2071 3023 2079 3038 ,
2103 3001 2136 3031 in
2160 2999 2283 3034 iinistro
2306 3002 2466 3037 ventricu-

1458 3040 1531 3088 lo..
1645 3041 1792 3075 Thorace
1817 3049 1927 3085 aperto
1942 3063 1954 3079 ,
1978 3042 2011 3072 in
2036 3040 2161 3075 sinistro
2183 3042 2250 3087 ejus
2272 3055 2349 3077 cavo
2374 3056 2464 3088 aquae

1458 3093 1559 3116 unclae
1584 3084 1708 3126 aliquot
1747 3093 1876 3125 repertae
1912 3085 2012 3116 sunt:
2050 3086 2164 3126 pulmo
2197 3097 2302 3121 autem
2334 3097 2464 3131 uterque

1458 3126 1597 3159 multum
1620 3128 1755 3167 i‘ubens;
1782 3125 1821 3159 adl
1842 3126 1973 3159 dorsum
2006 3129 2181 3169 praesertim
2206 3143 2216 3162 .-
2253 3130 2465 3173 pericardium

1459 3169 1526 3202 sero
1547 3172 1684 3247 orpsnino
1707 3169 1835 3213 plenum
1851 3195 1859 3203 .
1885 3171 2019 3213 Sanguis
2042 3182 2154 3214 parurn
2179 3173 2216 3207 ab
2231 3175 2367 3209 naturali
2379 3175 2466 3210 fluo:

1457 3224 1489 3246 re
1511 3223 1578 3245 rece
1605 3223 1688 3247 erat.
2110 3225 2112 3227 ’

1501 3267 1531 3298 3.
1557 3255 1733 3306 Affedtioni
1757 3254 1835 3289 huic
1859 3267 1922 3288 non
1947 3256 2025 3290 adeo
2061 3257 2221 3301 frequenti
2258 3260 2343 3294 illud
2375 3261 2463 3302 insu-

1459 3310 1512 3340 per
1547 3302 1664 3335 accesiit
1698 3298 1785 3341 quod
1818 3299 2002 3334 Mercuriali
2026 3312 2097 3333 meo
2132 3303 2221 3345 (h)
2256 3302 2359 3338 visum
2384 3304 2465 3339 fuis.

1462 3342 1506 3375 set
1531 3343 1624 3386 longe
1657 3342 1843 3389 rariffiriium
1864 3366 1874 3380 ,
1908 3352 1943 3376 ut
1974 3355 2089 3386 corpus
2118 3347 2153 3378 in
2193 3347 2381 3382 alterutrum
2413 3349 2463 3382 la-

1458 3394 1513 3436 tus
1555 3397 1607 3427 per
1637 3386 1872 3419 convulsionem
1917 3386 2097 3423 fleeteretur
2120 3412 2127 3419 .
2165 3390 2343 3432 Nunquam
2364 3414 2377 3430 ,
2409 3393 2464 3424 in-

1459 3437 1563 3474 quit,
1596 3429 1746 3464 videbitis
1778 3428 1937 3469 convulsos
1970 3430 2003 3464 in
2034 3429 2114 3464 alias
2143 3440 2252 3473 partes
2274 3434 2421 3468 contrahi
2447 3454 2459 3472 ,

2321 3477 2361 3509 (φ
2382 3479 2415 3510 in

414 3566 1659 3584 Μ

581 3629 605 3654 in
635 3630 761 3656 Paechion.
795 3630 923 3656 Animadv.
956 3638 995 3655 22.
1055 3631 1126 3660 (h)

473 3631 524 3693 25,

536 3629 550 3659 )
1157 3630 1181 3654 in
1215 3631 1355 3653 Comment.
1389 3627 1429 3651 cit.
1463 3627 1530 3655 supra
1562 3624 1589 3649 ad
1621 3632 1646 3648 n.
1681 3632 1715 3651 ¹9·
1748 3622 1805 3648 Obs.
1839 3625 1913 3648 Anat.
1945 3632 1966 3647 2.

540 3660 555 3690 )
571 3660 660 3686 Confer
675 3661 733 3687 ΟΜ·
748 3670 770 3695 7.
787 3669 844 3687 cum
860 3669 896 3685 22.
915 3661 936 3693 §.
955 3670 976 3687 i.
994 3661 1053 3687 obs.
1071 3669 1108 3691 13.
1125 3669 1182 3687 cum
1199 3668 1234 3691 33.
1253 3659 1310 3684 Obs.
1331 3667 1364 3688 ¹9<
1386 3658 1409 3687 §.
1430 3667 1452 3682 2.
1469 3665 1525 3682 cum
1544 3656 1567 3687 §.
1583 3665 1606 3685 4.

2029 3625 2043 3654 (
2060 3623 2097 3654 i)
2128 3632 2154 3648 n.
2187 3634 2209 3656 3.

1669 3654 1678 3684 (
1695 3653 1707 3678 b
1725 3654 1734 3684 )
1752 3656 1858 3679 Praelest,
1876 3657 1958 3679 Patav.
1977 3656 1993 3681 l.
2012 3663 2032 3680 ι.
2049 3663 2069 3679 c.
2086 3661 2124 3686 ις.
