2498 4075
421 133 519 186 274

355 201 503 244 praestare
526 209 591 233 non
616 197 759 239 possem,
782 210 845 242 qua
868 198 1087 240 dexteritate,
1107 198 1307 234 &felicitate
1321 197 1366 232 usi

357 245 393 278 in
416 256 452 279 ea
477 256 509 278 re
533 241 627 278 essent
650 241 809 284 Chirurgi
834 243 964 285 quidam
988 242 1264 283 Experientiffimi
1283 265 1296 282 ,
1330 242 1363 273 in

355 287 535 335 primisque
558 285 738 319 Benevolus
760 287 774 324 (
797 285 868 328 i),
892 285 998 318 eadem
1022 293 1155 319 caeteros
1188 285 1245 319 esse
1292 286 1363 319 usu-

354 341 434 372 ms,
458 329 633 372 praesertim
656 337 731 362 cum
756 331 878 362 certior
902 326 1007 362 faesus
1030 326 1109 366 fim,
1132 339 1259 370 quanto
1285 327 1362 362 alibi

355 373 393 405 in
416 372 565 414 periculo
588 370 632 403 ob
656 371 817 411 nimiam,
840 373 871 406 δι
908 372 963 403 vix
1008 370 1138 405 tandem
1181 371 1362 407 cohibitam

355 415 521 457 sanguinis
544 412 768 455 profusionem
793 413 944 450 nonnulli
965 413 1088 448 suerint
1112 415 1199 448 exiis
1210 417 1268 457 qui
1293 413 1362 456 pas-

361 458 384 494 fi
410 459 483 494 sunt
504 457 566 491 libi
589 455 734 490 tonsillas
757 457 880 491 eximi.
905 456 1112 499 Gavisusque
1144 456 1214 491 sum
1236 481 1248 498 ,
1288 469 1362 492 curn

354 502 567 543 prudentem,
592 498 812 542 dofiumque,
835 497 932 542 siquis
957 500 1061 536 alius,
1085 500 1255 536 Medicum
1269 503 1365 536 Fran-

350 543 471 579 ciscum
496 544 627 578 Seraum
652 542 735 577 mihi
761 552 944 576 narrantem
970 543 1078 576 audivi
1096 568 1104 583 ‚
1141 543 1226 578 haud
1272 546 1363 579 aliter

351 588 380 621 se
402 598 510 629 gerere
534 587 667 620 solitum
683 609 692 622 ‚
716 586 874 621 nimirum
897 585 974 621 hinc
996 585 1105 620 felicia
1120 613 1130 627 ,
1153 598 1225 630 quae
1269 590 1361 631 plura

350 630 464 670 vidit,
488 630 562 665 inde
588 629 745 676 periculi,
765 632 796 662 δι
820 639 925 664 metus
948 628 1148 673 pleniffima‚
1170 642 1245 673 quae-
1277 633 1362 673 pari-

349 682 398 708 ter
422 684 487 709 non
511 675 662 717 ignorat,
687 672 784 714 hujus
807 675 983 708 curationis
1007 673 1154 714 exempla
1192 675 1361 709 consulen-

350 717 436 750 tibus
460 728 663 759 proponere;
684 726 839 750 caeterum
864 715 942 759 quid
966 715 1068 751 faeere
1089 717 1241 751 deberent
1255 743 1264 758 ‚
1287 718 1361 751 nul-

353 761 387 795 lo
413 763 546 803 proprio
570 759 694 803 judicio
716 759 934 801 interposito,
960 760 1098 793 arbitrio
1129 760 1274 803 ipsorum
1313 773 1361 795 re—

349 803 517 847 linquere.
546 804 604 838 Sed
628 804 717 836 venia
743 811 850 837 tamen
874 805 898 835 ii
920 802 1335 846 Chirurgidignioressunt
1351 831 1360 845 ‚

350 848 408 887 qui
432 847 488 880 ubi
516 848 603 880 viam
627 847 716 883 illam
741 857 813 888 quae
838 845 876 880 ad
900 847 1100 888 loquendum
1126 870 1136 886 ,
1180 847 1361 891 deglutien-

348 889 427 924 dum
438 911 447 927 ‚
461 890 610 932 spiritum
624 889 805 925 ducendum
815 889 858 924 est
870 889 1036 925 necessaria
1050 915 1061 930 ,
1078 889 1235 924 scirrhoso
1244 892 1362 926 utrius-

349 944 413 974 que
437 931 572 967 tonfillae
598 942 726 967 tumore
751 932 842 966 valde
865 934 1029 977 angustam
1064 932 1129 976 jam
1159 933 1279 969 factam
1316 937 1362 967 vi-

347 977 424 1011 dent
440 1002 449 1017 ,
473 976 644 1020 irritisque
668 977 739 1011 aliis
762 976 894 1011 auxiliis
916 977 1089 1014 omnibus,
1111 979 1145 1010 in
1171 977 1238 1011 dies
1261 989 1361 1020 angu-

349 1020 481 1053 stiorem
504 1019 598 1059 fore,
624 1029 797 1060 metuunt,
822 1029 859 1054 ut
884 1021 1066 1064 periculum
1091 1020 1244 1055 futurum
1280 1033 1360 1063 prae—

317 1081 325 1090 ·
347 1072 501 1104 vertant,
525 1066 558 1096 in
584 1062 717 1107 praesens
743 1064 862 1098 audent
887 1073 1101 1108 :egrotantem
1126 1065 1325 1108 praecipitare
1351 1086 1360 1101 ,

346 1108 459 1144 venia,
484 1108 642 1150 inquam,
667 1106 832 1154 digniores
856 1108 950 1146 sunt,
999 1118 1100 1150 quam
1145 1109 1201 1150 qui
1248 1119 1361 1142 verru-

344 1162 417 1185 cam
432 1173 441 1189 ‚
466 1159 520 1186 aut
546 1150 631 1186 aliud
657 1150 817 1193 ejusmodi
841 1152 1015 1185 innoxium
1029 1151 1257 1189 tuberculum,
1281 1163 1359 1185 con-

343 1195 490 1236 genitum
516 1193 694 1237 praesertim
709 1220 719 1235 ‚
743 1197 775 1228 &
809 1193 948 1229 lividum
963 1219 973 1235 ,
997 1204 1013 1226 e
1037 1193 1119 1227 facie
1163 1194 1358 1231 demendum

348 1237 527 1279 suscipiunt
543 1260 555 1276 ,
577 1248 642 1272 non
668 1237 869 1272 attendentes
892 1248 964 1280 qnae
999 1236 1166 1270 admonuit
1200 1237 1358 1273 Arantius

344 1285 358 1322 (
382 1281 400 1320 l<
424 1284 460 1320 ),
483 1281 507 1313 fi
531 1280 619 1315 forte
642 1281 676 1315 id
702 1282 842 1314 feliciter
867 1281 983 1321 cedat,
1007 1281 1204 1325 minimam,
1236 1283 1357 1324 quippe

351 1336 389 1358 ex
413 1336 446 1360 re
470 1324 629 1361 minima,
653 1325 802 1364 laudem,
827 1335 977 1366 magnam
1002 1334 1079 1357 veto
1112 1325 1279 1358 insamiam
1314 1326 1358 1358 se-

347 1368 434 1411 qui,
457 1366 580 1411 fiquod
592 1365 706 1405 facile,
731 1370 761 1401 &
775 1366 854 1412 saepe
866 1369 1032 1410 contingit
1048 1393 1057 1408 ,
1080 1367 1161 1401 mala
1178 1368 1356 1410 graviffima

344 1423 383 1445 ex
406 1412 501 1448 faciei
525 1411 577 1447 vel
599 1411 664 1446 levi
688 1412 875 1446 irritatione
898 1415 1127 1446 concitentur.
1153 1412 1260 1446 Faciei
1304 1412 1356 1446 di-

342 1456 398 1497 xi,
422 1464 457 1490 ut
481 1455 560 1498 qui,
583 1454 756 1489 tuberculo
779 1455 984 1495 istiusmodi,
1007 1464 1072 1488 non
1095 1452 1161 1498 jam
1196 1465 1213 1488 e
1257 1455 1321 1489 nasi
1346 1477 1355 1492 ,

344 1508 400 1533 aut
424 1498 587 1533 labrorum
603 1522 612 1536 ,
637 1498 688 1534 sed
711 1511 726 1534 e
749 1498 859 1532 buccae
882 1507 956 1533 cute
982 1509 1039 1539 per
1071 1497 1274 1540 Chirurgum
1307 1509 1355 1531 te-

345 1553 430 1576 mere
453 1542 623 1583 detracto,
646 1544 714 1577 leve
739 1541 828 1576 ulcus
851 1542 1013 1583 primum,
1039 1540 1090 1576 sed
1113 1541 1201 1585 quod
1226 1542 1263 1575 ad
1308 1544 1355 1575 ci-

342 1587 496 1621 catricem
518 1586 594 1621 duci
618 1596 684 1620 non
707 1583 809 1629 posset
833 1585 866 1617 in
890 1585 969 1618 bene
993 1585 1141 1627 alioquin
1164 1586 1288 1620 valente
1300 1587 1354 1619 Sa-

342 1631 494 1667 cerdote,
518 1628 739 1671 conspexerim
761 1627 901 1675 denique
924 1639 998 1662 cum
1021 1639 1173 1669 magnum
1191 1652 1200 1669 ,
1224 1632 1256 1662 &
1278 1640 1354 1663 can-

342 1673 492 1709 crosum,
516 1675 547 1707 &
571 1671 745 1706 insanabile
768 1682 833 1713 jam
857 1670 980 1706 fastum
1003 1680 1108 1705 totam
1133 1674 1260 1712 penitus
1295 1673 1351 1706 ab-

342 1716 516 1760 sumpserat
541 1716 696 1756 buccam,
722 1723 758 1749 ut
784 1714 916 1748 tandem
940 1722 994 1756 per
1019 1715 1233 1748 acerbiffimos
1275 1727 1349 1748 cru-

344 1764 448 1795 ciatus
469 1759 646 1794 occiderit.
672 1757 858 1799 Chirurgus
881 1768 989 1793 tamen
1012 1756 1098 1791 ferro
1144 1759 1349 1792 tuberculum

342 1804 526 1839 exciderat.-
549 1801 639 1845 quod
660 1800 756 1838 dico,
781 1810 818 1835 ut
843 1803 948 1834 minus
972 1801 1120 1840 mireris,
1145 1800 1166 1833 si
1192 1802 1240 1834 vel
1266 1802 1351 1835 mul-

342 1858 380 1883 to
407 1846 543 1891 amplius
566 1845 755 1881 cancrosurn
783 1844 872 1878 ulcus
904 1843 1050 1880 secutum
1077 1845 1191 1886 legeris
1236 1845 1282 1887 (l
1305 1848 1319 1884 )
1342 1870 1350 1884 ,

341 1903 414 1926 cum
439 1892 518 1926 alter
540 1889 723 1931 Chirurgus
746 1885 842 1923 faciei
866 1898 1031 1926 verrucam
1054 1884 1203 1922 remediis
1213 1887 1353 1928 causticis

343 1935 520 1970 tollendam
544 1932 723 1977 suscepisset
742 1956 750 1968 .

386 1991 436 2022 27.
461 1977 550 2019 Quid
575 1989 649 2011 vero
674 1988 728 2020 per
753 1985 925 2010 anatomen
951 1977 985 2010 in
1009 1976 1156 2016 recenti,
1180 1975 1352 2019 amploque

341 2032 473 2058 tumore
496 2021 659 2061 viderim,
683 2022 842 2058 buccam,
868 2022 899 2058 ὃ(
922 2025 995 2063 q‘uae
1019 2019 1105 2054 infra
1131 2030 1296 2056 mentum,
1321 2022 1351 2051 &

345 2067 524 2101 auriculam
550 2065 623 2100 sunt
642 2086 652 2102 ,
674 2073 891 2107 occupantem
912 2066 925 2103 <
950 2065 1037 2107 m),
1072 2072 1125 2097 aut
1168 2065 1202 2096 in
1248 2064 1348 2096 altero

343 2113 450 2146 minus
476 2111 596 2144 recenti
619 2110 676 2153 qui
700 2120 782 2152 pone
806 2118 913 2141 aurem
937 2109 1119 2153 increverat*
1140 2110 1150 2146 (
1174 2119 1192 2140 n
1213 2110 1226 2146 >
1250 2128 1259 2143 ,
1294 2115 1349 2138 aut

342 2156 491 2197 qualem,
518 2156 550 2187 &
573 2164 668 2196 quarn
692 2154 726 2186 in
748 2152 900 2186 duritiem
927 2163 1017 2185 mora
1041 2149 1259 2184 transeuntem
1285 2161 1351 2182 ma·

343 2202 460 2233 teriam
484 2200 517 2231 in
542 2196 689 2239 parotide
713 2195 863 2239 glandula
887 2196 1066 2228 invenerim
1113 2197 1125 2232 (
1148 2194 1201 2236 o)
1224 2219 1232 2232 ‚
1277 2193 1352 2225 satis

344 2243 421 2276 alibi
448 2242 603 2284 scriptum
626 2240 689 2273 est.
715 2239 806 2276 Quid
831 2249 940 2273 autem
965 2240 998 2271 in
1044 2237 1152 2272 eadem
1199 2236 1352 2279 glandula

343 2295 505 2320 tumorem
529 2283 626 2318 faciat
651 2294 746 2327 quern
770 2282 954 2325 parotidem
979 2294 1152 2319 vocamus,
1189 2283 1221 2313 δε
1257 2290 1354 2323 quem

344 2332 424 2373 saepe
447 2330 579 2372 quidem
607 2338 701 2362 acuto
725 2328 856 2368 vigente
880 2327 1019 2365 morbo,
1042 2325 1262 2367 ambiguoque
1293 2323 1354 2356 hu-

344 2374 394 2417 jus
417 2384 530 2408 eventu
554 2373 657 2411 oriri,
681 2382 776 2404 nemo
799 2369 842 2404 est
863 2371 921 2412 qui
946 2371 1352 2415 ignoret‚.n0nnunquam

348 2429 455 2452 tamen
479 2419 512 2451 in
537 2413 855 2450 convalescentibus,
881 2423 975 2455 atque
1000 2413 1077 2445 adeo
1101 2422 1164 2452 jam
1187 2420 1273 2444 extra
1310 2411 1354 2443 le-

347 2462 436 2500 &um
461 2460 675 2503 degentibus,
698 2457 839 2491 feliciter
864 2456 1062 2498 apparuisse,
1085 2454 1235 2491 scimus„
1279 2465 1353 2487 cum

350 2506 488 2539 necdum
515 2503 692 2541 acciderit,
716 2511 750 2534 ut
775 2499 997 2533 dissecaremus
1013 2522 1025 2539 ‚
1050 2510 1109 2541 pro
1131 2506 1223 2530 certo
1245 2497 1351 2530 dicere

348 2561 412 2583 non
437 2547 624 2591 possumus,
648 2556 832 2588 quanquam
856 2544 1019 2576 interdum
1045 2554 1082 2575 ex
1118 2541 1250 2575 humore
1282 2539 1353 2574 fieri

346 2591 455 2635 posse,
481 2592 539 2633 qui
565 2591 674 2634 potius
698 2586 859 2629 glandulae
883 2587 1072 2620 communia
1098 2586 1320 2626 integumenta
1341 2608 1354 2624 ,

347 2646 445 2678 quam
469 2635 571 2676 ipsam
596 2631 776 2670 distendat,
800 2641 839 2663 ex
862 2641 900 2663 eo
925 2628 1054 2663 fortasse
1079 2629 1234 2670 conjicies
1257 2638 1354 2669 quem

347 2677 555 2721 conspectum
578 2689 594 2710 a
617 2676 711 2709 nobis
734 2675 872 2716 releges,
895 2673 990 2706 illum
1013 2684 1109 2715 quern
1145 2671 1242 2704 modo
1288 2683 1355 2704 rne-

347 2722 546 2757 moravimus
570 2722 678 2762 primo
702 2720 776 2752 loco
799 2740 811 2757 ‚
854 2726 1020 2750 tumorem
1063 2714 1319 2750 describentibus
1344 2728 1352 2750 3

348 2765 523 2808 praescrtim
546 2764 604 2798 ubi
626 2761 824 2805 suppurato,
848 2769 1025 2802 curatoque
1047 2769 1197 2798 tumore,
1219 2758 1355 2800 glandu-

347 2811 402 2849 la,
425 2808 482 2843 suo
506 2818 639 2842 munere
661 2807 817 2842 omnino,
842 2812 878 2836 ut
899 2812 989 2836 antea
1004 2826 1012 2840 ,
1040 2803 1122 2836 re5te
1159 2801 1318 2848 fungatur
1341 2827 1348 2833 .

350 2851 459 2895 Ipsam
484 2862 561 2886 vero
584 2849 795 2895 glandulam,
819 2846 901 2880 febri
925 2847 1013 2880 nulla
1047 2846 1165 2889 praevia
1189 2867 1199 2884 ,
1245 2846 1355 2877 sensim

349 2894 583 2934 intumescere,
605 2895 637 2927 &
660 2892 773 2927 duram
796 2891 866 2926 fieri
890 2901 956 2924 non
992 2890 1077 2923 secus
1123 2901 1158 2923 ae
1204 2888 1277 2922 alias
1323 2890 1357 2920 in

353 2939 441 2974 collo
464 2936 640 2979 subjectas,
665 2947 739 2971 cum
762 2938 793 2968 in
819 2935 952 2968 strumas
986 2932 1196 2976 grandescunt
1218 2955 1226 2970 ‚
1262 2933 1357 2965 nimis

350 2982 503 3016 omnibus
527 2990 641 3014 notum
665 2979 707 3013 est
730 2979 848 3021 quibus
874 2988 1027 3019 magnum
1052 2979 1239 3019 plerumque
1262 2986 1362 3017 nego-

351 3027 438 3060 tium
463 3022 639 3061 facessunt,
667 3023 827 3061 Medicis,
849 3024 879 3054 &
903 3021 1097 3064 Chirurgis.
1112 3021 1361 3061 Nonnunquam

357 3079 464 3103 tamen
490 3069 585 3109 longe
609 3066 741 3100 facilius
764 3075 861 3107 quam
884 3065 1000 3106 sperari
1035 3063 1135 3106 posset
1155 3086 1167 3103 ,
1198 3063 1359 3097 resolvun-

352 3122 406 3146 tur
428 3137 435 3143 .
485 3113 537 3146 Sic
581 3111 616 3143 in
663 3110 808 3151 septenni
855 3108 958 3150 puella
1008 3109 1135 3141 Veneta
1178 3106 1358 3149 parotidem

356 3156 490 3189 memini
511 3155 625 3189 duram
650 3150 790 3192 faffltm,
814 3163 849 3185 ac
874 3151 968 3184 valde
991 3161 1193 3189 tumentem,
1215 3160 1271 3183 nec
1295 3147 1358 3182 fine

354 3199 466 3232 dolore
490 3197 559 3241 jam
583 3196 799 3238 tangendam,
823 3196 913 3227 omni
939 3206 1010 3237 quae
1024 3195 1226 3230 substiterat,
1250 3193 1359 3235 paula-

356 3244 420 3275 tim
444 3243 598 3285 quidem,
623 3240 674 3274 sed
699 3241 828 3282 penitus
849 3237 983 3271 discussa
1008 3241 1161 3277 materia,
1185 3237 1222 3271 ad
1235 3245 1359 3270 naturae

356 3285 490 3320 modum
514 3283 660 3324 rediisse,
684 3295 774 3322 uno,
797 3290 831 3315 ut
856 3280 943 3317 vidi,
968 3283 1171 3315 inunctionis
1208 3292 1245 3313 ex
1288 3280 1361 3312 oleo

356 3327 632 3372 philosophorum
656 3327 805 3361 auxilio.
830 3324 884 3358 De
906 3324 1034 3358 strumis
1058 3335 1166 3359 autern
1199 3322 1363 3357 Vallisne-

356 3374 444 3406 rium
467 3373 609 3406 nostrum
634 3372 745 3404 audivi
769 3368 853 3402 haud
877 3367 969 3401 semel
995 3369 1189 3407 testantem,
1212 3378 1287 3401 cum
1309 3377 1365 3399 ru-

360 3415 437 3449 stica
464 3416 578 3450 mulier
601 3412 738 3449 filiolam
763 3412 801 3447 ad
846 3410 950 3454 ipsum
997 3411 1176 3447 adduxisset
1222 3413 1364 3444 strumo-

657 118 814 173 Liber
831 118 923 174 IV.
940 117 1030 171 De>
1048 119 1251 175 Morbis
1267 118 1591 186 Chirurgicis
1608 157 1622 179 ,
1658 119 1713 171 δι
1735 115 2121 173 Universalibus

1417 199 1509 238 sam,
1530 197 1596 240 ipse
1620 206 1728 235 autem
1753 209 1789 232 ut
1813 200 2035 243 pauperculae,
2060 205 2091 236 δι
2115 199 2263 242 puellulae
2286 220 2299 239 ,
2332 195 2416 231 nihil

1416 242 1475 276 nisi
1499 243 1615 275 vinum
1638 250 1733 276 tenue
1757 242 1945 278 sumendum
1969 244 2148 287 imperasset
2173 245 2207 276 in
2227 253 2295 284 quo
2333 240 2417 274 inse—

1414 286 1465 319 eta
1488 295 1562 328 quae
1582 284 1698 318 asellos
1719 296 1835 324 vocant
1851 309 1859 324 ‚
1883 287 1980 320 essent
2004 296 2160 322 macerata
2185 309 2194 323 ‚
2239 285 2419 326 mulierque

1414 341 1453 362 ex
1476 327 1591 361 iisdem
1614 327 1662 360 vel
1690 328 1782 369 plura
1805 341 1902 372 quarn
1925 330 1991 372 ipse
2019 330 2143 366 dixerat
2169 350 2179 366 ,
2223 329 2256 363 in
2304 329 2418 362 vinum

1415 373 1535 413 semper
1557 370 1740 411 injecisset,
1764 372 1978 415 plurimasque
2005 375 2048 407 sic
2082 375 2188 408 urinas
2233 369 2415 415 movisset,

1414 416 1528 449 exacto
1553 413 1657 447 mense
1679 425 1755 447 curn
1776 414 1843 448 filia
1868 415 1993 450 rediisse
2008 441 2016 455 ,
2041 428 2105 451 non
2131 416 2196 450 fine
2216 416 2288 450 *sui
2311 415 2416 447 adrni-

1416 461 1544 492 ratione
1570 456 1757 503 persanata.
1782 458 1864 495 Quae
1889 460 2027 493 remedia
2051 472 2117 495 non
2141 459 2214 492 ideo
2237 458 2415 492 memoravi

1414 500 1504 545 quod
1528 502 1641 543 ignota
1665 501 1750 540 sint,
1775 502 1843 540 imo
1866 503 1952 545 quod
1976 504 2160 540 notiffima‚
2189 512 2288 543 eoque
2333 499 2416 543 apud

1413 545 1569 587 quosdam
1591 553 1796 586 contempta,
1819 556 1893 582 cum
1920 557 2025 580 tamen
2052 545 2244 589 aliquando,
2268 546 2302 576 in
2325 553 2416 578 tene-

1414 599 1446 620 ra
1472 587 1647 629 praesertim
1669 596 1783 626 aetate,
1811 599 1912 631 neque
1938 591 2015 622 adeo
2038 591 2222 624 inveterato
2266 588 2415 631 morbo,

1413 629 1526 664 afferre
1550 642 1645 674 opem
1669 641 1787 674 queant
1811 631 1884 674 spe,
1909 635 1939 666 &
1963 635 2187 675 expectatione
2212 629 2385 672 majorem.

1460 675 1509 707 28.
1534 673 1675 709 Fortasse
1701 674 1754 708 hic
1776 686 1919 717 quaeres,
1946 688 2022 710 num
2054 678 2138 711 reste
2183 676 2222 709 ab
2268 673 2413 717 Rjolano

1413 718 1529 759 scripta
1556 716 1619 751 sint
1643 718 1791 759 quaedam
1812 718 1851 752 de
1872 721 1998 753 strumis
2021 716 2348 763 Anthropographiae
2371 717 2414 749 li-

1414 762 1476 795 bro
1500 771 1528 793 2.
1552 773 1620 803 cap.
1648 771 1696 803 15.
1831 762 1932 795 Recte
1954 763 2086 805 quidem
2110 764 2164 797 illa
2188 762 2303 803 scripta
2317 759 2411 794 sunt:

1414 816 1467 838 nec
1483 802 1547 846 fine
1569 804 1687 838 ratione
1708 804 1816 848 Julius
1839 804 1953 839 'Pollux
1974 807 2006 839 in
2028 806 2233 847 Onomastico‚
2256 805 2337 836 circa
2352 814 2414 836 me-

1409 847 1579 891 senterium
1594 845 1734 886 strumas
1752 847 1848 891 fieri,-
1869 849 2014 882 notavit.
2038 854 2083 883 De
2107 849 2163 883 hac
2185 859 2217 882 re
2238 847 2309 881 vide
2331 845 2413 880 ‘Phi-

1413 891 1535 933 lippum
1557 889 1733 933 Ingraffiam
1748 914 1761 931 ,
1781 890 1860 924 libro
1885 891 1919 925 de
1939 892 2127 926 ‚Tumorz'bus
2145 903 2218 935 pag.
2243 901 2314 931 229·
2329 890 2413 931 Qae

1413 944 1517 968 autem
1543 935 1689 975 proxime
1711 934 1916 976 praecedunt,
1941 946 2004 968 non
2030 937 2132 969 reete.-
2154 932 2414 977 meso-reserum-

1406 987 1480 1021 pere
1503 987 1638 1018 unquam
1661 977 1791 1010 strumas
1807 1002 1814 1015 ‚
1837 977 1893 1020 mfi
1915 979 2133 1021 Mefinterium
2150 973 2414 1018 strumosumfue-

1413 1020 1484 1054 rit.
1509 1021 1636 1061 Ideoque
1659 1020 1828 1054 Guidonem
1851 1027 1885 1054 cte
1919 1021 2062 1054 Cauliaco
2101 1025 2204 1064 perite
2248 1019 2414 1053 admodum

1404 1062 1595 1104 strumarum
1612 1062 1837 1105 ‚scaturiginem
1858 1075 1875 1096 a
1899 1064 2081 1107 Meset'zterz‘o
2113 1073 2246 1108 repetere
2270 1088 2278 1096 .
2323 1062 2412 1095 Nam

1412 1106 1527 1139 Guido
1550 1109 1563 1146 (
1582 1106 1663 1147 p),
1681 1109 1719 1142 ,ἃ
1742 1108 1801 1149 qui
1827 1108 1866 1140 ab
1889 1108 1957 1149 ipso
1981 1108 2150 1148 laudatur,
2175 1105 2339 1141 Arnoldus
2351 1105 2414 1141 hoc

1410 1148 1548 1186 docent,
1576 1161 1591 1183 a
1615 1150 1740 1184 strumis
1763 1152 2002 1191 exterioribus,
2026 1151 2047 1183 fi
2071 1153 2180 1186 multae
2204 1149 2285 1190 sint,
2307 1148 2413 1183 osten-

1408 1192 1443 1225 di
1467 1193 1635 1226 interiores
1650 1205 1660 1225 .·
1683 1204 1739 1226 nec
1763 1204 1873 1228 verum
1898 1194 1940 1229 est
1965 1197 2107 1229 universe
2132 1195 2220 1238 quod
2244 1196 2289 1227 ait
2323 1193 2410 1226 Rio-

1409 1237 1521 1275 lanus,
1546 1247 1710 1278 erumpere
1733 1247 1898 1279 nunquam
1921 1238 2073 1278 strumas,
2096 1240 2151 1273 nifi
2177 1239 2210 1270 in
2222 1237 2411 1272 mesenterio

1409 1279 1469 1313 sint
1494 1279 1581 1313 aliae:
1605 1279 1702 1323 idque
1724 1282 1842 1315 merito
1867 1282 2086 1324 improbarum
2133 1281 2176 1315 est
2219 1294 2237 1314 a
2280 1279 2412 1314 Thoma

1410 1321 1605 1356 Bartholino
1632 1327 1641 1361 (
1666 1333 1685 1364 q
1706 1327 1741 1363 ).
1769 1324 1929 1363 Adversus
1951 1329 2047 1365 quem
2071 1327 2103 1359 in
2128 1325 2186 1359 hac
2210 1322 2412 1365 Sepulchreti

1409 1367 1558 1399 See'tione
1581 1367 1630 1409 (r
1649 1369 1664 1406 )
1687 1366 1769 1401 haud
1799 1368 1872 1401 satis
1896 1366 2080 1402 defenditur
2121 1367 2298 1406 molanus,
2321 1365 2409 1410 quasi

1408 1420 1473 1442 non
1497 1410 1584 1443 aliud
1607 1408 1736 1443 dixisset
1761 1422 1857 1452 quam
1881 1410 2015 1449 Gnido,
2039 1412 2073 1447 id
2096 1412 2137 1446 est
2160 1413 2185 1446 fi
2209 1411 2336 1444 strumae
2357 1420 2412 1443 ex-

1408 1454 1540 1487 teriores
1562 1453 1622 1486 sint
1646 1463 1754 1495 magno
1777 1464 1920 1488 numero.
1945 1456 2019 1488 Hoc
2043 1457 2130 1489 enim
2154 1455 2314 1489 Riolanus
2358 1453 2413 1487 ad-

1407 1496 1494 1530 didit
1516 1499 1549 1530 in
1575 1495 1787 1530 Encheiridio
1808 1498 1863 1540 (s
1882 1501 1892 1536 )
1909 1521 1921 1538 ,
1943 1498 2012 1532 imo
2037 1500 2085 1533 ibi
2107 1498 2196 1541 quod
2218 1495 2412 1531 inAnthro-

1406 1539 1583 1583 pographia
1609 1539 1754 1573 universe
1777 1539 1901 1574 dixerat
1916 1567 1926 1582 ,
1951 1542 2000 1575 vel
2012 1544 2112 1585 magis
2122 1542 2309 1580 contraxit,
2334 1541 2412 1574 scri·

1405 1583 1503 1623 bens,
1525 1584 1655 1617 strumas
1679 1594 1748 1616 raro
1763 1581 1856 1625 foras
1878 1595 2027 1627 emergere
2050 1596 2160 1629 magno
2182 1595 2332 1624 numeru,
2352 1580 2409 1626 nzfi

1407 1628 1527 1660 radices
1549 1627 1665 1668 egerjnr
1687 1626 1719 1659 in
1742 1626 1947 1669 Mesenterio3
1972 1629 2181 1663 Bartholinus
2206 1637 2316 1661 autem
2341 1638 2404 1662 nou

1406 1670 1656 1703 Encheiridiurn
1681 1669 1836 1711 respexit,
1863 1669 1914 1704 sed
1939 1671 2288 1715 Anthropograph-iam
2317 1695 2326 1710 ,
2373 1678 2410 1703 ut

1405 1714 1460 1745 alii
1484 1721 1635 1755 quoque,
1659 1713 1692 1745 in
1716 1713 1820 1755 iisque
1844 1713 2121 1750 &cbelhammerus
2144 1719 2157 1755 (
2180 1723 2194 1747 t
2216 1720 2252 1754 ),
2276 1716 2307 1746 δέ
2334 1722 2407 1747 ante

1402 1754 1488 1790 hunc
1512 1755 1691 1789 Scultetus.
1712 1756 1782 1792 Qui
1807 1765 1842 1790 ut
1865 1768 1903 1789 ex
1926 1758 2134 1799 Sepulchreto
2158 1757 2228 1800 ipso
2252 1761 2262 1798 (
2285 1767 2305 1791 u
2324 1757 2340 1799 )
2366 1759 2409 1790 vi-

1403 1799 1480 1839 des,
1502 1799 1645 1832 Riolano
1668 1799 1880 1834 universalem
1902 1800 1992 1833 illam
2017 1801 2210 1835 sententiar-n
2254 1800 2374 1834 tribuit
2397 1821 2410 1839 a

1404 1842 1615 1885 addiditque:
1639 1842 1732 1887 Qod
1753 1843 1850 1876 etiam
1872 1842 2021 1883 testantur
2032 1845 2152 1884 Guido,
2175 1841 2412 1887 &Ingrafflah

1405 1886 1558 1928 Quorum
1585 1886 1664 1918 alter
1688 1885 1767 1927 quid
1791 1885 1959 1925 docuerit,
1985 1889 2076 1927 dixi,
2100 1886 2267 1930 Ingraffias
2300 1896 2412 1921 autem

1405 1939 1446 1962 ne
1470 1930 1509 1962 ab
1535 1929 1680 1962 Riolano
1703 1928 1834 1970 quidem
1859 1929 2023 1964 tradidisse
2045 1931 2078 1965 id
2102 1931 2243 1969 dicitur,
2275 1929 2327 1963 sed
2373 1939 2410 1963 ut

1406 1972 1571 2007 sententiae
1595 1972 1755 2012 Pollucis,
1777 1984 1848 2014 quae
1871 1973 1967 2016 longe
1993 1975 2054 2007 alia
2077 1974 2144 2013 est,
2178 1974 2297 2007 relator
2320 1995 2330 2011 ‚
2379 1976 2411 2006 &

1403 2016 1641 2054 confirmator,
1666 2015 1838 2054 laudatur,
1863 2019 2019 2050 nimirum
2065 2019 2146 2051 circa
2192 2016 2410 2059 mesenterium

1403 2063 1500 2093 eriam
1516 2058 1655 2099 strumas
1672 2059 1768 2101 fieri,
1792 2059 1879 2101 quod
1894 2083 1904 2098 ,
1931 2061 2101 2102 inspecto,
2127 2071 2162 2094 ut
2188 2070 2296 2094 monet
2323 2060 2409 2091 Rio-

1402 2104 1493 2136 lanus
1509 2125 1519 2142 ,
1541 2100 1702 2146 Ingraffiae
1725 2103 1812 2135 libro
1827 2125 1839 2141 ,
1862 2103 2086 2146 cognovissent
2111 2103 2409 2139 Schelhammerus,

1404 2150 1434 2180 ὃς
1460 2145 1637 2184 Scultetus‚
1662 2148 1692 2178 &
1716 2148 1773 2187 qui
1797 2146 1892 2189 hujus
1908 2148 2160 2182 observationis
2184 2146 2350 2180 Scholium
2373 2147 2408 2178 in

1406 2188 1616 2231 Sepulchreto
1640 2189 1786 2229 addidit,
1811 2191 1845 2222 in
1867 2203 1935 2233 quo
1957 2192 2158 2233 caeteroquin
2185 2202 2251 2223 non
2274 2188 2318 2223 est
2351 2200 2408 2222 cur

1404 2234 1609 2274 diligentiam
1634 2233 1715 2265 hanc
1741 2236 1961 2276 requiramus,
1996 2235 2126 2278 quando
2172 2246 2228 2268 nec
2273 2233 2410 2267 Sculteti

1406 2277 1495 2311 locus
1521 2287 1665 2310 accurate
1688 2276 1903 2314 describitur,
1928 2280 2125 2321 poniturque
2149 2277 2287 2311 Riolani
2310 2285 2408 2318 caput

1409 2332 1438 2361 5.
1465 2331 1523 2362 pro
1551 2330 1601 2362 15.
1625 2323 1655 2352 δι
1680 2320 1822 2354 Sculteti
1845 2317 2045 2355 Observatio
2070 2333 2122 2365 391
2147 2333 2206 2364 pro
2238 2330 2291 2364 31-
2327 2319 2411 2353 Vidi

1407 2376 1467 2406 ego
1492 2366 1582 2397 annis
1606 2364 1825 2404 superioribus
1848 2365 2039 2406 generosum
2058 2367 2238 2410 juvenem,
2262 2375 2335 2397 cum
2372 2375 2412 2397 eo

1405 2411 1461 2450 qui
1485 2420 1501 2440 a
1526 2409 1653 2441 Platero
1677 2408 1711 2439 in
1735 2408 1944 2449 Sepulchreto
1970 2414 1980 2448 (
2003 2419 2024 2442 x
2047 2411 2060 2446 )
2082 2408 2298 2446 describitur,
2321 2415 2412 2440 exte-

1406 2455 1536 2485 riorum
1580 2450 1775 2485 strumarum
1820 2462 1977 2490 numero,
2001 2464 2172 2495 earumque
2207 2450 2411 2493 multiplici,

1406 2498 1590 2536 semperque
1614 2495 1727 2528 inutili
1749 2497 1917 2528 curatione
1942 2496 2198 2538 comparandum
2220 2516 2229 2531 ‚
2262 2497 2315 2527 cui
2361 2504 2411 2526 ta-

1408 2549 1502 2576 men,
1527 2539 1633 2578 primo
1661 2538 1773 2571 saltem
1796 2549 1879 2571 anno
1895 2564 1903 2578 ,
1927 2540 2053 2572 nullum
2075 2548 2143 2572 erat
2166 2535 2312 2571 strumosi
2345 2548 2411 2569 rne-

1408 2581 1538 2614 senterii
1562 2580 1742 2615 indicium.
1766 2582 1824 2615 Sed
1848 2593 1949 2623 neque
1973 2583 2116 2615 Platerus
2135 2606 2143 2621 ,
2165 2582 2223 2623 qui
2247 2589 2374 2623 poterat
2397 2602 2410 2619 ‚

1409 2626 1454 2658 sui
1480 2625 1558 2666 aegri
1582 2634 1725 2658 ventrem
1741 2650 1750 2665 ,
1775 2636 1878 2667 neque
1901 2636 1961 2667 ego
1984 2626 2073 2663 mei,
2097 2624 2174 2658 hinc
2208 2624 2321 2666 procul
2355 2623 2412 2656 de·-

1408 2671 1506 2710 nique
1531 2669 1672 2703 mortui,
1707 2666 1915 2710 introspexi.
2047 2669 2123 2702 Hoc
2167 2677 2276 2700 tamen
2321 2665 2412 2708 quod

1407 2714 1558 2754 protinus
1582 2711 1794 2751 subjicietur,
1817 2714 1847 2743 Se
1871 2711 1959 2754 quod
1983 2710 2057 2745 satis
2080 2713 2122 2747 est
2147 2710 2294 2745 adversus
2328 2711 2411 2743 Rio-

1407 2753 1864 2831 lani.in.‹}³3stsithropographia
1889 2758 2163 2798 pronunciatum,
2186 2756 2219 2787 in
2244 2754 2309 2788 alio
2345 2764 2412 2786 me-

1407 2810 1487 2833 mini
1510 2810 1538 2830 vi
1568 2809 1574 2829 1
1604 2810 1639 2832 e.
1893 2808 1897 2811 ”

1454 2854 1505 2884 29.
1530 2839 1980 2876 ADOLESCENTULUS
2025 2842 2069 2875 ob
2092 2843 2226 2876 strumas
2247 2852 2319 2885 quae
2343 2840 2412 2873 col-

1408 2887 1476 2920 lum
1499 2886 1700 2927 occupabant
1717 2909 1726 2924 ‚
1748 2886 1782 2919 in
1808 2884 2010 2922 Nos'ocomio
2033 2885 2095 2920 hoc
2118 2887 2244 2920 obierat
2267 2884 2325 2918 sub
2347 2884 2413 2917 ini-

1409 2932 1495 2963 tium
1520 2929 1720 2962 Novembris
1756 2930 1798 2962 A.
1827 2939 1918 2971 1715.
2053 2927 2413 2964 CADAVERIS

1412 2973 1565 3016 quasdam
1589 2974 1665 3006 alias
1689 2984 1814 3015 partes,
1836 2975 2014 3006 Anatornes
2038 2971 2144 3007 studio
2167 2973 2300 3011 duetus,
2323 2974 2354 3004 δε
2379 2972 2413 3003 in

1413 3019 1454 3049 iis
1479 3016 1703 3050 mesenterium
1728 3028 1802 3050 cum
1825 3014 2031 3055 dissecaremf.
2055 3018 2089 3049 in
2122 3029 2159 3050 eo
2203 3025 2267 3049 non
2314 3014 2414 3048 modo

1413 3062 1564 3094 strumam
1589 3061 1713 3100 ullam,
1737 3060 1789 3093 sed
1813 3070 1851 3092 ne
1871 3059 1966 3102 duras
1990 3061 2124 3102 quidem
2148 3057 2314 3102 glandulas
2356 3057 2414 3090 de-

1412 3104 1592 3146 prehendi·-
1617 3106 1647 3136 &
1672 3105 1819 3146 quamvis
1843 3104 1937 3144 paulo
1958 3115 2056 3146 quam
2080 3103 2200 3137 soleant
2215 3124 2229 3142 ,
2253 3101 2324 3134 sunt
2338 3100 2414 3134 vi'sae

1412 3147 1567 3190 majores,
1591 3147 1631 3179 ab
1654 3156 1747 3180 aetate
1769 3148 1801 3180 id
1824 3149 1932 3188 potius
1955 3146 2016 3180 esse
2041 3151 2093 3189 (y
2117 3151 2151 3187 ),
2173 3156 2272 3190 quam
2296 3149 2415 3178 arnor-

1411 3192 1454 3225 bo
1470 3214 1479 3229 ‚
1504 3190 1709 3224 existimavi.

1454 3246 1506 3279 30.
1551 3234 1604 3269 Ad
1647 3234 1723 3266 colli
1766 3232 1899 3268 strumas
1946 3235 2081 3268 omnino
2126 3233 2187 3268 esse
2232 3229 2413 3265 referendos

1412 3289 1557 3313 tumores
1600 3276 1758 3319 glandula:
1784 3277 1994 3318 Thyroidaeae
2018 3302 2027 3317 ‚
2071 3279 2102 3311 δε
2127 3286 2293 3319 perperam
2315 3275 2414 3308 bron-

1413 3322 1558 3356 chocelas
1621 3322 1728 3353 vocari
1775 3345 1782 3359 ‚
1849 3320 1983 3355 affirmat
2045 3321 2187 3365 Joannes
2250 3317 2414 3352 Freindius

1415 3368 1432 3409 (
1451 3378 1475 3408 z
1496 3369 1510 3406 )
1534 3387 1543 3402 ,
1589 3366 1644 3407 qui
1695 3363 1811 3397 harum
1857 3365 1950 3407 plura
1995 3376 2110 3408 genera
2145 3389 2154 3404 ,
2202 3363 2252 3397 sed
2304 3361 2413 3408 omnia

1416 3419 1507 3442 extra
1531 3419 1600 3442 eam
1625 3407 1810 3454 glandulam
1832 3431 1845 3449 ,
1891 3407 2037 3451 agnoscit
2061 3430 2072 3447 ‚
2104 3411 2137 3442 in
2158 3408 2263 3451 iisque
2286 3400 2414 3444 aliquod

2280 3458 2371 3481 2DCU-

1212 3567 1524 3576 ffl„-.„„„,.
1529 3569 1574 3573 ἡ..
1581 3568 1682 3573 ⁴..—

539 3652 642 3676 sservaz.
658 3658 692 3676 12.
747 3653 762 3710 ἑ
782 3651 799 3676 k
816 3651 878 3706 ige
893 3648 1022 3675 Tum‘orib.
1039 3657 1061 3679 p.
1079 3656 1101 3673 n.
1118 3656 1138 3673 c.
1157 3657 1195 3679 23.
1212 3651 1233 3673 ἃ
1251 3656 1288 3677 31.

778 3691 790 3706 0

456 3652 465 3674 ι’

449 3690 463 3704 n

456 3720 466 3733 r

1349 3646 1413 3674 (Ι)
1431 3648 1490 3675 Eph.
1508 3649 1540 3671 N.
1558 3648 1586 3671 C.
1605 3647 1678 3670 Cent.
1697 3654 1717 3674 5.
1738 3645 1797 3669 ΟΜ.
1818 3654 1854 3675 35.

1094 3681 1108 3708 (
1122 3687 1138 3710 p
1155 3681 1168 3708 )
1184 3680 1295 3706 Chiruru.
1312 3683 1344 3700 tr.
1363 3686 1384 3700 2.
1400 3678 1475 3702 ducit.
1493 3686 1511 3702 1.
1528 3687 1550 3702 c.
1566 3687 1588 3706 4.

1185 3712 1198 3737 (
1213 3717 1224 3733 t
1243 3714 1250 3737 )
1269 3711 1304 3732 De
1321 3708 1462 3736 hume-erp.
1479 3707 1609 3733 Tumorib.
1627 3708 1649 3730 S.
1668 3715 1687 3729 ι.
1706 3708 1729 3729 Ρ.
1750 3714 1768 3729 ι.
1788 3715 1811 3730 n.
1830 3708 1867 3733 78.

420 3654 437 3708 ((
480 3651 549 3710 snt-Op.
573 3690 607 3711 ¹4·
626 3690 648 3705 n.
668 3689 687 3710 3.
858 3690 878 3710 p.
897 3689 933 3713 ιι..
952 3689 977 3703 η.
995 3688 1031 3710 15.

426 3715 440 3740 <,
485 3713 565 3740 >obs
585 3719 606 3735 ⁶.
625 3712 702 3737 Schol.
720 3711 747 3736 ad
766 3713 787 3742 ᾗ.
805 3720 830 3741 4.
892 3713 928 3739 (J
946 3712 958 3737 )
976 3711 991 3733 l.
1010 3720 1029 3735 ι,
1047 3718 1066 3734 c.
1086 3712 1122 3734 18.
1319 3738 1322 3740 v

425 3745 432 3771 ι
453 3750 464 3763 x
485 3747 491 3772 1
510 3743 562 3766 om.
583 3745 632 3766 ead.
651 3747 673 3770 3v
693 3750 711 3771 3.
773 3746 786 3772 ς
799 3751 816 3774 1
836 3745 843 3771 )
862 3743 914 3767 Vid.
931 3741 1021 3766 Haller.
1038 3741 1067 3765 ad
1085 3740 1171 3766 Boeth.
1188 3739 1291 3765 Praise&
1312 3740 1334 3768 §-
1353 3740 1403 3763 ηδ.
1423 3745 1473 3763 not.
1493 3745 1514 3761 2.

1918 3645 1925 3672 (
1943 3653 1967 3668 m
1984 3645 1997 3673 )
2014 3643 2088 3673 Epist.
2105 3654 2128 3673 4.
2146 3652 2168 3668 n.
2187 3652 2223 3671 ²⁴·

1653 3679 1666 3706 (
1683 3686 1696 3705 q
1713 3682 1722 3702 >
1742 3682 1812 3700 nnat.
1828 3680 1907 3704 quart.
1926 3683 2006 3699 renov.
2025 3676 2032 3699 l
2062 3683 2080 3698 1.
2099 3684 2119 3698 c.
2141 3683 2178 3698 η.

1930 3707 1975 3734 (u
1993 3709 1998 3733 ῥ’
2015 3705 2070 3729 Obs
2094 3713 2126 3729 cit
2157 3710 2176 3735 3.
2197 3713 2216 3731 9⁴

1576 3740 1589 3767 ζ
1608 3745 1625 3765 ζ
1641 3738 1653 3766 )
1670 3736 1732 3761 Hirr.
1750 3737 1840 3761 Medic.
1857 3735 1897 3760 ubi
1913 3735 1941 3759 de
1959 3735 2084 3759 Asbacasr„
