2498 4075
410 206 561 271 Epist.
598 205 760 258 Anat.
796 205 1013 259 Medica
1048 198 1132 259 LI.
1170 205 1748 270 Art.19.20‘.21⁶&22.

78 287 238 321 tationem
262 285 447 321 habebant.
471 284 535 319 Sub
556 283 686 317 vulnere
711 293 818 318 autem
841 296 878 318 os
899 284 1039 318 fractum
1063 307 1072 322 ‚

78 340 173 373 atque
204 331 379 372 depressum
402 353 414 370 ,
447 330 532 362 arcte
557 327 737 366 adhaerebat
774 329 871 361 Durae
907 329 1073 370 meningh

77 376 129 407 cui
153 376 185 407 &
207 375 377 408 nonnullas
402 373 448 407 sui
473 372 668 405 acuminatas
690 372 860 413 particulas
881 372 1037 412 infigebat
1064 396 1070 401 .

77 418 244 450 Laceratio
278 427 385 450 tamen
409 415 549 457 ejusdem
584 415 743 455 meningis
768 414 823 447 sub
856 414 977 448 sensum
1008 426 1073 447 non

77 460 226 493 veniebat
243 487 254 500 ,
276 470 313 494 ut
336 472 438 503 neque
461 459 525 492 ulla
549 457 671 489 cerebri
695 457 784 491 laesio
805 480 817 498 ‚
851 457 873 490 fi
898 469 994 491 unam
1019 467 1075 491 aut

75 503 210 536 alteram
235 504 293 537 seri
319 505 444 538 unciam
469 502 608 542 excipias
630 525 639 540 ,
665 512 736 543 quae
759 525 768 540 ‚
805 501 884 535 dum
907 502 1075 535 cerebrum

52 564 54 566 ·
75 547 278 581 eximebatur
294 574 303 587 ,
324 558 380 590 per
403 544 652 579 Insundibulum
666 542 806 585 prodiit.
943 544 1074 578 Thora-

74 601 111 623 ce
135 590 279 628 recluso;
304 592 469 632 pulmones
493 588 583 620 valde
606 588 777 627 rubentes,
801 588 956 630 parvique
978 588 1011 620 :in
1023 588 1073 622 his

76 633 230 667 abscess‘us
256 645 333 672 pure
356 634 441 675 pleni
464 632 582 674 reperti
610 630 720 663 sunt..

123 688 170 718 19.
191 677 401 720 JUVENIS
432 676 465 708 in
499 674 656 716 sincipitis
688 674 785 706 latere
816 673 938 706 sinistro
972 675 1074 716 lapide

73 720 180 756 iesus,
205 719 370 753 concidit.
400 720 458 755 Per
480 718 508 751 se
531 727 639 750 tamen
664 719 697 749 in
724 716 963 751 Nosocomium
987 720 1076 751 venit

69 764 108 797 S.
133 763 250 796 Mariae
273 765 312 797 de
338 764 471 797 Morte.
501 760 604 794 Nulla
629 769 716 793 erant
742 758 958 805 symptomata
982 787 989 792 .
1015 762 1077 794 Vi-

61 807 164 847 -ginti
186 807 317 839 circiter
345 807 464 840 exaffls
487 804 598 838 diebus
622 827 634 843 ‚
667 815 740 836 cum
764 814 828 849 jam
853 805 992 837 multum
1016 804 1075 837 fibi

79 854 113 881 in
138 849 300 883 alimentis
323 848 521 890 indulsisset,
548 846 646 880 Febris
669 845 789 879 accessit
803 846 955 880 horrifica
972 871 980 885 ‚
1005 859 1076 889 quae

75 894 193 934 pluries
216 892 410 926 recurrendo
425 917 434 928 ,
458 902 581 932 aegrum
605 889 778 931 torquebat
793 915 800 922 .
827 891 856 923 A
879 903 940 933 qua
953 891 1010 924 etsi
1037 892 1077 924 li-

75 936 203 977 beratus
225 932 268 969 est
292 947 304 974 3
335 934 463 969 detecto
488 945 593 968 tamen
617 934 651 965 in
675 933 804 966 vulnere
826 933 881 967 offi
915 944 1079 975 nunquam

77 978 187 1020 quoad
211 980 296 1012 vixit
312 1003 322 1019 ‚
345 979 455 1012 induci
480 979 618 1011 cicatrix
641 976 748 1017 potuit
773 1000 782 1008 .
808 976 880 1009 Post
903 989 954 1010 eas
977 976 1081 1011 febres

78 1022 168 1055 tuffis
191 1023 355 1065 ingruerat
380 1044 389 1059 ‚
425 1033 496 1064 quae
520 1021 598 1054 sicca
620 1019 676 1052 diu
701 1018 765 1052 fuit
786 1042 795 1058 ‚
820 1020 922 1054 donec
945 1020 1047 1053 biduo
1070 1044 1079 1058 ‚

82 1075 135 1099 aut
159 1065 269 1099 triduo
283 1077 355 1099 ante
379 1075 516 1098 mortem
529 1065 620 1106 sputa
644 1063 755 1096 eduxit
771 1064 939 1104 purulenta
954 1088 961 1095 .
986 1065 1079 1096 Gan..

78 1120 186 1151 graena
210 1110 343 1143 interim
368 1121 405 1142 ex
429 1109 529 1150 longo
551 1107 706 1142 decubitu
731 1114 818 1139 nates
840 1115 1078 1150 occupaverat.-

76 1162 293 1195 praetereaque
317 1154 373 1186 illa
396 1163 467 1195 quae
490 1152 621 1185 obitum
644 1149 799 1192 praeceffit
826 1172 834 1187 ,
867 1153 980 1187 nodie,
1007 1150 1078 1183 abs-

59 1194 170 1229 cessus
196 1197 229 1228 in
253 1196 350 1229 dorso
372 1197 484 1239 ingens
509 1195 550 1228 est
584 1192 821 1227 animadversus
846 1206 856 1224 .·
889 1196 946 1236 qui
971 1204 1026 1235 per
1049 1193 1077 1226 se

69 1238 233 1281 disruptus
259 1251 408 1281 magnam
432 1239 521 1281 puris
543 1238 670 1280 copiam
695 1235 828 1269 effudit.
856 1239 989 1280 ltaque,
1013 1236 1075 1269 sine

73 1282 139 1315 ulla
163 1282 279 1325 capitis
304 1284 470 1316 affitionum
494 1282 618 1315 iaefione
633 1305 640 1318 ‚
667 1279 803 1314 secundo
819 1280 966 1322 superato
990 1292 1077 1313 men-

56 1325 127 1365 ie,
151 1326 301 1360 interiit.
431 1325 667 1359 CADAVER
691 1327 721 1356 δε
747 1324 786 1356 ab
808 1323 908 1366 longo
939 1322 1076 1366 ejusmo-

70 1369 105 1403 di
130 1370 268 1409 morbO,
291 1373 323 1403 &
347 1382 364 1403 a
388 1380 474 1403 mora
500 1394 509 1409 ‚
542 1370 619 1411 quia
645 1378 710 1400 non
734 1366 792 1400 nisi
818 1368 885 1409 post
909 1368 1035 1410 aliquot
1059 1379 1075 1400 a

57 1423 176 1446 vmorte
197 1411 263 1447 dies
287 1413 390 1446 secare
413 1414 528 1450 licuit,
551 1410 735 1453 graviffime
758 1411 847 1444 olens
863 1434 875 1450 ,
899 1411 1074 1454 diligenter

68 1455 175 1489 tamen
197 1455 365 1490 disiectum
389 1456 453 1490 est.
479 1455 850 1498 Capitisintegumentis
874 1457 1012 1494 amotis,
1037 1454 1072 1488 ad

66 1499 210 1540 superius
236 1500 377 1533 vulneris
402 1501 485 1533 latus
509 1498 685 1540 disjunfflo
708 1497 875 1539 conspecta
900 1498 942 1531 est
964 1498 1075 1543 Sagit-

55 1543 140 1576 ⁴talis
165 1542 305 1578 suturae:
330 1556 365 1577 os
389 1552 496 1577 autem
521 1542 680 1584 sincipitis
703 1552 765 1583 qua
789 1542 1074 1583 portionesemper

64 1586 227 1623 derectum
242 1586 354 1620 'suerat
370 1612 379 1626 ,
402 1585 561 1626 illaefum;
584 1585 634 1619 sed
659 1584 826 1617 incaeteris
852 1584 997 1626 partibus
1020 1585 1073 1618 hic

64 1630 134 1662 illic
168 1631 254 1663 carie
288 1630 415 1663 erosum
440 1654 449 1668 ‚
483 1629 659 1670 praesertim
695 1638 772 1659 vero
807 1638 906 1670 prope
931 1628 1074 1661 suturam

56 1673 305 1714 squamosam,
330 1674 385 1706 ubi
400 1682 506 1706 totam
530 1673 617 1705 illius
630 1670 866 1716 craffitudinem
891 1673 989 1704 caries
1002 1683 1073 1713 pera

65 1716 230 1750 seraverat
253 1741 261 1749 .
289 1717 379 1749 Dura
407 1725 515 1749 tamen
539 1738 550 1753 ‚
587 1717 616 1747 ei
642 1713 698 1748 offi
732 1713 872 1754 subjecta
898 1738 909 1753 ,
945 1717 1073 1747 meninx

65 1760 187 1792 intaeta
213 1759 275 1793 fuit
294 1784 302 1798 ‚
327 1758 384 1792 nifi
408 1759 496 1803 quod
522 1758 560 1792 ad
585 1757 783 1791 sublividum
809 1757 960 1800 vergebat
984 1760 1075 1792 colo-

63 1814 131 1835 rem
160 1828 168 1842 ‚
188 1806 218 1836 &
239 1802 390 1845 quasdam
410 1801 506 1836 osseas
531 1802 702 1844 particulas
731 1800 790 1833 fibi
815 1799 1012 1835 adhaerentes
1035 1814 1070 1834 o-

63 1846 253 1883 stendebam
278 1846 318 1880 ab
340 1847 496 1879 interiore
519 1855 626 1879 autern
651 1844 732 1877 facie
756 1843 813 1877 sub
836 1844 907 1886 ipso
929 1845 1070 1879 vulneris

63 1890 139 1923 loco
170 1900 329 1923 annexum
353 1890 414 1922 fibi
446 1887 622 1922 abscessum
646 1887 786 1921 habebat
809 1910 823 1927 ,
860 1890 893 1920 in
918 1899 1071 1922 excavata

61 1933 188 1966 cerebri
212 1932 388 1966 substantia
411 1932 579 1966 conditum
599 1955 608 1970 ,
634 1942 767 1973 parvum
791 1940 897 1964 tamen
922 1950 937 1969 ‚1
958 1933 1012 1965 vix
1036 1942 1070 1965 ut

62 1978 225 2010 minorem
239 1977 415 2009 avellanam
439 1979 605 2009 continere
620 1974 793 2017 potuisset:
818 1985 855 2007 ex
878 1986 966 2017 quo,
988 1977 1068 2009 'dum

62 2031 97 2052 ea
123 2022 254 2053 meninx
278 2032 295 2052 a
318 2019 452 2052 cerebro
474 2019 702 2053 divelleretur,
727 2029 784 2060 pus
795 2016 951 2055 crassum,
977 2021 1070 2053 &vi-

60 2063 130 2096 ride
153 2063 296 2105 prodiit.
323 2065 361 2095 In
386 2062 511 2096 cerebri
535 2061 721 2096 disseffione
745 2062 849 2095 serum
874 2084 883 2099 ‚
917 2061 966 2095 sed
992 2075 1070 2104 pau-

61 2118 158 2144 cum,
182 2109 214 2140 in
237 2106 342 2140 cranii
367 2106 431 2139 basi
457 2105 713 2139 animadversum
738 2105 803 2138 est„
939 2105 1070 2140 Thora-

61 2162 99 2184 ce
122 2160 236 2193 aperto
257 2173 269 2189 ,
305 2150 480 2191 pulmonesv
498 2150 624 2182 inventi
657 2149 729 2181 sunt
754 2150 858 2189 parvis
883 2149 1068 2182 absceffibus

61 2194 199 2234 multis,
224 2205 259 2227 ac
284 2194 383 2227 variis
407 2195 576 2226 excavati:
599 2203 739 2234 quorum
752 2192 901 2225 nonnulli
925 2206 941 2225 a
956 2195 1069 2226 tuber-

58 2238 126 2271 culi
150 2248 263 2271 natura
289 2236 327 2270 ad
351 2235 504 2270 abscessus
526 2237 748 2270 conditionem
773 2244 961 2277 vergentes,
987 2248 1067 2269 non-

57 2281 136 2314 dum
150 2280 322 2322 perfedhm
345 2281 556 2314 continebant
569 2279 687 2312 saniem
701 2305 710 2318 ,
736 2278 787 2311 sed
811 2280 980 2313 dumtaxat
996 2292 1066 2313 mu-

60 2326 123 2357 tari
147 2327 180 2357 in
205 2324 338 2357 fluidam
366 2323 521 2356 saniosam
547 2324 712 2357 materiam
728 2323 948 2366 incipiebant.
976 2325 1065 2357 Peri-

58 2367 203 2401 cardium
229 2369 361 2400 multam
387 2379 530 2410 aquam5
553 2378 610 2401 cor
633 2367 753 2399 nullam
770 2366 961 2408 polyposam
985 2378 1064 2400 con-

58 2413 238 2446 cretionem
263 2411 400 2444 habebat
417 2436 425 2443 .
561 2411 727 2451 Inquirere
752 2410 881 2443 tandem
906 2411 1028 2452 placuit
1054 2435 1061 2449 ‚

56 2467 136 2488 num
172 2455 209 2488 ad
234 2457 345 2497 ingens
376 2465 492 2487 cavum
518 2453 671 2488 abscessus
703 2453 790 2486 illius
812 2446 874 2495 qus
904 2455 935 2486 in
968 2455 1065 2487 dorso

54 2509 145 2539 erat,
169 2499 252 2532 ullus
277 2510 331 2540 per
355 2498 573 2531 musculorum
597 2496 769 2530 interstitia
794 2506 914 2538 pateret
938 2498 1064 2538 aditus,

56 2553 111 2583 per
144 2549 240 2584 quern
266 2542 399 2575 materia
424 2553 439 2574 a
462 2544 568 2583 capite
602 2541 680 2573 illuc
703 2540 842 2573 defluere
859 2582 860 2585 Ἴ
877 2540 1029 2582 potuisset
1053 2568 1061 2574 .

55 2587 182 2619 Verum
206 2584 300 2627 hujus
324 2586 368 2617 rei
392 2584 557 2628 indicium*
574 2584 698 2617 nullum
714 2594 874 2625 repertum
898 2584 961 2622 est,
986 2596 1061 2619 cum

56 2628 250 2671 interpofitae
274 2639 403 2671 partes,
424 2639 562 2661 externae
586 2627 762 2669 praesertim
786 2650 795 2664 ‚
823 2627 904 2660 sanae
928 2628 1026 2662 essent
1050 2653 1058 2662 .

56 2673 200 2706 Musculi
226 2683 334 2706 autem
358 2672 466 2714 paffim
491 2673 524 2704 in
549 2671 611 2705 hoc
635 2671 786 2704 cadavere
798 2671 926 2712 pallidi,
948 2674 980 2705 &
1003 2673 1059 2715 qui

55 2716 255 2749 Abdominis
278 2725 458 2752 vocantur,
483 2714 576 2748 lividi
602 2724 711 2748 erant.

100 2769 151 2791 20.-
176 2759 299 2795 VlRO
323 2769 420 2791 annos
436 2768 518 2791 nato
541 2757 779 2801 quinquaginta
804 2780 813 2796 ‚
849 2757 966 2793 baculo
989 2764 1063 2800 pars

53 2803 217 2845 sincipitis
241 2801 361 2845 sinistra
386 2803 585 2841 percutitur,
611 2802 700 2835 nullo
725 2802 839 2835 vulnus
863 2801 1058 2844 consequen-

56 2857 88 2880 te
113 2846 351 2887 symptomate.
377 2844 477 2878 Venit
502 2855 555 2885 per
579 2845 608 2878 se
631 2845 668 2878 ad
695 2844 937 2879 Nosocomium
961 2860 968 2877 t
1002 2847 1059 2879 ubi

56 2902 72 2922 a
95 2889 207 2931 peritis
230 2887 403 2930 Chirurgis
427 2889 512 2931 nulla
536 2885 616 2925 esse,
642 2889 841 2922 nisiexterna
857 2914 865 2928 ,
891 2888 1059 2923 laefiocen-

57 2933 164 2966 secur:
193 2931 393 2974 feliciterque
417 2932 516 2974 usque
540 2931 577 2964 ad
601 2931 762 2965 decimum
773 2938 926 2975 quartum
948 2932 1033 2966 diem
1048 2957 1057 2971 ‚

55 2988 94 3009 ne
117 2987 182 3009 uno
206 2974 338 3017 quidem
364 2972 393 3006 se
415 2975 568 3017 prodente
584 2974 819 3017 symptomate‚
845 2979 991 3014 procedit
1002 2989 1058 3011 cu-

54 3020 159 3053 ratio.
185 3018 305 3064 Sed'eo
328 3015 399 3058 ipso
420 3018 471 3051 die
495 3017 592 3052 febris
614 3017 742 3051 invadit
764 3030 837 3051 cum
862 3018 969 3062 rigore
992 3043 1003 3060 ,
1027 3023 1058 3053 &

24 3070 28 3074 '
56 3065 262 3096 adventrem
284 3060 396 3094 dolore
417 3085 423 3092 .
452 3064 537 3094 Item·
560 3061 803 3105 insequentibus
823 3063 935 3096 diebus
958 3064 1056 3104 respi-

54 3107 191 3139 rationis
214 3104 384 3138 difficultas
409 3103 529 3138 accedit
553 3117 627 3139 cum
653 3104 738 3138 sensu
765 3106 936 3148 ponderis,
962 3107 1055 3144 tuffi,

30 3164 31 3167 ¹
53 3150 274 3191 &purulenta
298 3149 499 3181 excreatione
522 3175 529 3181 .
554 3150 649 3182 Mors
672 3149 808 3188 denique
832 3151 917 3184 circa
941 3150 1056 3193 vigesi-

53 3204 143 3225 mum
169 3191 337 3225 secundum
361 3189 469 3227 diem.
597 3192 657 3224 <IN
683 3192 858 3225 CAPITE
882 3200 955 3226 cum
975 3205 1055 3235 pree<

52 3240 102 3268 t'er
127 3247 196 3268 eam
220 3247 291 3277 quae
314 3234 452 3267 exterius
476 3236 675 3276 apparebat,
699 3235 858 3269 laesionem
879 3259 887 3273 ‚
913 3237 997 3270 nulla
1020 3238 1053 3270 in

52 3280 190 3319 cranio,
214 3278 299 3311 nulla
323 3279 355 3311 in
380 3278 531 3318 cerebro,
555 3279 611 3312 nisi
636 3278 722 3321 quod
748 3280 913 3319 paululum
939 3280 996 3313 seri
1019 3281 1052 3313 in

51 3322 149 3363 hujus
182 3322 367 3355 diffeffione
391 3323 553 3365 emanavit
577 3344 586 3358 ‚
619 3323 751 3366 usquam
775 3322 969 3362 deprehendi
994 3334 1052 3365 po-

52 3364 162 3398 tuisset
186 3376 199 3405 ‚¹
232 3364 370 3398 reclusus
394 3364 435 3396 est
466 3364 624 3398 Thorax.
758 3367 860 3407 Cujus
883 3376 1057 3408 utrumque

52 3420 167 3442 cavum
194 3420 271 3450 pure
296 3407 449 3449 plenam
473 3407 637 3448 pulmones
651 3419 781 3450 autem,
804 3412 949 3452 quamvis
974 3421 1057 3443 aco-

54 3451 109 3485 stis
134 3452 254 3489 soluti,
278 3450 424 3497 pluribus
447 3449 591 3483 distincti
614 3453 788 3486 tuberculis
815 3456 941 3487 inventi
966 3453 1056 3494 sunt,

54 3507 195 3536 quorum
220 3495 326 3536 aliqua
350 3505 416 3535 jam
440 3492 608 3535 suppurata
631 3520 639 3534 ,
663 3496 779 3529 saniem
803 3497 904 3530 incisa
927 3499 1055 3530 emitte-

54 3538 132 3573 bant
152 3563 160 3572 .
187 3538 225 3572 In
251 3538 433 3580 pericardio
457 3539 512 3569 vix
535 3549 624 3579 aquae
649 3538 818 3580 vestigium
840 3567 846 3573 .
884 3542 923 3573 In
949 3541 1055 3574 cordis

143 3582 308 3624 Morgagni
319 3582 353 3614 de
365 3582 430 3614 Sed.
443 3581 485 3614 c&
495 3581 581 3622 Caus.
595 3582 696 3615 Morb.
712 3583 810 3617 Tom.
822 3585 867 3616 II.

172 3750 180 3771 )
197 3745 278 3773 supra,
297 3753 319 3768 n.
341 3752 374 3774 ῖς.
391 3744 417 3769 in
435 3746 477 3770 (ἕωἢ
538 3746 552 3774 (
568 3754 582 3768 υ
600 3746 612 3773 )
630 3745 670 3768 lib.
691 3746 780 3770 Introd.
800 3749 873 3770 Anat.
890 3755 912 3771 c.
930 3749 968 3771 28.

181 3776 294 3805 )supra,
313 3783 334 3799 n>
356 3784 391 3804 19⁷
454 3778 498 3806 (a
515 3776 524 3805 )
541 3777 620 3800 Schol.
637 3777 679 3800 cit.

114 3748 153 3774 (r

113 3779 262 3836 {fisa-

747 3777 750 3779 .
1033 3747 1040 3779 (
1058 3757 1073 3773 x
1088 3751 1101 3779 )
1116 3751 1174 3775 0bs.
1192 3749 1260 3774 Med.
1278 3748 1346 3773 cair.
1363 3757 1397 3778 ις.

742 3782 746 3801 (
767 3776 884 3805 b)(1)¹us.
904 3788 925 3808 5.
945 3778 968 3807 ᾗ,
986 3787 1007 3807 4.
1069 3782 1104 3810 (c
1121 3783 1134 3809 )
1150 3784 1185 3806 De
1202 3783 1311 3805 Renunc.
1330 3780 1401 3804 Vuln.
1419 3782 1441 3804 S.
1462 3788 1483 3804 1.

1968 208 2064 273 289

1125 283 1282 318 ambobus
1305 285 1494 318 ventriculis
1518 282 1680 327 polyposae
1693 282 1913 316 concretiones
1929 307 1937 321 ‚
1963 282 1996 314 in
2019 283 2131 328 dexte-

1123 340 1161 361 ro
1186 325 1311 368 major,
1335 328 1367 360 in
1391 327 1515 361 sinistro
1540 336 1647 360 autem
1663 329 1792 360 minor.
1924 326 2050 359 Ventre
2072 325 2127 357 de-

1125 373 1224 414 nique
1247 380 1389 411 aperto,
1414 373 1447 404 in
1472 370 1596 412 hepatis
1620 379 1708 412 parte
1731 370 1861 402 dextera
1884 368 1994 414 crebra
2018 368 2129 401 tuber-

1125 415 1196 448 cula
1220 414 1386 455 conspeffl
1411 415 1505 453 sunt,
1529 417 1560 447 δὲ
1582 415 1615 445 in
1638 413 1688 446 his
1712 412 1865 446 nonnulla
1881 423 1951 454 quae
1977 421 2043 452 Jam
2058 422 2128 452 per-

1126 468 1277 490 venerant
1303 457 1340 490 ad
1364 456 1647 500 suppurationem.

1171 510 1220 532 21.
1247 500 1349 533 Vides
1372 524 1384 540 ,
1420 510 1455 541 ut
1480 501 1619 542 propriis
1643 497 1938 533 Observationibus
1975 495 2129 531 adduetus

1126 542 1278 576 Valsalva
1301 543 1338 576 sit
1364 545 1402 577 ad
1426 543 1629 577 scribendum
1650 547 1661 582 (
1688 551 1702 575 t
1724 547 1737 582 )
1761 567 1769 582 ‚
1793 543 1826 575 in
1849 542 1964 583 capitis
1985 540 2129 573 vulneri-

1121 587 1181 620 bus
1208 586 1289 620 affici
1314 587 1487 629 aliquando
1501 586 1643 620 thoracis
1667 586 1807 619 viscera:
1830 595 2012 627 quanquam
2032 583 2132 618 addu-

1124 632 1153 663 ci
1178 639 1305 672 poterat
1329 630 1492 663 &alienis
1510 654 1517 660 .
1544 629 1704 663 Nicolaus
1728 631 1813 662 enirn
1828 627 1926 660 Massa
1953 629 2006 669 (u
2029 630 2131 666 )con-

1127 673 1271 716 spexerat
1302 672 1366 715 jam
1390 674 1432 705 A.
1462 683 1554 716 1533.
1580 672 1734 716 praesente
1758 672 1898 705 Victore
1922 669 2131 703 Trincavella

1127 727 1202 749 cum
1226 718 1295 750 aliis
1318 716 1505 750 dostiffimis
1529 717 1645 755 Viris,
1668 726 1699 747 ea
1725 726 1796 756 quae
1820 724 1894 747 cum
1919 723 2026 746 extare
2049 711 2134 746 haud

1127 759 1252 793 videam
1270 771 1338 794 >non
1364 760 1463 793 modo
1481 758 1535 792 hic
1558 760 1591 792 in
1605 758 1832 801 Sepulchreto,
1857 755 1911 803 sed
1933 768 2034 798 neque
2049 753 2133 798 apud

1128 804 1232 841 ullos,
1256 803 1342 845 quod
1366 804 1570 837 meminerim
1592 825 1602 841 ‚
1628 802 1686 845 qui
1707 801 1745 834 de
1768 801 1860 834 rebus
1882 798 2041 841 ejusmodi
2065 809 2132 840 ege-

1128 856 1226 884 runt,
1251 848 1449 887 Scriptores;
1473 845 1570 889 presse
1585 845 1637 879 hic
1661 845 1723 877 tibi
1738 843 2026 892 commemorabo..
2049 843 2133 878 Qui—

1129 889 1203 923 dam
1237 901 1275 923 ex
1299 890 1429 923 vulnere
1463 890 1591 922 inflictio
1614 889 1751 922 dexterae
1783 888 1896 929 capitis
1928 895 2011 927 parti
2035 894 2134 928 prope

1133 934 1322 975 Sagittalem
1347 934 1512 970 suturam,
1538 944 1612 966 cum
1637 932 1825 973 meningum
1846 930 1999 964 incisione
2015 952 2024 968 ,
2048 938 2136 961 mor-

1133 985 1206 1010 tuus
1217 986 1284 1009 erat
1308 977 1467 1013 delirans,
1490 979 1521 1009 &
1544 976 1760 1018 paralyticus;
1781 973 1869 1017 quod
1885 983 1919 1006 ut
1944 974 2135 1019 plurimum?

1132 1021 1243 1062 inquit
1267 1044 1276 1057 ‚
1309 1020 1378 1053 fieri
1403 1020 1483 1054 solet
1508 1031 1517 1057 3
1541 1019 1748 1061 eoscorporis
1771 1018 1870 1051 latere
1895 1016 1983 1059 quod
2008 1016 2132 1048 vulneri

1132 1058 1372 1106 opponebatur.
1400 1065 1438 1096 In
1462 1064 1570 1104 capite
1594 1062 1660 1096 duo
1684 1064 1814 1094 inventa
1839 1060 1913 1094 sunt
1938 1061 2134 1100 apostemata

1131 1117 1270 1149 quorum
1295 1117 1352 1147 pus
1376 1116 1444 1139 erat
1468 1105 1648 1144 laudabile,
1676 1106 1808 1139 alterum
1832 1105 1865 1136 in
1891 1102 2062 1135 substantia
2086 1112 2136 1135 ce-

1130 1149 1219 1182 rebri
1243 1160 1341 1191 prope
1365 1150 1479 1183 vulnus
1498 1172 1510 1189 ,
1534 1149 1668 1182 alterurn
1693 1151 1726 1181 in
1749 1147 1906 1181 cerebello
1931 1146 2103 1188 posteriore
2128 1169 2135 1177 .

1130 1191 1169 1227 In
1195 1192 1346 1226 Thorace
1373 1203 1478 1226 autem
1504 1192 1603 1225 sanies
1628 1192 1729 1225 multa
1750 1213 1758 1228 ‚
1781 1194 1813 1224 δε
1838 1190 1921 1223 mala
1942 1188 2135 1234 deprehensa
2162 1202 2163 1205 ¹

1130 1236 1173 1269 est
1197 1236 1281 1269 intra
1306 1236 1420 1271 finistri
1447 1236 1611 1278 pulmonis
1634 1235 1724 1268 ulcus
1747 1257 1760 1274 ,
1783 1234 1874 1275 cujus
1897 1243 2012 1265 cavum
2037 1242 2137 1273 majus

1127 1290 1195 1312 erat
1216 1278 1394 1313 dimidiato
1419 1281 1541 1313 cortice
1563 1280 1619 1312 ovi
1644 1279 1813 1321 gallinacei
1838 1303 1845 1310 .
1878 1277 1953 1309 Fuit
1977 1278 2007 1308 &
2039 1275 2139 1325 sanies

1128 1321 1294 1356 manifesta
1318 1323 1351 1356 in
1377 1323 1510 1357 finistrae
1534 1322 1639 1357 cordis
1663 1322 1816 1356 auricula:
1841 1318 1921 1353 facie
1947 1328 2105 1352 exteriore
2129 1340 2139 1355 ‚

1127 1378 1199 1408 quae
1223 1375 1295 1400 tota
1327 1376 1395 1399 erat
1430 1367 1610 1401 exulcerata
1635 1392 1642 1399 .
1680 1366 1736 1399 Sed
1763 1366 1796 1398 in
1822 1363 2005 1396 ventriculo
2040 1364 2138 1396 etiam

1126 1409 1233 1442 cordis
1266 1411 1398 1444 dextero
1420 1412 1453 1444 in
1489 1411 1640 1444 columna
1664 1421 1775 1443 carnea
1800 1407 1958 1451 apostema
1991 1415 2058 1438 erat
2082 1417 2140 1439 no-

1127 1453 1249 1489 tabile,
1272 1454 1439 1487 ascendens
1464 1455 1562 1497 usque
1585 1454 1623 1488 ad
1647 1465 1743 1487 unam
1769 1464 1806 1486 ex
1832 1451 1965 1483 valvulis
1991 1470 2000 1486 ‚
2033 1449 2139 1491 ipsam

1126 1508 1257 1538 quoque
1281 1508 1410 1530 tumore
1435 1499 1594 1537 notabili,
1620 1494 1841 1539 &apostemoso
1866 1502 2069 1527 tumentem.
2094 1493 2138 1525 Et

1126 1551 1164 1572 ne
1189 1539 1274 1573 forte
1298 1541 1428 1578 credas,
1453 1541 1520 1574 haec
1543 1536 1686 1574 thoracis
1710 1539 1903 1582 apostemata
1926 1547 1998 1570 ante
2023 1537 2138 1569 vulnus

1125 1583 1189 1624 jam
1214 1582 1327 1621 fuisse3
1353 1584 1488 1617 testatur
1514 1584 1614 1617 Massa
1644 1607 1651 1619 ‚
1687 1593 1801 1616 notum
1828 1582 1885 1615 sibi
1911 1580 2007 1614 fuisse·
2026 1577 2137 1625 homi-

1126 1633 1350 1670 nem,'neque
1376 1638 1518 1669 unquam
1541 1626 1580 1659 de
1604 1627 1672 1659 ullo
1696 1625 2033 1671 dolore'conquestum
2050 1647 2058 1662 ,
2074 1634 2139 1665 ne<³

1124 1682 1187 1711 que
1212 1670 1282 1703 tuffi
1310 1680 1461 1704 vexatum
1496 1671 1545 1703 vel
1571 1671 1739 1711 postquam
1765 1671 1950 1703 vulneratus
1974 1667 2100 1709 jacebat
2126 1689 2134 1704 ‚

1125 1716 1185 1746 διε.
1212 1713 1262 1747 Ad
1287 1713 1371 1747 hanc
1404 1714 1555 1748 addendae
1578 1712 1651 1746 sunt
1677 1712 1857 1747 Marchetti
1883 1713 1982 1745 nostri
2009 1709 2138 1744 Obseiu

1126 1759 1273 1790 vationes
1295 1762 1309 1797 <
1331 1757 1408 1798 x).
1437 1759 1519 1796 Quae
1544 1768 1617 1790 cum
1642 1757 1746 1789 multo
1770 1757 1914 1790 notiores
1935 1754 2018 1794 sint,
2043 1764 2140 1797 atque

1126 1802 1205 1833 adeo
1229 1801 1261 1832 in
1288 1800 1534 1843 Sepulchretum
1560 1805 1610 1841 (y
1631 1803 1645 1839 )
1670 1799 1777 1833 relatae
1803 1814 1812 1837 3
1837 1799 1946 1833 videre
1970 1799 2020 1832 ibi
2044 1808 2139 1841 pote-

1122 1847 1165 1877 ris
1193 1865 1201 1881 ,
1234 1855 1333 1886 quam
1360 1843 1439 1885 saepe
1464 1846 1496 1877 in
1520 1845 1635 1885 capitis
1660 1844 1846 1878 vulneribus
1872 1842 1978 1876 erosos
2010 1844 2138 1885 pulmo-

1121 1898 1197 1927 nes,
1221 1889 1251 1919 &
1275 1888 1420 1929 pleuram
1444 1888 1605 1921 invenerit
1622 1912 1632 1927 ,
1656 1887 1895 1930 dimidiumque
1919 1886 2060 1920 thoracis
2084 1898 2139 1919 ca-

1123 1942 1187 1963 veae
1211 1941 1288 1971 pure
1312 1930 1468 1964 refertum
1495 1956 1503 1970 ,
1527 1940 1710 1974 arguatque
1732 1943 1784 1964 eos
1808 1932 1866 1975 qui
1891 1941 1955 1964 non
1980 1943 1995 1964 a
2018 1930 2135 1973 capitis

1123 1975 1254 2007 vulnere
1289 1973 1351 2007 hoc
1375 1974 1534 2008 deducant
1560 2000 1568 2008 .
1604 1974 1676 2017 lpse
1698 1976 1784 2009 enirn
1814 1974 1859 2008 ob
1884 1976 2021 2016 praevios
2056 1974 2133 2007 colli

1124 2018 1250 2050 dolores
1276 2027 1364 2059 parte
1390 2018 1566 2061 praesertim
1591 2018 1712 2061 postica
1736 2041 1746 2056 ,
1785 2020 1816 2051 &
1839 2018 1961 2052 laterali
1990 2044 1998 2058 ‚
2037 2027 2138 2051 mate-

1125 2063 1205 2094 riam
1229 2063 1430 2103 purulentam
1455 2075 1492 2096 ex
1518 2063 1649 2097 vulnere
1673 2064 1705 2095 in
1717 2073 1831 2096 cavum
1857 2060 1999 2096 thoracis
2010 2061 2139 2095 d'escen-

1123 2105 1216 2142 dere,
1242 2116 1308 2138 non
1331 2106 1526 2141 dubitabat.
1551 2107 1663 2149 Quam
1687 2116 1793 2139 tamen
1818 2107 1903 2140 viam
1930 2117 1982 2147 per
2006 2104 2137 2139 Valsal-

1122 2160 1168 2181 vae
1192 2150 1225 2180 in
1247 2149 1369 2192 Juvene
1393 2154 1404 2189 (
1427 2152 1485 2194 z)
1510 2150 1788 2184 Observationem
1802 2149 1913 2184 vidisti
1937 2160 1975 2184 ne
1999 2150 2137 2185 ad'dor-

1120 2191 1141 2223 fi
1166 2190 1299 2234 quidem
1324 2192 1497 2228 abscessum
1519 2194 1708 2229 confirmari
1734 2194 1875 2236 potuisse
1892 2219 1899 2227 .

1163 2246 1212 2268 22.
1238 2237 1350 2270 Habes
1376 2234 1479 2280 igitui
1502 2238 1581 2271 alios
1605 2248 1722 2281 praeter
1743 2236 1929 2271 Valsalvam
1943 2239 2000 2280 qui
2024 2239 2058 2270 in
2082 2250 2136 2271 ca-

1119 2280 1199 2322 pitis
1222 2281 1409 2315 vulneribus
1433 2292 1491 2323 pus
1516 2281 1679 2316 interdum
1704 2280 1787 2314 intra
1814 2280 1980 2314 thoracem
2001 2283 2135 2315 invene·-

1118 2326 1204 2358 rint.
1232 2322 1314 2357 Sunt
1338 2327 1368 2357 δε
1392 2326 1449 2367 qui
1474 2327 1506 2358 in
1529 2335 1659 2364 ventre,
1684 2334 1720 2357 ut
1746 2324 1831 2358 idem
1846 2324 2131 2369 Marchettusffiz),

1116 2369 1173 2410 qui
1199 2367 1291 2400 lienis
1315 2369 1416 2402 etiarn
1438 2368 1543 2402 labem
1557 2368 1793 2412 deprehendit,
1816 2371 1847 2401 &
1872 2369 2132 2414 purulentaspu-

1117 2412 1228 2447 stulas;
1254 2422 1288 2444 ut
1315 2412 1369 2444 alii
1392 2434 1401 2449 ‚
1426 2422 1585 2454 quantum
1607 2414 1641 2445 in
1666 2412 1876 2454 Sepulchreto
1900 2415 1914 2450 (
1936 2410 1989 2454 b)
2015 2413 2125 2446 referri

1116 2454 1236 2491 video,
1262 2456 1320 2496 qui
1344 2455 1378 2487 in
1403 2457 1620 2490 ventriculum
1644 2467 1773 2498 quoque
1789 2481 1797 2495 ‚
1820 2454 1992 2494 intestina,
2017 2459 2128 2489 &rne-

1118 2498 1291 2532 senterium
1315 2499 1465 2532 translata
1490 2498 1581 2541 ajunt
1596 2500 1811 2542 apostemata.
1838 2500 1897 2532 Sed
1910 2510 1982 2532 cum
2008 2500 2126 2540 iide'nr,

1115 2544 1148 2575 &
1189 2540 1392 2575 Marchettus
1415 2566 1426 2582 ‚
1461 2545 1491 2575 &
1523 2542 1670 2578 Bolinius
1695 2546 1706 2582 (
1729 2543 1778 2585 c)
1804 2565 1814 2581 ‚
1852 2543 1908 2584 qui
1943 2544 2124 2584 promiscue

1113 2586 1259 2631 pleurarn
1284 2597 1435 2629 quoque,
1462 2586 1626 2626 pulmones
1648 2610 1655 2625 ,
1684 2588 1798 2619 lienem
1823 2587 1970 2631 nominat
1996 2609 2003 2623 ‚
2039 2587 2123 2628 jecur

1112 2640 1177 2662 non
1211 2629 1402 2669 omittant;
1435 2639 1503 2664 tum
1531 2632 1676 2674 plerique
1719 2631 1772 2665 alii
1799 2631 1902 2664 viscus
1937 2630 1996 2667 hoc
2024 2643 2120 2669 unum

1113 2683 1294 2706 memorant
1318 2674 1350 2706 in
1375 2675 1462 2716 quod
1487 2685 1524 2708 ej<
1549 2674 1691 2710 sauciato
1705 2677 1810 2715 capite
1836 2687 1890 2718 pus
1908 2677 2094 2712 traducatur
2113 2704 2120 2711 ‚

1113 2716 1216 2759 quue
1240 2729 1279 2750 ex
1302 2717 1441 2750 historiis
1460 2720 1634 2757 omnibus,
1658 2723 1685 2752 ὃς
1702 2719 1838 2753 Scholiis
1863 2720 2120 2763 cognossetque

1112 2759 1170 2793 sub
1192 2760 1429 2794 observatione
1442 2763 1538 2795 XVL
1562 2765 1594 2795 in
1609 2762 1816 2798 §eunichi-eto
1833 2762 1902 2802 ipso
1926 2775 2119 2805 proponun-

1111 2813 1184 2837 tur.
1209 2804 1328 2846 Neque
1348 2806 1436 2838 enim
1461 2806 1581 2844 officiet
1605 2808 1852 2845 tibioperarum
1876 2808 1999 2840 incuria
2024 2809 2091 2847 (d)
2107 2835 2116 2849 ,

1109 2846 1276 2889 Apostem.z
1299 2850 1331 2882 in
1353 2849 1475 2889 capite.
1499 2859 1553 2882 aut
1577 2849 1759 2881 vulneribus
1783 2850 1917 2889 Hepiztt's
1941 2863 1999 2891 pro
2020 2855 2115 2892 Apo,

1103 2889 1201 2929 stema
1222 2892 1255 2937 2⁴32
1277 2889 1386 2930 hepate
1411 2913 1418 2925 ‚
1453 2894 1484 2923 &
1506 2890 1686 2924 vulneribus
1709 2893 1831 2934 Capitis
1864 2892 2074 2927 scribentium
2103 2921 2108 2926 .

1111 2932 1197 2967 Illud
1221 2932 1352 2966 sortasse
1377 2937 1485 2976 potius
1508 2935 1647 2968 officeret
1668 2956 1677 2971 ‚
1703 2946 1735 2968 ut
1765 2936 1946 2970 ssillonmm
1970 2941 2115 2971 crederes

1109 2978 1197 3020 quod
1232 2977 1269 3010 de
1292 2975 1429 3010 abscessu
1466 2979 1588 3019 scripsit
1612 2981 1644 3011 in
1670 2991 1808 3012 concava
1833 2978 1988 3020 jecinoris
2024 2992 2114 3023 parte

1108 3020 1302 3057 observato.
1328 3021 1361 3053 id
1387 3031 1538 3064 tanquam
1554 3022 1611 3054 sibi
1633 3032 1757 3056 certum
1774 3021 1988 3065 pr<›p0suiuc;
2013 3036 2115 3066 quan-

1108 3064 1151 3098 do
1174 3065 1312 3105 inspeeta
1336 3064 1391 3096 illa
1418 3066 1501 3097 unde
1525 3067 1550 3097 is
1574 3068 1662 3098 locus
1687 3077 1831 3108 acceptus
1856 3067 1920 3102 est.
1950 3069 2114 3108 Appendi-

1108 3121 1142 3141 ce
1154 3107 1191 3141 ad
1215 3107 1362 3139 libellum
1374 3108 1411 3141 de
1423 3107 1717 3148 Coiivulsionibus,
1742 3121 1806 3142 nnn
1818 3122 1851 3142 ea
1877 3104 2027 3152 leguntur
2041 3124 2113 3153 quae

1107 3153 1141 3184 in
1167 3150 1374 3192 Sepulchreto
1398 3155 1481 3191 (e),
1504 3159 1597 3192 atque
1621 3153 1653 3186 id
1675 3163 1692 3184 a
1712 3152 2033 3195 plerzscmcclfflurgis
2057 3154 2109 3186 ob-

1099 3194 1263 3236 servatum
1276 3191 1349 3234 esse,
1367 3193 1453 3235 ‚fc-2¹03
1480 3193 1530 3227 sed
1555 3195 1644 3233 haec,
1667 3198 1726 3228 An
1750 3197 1781 3228 id
1796 3195 1858 3238 fiat
1879 3218 1888 3231 ‚
1910 3197 2109 3238 meamque,

1105 3237 1218 3280 nesclo,
1235 3234 1291 3277 sed
1313 3244 1415 3269 tamen
1437 3248 1456 3269 a
1499 3237 1627 3279 lerisqnc
1639 3241 1660 3269 C
1662 3238 1799 3280 hii-argis
1822 3239 1854 3270 id
1864 3237 2057 3280 observatum
2068 3239 2111 3282 es·

1099 3280 1161 3322 se,
1184 3280 1308 3312 audivi,
1337 3281 1397 3312 Sed
1430 3291 1441 3312 ι
1487 3288 1541 3317 at.
1565 3292 1625 3323 qua
1649 3284 1766 3314 ratione
1789 3282 1949 3323 contingat
1973 3308 1981 3321 ,
2007 3284 2048 3316 (ΒΝ
2069 3294 2107 3316 an

1101 3323 1146 3366 fit
1169 3321 1335 3363 verzfimile
1347 3323 1379 3355 id
1425 3323 1555 3365 eripoffe
1571 3347 1578 3359 ,
1599 3334 1689 3365 porro
1706 3323 1860 3366 quaestione
1884 3325 2084 3366 ciigmmzerz't
2098 3353 2106 3360 .

1108 3368 1248 3399 Cavebis
1273 3367 1376 3407 igitur
1402 3389 1409 3401 ,
1443 3379 1479 3400 ne
1505 3367 1688 3400 Ballonium
1713 3369 1796 3399 inter
1820 3366 1915 3409 hujus
1939 3369 2110 3410 apostema-

1109 3412 1149 3443 tis
1173 3409 1410 3442 Observatores
1436 3421 1532 3451 ponas
1555 3432 1565 3447 ‚
1597 3411 1654 3453 qui
1678 3411 1761 3442 inter
1795 3412 2018 3452 Explicatores
2053 3424 2111 3454 po-

1107 3452 1227 3486 nendus
1252 3453 1319 3492 est,
1343 3462 1376 3484 ut
1400 3463 1512 3485 contra
1536 3467 1552 3486 a
1576 3452 1716 3494 quodam
1741 3457 1901 3486 noninter
1917 3455 2106 3496 Explicato-

1107 3508 1175 3534 res,
1202 3497 1251 3529 sed
1277 3499 1358 3528 inter
1379 3496 1614 3529 Observatores
1638 3496 1797 3529 referendi
1821 3506 1909 3530 erant
1935 3500 2107 3537 nonnulli,

1107 3541 1163 3582 qui
1198 3538 1445 3573 Observationis
1488 3540 1579 3574 testes
1619 3540 1789 3615 (gmtaxat
1826 3539 1960 3575 fuerunt
1993 3566 2000 3572 .
2046 3543 2107 3578 Sed

1682 3584 1702 3616 'o
1981 3587 2062 3619 mul·
2083 3612 2085 3615 ,

1587 3676 1678 3683 ..---.

1459 3748 1499 3779 (y
1518 3749 1526 3778 )
1544 3748 1623 3773 schor.
1639 3748 1668 3782 aa
1688 3748 1709 3777 35.
1728 3757 1749 3772 ι.
1767 3748 1823 3771 om,
1846 3734 1894 3773 1⁶]

1546 3782 1553 3809 (
1576 3779 1742 3809 d3x>.1.&
1762 3788 1781 3808 3.
