<?xml version="1.0" encoding="UTF-8"?>
<!DOCTYPE html PUBLIC "-//W3C//DTD XHTML 1.0 Transitional//EN"
    "http://www.w3.org/TR/xhtml1/DTD/xhtml1-transitional.dtd">
<html xmlns="http://www.w3.org/1999/xhtml" xml:lang="en" lang="en">
 <head>
  <title>
</title>
<meta http-equiv="Content-Type" content="text/html;charset=utf-8" />
  <meta name='ocr-system' content='tesseract 3.04.00' />
  <meta name='ocr-capabilities' content='ocr_page ocr_carea ocr_par ocr_line ocrx_word'/>
</head>
<body>
  <div class='ocr_page' id='page_1' title='image "./desedibusetcausi00morg_0499.png"; bbox 0 0 2498 4075; ppageno 0'>
   <div class='ocr_carea' id='block_1_1' title="bbox 210 260 1882 334">
    <p class='ocr_par' dir='ltr' id='par_1_1' title="bbox 210 260 1882 334">
     <span class='ocr_line' id='line_1_1' title="bbox 210 260 1882 334; baseline -0.002 -13"><span class='ocrx_word' id='word_1_1' title='bbox 210 268 361 334; x_wconf 74' lang='lat' dir='ltr'>Epist.</span> <span class='ocrx_word' id='word_1_2' title='bbox 395 267 556 320; x_wconf 85' lang='lat' dir='ltr'>Anat.</span> <span class='ocrx_word' id='word_1_3' title='bbox 589 263 803 318; x_wconf 85' lang='lat' dir='ltr'>Medica</span> <span class='ocrx_word' id='word_1_4' title='bbox 839 261 1168 320; x_wconf 79' lang='lat' dir='ltr'>xxxvm.</span> <span class='ocrx_word' id='word_1_5' title='bbox 1203 260 1321 316; x_wconf 88' lang='lat' dir='ltr'>Art.</span> <span class='ocrx_word' id='word_1_6' title='bbox 1338 266 1412 318; x_wconf 86' lang='lat'>26.</span> <span class='ocrx_word' id='word_1_7' title='bbox 1429 277 1512 326; x_wconf 77' lang='lat'>27·</span> <span class='ocrx_word' id='word_1_8' title='bbox 1532 262 1614 318; x_wconf 83' lang='lat'>28.</span> <span class='ocrx_word' id='word_1_9' title='bbox 1630 277 1707 328; x_wconf 86' lang='lat'>29.</span> <span class='ocrx_word' id='word_1_10' title='bbox 1728 264 1882 331; x_wconf 59' lang='grc' dir='ltr'>δεμ</span> 
     </span>
    </p>
   </div>
   <div class='ocr_carea' id='block_1_2' title="bbox 34 342 1077 3685">
    <p class='ocr_par' dir='ltr' id='par_1_2' title="bbox 79 342 1076 474">
     <span class='ocr_line' id='line_1_2' title="bbox 83 342 1076 387; baseline 0 -10"><span class='ocrx_word' id='word_1_11' title='bbox 83 345 130 378; x_wconf 75' lang='lat' dir='ltr'>est</span> <span class='ocrx_word' id='word_1_12' title='bbox 153 355 226 379; x_wconf 87' lang='lat' dir='ltr'>cum</span> <span class='ocrx_word' id='word_1_13' title='bbox 250 355 305 379; x_wconf 86' lang='lat' dir='ltr'>aut</span> <span class='ocrx_word' id='word_1_14' title='bbox 330 343 424 387; x_wconf 76' lang='lat' dir='ltr'>patilo</span> <span class='ocrx_word' id='word_1_15' title='bbox 447 353 521 377; x_wconf 88' lang='lat' dir='ltr'>ante</span> <span class='ocrx_word' id='word_1_16' title='bbox 542 353 639 385; x_wconf 86' lang='lat' dir='ltr'>quam</span> <span class='ocrx_word' id='word_1_17' title='bbox 663 342 795 377; x_wconf 86' lang='lat' dir='ltr'>morbus</span> <span class='ocrx_word' id='word_1_18' title='bbox 805 343 971 378; x_wconf 81' lang='lat' dir='ltr'>evidenter</span> <span class='ocrx_word' id='word_1_19' title='bbox 994 344 1076 377; x_wconf 91' lang='lat' dir='ltr'>inci-</span> 
     </span>
     <span class='ocr_line' id='line_1_3' title="bbox 81 384 1075 431; baseline 0.002 -11"><span class='ocrx_word' id='word_1_20' title='bbox 81 397 172 431; x_wconf 83' lang='lat' dir='ltr'>peret</span> <span class='ocrx_word' id='word_1_21' title='bbox 194 412 205 428; x_wconf 82' lang='lat'>‚</span> <span class='ocrx_word' id='word_1_22' title='bbox 246 390 345 423; x_wconf 82' lang='lat' dir='ltr'>multa</span> <span class='ocrx_word' id='word_1_23' title='bbox 381 389 457 430; x_wconf 87' lang='lat' dir='ltr'>aegri</span> <span class='ocrx_word' id='word_1_24' title='bbox 490 384 686 429; x_wconf 81' lang='lat' dir='ltr'>ingesserunt</span> <span class='ocrx_word' id='word_1_25' title='bbox 709 412 719 426; x_wconf 85' lang='lat'><em>‚</em></span> <span class='ocrx_word' id='word_1_26' title='bbox 753 395 807 420; x_wconf 90' lang='lat' dir='ltr'>aut</span> <span class='ocrx_word' id='word_1_27' title='bbox 830 398 894 420; x_wconf 94' lang='lat' dir='ltr'>non</span> <span class='ocrx_word' id='word_1_28' title='bbox 919 398 1075 431; x_wconf 86' lang='lat' dir='ltr'>perpauca</span> 
     </span>
     <span class='ocr_line' id='line_1_4' title="bbox 79 430 944 474; baseline 0.001 -11"><span class='ocrx_word' id='word_1_29' title='bbox 79 430 249 472; x_wconf 79' lang='lat' dir='ltr'>postquam</span> <span class='ocrx_word' id='word_1_30' title='bbox 274 433 396 474; x_wconf 78' lang='lat' dir='ltr'>incepit</span> <span class='ocrx_word' id='word_1_31' title='bbox 411 457 418 469; x_wconf 90' lang='lat'>,</span> <span class='ocrx_word' id='word_1_32' title='bbox 441 442 540 472; x_wconf 86' lang='lat' dir='ltr'>porro</span> <span class='ocrx_word' id='word_1_33' title='bbox 562 431 704 471; x_wconf 83' lang='lat' dir='ltr'><strong>ingerere</strong></span> <span class='ocrx_word' id='word_1_34' title='bbox 716 441 944 472; x_wconf 80' lang='lat' dir='ltr'>perrexerunt.</span> 
     </span>
    </p>

    <p class='ocr_par' dir='ltr' id='par_1_3' title="bbox 74 472 1075 688">
     <span class='ocr_line' id='line_1_5' title="bbox 78 472 1075 516; baseline 0.001 -10"><span class='ocrx_word' id='word_1_35' title='bbox 78 475 118 506; x_wconf 91' lang='lat' dir='ltr'>In</span> <span class='ocrx_word' id='word_1_36' title='bbox 143 475 323 509; x_wconf 78' lang='lat' dir='ltr'>abdominis</span> <span class='ocrx_word' id='word_1_37' title='bbox 359 484 464 509; x_wconf 88' lang='lat' dir='ltr'>autem</span> <span class='ocrx_word' id='word_1_38' title='bbox 488 472 710 515; x_wconf 80' lang='lat' dir='ltr'>perforatione</span> <span class='ocrx_word' id='word_1_39' title='bbox 745 473 782 506; x_wconf 89' lang='lat' dir='ltr'>ad</span> <span class='ocrx_word' id='word_1_40' title='bbox 817 474 949 506; x_wconf 86' lang='lat' dir='ltr'>alteram</span> <span class='ocrx_word' id='word_1_41' title='bbox 987 483 1075 516; x_wconf 88' lang='lat' dir='ltr'>tym-</span> 
     </span>
     <span class='ocr_line' id='line_1_6' title="bbox 76 515 1073 561; baseline 0 -11"><span class='ocrx_word' id='word_1_42' title='bbox 76 519 196 558; x_wconf 86' lang='lat' dir='ltr'>panitis</span> <span class='ocrx_word' id='word_1_43' title='bbox 218 519 356 561; x_wconf 88' lang='lat' dir='ltr'>speciem</span> <span class='ocrx_word' id='word_1_44' title='bbox 380 516 559 552; x_wconf 88' lang='lat' dir='ltr'>solvendam</span> <span class='ocrx_word' id='word_1_45' title='bbox 574 540 582 553; x_wconf 93' lang='lat'>‚</span> <span class='ocrx_word' id='word_1_46' title='bbox 605 515 683 559; x_wconf 90' lang='lat' dir='ltr'>quid</span> <span class='ocrx_word' id='word_1_47' title='bbox 707 516 843 558; x_wconf 80' lang='lat' dir='ltr'>periculi</span> <span class='ocrx_word' id='word_1_48' title='bbox 864 515 923 550; x_wconf 86' lang='lat' dir='ltr'>esse</span> <span class='ocrx_word' id='word_1_49' title='bbox 947 517 1040 559; x_wconf 81' lang='lat' dir='ltr'>poffit</span> <span class='ocrx_word' id='word_1_50' title='bbox 1063 540 1073 555; x_wconf 90' lang='lat'>,</span> 
     </span>
     <span class='ocr_line' id='line_1_7' title="bbox 77 558 1074 606; baseline 0.003 -15"><span class='ocrx_word' id='word_1_51' title='bbox 77 559 101 592; x_wconf 75' lang='lat' dir='ltr'>si</span> <span class='ocrx_word' id='word_1_52' title='bbox 124 559 209 596; x_wconf 88' lang='lat' dir='ltr'>forte</span> <span class='ocrx_word' id='word_1_53' title='bbox 234 565 336 606; x_wconf 85' lang='lat' dir='ltr'>prima</span> <span class='ocrx_word' id='word_1_54' title='bbox 363 561 476 603; x_wconf 88' lang='lat' dir='ltr'>species</span> <span class='ocrx_word' id='word_1_55' title='bbox 508 571 582 592; x_wconf 91' lang='lat' dir='ltr'>cum</span> <span class='ocrx_word' id='word_1_56' title='bbox 605 571 639 592; x_wconf 91' lang='lat' dir='ltr'>ea</span> <span class='ocrx_word' id='word_1_57' title='bbox 663 558 817 601; x_wconf 82' lang='lat' dir='ltr'>jungatur</span> <span class='ocrx_word' id='word_1_58' title='bbox 838 584 847 599; x_wconf 88' lang='lat'>,</span> <span class='ocrx_word' id='word_1_59' title='bbox 871 570 925 592; x_wconf 89' lang='lat' dir='ltr'>aut</span> <span class='ocrx_word' id='word_1_60' title='bbox 948 571 1006 601; x_wconf 90' lang='lat' dir='ltr'>pro</span> <span class='ocrx_word' id='word_1_61' title='bbox 1030 560 1074 594; x_wconf 87' lang='lat' dir='ltr'>se-</span> 
     </span>
     <span class='ocr_line' id='line_1_8' title="bbox 75 602 1074 648; baseline 0.001 -12"><span class='ocrx_word' id='word_1_62' title='bbox 75 605 179 638; x_wconf 81' lang='lat' dir='ltr'>cunda</span> <span class='ocrx_word' id='word_1_63' title='bbox 202 608 305 648; x_wconf 88' lang='lat' dir='ltr'>prima</span> <span class='ocrx_word' id='word_1_64' title='bbox 330 607 500 646; x_wconf 84' lang='lat' dir='ltr'>imponat3</span> <span class='ocrx_word' id='word_1_65' title='bbox 524 603 736 636; x_wconf 81' lang='lat' dir='ltr'>internoscere</span> <span class='ocrx_word' id='word_1_66' title='bbox 760 613 867 636; x_wconf 85' lang='lat' dir='ltr'>autem</span> <span class='ocrx_word' id='word_1_67' title='bbox 891 602 1074 644; x_wconf 87' lang='lat' dir='ltr'>perdifficile</span> 
     </span>
     <span class='ocr_line' id='line_1_9' title="bbox 74 645 943 688; baseline 0.002 -9"><span class='ocrx_word' id='word_1_68' title='bbox 74 647 145 684; x_wconf 64' lang='lat' dir='ltr'>esta.</span> <span class='ocrx_word' id='word_1_69' title='bbox 163 660 202 681; x_wconf 81' lang='lat' dir='ltr'>ex</span> <span class='ocrx_word' id='word_1_70' title='bbox 223 647 431 688; x_wconf 84' lang='lat' dir='ltr'>iisintelligis</span> <span class='ocrx_word' id='word_1_71' title='bbox 452 657 523 688; x_wconf 76' lang='lat' dir='ltr'>quae</span> <span class='ocrx_word' id='word_1_72' title='bbox 535 646 631 688; x_wconf 88' lang='lat' dir='ltr'>paulo</span> <span class='ocrx_word' id='word_1_73' title='bbox 655 654 727 679; x_wconf 83' lang='lat' dir='ltr'>ante</span> <span class='ocrx_word' id='word_1_74' title='bbox 739 645 826 679; x_wconf 65' lang='lat' dir='ltr'>dista</span> <span class='ocrx_word' id='word_1_75' title='bbox 849 645 943 681; x_wconf 77' lang='lat' dir='ltr'>sunt.</span> 
     </span>
    </p>

    <p class='ocr_par' dir='ltr' id='par_1_4' title="bbox 70 687 1075 1289">
     <span class='ocr_line' id='line_1_10' title="bbox 74 687 1075 733; baseline 0.002 -11"><span class='ocrx_word' id='word_1_76' title='bbox 74 687 135 724; x_wconf 81' lang='lat' dir='ltr'>Sed</span> <span class='ocrx_word' id='word_1_77' title='bbox 158 692 196 725; x_wconf 86' lang='lat' dir='ltr'>de</span> <span class='ocrx_word' id='word_1_78' title='bbox 219 692 280 726; x_wconf 89' lang='lat' dir='ltr'>hoc</span> <span class='ocrx_word' id='word_1_79' title='bbox 295 715 304 729; x_wconf 91' lang='lat'>,</span> <span class='ocrx_word' id='word_1_80' title='bbox 328 694 360 724; x_wconf 90' lang='lat'><strong>&amp;</strong></span> <span class='ocrx_word' id='word_1_81' title='bbox 382 690 421 723; x_wconf 83' lang='lat' dir='ltr'>de</span> <span class='ocrx_word' id='word_1_82' title='bbox 443 689 592 723; x_wconf 90' lang='lat' dir='ltr'>universo</span> <span class='ocrx_word' id='word_1_83' title='bbox 614 691 792 723; x_wconf 83' lang='lat' dir='ltr'>curationis</span> <span class='ocrx_word' id='word_1_84' title='bbox 805 701 919 732; x_wconf 80' lang='lat' dir='ltr'>genere</span> <span class='ocrx_word' id='word_1_85' title='bbox 941 691 974 723; x_wconf 90' lang='lat' dir='ltr'>in</span> <span class='ocrx_word' id='word_1_86' title='bbox 987 699 1075 733; x_wconf 83' lang='lat' dir='ltr'>tym-</span> 
     </span>
     <span class='ocr_line' id='line_1_11' title="bbox 75 732 1071 776; baseline 0.002 -10"><span class='ocrx_word' id='word_1_87' title='bbox 75 735 184 775; x_wconf 86' lang='lat' dir='ltr'>panite</span> <span class='ocrx_word' id='word_1_88' title='bbox 199 757 207 771; x_wconf 84' lang='lat'><strong><em>‚</em></strong></span> <span class='ocrx_word' id='word_1_89' title='bbox 231 738 262 768; x_wconf 71' lang='grc' dir='ltr'>δι</span> <span class='ocrx_word' id='word_1_90' title='bbox 285 735 323 768; x_wconf 92' lang='lat' dir='ltr'>de</span> <span class='ocrx_word' id='word_1_91' title='bbox 354 744 416 767; x_wconf 82' lang='lat' dir='ltr'>una</span> <span class='ocrx_word' id='word_1_92' title='bbox 440 732 479 765; x_wconf 86' lang='lat' dir='ltr'>ab</span> <span class='ocrx_word' id='word_1_93' title='bbox 509 732 603 766; x_wconf 86' lang='lat' dir='ltr'>altera</span> <span class='ocrx_word' id='word_1_94' title='bbox 628 732 730 775; x_wconf 86' lang='lat' dir='ltr'>specie</span> <span class='ocrx_word' id='word_1_95' title='bbox 761 744 815 774; x_wconf 85' lang='lat' dir='ltr'>per</span> <span class='ocrx_word' id='word_1_96' title='bbox 837 732 1038 776; x_wconf 67' lang='lat' dir='ltr'>conjeecuras</span> <span class='ocrx_word' id='word_1_97' title='bbox 1060 755 1071 771; x_wconf 83' lang='lat'>‚</span> 
     </span>
     <span class='ocr_line' id='line_1_12' title="bbox 75 776 1073 821; baseline 0.001 -11"><span class='ocrx_word' id='word_1_98' title='bbox 75 783 143 819; x_wconf 81' lang='lat' dir='ltr'>quo</span> <span class='ocrx_word' id='word_1_99' title='bbox 166 778 203 811; x_wconf 84' lang='lat' dir='ltr'>ad</span> <span class='ocrx_word' id='word_1_100' title='bbox 229 778 294 821; x_wconf 81' lang='lat' dir='ltr'>ejus</span> <span class='ocrx_word' id='word_1_101' title='bbox 317 778 413 815; x_wconf 83' lang='lat' dir='ltr'>licet,</span> <span class='ocrx_word' id='word_1_102' title='bbox 438 776 680 810; x_wconf 86' lang='lat' dir='ltr'>internoscenda</span> <span class='ocrx_word' id='word_1_103' title='bbox 696 801 704 816; x_wconf 86' lang='lat'>‚</span> <span class='ocrx_word' id='word_1_104' title='bbox 727 780 757 809; x_wconf 86' lang='lat'><strong>&amp;</strong></span> <span class='ocrx_word' id='word_1_105' title='bbox 784 777 823 809; x_wconf 89' lang='lat' dir='ltr'>de</span> <span class='ocrx_word' id='word_1_106' title='bbox 846 777 953 810; x_wconf 83' lang='lat' dir='ltr'>morbi</span> <span class='ocrx_word' id='word_1_107' title='bbox 976 776 1073 819; x_wconf 76' lang='lat' dir='ltr'>hujus</span> 
     </span>
     <span class='ocr_line' id='line_1_13' title="bbox 75 818 1072 863; baseline 0.001 -10"><span class='ocrx_word' id='word_1_108' title='bbox 75 831 187 854; x_wconf 87' lang='lat' dir='ltr'>natura</span> <span class='ocrx_word' id='word_1_109' title='bbox 206 844 218 861; x_wconf 85' lang='lat'>,</span> <span class='ocrx_word' id='word_1_110' title='bbox 240 824 271 854; x_wconf 87' lang='lat'>&amp;</span> <span class='ocrx_word' id='word_1_111' title='bbox 293 818 391 854; x_wconf 85' lang='lat' dir='ltr'>causis</span> <span class='ocrx_word' id='word_1_112' title='bbox 413 818 463 852; x_wconf 88' lang='lat' dir='ltr'>fac</span> <span class='ocrx_word' id='word_1_113' title='bbox 485 819 570 861; x_wconf 85' lang='lat' dir='ltr'>legas</span> <span class='ocrx_word' id='word_1_114' title='bbox 593 831 665 862; x_wconf 82' lang='lat' dir='ltr'>quae</span> <span class='ocrx_word' id='word_1_115' title='bbox 688 819 813 853; x_wconf 87' lang='lat' dir='ltr'>erudite</span> <span class='ocrx_word' id='word_1_116' title='bbox 836 844 845 859; x_wconf 96' lang='lat'>,</span> <span class='ocrx_word' id='word_1_117' title='bbox 874 821 1040 863; x_wconf 80' lang='lat' dir='ltr'>ingeniose</span> <span class='ocrx_word' id='word_1_118' title='bbox 1062 845 1072 860; x_wconf 90' lang='lat'>,</span> 
     </span>
     <span class='ocr_line' id='line_1_14' title="bbox 73 862 1071 907; baseline 0 -10"><span class='ocrx_word' id='word_1_119' title='bbox 73 867 241 907; x_wconf 80' lang='lat' dir='ltr'>periteque</span> <span class='ocrx_word' id='word_1_120' title='bbox 264 863 387 905; x_wconf 84' lang='lat' dir='ltr'>scripsit</span> <span class='ocrx_word' id='word_1_121' title='bbox 409 863 463 896; x_wconf 91' lang='lat' dir='ltr'>Cl.</span> <span class='ocrx_word' id='word_1_122' title='bbox 488 864 646 897; x_wconf 85' lang='lat' dir='ltr'>Zevianus</span> <span class='ocrx_word' id='word_1_123' title='bbox 669 867 680 902; x_wconf 94' lang='lat'><strong>(</strong></span> <span class='ocrx_word' id='word_1_124' title='bbox 704 864 723 895; x_wconf 82' lang='lat' dir='ltr'>d</span> <span class='ocrx_word' id='word_1_125' title='bbox 744 865 777 901; x_wconf 84' lang='lat'>),</span> <span class='ocrx_word' id='word_1_126' title='bbox 800 864 858 905; x_wconf 88' lang='lat' dir='ltr'>qui</span> <span class='ocrx_word' id='word_1_127' title='bbox 882 862 929 904; x_wconf 83' lang='lat' dir='ltr'>fi,</span> <span class='ocrx_word' id='word_1_128' title='bbox 954 874 989 897; x_wconf 90' lang='lat' dir='ltr'>ut</span> <span class='ocrx_word' id='word_1_129' title='bbox 1013 875 1071 906; x_wconf 89' lang='lat' dir='ltr'>pro</span> 
     </span>
     <span class='ocr_line' id='line_1_15' title="bbox 75 906 1072 950; baseline 0.001 -11"><span class='ocrx_word' id='word_1_130' title='bbox 75 906 133 940; x_wconf 83' lang='lat' dir='ltr'>suo</span> <span class='ocrx_word' id='word_1_131' title='bbox 157 918 228 949; x_wconf 88' lang='lat' dir='ltr'>erga</span> <span class='ocrx_word' id='word_1_132' title='bbox 252 919 301 941; x_wconf 91' lang='lat' dir='ltr'>me</span> <span class='ocrx_word' id='word_1_133' title='bbox 311 906 464 948; x_wconf 83' lang='lat' dir='ltr'>singulari</span> <span class='ocrx_word' id='word_1_134' title='bbox 488 917 595 939; x_wconf 89' lang='lat' dir='ltr'>amore</span> <span class='ocrx_word' id='word_1_135' title='bbox 612 906 729 948; x_wconf 88' lang='lat' dir='ltr'>scripta</span> <span class='ocrx_word' id='word_1_136' title='bbox 750 906 805 939; x_wconf 89' lang='lat' dir='ltr'>illa</span> <span class='ocrx_word' id='word_1_137' title='bbox 819 907 853 939; x_wconf 91' lang='lat' dir='ltr'>in</span> <span class='ocrx_word' id='word_1_138' title='bbox 876 919 968 943; x_wconf 89' lang='lat' dir='ltr'>meo,</span> <span class='ocrx_word' id='word_1_139' title='bbox 991 918 1072 950; x_wconf 91' lang='lat' dir='ltr'>qua-</span> 
     </span>
     <span class='ocr_line' id='line_1_16' title="bbox 74 949 1072 994; baseline 0.001 -12"><span class='ocrx_word' id='word_1_140' title='bbox 74 950 104 982; x_wconf 90' lang='lat' dir='ltr'>le</span> <span class='ocrx_word' id='word_1_141' title='bbox 126 951 158 983; x_wconf 90' lang='lat' dir='ltr'>id</span> <span class='ocrx_word' id='word_1_142' title='bbox 182 962 307 994; x_wconf 87' lang='lat' dir='ltr'>cunque</span> <span class='ocrx_word' id='word_1_143' title='bbox 331 949 372 983; x_wconf 91' lang='lat' dir='ltr'>est</span> <span class='ocrx_word' id='word_1_144' title='bbox 387 974 395 987; x_wconf 86' lang='lat'>,</span> <span class='ocrx_word' id='word_1_145' title='bbox 420 950 552 982; x_wconf 84' lang='lat' dir='ltr'>nomine</span> <span class='ocrx_word' id='word_1_146' title='bbox 577 960 726 992; x_wconf 85' lang='lat' dir='ltr'>apparere</span> <span class='ocrx_word' id='word_1_147' title='bbox 750 950 855 982; x_wconf 90' lang='lat' dir='ltr'>voluit</span> <span class='ocrx_word' id='word_1_148' title='bbox 875 973 885 988; x_wconf 95' lang='lat'>‚</span> <span class='ocrx_word' id='word_1_149' title='bbox 919 950 960 984; x_wconf 88' lang='lat' dir='ltr'>sic</span> <span class='ocrx_word' id='word_1_150' title='bbox 983 960 1072 983; x_wconf 88' lang='lat' dir='ltr'>ante-</span> 
     </span>
     <span class='ocr_line' id='line_1_17' title="bbox 71 991 1074 1036; baseline 0 -10"><span class='ocrx_word' id='word_1_151' title='bbox 71 1004 170 1035; x_wconf 89' lang='lat' dir='ltr'>quam</span> <span class='ocrx_word' id='word_1_152' title='bbox 193 993 276 1028; x_wconf 90' lang='lat' dir='ltr'>hanc</span> <span class='ocrx_word' id='word_1_153' title='bbox 302 993 340 1027; x_wconf 91' lang='lat' dir='ltr'>ad</span> <span class='ocrx_word' id='word_1_154' title='bbox 371 1002 401 1026; x_wconf 90' lang='lat' dir='ltr'>te</span> <span class='ocrx_word' id='word_1_155' title='bbox 425 991 605 1035; x_wconf 84' lang='lat' dir='ltr'>Epistulam</span> <span class='ocrx_word' id='word_1_156' title='bbox 627 992 734 1026; x_wconf 88' lang='lat' dir='ltr'>darem</span> <span class='ocrx_word' id='word_1_157' title='bbox 754 1015 764 1029; x_wconf 85' lang='lat'>,</span> <span class='ocrx_word' id='word_1_158' title='bbox 797 994 926 1026; x_wconf 89' lang='lat' dir='ltr'>mittere</span> <span class='ocrx_word' id='word_1_159' title='bbox 951 994 1074 1036; x_wconf 87' lang='lat' dir='ltr'>potuis-</span> 
     </span>
     <span class='ocr_line' id='line_1_18' title="bbox 72 1035 1073 1077; baseline 0.001 -8"><span class='ocrx_word' id='word_1_160' title='bbox 72 1037 142 1074; x_wconf 89' lang='lat' dir='ltr'>set;</span> <span class='ocrx_word' id='word_1_161' title='bbox 166 1037 319 1071; x_wconf 89' lang='lat' dir='ltr'>nonnulla</span> <span class='ocrx_word' id='word_1_162' title='bbox 366 1048 414 1070; x_wconf 84' lang='lat' dir='ltr'>uae</span> <span class='ocrx_word' id='word_1_163' title='bbox 439 1047 488 1069; x_wconf 89' lang='lat' dir='ltr'>me</span> <span class='ocrx_word' id='word_1_164' title='bbox 512 1035 663 1077; x_wconf 80' lang='lat' dir='ltr'>fugerunt</span> <span class='ocrx_word' id='word_1_165' title='bbox 687 1059 697 1074; x_wconf 93' lang='lat'>,</span> <span class='ocrx_word' id='word_1_166' title='bbox 722 1038 755 1069; x_wconf 90' lang='lat' dir='ltr'>in</span> <span class='ocrx_word' id='word_1_167' title='bbox 778 1035 838 1070; x_wconf 92' lang='lat' dir='ltr'>hac</span> <span class='ocrx_word' id='word_1_168' title='bbox 862 1037 994 1070; x_wconf 89' lang='lat' dir='ltr'>minime</span> <span class='ocrx_word' id='word_1_169' title='bbox 1017 1036 1073 1070; x_wconf 92' lang='lat' dir='ltr'>de-</span> 
     </span>
     <span class='ocr_line' id='line_1_19' title="bbox 71 1048 1074 1122; baseline -0.001 -9"><span class='ocrx_word' id='word_1_170' title='bbox 71 1080 240 1114; x_wconf 82' lang='lat' dir='ltr'>fiderares.</span> <span class='ocrx_word' id='word_1_171' title='bbox 266 1048 363 1122; x_wconf 61' lang='lat' dir='ltr'>Apud</span> <span class='ocrx_word' id='word_1_172' title='bbox 387 1080 482 1113; x_wconf 90' lang='lat' dir='ltr'>illum</span> <span class='ocrx_word' id='word_1_173' title='bbox 504 1080 606 1121; x_wconf 80' lang='lat' dir='ltr'>igitur</span> <span class='ocrx_word' id='word_1_174' title='bbox 627 1081 763 1122; x_wconf 87' lang='lat' dir='ltr'>reperies</span> <span class='ocrx_word' id='word_1_175' title='bbox 787 1105 794 1113; x_wconf 91' lang='lat'>.</span> <span class='ocrx_word' id='word_1_176' title='bbox 827 1080 900 1122; x_wconf 85' lang='lat' dir='ltr'>Ego</span> <span class='ocrx_word' id='word_1_177' title='bbox 922 1081 1009 1113; x_wconf 86' lang='lat' dir='ltr'>enim</span> <span class='ocrx_word' id='word_1_178' title='bbox 1032 1079 1074 1112; x_wconf 88' lang='lat' dir='ltr'>il-</span> 
     </span>
     <span class='ocr_line' id='line_1_20' title="bbox 71 1122 1074 1166; baseline 0.001 -10"><span class='ocrx_word' id='word_1_179' title='bbox 71 1124 125 1156; x_wconf 89' lang='lat' dir='ltr'>luc</span> <span class='ocrx_word' id='word_1_180' title='bbox 147 1122 216 1165; x_wconf 84' lang='lat' dir='ltr'>jam</span> <span class='ocrx_word' id='word_1_181' title='bbox 239 1123 364 1157; x_wconf 84' lang='lat' dir='ltr'>transeo</span> <span class='ocrx_word' id='word_1_182' title='bbox 384 1146 392 1161; x_wconf 88' lang='lat'>,</span> <span class='ocrx_word' id='word_1_183' title='bbox 417 1133 452 1157; x_wconf 91' lang='lat' dir='ltr'>ut</span> <span class='ocrx_word' id='word_1_184' title='bbox 474 1122 512 1156; x_wconf 89' lang='lat' dir='ltr'>ad</span> <span class='ocrx_word' id='word_1_185' title='bbox 536 1122 652 1155; x_wconf 84' lang='lat' dir='ltr'>multas</span> <span class='ocrx_word' id='word_1_186' title='bbox 673 1134 751 1166; x_wconf 91' lang='lat' dir='ltr'>quas</span> <span class='ocrx_word' id='word_1_187' title='bbox 774 1123 836 1156; x_wconf 90' lang='lat' dir='ltr'>tibi</span> <span class='ocrx_word' id='word_1_188' title='bbox 861 1134 900 1156; x_wconf 83' lang='lat' dir='ltr'>ex</span> <span class='ocrx_word' id='word_1_189' title='bbox 924 1122 1074 1157; x_wconf 86' lang='lat' dir='ltr'>Valsalva</span> 
     </span>
     <span class='ocr_line' id='line_1_21' title="bbox 72 1164 1074 1209; baseline 0.002 -10"><span class='ocrx_word' id='word_1_190' title='bbox 72 1165 223 1209; x_wconf 73' lang='lat' dir='ltr'>descripsi</span> <span class='ocrx_word' id='word_1_191' title='bbox 248 1190 259 1207; x_wconf 88' lang='lat'>‚</span> <span class='ocrx_word' id='word_1_192' title='bbox 292 1166 447 1209; x_wconf 87' lang='lat' dir='ltr'>hydropis</span> <span class='ocrx_word' id='word_1_193' title='bbox 471 1164 723 1199; x_wconf 82' lang='lat' dir='ltr'>Observationes</span> <span class='ocrx_word' id='word_1_194' title='bbox 741 1189 752 1204; x_wconf 85' lang='lat'><em>‚</em></span> <span class='ocrx_word' id='word_1_195' title='bbox 785 1178 851 1199; x_wconf 88' lang='lat' dir='ltr'>non</span> <span class='ocrx_word' id='word_1_196' title='bbox 875 1167 1009 1205; x_wconf 82' lang='lat' dir='ltr'>multas,</span> <span class='ocrx_word' id='word_1_197' title='bbox 1035 1178 1074 1201; x_wconf 90' lang='lat' dir='ltr'>ne</span> 
     </span>
     <span class='ocr_line' id='line_1_22' title="bbox 71 1208 1073 1248; baseline 0 -4"><span class='ocrx_word' id='word_1_198' title='bbox 71 1210 122 1244; x_wconf 82' lang='lat' dir='ltr'>hae</span> <span class='ocrx_word' id='word_1_199' title='bbox 164 1210 304 1244; x_wconf 87' lang='lat' dir='ltr'>nimium</span> <span class='ocrx_word' id='word_1_200' title='bbox 345 1208 524 1244; x_wconf 87' lang='lat' dir='ltr'>excrescant</span> <span class='ocrx_word' id='word_1_201' title='bbox 564 1210 699 1243; x_wconf 80' lang='lat' dir='ltr'>Litterae</span> <span class='ocrx_word' id='word_1_202' title='bbox 732 1232 743 1248; x_wconf 93' lang='lat'>,</span> <span class='ocrx_word' id='word_1_203' title='bbox 787 1221 826 1244; x_wconf 80' lang='lat' dir='ltr'>ex</span> <span class='ocrx_word' id='word_1_204' title='bbox 870 1211 948 1244; x_wconf 87' lang='lat' dir='ltr'>meis</span> <span class='ocrx_word' id='word_1_205' title='bbox 992 1219 1073 1245; x_wconf 91' lang='lat' dir='ltr'>atte-</span> 
     </span>
     <span class='ocr_line' id='line_1_23' title="bbox 70 1264 165 1289; baseline 0.021 -2"><span class='ocrx_word' id='word_1_206' title='bbox 70 1264 165 1289; x_wconf 79' lang='lat' dir='ltr'>xam.</span> 
     </span>
    </p>

    <p class='ocr_par' dir='ltr' id='par_1_5' title="bbox 34 1294 1077 3118">
     <span class='ocr_line' id='line_1_24' title="bbox 117 1294 1077 1340; baseline -0.001 -9"><span class='ocrx_word' id='word_1_207' title='bbox 117 1301 168 1331; x_wconf 83' lang='lat'>26.</span> <span class='ocrx_word' id='word_1_208' title='bbox 192 1297 281 1331; x_wconf 83' lang='lat' dir='ltr'>VIR</span> <span class='ocrx_word' id='word_1_209' title='bbox 304 1295 439 1340; x_wconf 90' lang='lat' dir='ltr'>quidam</span> <span class='ocrx_word' id='word_1_210' title='bbox 459 1307 534 1330; x_wconf 87' lang='lat' dir='ltr'>cum</span> <span class='ocrx_word' id='word_1_211' title='bbox 557 1295 652 1329; x_wconf 89' lang='lat' dir='ltr'>ascite</span> <span class='ocrx_word' id='word_1_212' title='bbox 668 1319 678 1335; x_wconf 95' lang='lat'>,</span> <span class='ocrx_word' id='word_1_213' title='bbox 703 1304 774 1330; x_wconf 87' lang='lat' dir='ltr'>tum</span> <span class='ocrx_word' id='word_1_214' title='bbox 799 1294 975 1339; x_wconf 66' lang='lat' dir='ltr'>prasertim</span> <span class='ocrx_word' id='word_1_215' title='bbox 1000 1308 1077 1331; x_wconf 87' lang='lat' dir='ltr'>ana-</span> 
     </span>
     <span class='ocr_line' id='line_1_25' title="bbox 71 1339 1070 1382; baseline 0.001 -9"><span class='ocrx_word' id='word_1_216' title='bbox 71 1339 156 1375; x_wconf 89' lang='lat' dir='ltr'>sarca</span> <span class='ocrx_word' id='word_1_217' title='bbox 188 1342 314 1382; x_wconf 83' lang='lat' dir='ltr'>ingenti</span> <span class='ocrx_word' id='word_1_218' title='bbox 348 1340 515 1373; x_wconf 76' lang='lat' dir='ltr'>laborabat</span> <span class='ocrx_word' id='word_1_219' title='bbox 536 1362 546 1377; x_wconf 92' lang='lat'>,</span> <span class='ocrx_word' id='word_1_220' title='bbox 587 1351 658 1382; x_wconf 88' lang='lat' dir='ltr'>quae</span> <span class='ocrx_word' id='word_1_221' title='bbox 690 1352 730 1374; x_wconf 91' lang='lat' dir='ltr'>eo</span> <span class='ocrx_word' id='word_1_222' title='bbox 761 1340 933 1375; x_wconf 88' lang='lat' dir='ltr'>videbatur</span> <span class='ocrx_word' id='word_1_223' title='bbox 965 1341 1070 1382; x_wconf 82' lang='lat' dir='ltr'>major</span> 
     </span>
     <span class='ocr_line' id='line_1_26' title="bbox 70 1380 1070 1426; baseline 0.001 -9"><span class='ocrx_word' id='word_1_224' title='bbox 70 1383 160 1425; x_wconf 88' lang='lat' dir='ltr'>quod</span> <span class='ocrx_word' id='word_1_225' title='bbox 184 1395 258 1418; x_wconf 89' lang='lat' dir='ltr'>cum</span> <span class='ocrx_word' id='word_1_226' title='bbox 281 1385 471 1418; x_wconf 85' lang='lat' dir='ltr'>emaciatam</span> <span class='ocrx_word' id='word_1_227' title='bbox 493 1380 609 1417; x_wconf 88' lang='lat' dir='ltr'>faciem</span> <span class='ocrx_word' id='word_1_228' title='bbox 623 1405 631 1419; x_wconf 92' lang='lat'>,</span> <span class='ocrx_word' id='word_1_229' title='bbox 654 1385 686 1415; x_wconf 90' lang='lat'>&amp;</span> <span class='ocrx_word' id='word_1_230' title='bbox 710 1384 870 1426; x_wconf 88' lang='lat' dir='ltr'>reliquum</span> <span class='ocrx_word' id='word_1_231' title='bbox 883 1393 981 1426; x_wconf 87' lang='lat' dir='ltr'>caput</span> <span class='ocrx_word' id='word_1_232' title='bbox 1004 1395 1070 1418; x_wconf 89' lang='lat' dir='ltr'>non</span> 
     </span>
     <span class='ocr_line' id='line_1_27' title="bbox 69 1425 1068 1471; baseline -0.001 -10"><span class='ocrx_word' id='word_1_233' title='bbox 69 1436 263 1471; x_wconf 89' lang='lat' dir='ltr'>occuparet,</span> <span class='ocrx_word' id='word_1_234' title='bbox 289 1427 431 1461; x_wconf 88' lang='lat' dir='ltr'>membra</span> <span class='ocrx_word' id='word_1_235' title='bbox 442 1437 578 1464; x_wconf 84' lang='lat' dir='ltr'>caetera‚</span> <span class='ocrx_word' id='word_1_236' title='bbox 603 1425 625 1459; x_wconf 90' lang='lat' dir='ltr'>si</span> <span class='ocrx_word' id='word_1_237' title='bbox 648 1438 722 1461; x_wconf 88' lang='lat' dir='ltr'>curn</span> <span class='ocrx_word' id='word_1_238' title='bbox 745 1427 807 1461; x_wconf 87' lang='lat' dir='ltr'>hoc</span> <span class='ocrx_word' id='word_1_239' title='bbox 824 1426 1068 1466; x_wconf 86' lang='lat' dir='ltr'>conferrentur,</span> 
     </span>
     <span class='ocr_line' id='line_1_28' title="bbox 70 1469 1071 1513; baseline -0.001 -9"><span class='ocrx_word' id='word_1_240' title='bbox 70 1474 100 1505; x_wconf 81' lang='grc' dir='ltr'>δι</span> <span class='ocrx_word' id='word_1_241' title='bbox 126 1472 286 1512; x_wconf 77' lang='lat' dir='ltr'>praecipue</span> <span class='ocrx_word' id='word_1_242' title='bbox 309 1470 466 1504; x_wconf 81' lang='lat' dir='ltr'>inferiora</span> <span class='ocrx_word' id='word_1_243' title='bbox 492 1495 501 1510; x_wconf 87' lang='lat'>,</span> <span class='ocrx_word' id='word_1_244' title='bbox 524 1469 658 1513; x_wconf 78' lang='lat' dir='ltr'>speeiem</span> <span class='ocrx_word' id='word_1_245' title='bbox 682 1470 946 1504; x_wconf 83' lang='lat' dir='ltr'>monstrosiffimae</span> <span class='ocrx_word' id='word_1_246' title='bbox 968 1469 1071 1504; x_wconf 77' lang='lat' dir='ltr'>crassi-</span> 
     </span>
     <span class='ocr_line' id='line_1_29' title="bbox 68 1512 1071 1555; baseline -0.001 -7"><span class='ocrx_word' id='word_1_247' title='bbox 68 1515 192 1548; x_wconf 86' lang='lat' dir='ltr'>tudinis</span> <span class='ocrx_word' id='word_1_248' title='bbox 225 1525 291 1555; x_wconf 83' lang='lat' dir='ltr'>prae</span> <span class='ocrx_word' id='word_1_249' title='bbox 313 1514 342 1547; x_wconf 88' lang='lat' dir='ltr'>se</span> <span class='ocrx_word' id='word_1_250' title='bbox 374 1512 541 1547; x_wconf 80' lang='lat' dir='ltr'>ferebant.</span> <span class='ocrx_word' id='word_1_251' title='bbox 674 1513 932 1547; x_wconf 77' lang='lat' dir='ltr'>MORTUUM</span> <span class='ocrx_word' id='word_1_252' title='bbox 954 1525 1038 1548; x_wconf 88' lang='lat' dir='ltr'>anno</span> <span class='ocrx_word' id='word_1_253' title='bbox 1059 1538 1071 1552; x_wconf 83' lang='grc'><em>,</em></span> 
     </span>
     <span class='ocr_line' id='line_1_30' title="bbox 69 1556 1069 1599; baseline -0.001 -9"><span class='ocrx_word' id='word_1_254' title='bbox 69 1556 92 1590; x_wconf 88' lang='lat' dir='ltr'>si</span> <span class='ocrx_word' id='word_1_255' title='bbox 118 1558 200 1591; x_wconf 61' lang='lat' dir='ltr'>redte</span> <span class='ocrx_word' id='word_1_256' title='bbox 224 1557 287 1592; x_wconf 91' lang='lat' dir='ltr'>hoc</span> <span class='ocrx_word' id='word_1_257' title='bbox 311 1558 445 1592; x_wconf 86' lang='lat' dir='ltr'>memini</span> <span class='ocrx_word' id='word_1_258' title='bbox 466 1578 476 1593; x_wconf 90' lang='lat'>,</span> <span class='ocrx_word' id='word_1_259' title='bbox 503 1566 594 1599; x_wconf 88' lang='lat'>1704.</span> <span class='ocrx_word' id='word_1_260' title='bbox 620 1557 654 1591; x_wconf 86' lang='lat' dir='ltr'>in</span> <span class='ocrx_word' id='word_1_261' title='bbox 679 1556 874 1590; x_wconf 83' lang='lat' dir='ltr'>Bononiensi</span> <span class='ocrx_word' id='word_1_262' title='bbox 896 1558 1069 1591; x_wconf 87' lang='lat' dir='ltr'>Incurabi&#39;-</span> 
     </span>
     <span class='ocr_line' id='line_1_31' title="bbox 67 1599 1067 1644; baseline 0.002 -11"><span class='ocrx_word' id='word_1_263' title='bbox 67 1600 151 1635; x_wconf 89' lang='lat' dir='ltr'>lium</span> <span class='ocrx_word' id='word_1_264' title='bbox 174 1600 380 1635; x_wconf 88' lang='lat' dir='ltr'>Nosocomio</span> <span class='ocrx_word' id='word_1_265' title='bbox 402 1599 534 1634; x_wconf 89' lang='lat' dir='ltr'>dissecui</span> <span class='ocrx_word' id='word_1_266' title='bbox 559 1603 661 1642; x_wconf 82' lang='lat' dir='ltr'>magis</span> <span class='ocrx_word' id='word_1_267' title='bbox 684 1609 719 1633; x_wconf 91' lang='lat' dir='ltr'>ut</span> <span class='ocrx_word' id='word_1_268' title='bbox 743 1599 898 1634; x_wconf 82' lang='lat' dir='ltr'>anasarcae</span> <span class='ocrx_word' id='word_1_269' title='bbox 925 1625 935 1640; x_wconf 94' lang='lat'>,</span> <span class='ocrx_word' id='word_1_270' title='bbox 969 1612 1067 1644; x_wconf 86' lang='lat' dir='ltr'>quarn</span> 
     </span>
     <span class='ocr_line' id='line_1_32' title="bbox 68 1641 1068 1686; baseline 0.001 -9"><span class='ocrx_word' id='word_1_271' title='bbox 68 1654 105 1677; x_wconf 90' lang='lat' dir='ltr'>ut</span> <span class='ocrx_word' id='word_1_272' title='bbox 129 1645 234 1677; x_wconf 84' lang='lat' dir='ltr'>ascitis</span> <span class='ocrx_word' id='word_1_273' title='bbox 256 1654 406 1677; x_wconf 81' lang='lat' dir='ltr'>naturam</span> <span class='ocrx_word' id='word_1_274' title='bbox 430 1643 647 1685; x_wconf 88' lang='lat' dir='ltr'>inquirerem.</span> <span class='ocrx_word' id='word_1_275' title='bbox 674 1641 971 1686; x_wconf 84' lang='lat' dir='ltr'>Inquisiviautem3</span> <span class='ocrx_word' id='word_1_276' title='bbox 994 1656 1068 1678; x_wconf 88' lang='lat' dir='ltr'>nam</span> 
     </span>
     <span class='ocr_line' id='line_1_33' title="bbox 66 1686 1067 1729; baseline 0.001 -9"><span class='ocrx_word' id='word_1_277' title='bbox 66 1698 162 1720; x_wconf 85' lang='lat' dir='ltr'>crura</span> <span class='ocrx_word' id='word_1_278' title='bbox 185 1688 247 1729; x_wconf 87' lang='lat' dir='ltr'>jam</span> <span class='ocrx_word' id='word_1_279' title='bbox 269 1687 437 1729; x_wconf 88' lang='lat' dir='ltr'>corrumpi</span> <span class='ocrx_word' id='word_1_280' title='bbox 460 1688 686 1728; x_wconf 85' lang='lat' dir='ltr'>incipiebant;</span> <span class='ocrx_word' id='word_1_281' title='bbox 706 1688 738 1719; x_wconf 90' lang='lat' dir='ltr'>in</span> <span class='ocrx_word' id='word_1_282' title='bbox 761 1686 959 1727; x_wconf 87' lang='lat' dir='ltr'>femoribus,</span> <span class='ocrx_word' id='word_1_283' title='bbox 981 1689 1013 1721; x_wconf 73' lang='grc' dir='ltr'>δε</span> <span class='ocrx_word' id='word_1_284' title='bbox 1032 1689 1067 1721; x_wconf 91' lang='lat' dir='ltr'>in</span> 
     </span>
     <span class='ocr_line' id='line_1_34' title="bbox 67 1729 1067 1773; baseline 0.002 -10"><span class='ocrx_word' id='word_1_285' title='bbox 67 1730 177 1763; x_wconf 84' lang='lat' dir='ltr'>scroto</span> <span class='ocrx_word' id='word_1_286' title='bbox 199 1756 206 1763; x_wconf 93' lang='lat'>.</span> <span class='ocrx_word' id='word_1_287' title='bbox 241 1732 413 1764; x_wconf 75' lang='lat' dir='ltr'>femorum</span> <span class='ocrx_word' id='word_1_288' title='bbox 435 1730 576 1763; x_wconf 86' lang='lat' dir='ltr'>cuticula</span> <span class='ocrx_word' id='word_1_289' title='bbox 610 1731 663 1764; x_wconf 90' lang='lat' dir='ltr'>hic</span> <span class='ocrx_word' id='word_1_290' title='bbox 687 1730 755 1763; x_wconf 87' lang='lat' dir='ltr'>illic</span> <span class='ocrx_word' id='word_1_291' title='bbox 779 1744 796 1764; x_wconf 87' lang='lat' dir='ltr'>a</span> <span class='ocrx_word' id='word_1_292' title='bbox 818 1729 960 1773; x_wconf 65' lang='lat' dir='ltr'>subjecta</span> <span class='ocrx_word' id='word_1_293' title='bbox 985 1742 1067 1773; x_wconf 84' lang='lat' dir='ltr'>aqua</span> 
     </span>
     <span class='ocr_line' id='line_1_35' title="bbox 64 1772 1071 1817; baseline 0.002 -11"><span class='ocrx_word' id='word_1_294' title='bbox 64 1774 99 1806; x_wconf 89' lang='lat' dir='ltr'>in</span> <span class='ocrx_word' id='word_1_295' title='bbox 124 1772 239 1808; x_wconf 87' lang='lat' dir='ltr'>vesicas</span> <span class='ocrx_word' id='word_1_296' title='bbox 262 1774 493 1810; x_wconf 82' lang='lat' dir='ltr'>attollebatur,</span> <span class='ocrx_word' id='word_1_297' title='bbox 519 1784 655 1816; x_wconf 86' lang='lat' dir='ltr'>quarum</span> <span class='ocrx_word' id='word_1_298' title='bbox 668 1775 774 1815; x_wconf 87' lang='lat' dir='ltr'>aliqua</span> <span class='ocrx_word' id='word_1_299' title='bbox 797 1777 1071 1817; x_wconf 71' lang='lat' dir='ltr'>erat-pugnima-</span> 
     </span>
     <span class='ocr_line' id='line_1_36' title="bbox 64 1815 1071 1859; baseline 0.003 -10"><span class='ocrx_word' id='word_1_300' title='bbox 64 1817 257 1859; x_wconf 75' lang='lat' dir='ltr'>gnitudine.</span> <span class='ocrx_word' id='word_1_301' title='bbox 281 1818 408 1851; x_wconf 66' lang='lat' dir='ltr'>Adasto</span> <span class='ocrx_word' id='word_1_302' title='bbox 429 1815 528 1859; x_wconf 87' lang='lat' dir='ltr'>usque</span> <span class='ocrx_word' id='word_1_303' title='bbox 552 1817 590 1850; x_wconf 90' lang='lat' dir='ltr'>ad</span> <span class='ocrx_word' id='word_1_304' title='bbox 612 1829 649 1852; x_wconf 82' lang='lat' dir='ltr'>os</span> <span class='ocrx_word' id='word_1_305' title='bbox 671 1818 798 1857; x_wconf 90' lang='lat' dir='ltr'>cultro,</span> <span class='ocrx_word' id='word_1_306' title='bbox 820 1828 896 1851; x_wconf 90' lang='lat' dir='ltr'>cum</span> <span class='ocrx_word' id='word_1_307' title='bbox 918 1817 1071 1852; x_wconf 74' lang='lat' dir='ltr'>sefflones</span> 
     </span>
     <span class='ocr_line' id='line_1_37' title="bbox 63 1859 1069 1903; baseline 0.002 -10"><span class='ocrx_word' id='word_1_308' title='bbox 63 1859 258 1903; x_wconf 84' lang='lat' dir='ltr'>inspicerem</span> <span class='ocrx_word' id='word_1_309' title='bbox 271 1882 280 1897; x_wconf 88' lang='lat'>‚</span> <span class='ocrx_word' id='word_1_310' title='bbox 304 1860 716 1903; x_wconf 73' lang='lat' dir='ltr'>Adiposaffimembranam</span> <span class='ocrx_word' id='word_1_311' title='bbox 734 1861 915 1895; x_wconf 79' lang='lat' dir='ltr'>crassiorem</span> <span class='ocrx_word' id='word_1_312' title='bbox 927 1861 1047 1895; x_wconf 71' lang='lat' dir='ltr'>factam</span> <span class='ocrx_word' id='word_1_313' title='bbox 1060 1885 1069 1900; x_wconf 94' lang='lat'>,</span> 
     </span>
     <span class='ocr_line' id='line_1_38' title="bbox 61 1903 1070 1947; baseline 0.001 -10"><span class='ocrx_word' id='word_1_314' title='bbox 61 1903 131 1946; x_wconf 77' lang='lat' dir='ltr'>ejus</span> <span class='ocrx_word' id='word_1_315' title='bbox 154 1913 262 1938; x_wconf 86' lang='lat' dir='ltr'>autem</span> <span class='ocrx_word' id='word_1_316' title='bbox 296 1903 536 1947; x_wconf 85' lang='lat' dir='ltr'>Malpighianas</span> <span class='ocrx_word' id='word_1_317' title='bbox 567 1905 695 1938; x_wconf 82' lang='lat' dir='ltr'>cellulas</span> <span class='ocrx_word' id='word_1_318' title='bbox 727 1903 845 1947; x_wconf 83' lang='lat' dir='ltr'>aquosa</span> <span class='ocrx_word' id='word_1_319' title='bbox 876 1904 1070 1947; x_wconf 83' lang='lat' dir='ltr'>pinguedine</span> 
     </span>
     <span class='ocr_line' id='line_1_39' title="bbox 62 1946 1067 1991; baseline 0.002 -11"><span class='ocrx_word' id='word_1_320' title='bbox 62 1946 197 1981; x_wconf 84' lang='lat' dir='ltr'>refertas</span> <span class='ocrx_word' id='word_1_321' title='bbox 219 1947 435 1989; x_wconf 88' lang='lat' dir='ltr'>deprehendi,</span> <span class='ocrx_word' id='word_1_322' title='bbox 461 1948 510 1981; x_wconf 92' lang='lat' dir='ltr'>vel</span> <span class='ocrx_word' id='word_1_323' title='bbox 534 1948 643 1988; x_wconf 86' lang='lat' dir='ltr'>potius</span> <span class='ocrx_word' id='word_1_324' title='bbox 666 1959 746 1990; x_wconf 87' lang='lat' dir='ltr'>aqua</span> <span class='ocrx_word' id='word_1_325' title='bbox 772 1948 911 1981; x_wconf 80' lang='lat' dir='ltr'>maxima</span> <span class='ocrx_word' id='word_1_326' title='bbox 935 1959 973 1981; x_wconf 83' lang='lat' dir='ltr'>ex</span> <span class='ocrx_word' id='word_1_327' title='bbox 996 1960 1067 1991; x_wconf 85' lang='lat' dir='ltr'>par-</span> 
     </span>
     <span class='ocr_line' id='line_1_40' title="bbox 62 1989 1065 2034; baseline 0.002 -9"><span class='ocrx_word' id='word_1_328' title='bbox 62 2000 98 2025; x_wconf 85' lang='lat' dir='ltr'>te</span> <span class='ocrx_word' id='word_1_329' title='bbox 120 2016 128 2029; x_wconf 94' lang='lat'>,</span> <span class='ocrx_word' id='word_1_330' title='bbox 160 2002 232 2034; x_wconf 79' lang='lat' dir='ltr'>quae</span> <span class='ocrx_word' id='word_1_331' title='bbox 255 2000 389 2033; x_wconf 91' lang='lat' dir='ltr'>propter</span> <span class='ocrx_word' id='word_1_332' title='bbox 419 1991 629 2024; x_wconf 86' lang='lat' dir='ltr'>creberrimas</span> <span class='ocrx_word' id='word_1_333' title='bbox 661 1989 844 2032; x_wconf 66' lang='lat' dir='ltr'>interjectas</span> <span class='ocrx_word' id='word_1_334' title='bbox 875 1992 1065 2027; x_wconf 88' lang='lat' dir='ltr'>cellularum</span> 
     </span>
     <span class='ocr_line' id='line_1_41' title="bbox 64 2032 1070 2076; baseline -0.001 -7"><span class='ocrx_word' id='word_1_335' title='bbox 64 2033 322 2070; x_wconf 80' lang='lat' dir='ltr'>membranulas,</span> <span class='ocrx_word' id='word_1_336' title='bbox 341 2032 536 2076; x_wconf 71' lang='lat' dir='ltr'>gelatinam,</span> <span class='ocrx_word' id='word_1_337' title='bbox 559 2043 596 2068; x_wconf 89' lang='lat' dir='ltr'>ut</span> <span class='ocrx_word' id='word_1_338' title='bbox 620 2035 653 2067; x_wconf 89' lang='lat' dir='ltr'>in</span> <span class='ocrx_word' id='word_1_339' title='bbox 676 2033 879 2068; x_wconf 82' lang='lat' dir='ltr'>Adversariis</span> <span class='ocrx_word' id='word_1_340' title='bbox 903 2035 969 2076; x_wconf 85' lang='lat' dir='ltr'>(e)</span> <span class='ocrx_word' id='word_1_341' title='bbox 991 2034 1070 2069; x_wconf 84' lang='lat' dir='ltr'>scri-</span> 
     </span>
     <span class='ocr_line' id='line_1_42' title="bbox 64 2077 1070 2120; baseline 0.002 -9"><span class='ocrx_word' id='word_1_342' title='bbox 64 2077 133 2120; x_wconf 85' lang='lat' dir='ltr'>psi,</span> <span class='ocrx_word' id='word_1_343' title='bbox 158 2078 394 2111; x_wconf 84' lang='lat' dir='ltr'>mentiebatur.</span> <span class='ocrx_word' id='word_1_344' title='bbox 421 2078 533 2119; x_wconf 86' lang='lat' dir='ltr'>Atque</span> <span class='ocrx_word' id='word_1_345' title='bbox 556 2086 592 2111; x_wconf 90' lang='lat' dir='ltr'>ut</span> <span class='ocrx_word' id='word_1_346' title='bbox 617 2077 761 2118; x_wconf 89' lang='lat' dir='ltr'>Adiposa</span> <span class='ocrx_word' id='word_1_347' title='bbox 784 2078 971 2112; x_wconf 87' lang='lat' dir='ltr'>membrana</span> <span class='ocrx_word' id='word_1_348' title='bbox 997 2077 1070 2113; x_wconf 88' lang='lat' dir='ltr'>sese</span> 
     </span>
     <span class='ocr_line' id='line_1_43' title="bbox 63 2119 1071 2165; baseline 0 -11"><span class='ocrx_word' id='word_1_349' title='bbox 63 2130 223 2165; x_wconf 81' lang='lat' dir='ltr'>propagat</span> <span class='ocrx_word' id='word_1_350' title='bbox 249 2133 312 2154; x_wconf 90' lang='lat' dir='ltr'>non</span> <span class='ocrx_word' id='word_1_351' title='bbox 338 2119 438 2153; x_wconf 87' lang='lat' dir='ltr'>modo</span> <span class='ocrx_word' id='word_1_352' title='bbox 469 2120 554 2153; x_wconf 86' lang='lat' dir='ltr'>inter</span> <span class='ocrx_word' id='word_1_353' title='bbox 577 2121 738 2155; x_wconf 83' lang='lat' dir='ltr'>musculos</span> <span class='ocrx_word' id='word_1_354' title='bbox 760 2145 768 2159; x_wconf 89' lang='lat'><em>‚</em></span> <span class='ocrx_word' id='word_1_355' title='bbox 793 2121 843 2154; x_wconf 88' lang='lat' dir='ltr'>sed</span> <span class='ocrx_word' id='word_1_356' title='bbox 867 2122 951 2155; x_wconf 82' lang='lat' dir='ltr'>inter</span> <span class='ocrx_word' id='word_1_357' title='bbox 974 2120 1071 2155; x_wconf 87' lang='lat' dir='ltr'>fasci-</span> 
     </span>
     <span class='ocr_line' id='line_1_44' title="bbox 62 2163 1071 2208; baseline -0.001 -10"><span class='ocrx_word' id='word_1_358' title='bbox 62 2165 156 2199; x_wconf 84' lang='lat' dir='ltr'>culos</span> <span class='ocrx_word' id='word_1_359' title='bbox 178 2176 308 2208; x_wconf 87' lang='lat' dir='ltr'>quoque</span> <span class='ocrx_word' id='word_1_360' title='bbox 332 2163 485 2197; x_wconf 84' lang='lat' dir='ltr'>fibrarum</span> <span class='ocrx_word' id='word_1_361' title='bbox 509 2175 549 2196; x_wconf 88' lang='lat' dir='ltr'>ex</span> <span class='ocrx_word' id='word_1_362' title='bbox 571 2165 688 2205; x_wconf 90' lang='lat' dir='ltr'>quibus</span> <span class='ocrx_word' id='word_1_363' title='bbox 711 2163 1071 2206; x_wconf 79' lang='lat' dir='ltr'>musculicompingun,</span> 
     </span>
     <span class='ocr_line' id='line_1_45' title="bbox 61 2205 1072 2249; baseline 0 -7"><span class='ocrx_word' id='word_1_364' title='bbox 61 2218 138 2245; x_wconf 83' lang='lat' dir='ltr'>tur;</span> <span class='ocrx_word' id='word_1_365' title='bbox 163 2210 208 2241; x_wconf 89' lang='lat' dir='ltr'>ita</span> <span class='ocrx_word' id='word_1_366' title='bbox 231 2210 264 2241; x_wconf 88' lang='lat' dir='ltr'>in</span> <span class='ocrx_word' id='word_1_367' title='bbox 287 2208 368 2242; x_wconf 87' lang='lat' dir='ltr'>locis</span> <span class='ocrx_word' id='word_1_368' title='bbox 392 2205 477 2240; x_wconf 90' lang='lat' dir='ltr'>hisce</span> <span class='ocrx_word' id='word_1_369' title='bbox 498 2207 650 2241; x_wconf 88' lang='lat' dir='ltr'>omnibus</span> <span class='ocrx_word' id='word_1_370' title='bbox 685 2206 817 2240; x_wconf 88' lang='lat' dir='ltr'>eandem</span> <span class='ocrx_word' id='word_1_371' title='bbox 836 2206 981 2249; x_wconf 76' lang='lat' dir='ltr'>gelatinae</span> <span class='ocrx_word' id='word_1_372' title='bbox 1004 2207 1072 2248; x_wconf 85' lang='lat' dir='ltr'>spe-</span> 
     </span>
     <span class='ocr_line' id='line_1_46' title="bbox 62 2249 1073 2293; baseline -0.002 -7"><span class='ocrx_word' id='word_1_373' title='bbox 62 2253 149 2286; x_wconf 86' lang='lat' dir='ltr'>ciem</span> <span class='ocrx_word' id='word_1_374' title='bbox 174 2250 350 2286; x_wconf 84' lang='lat' dir='ltr'>referebat.</span> <span class='ocrx_word' id='word_1_375' title='bbox 375 2250 447 2283; x_wconf 87' lang='lat' dir='ltr'>Nec</span> <span class='ocrx_word' id='word_1_376' title='bbox 472 2249 535 2283; x_wconf 84' lang='lat' dir='ltr'>alia</span> <span class='ocrx_word' id='word_1_377' title='bbox 558 2249 638 2283; x_wconf 89' lang='lat' dir='ltr'>mihi</span> <span class='ocrx_word' id='word_1_378' title='bbox 663 2249 691 2283; x_wconf 88' lang='lat' dir='ltr'>se</span> <span class='ocrx_word' id='word_1_379' title='bbox 713 2250 838 2283; x_wconf 88' lang='lat' dir='ltr'>obtulit</span> <span class='ocrx_word' id='word_1_380' title='bbox 862 2249 978 2292; x_wconf 88' lang='lat' dir='ltr'>species</span> <span class='ocrx_word' id='word_1_381' title='bbox 990 2261 1073 2293; x_wconf 77' lang='lat' dir='ltr'>prae-</span> 
     </span>
     <span class='ocr_line' id='line_1_47' title="bbox 62 2292 1072 2335; baseline -0.001 -7"><span class='ocrx_word' id='word_1_382' title='bbox 62 2295 229 2329; x_wconf 87' lang='lat' dir='ltr'>tumidum</span> <span class='ocrx_word' id='word_1_383' title='bbox 254 2294 393 2328; x_wconf 86' lang='lat' dir='ltr'>scrotum</span> <span class='ocrx_word' id='word_1_384' title='bbox 417 2292 574 2327; x_wconf 88' lang='lat' dir='ltr'>incidenti</span> <span class='ocrx_word' id='word_1_385' title='bbox 596 2316 603 2326; x_wconf 90' lang='lat'>.</span> <span class='ocrx_word' id='word_1_386' title='bbox 628 2293 770 2327; x_wconf 82' lang='lat' dir='ltr'>Cellulas</span> <span class='ocrx_word' id='word_1_387' title='bbox 791 2294 877 2327; x_wconf 90' lang='lat' dir='ltr'>enim</span> <span class='ocrx_word' id='word_1_388' title='bbox 901 2295 935 2327; x_wconf 77' lang='lat' dir='ltr'>ir:</span> <span class='ocrx_word' id='word_1_389' title='bbox 959 2294 1072 2335; x_wconf 84' lang='lat' dir='ltr'>primis</span> 
     </span>
     <span class='ocr_line' id='line_1_48' title="bbox 63 2336 1071 2380; baseline -0.001 -9"><span class='ocrx_word' id='word_1_390' title='bbox 63 2349 136 2380; x_wconf 82' lang='lat' dir='ltr'>quae</span> <span class='ocrx_word' id='word_1_391' title='bbox 160 2338 276 2371; x_wconf 86' lang='lat' dir='ltr'>darton</span> <span class='ocrx_word' id='word_1_392' title='bbox 290 2337 451 2374; x_wconf 80' lang='lat' dir='ltr'>efficiunt,</span> <span class='ocrx_word' id='word_1_393' title='bbox 479 2337 600 2379; x_wconf 86' lang='lat' dir='ltr'>quippe</span> <span class='ocrx_word' id='word_1_394' title='bbox 613 2336 769 2379; x_wconf 86' lang='lat' dir='ltr'>Adiposae</span> <span class='ocrx_word' id='word_1_395' title='bbox 790 2337 980 2371; x_wconf 68' lang='lat' dir='ltr'>membranae</span> <span class='ocrx_word' id='word_1_396' title='bbox 992 2349 1071 2370; x_wconf 89' lang='lat' dir='ltr'>con-</span> 
     </span>
     <span class='ocr_line' id='line_1_49' title="bbox 64 2377 1069 2426; baseline -0.001 -12"><span class='ocrx_word' id='word_1_397' title='bbox 64 2382 208 2415; x_wconf 87' lang='lat' dir='ltr'>tinuatas</span> <span class='ocrx_word' id='word_1_398' title='bbox 224 2408 231 2422; x_wconf 96' lang='lat'><em>‚</em></span> <span class='ocrx_word' id='word_1_399' title='bbox 257 2392 339 2424; x_wconf 87' lang='lat' dir='ltr'>aqua</span> <span class='ocrx_word' id='word_1_400' title='bbox 363 2377 577 2425; x_wconf 70' lang='lat' dir='ltr'>distenderat.</span> <span class='ocrx_word' id='word_1_401' title='bbox 605 2382 700 2422; x_wconf 87' lang='lat' dir='ltr'>Aqua</span> <span class='ocrx_word' id='word_1_402' title='bbox 711 2382 815 2426; x_wconf 75' lang='lat' dir='ltr'>igitur</span> <span class='ocrx_word' id='word_1_403' title='bbox 836 2391 876 2413; x_wconf 85' lang='lat' dir='ltr'>ex</span> <span class='ocrx_word' id='word_1_404' title='bbox 891 2379 961 2418; x_wconf 88' lang='lat' dir='ltr'>his,</span> <span class='ocrx_word' id='word_1_405' title='bbox 986 2381 1069 2414; x_wconf 87' lang='lat' dir='ltr'>illis-</span> 
     </span>
     <span class='ocr_line' id='line_1_50' title="bbox 34 2421 1067 2466; baseline -0.001 -7"><span class='ocrx_word' id='word_1_406' title='bbox 34 2457 37 2460; x_wconf 24' lang='lat'>.</span> <span class='ocrx_word' id='word_1_407' title='bbox 62 2436 127 2466; x_wconf 85' lang='lat' dir='ltr'>que</span> <span class='ocrx_word' id='word_1_408' title='bbox 149 2425 273 2458; x_wconf 73' lang='lat' dir='ltr'>cunffis</span> <span class='ocrx_word' id='word_1_409' title='bbox 296 2423 491 2457; x_wconf 60' lang='lat' dir='ltr'>sectionibus</span> <span class='ocrx_word' id='word_1_410' title='bbox 514 2421 667 2465; x_wconf 81' lang='lat' dir='ltr'>prodibat</span> <span class='ocrx_word' id='word_1_411' title='bbox 687 2448 696 2463; x_wconf 89' lang='lat'>,</span> <span class='ocrx_word' id='word_1_412' title='bbox 730 2426 762 2457; x_wconf 70' lang='grc' dir='ltr'>δι’</span> <span class='ocrx_word' id='word_1_413' title='bbox 784 2423 807 2455; x_wconf 82' lang='lat'>11</span> <span class='ocrx_word' id='word_1_414' title='bbox 831 2424 947 2464; x_wconf 88' lang='lat' dir='ltr'>velles,</span> <span class='ocrx_word' id='word_1_415' title='bbox 972 2423 1067 2458; x_wconf 82' lang='lat' dir='ltr'>facile</span> 
     </span>
     <span class='ocr_line' id='line_1_51' title="bbox 63 2465 1065 2510; baseline 0 -10"><span class='ocrx_word' id='word_1_416' title='bbox 63 2470 202 2509; x_wconf 80' lang='lat' dir='ltr'>exprimi</span> <span class='ocrx_word' id='word_1_417' title='bbox 225 2470 325 2501; x_wconf 87' lang='lat' dir='ltr'>etiam</span> <span class='ocrx_word' id='word_1_418' title='bbox 350 2474 508 2510; x_wconf 84' lang='lat' dir='ltr'>poterat;</span> <span class='ocrx_word' id='word_1_419' title='bbox 533 2465 583 2499; x_wconf 90' lang='lat' dir='ltr'>sed</span> <span class='ocrx_word' id='word_1_420' title='bbox 608 2476 671 2500; x_wconf 91' lang='lat' dir='ltr'>non</span> <span class='ocrx_word' id='word_1_421' title='bbox 696 2475 790 2503; x_wconf 62' lang='grc' dir='ltr'>εοεαε</span> <span class='ocrx_word' id='word_1_422' title='bbox 813 2467 952 2509; x_wconf 89' lang='lat' dir='ltr'>plurima</span> <span class='ocrx_word' id='word_1_423' title='bbox 978 2469 1065 2501; x_wconf 91' lang='lat' dir='ltr'>enim</span> 
     </span>
     <span class='ocr_line' id='line_1_52' title="bbox 56 2509 1065 2552; baseline 0.002 -9"><span class='ocrx_word' id='word_1_424' title='bbox 56 2512 142 2543; x_wconf 86' lang='lat' dir='ltr'>inter</span> <span class='ocrx_word' id='word_1_425' title='bbox 164 2512 354 2545; x_wconf 84' lang='lat' dir='ltr'>cellularum</span> <span class='ocrx_word' id='word_1_426' title='bbox 384 2509 621 2543; x_wconf 85' lang='lat' dir='ltr'>membranulas</span> <span class='ocrx_word' id='word_1_427' title='bbox 645 2510 838 2543; x_wconf 86' lang='lat' dir='ltr'>restitabat.</span> <span class='ocrx_word' id='word_1_428' title='bbox 864 2511 1065 2552; x_wconf 89' lang='lat' dir='ltr'>Itaquecum</span> 
     </span>
     <span class='ocr_line' id='line_1_53' title="bbox 55 2551 1064 2597; baseline 0.001 -11"><span class='ocrx_word' id='word_1_429' title='bbox 55 2553 242 2597; x_wconf 79' lang='lat' dir='ltr'>scalpellum</span> <span class='ocrx_word' id='word_1_430' title='bbox 268 2554 305 2588; x_wconf 86' lang='lat' dir='ltr'>ad</span> <span class='ocrx_word' id='word_1_431' title='bbox 331 2552 491 2587; x_wconf 85' lang='lat' dir='ltr'>abdomen</span> <span class='ocrx_word' id='word_1_432' title='bbox 524 2553 674 2586; x_wconf 88' lang='lat' dir='ltr'>transtuli</span> <span class='ocrx_word' id='word_1_433' title='bbox 695 2579 705 2593; x_wconf 93' lang='lat'>,</span> <span class='ocrx_word' id='word_1_434' title='bbox 738 2551 795 2587; x_wconf 89' lang='lat' dir='ltr'>etsi</span> <span class='ocrx_word' id='word_1_435' title='bbox 819 2553 904 2587; x_wconf 90' lang='lat' dir='ltr'>inter</span> <span class='ocrx_word' id='word_1_436' title='bbox 926 2552 995 2596; x_wconf 82' lang='lat' dir='ltr'>ejus</span> <span class='ocrx_word' id='word_1_437' title='bbox 1017 2565 1064 2589; x_wconf 91' lang='lat' dir='ltr'>te-</span> 
     </span>
     <span class='ocr_line' id='line_1_54' title="bbox 55 2595 1063 2640; baseline 0 -9"><span class='ocrx_word' id='word_1_438' title='bbox 55 2609 208 2640; x_wconf 75' lang='lat' dir='ltr'>gumenta</span> <span class='ocrx_word' id='word_1_439' title='bbox 235 2597 356 2631; x_wconf 89' lang='lat' dir='ltr'>nullam</span> <span class='ocrx_word' id='word_1_440' title='bbox 381 2595 446 2631; x_wconf 89' lang='lat' dir='ltr'>fere</span> <span class='ocrx_word' id='word_1_441' title='bbox 470 2607 586 2636; x_wconf 84' lang='lat' dir='ltr'>aquam</span> <span class='ocrx_word' id='word_1_442' title='bbox 609 2595 730 2630; x_wconf 86' lang='lat' dir='ltr'>offendi</span> <span class='ocrx_word' id='word_1_443' title='bbox 753 2611 763 2634; x_wconf 77' lang='lat'><em>3</em></span> <span class='ocrx_word' id='word_1_444' title='bbox 786 2607 851 2630; x_wconf 89' lang='lat' dir='ltr'>non</span> <span class='ocrx_word' id='word_1_445' title='bbox 877 2606 987 2631; x_wconf 88' lang='lat' dir='ltr'>tamen</span> <span class='ocrx_word' id='word_1_446' title='bbox 1008 2598 1063 2631; x_wconf 90' lang='lat' dir='ltr'>de-</span> 
     </span>
     <span class='ocr_line' id='line_1_55' title="bbox 57 2639 1065 2682; baseline 0 -8"><span class='ocrx_word' id='word_1_447' title='bbox 57 2641 184 2675; x_wconf 72' lang='lat' dir='ltr'>fluxisse</span> <span class='ocrx_word' id='word_1_448' title='bbox 217 2653 284 2675; x_wconf 85' lang='lat' dir='ltr'>tam</span> <span class='ocrx_word' id='word_1_449' title='bbox 306 2642 375 2674; x_wconf 82' lang='lat' dir='ltr'>cito</span> <span class='ocrx_word' id='word_1_450' title='bbox 409 2651 463 2682; x_wconf 89' lang='lat' dir='ltr'>per</span> <span class='ocrx_word' id='word_1_451' title='bbox 489 2639 649 2673; x_wconf 83' lang='lat' dir='ltr'>femorum</span> <span class='ocrx_word' id='word_1_452' title='bbox 670 2663 679 2678; x_wconf 89' lang='lat'>‚</span> <span class='ocrx_word' id='word_1_453' title='bbox 714 2642 746 2673; x_wconf 64' lang='grc' dir='ltr'>δι’</span> <span class='ocrx_word' id='word_1_454' title='bbox 780 2640 880 2673; x_wconf 89' lang='lat' dir='ltr'>scroti</span> <span class='ocrx_word' id='word_1_455' title='bbox 906 2642 1065 2675; x_wconf 63' lang='lat' dir='ltr'>scetiones</span> 
     </span>
     <span class='ocr_line' id='line_1_56' title="bbox 57 2681 1062 2727; baseline -0.001 -8"><span class='ocrx_word' id='word_1_456' title='bbox 57 2685 203 2723; x_wconf 79' lang='lat' dir='ltr'>credidi3</span> <span class='ocrx_word' id='word_1_457' title='bbox 228 2684 278 2719; x_wconf 86' lang='lat' dir='ltr'>sed</span> <span class='ocrx_word' id='word_1_458' title='bbox 301 2686 410 2726; x_wconf 89' lang='lat' dir='ltr'>potius</span> <span class='ocrx_word' id='word_1_459' title='bbox 434 2684 475 2717; x_wconf 91' lang='lat' dir='ltr'>ab</span> <span class='ocrx_word' id='word_1_460' title='bbox 497 2684 622 2726; x_wconf 87' lang='lat' dir='ltr'>ingenti</span> <span class='ocrx_word' id='word_1_461' title='bbox 645 2706 655 2722; x_wconf 89' lang='lat'>‚</span> <span class='ocrx_word' id='word_1_462' title='bbox 679 2695 751 2727; x_wconf 79' lang='lat' dir='ltr'>quae</span> <span class='ocrx_word' id='word_1_463' title='bbox 775 2681 930 2717; x_wconf 67' lang='lat' dir='ltr'>ventrem&#39;</span> <span class='ocrx_word' id='word_1_464' title='bbox 945 2685 1062 2727; x_wconf 84' lang='lat' dir='ltr'>imple—</span> 
     </span>
     <span class='ocr_line' id='line_1_57' title="bbox 60 2726 1063 2770; baseline -0.001 -8"><span class='ocrx_word' id='word_1_465' title='bbox 60 2730 119 2762; x_wconf 89' lang='lat' dir='ltr'>bat</span> <span class='ocrx_word' id='word_1_466' title='bbox 134 2755 143 2767; x_wconf 81' lang='grc'><strong>.</strong></span> <span class='ocrx_word' id='word_1_467' title='bbox 166 2732 198 2763; x_wconf 62' lang='grc' dir='ltr'>ὃς</span> <span class='ocrx_word' id='word_1_468' title='bbox 222 2728 380 2762; x_wconf 85' lang='lat' dir='ltr'>abdomen</span> <span class='ocrx_word' id='word_1_469' title='bbox 402 2726 621 2768; x_wconf 87' lang='lat' dir='ltr'>distendebat,</span> <span class='ocrx_word' id='word_1_470' title='bbox 644 2738 801 2769; x_wconf 88' lang='lat' dir='ltr'>aquarum</span> <span class='ocrx_word' id='word_1_471' title='bbox 824 2728 919 2770; x_wconf 87' lang='lat' dir='ltr'>copia</span> <span class='ocrx_word' id='word_1_472' title='bbox 940 2739 981 2761; x_wconf 86' lang='lat' dir='ltr'>ex</span> <span class='ocrx_word' id='word_1_473' title='bbox 1002 2727 1063 2761; x_wconf 93' lang='lat' dir='ltr'>hu-</span> 
     </span>
     <span class='ocr_line' id='line_1_58' title="bbox 62 2769 1063 2816; baseline -0.001 -10"><span class='ocrx_word' id='word_1_474' title='bbox 62 2773 112 2816; x_wconf 87' lang='lat' dir='ltr'>jus</span> <span class='ocrx_word' id='word_1_475' title='bbox 134 2774 366 2814; x_wconf 81' lang='lat' dir='ltr'>integumentis</span> <span class='ocrx_word' id='word_1_476' title='bbox 389 2769 551 2805; x_wconf 88' lang='lat' dir='ltr'>detrusam</span> <span class='ocrx_word' id='word_1_477' title='bbox 574 2793 586 2810; x_wconf 91' lang='lat'><em>‚</em></span> <span class='ocrx_word' id='word_1_478' title='bbox 620 2770 699 2805; x_wconf 91' lang='lat' dir='ltr'>dum</span> <span class='ocrx_word' id='word_1_479' title='bbox 722 2770 825 2804; x_wconf 90' lang='lat' dir='ltr'>homo</span> <span class='ocrx_word' id='word_1_480' title='bbox 848 2772 970 2804; x_wconf 88' lang='lat' dir='ltr'>viveret</span> <span class='ocrx_word' id='word_1_481' title='bbox 991 2795 999 2810; x_wconf 92' lang='lat'><em>‚</em></span> <span class='ocrx_word' id='word_1_482' title='bbox 1024 2770 1063 2805; x_wconf 87' lang='lat' dir='ltr'>ad</span> 
     </span>
     <span class='ocr_line' id='line_1_59' title="bbox 62 2813 1063 2854; baseline -0.002 -5"><span class='ocrx_word' id='word_1_483' title='bbox 62 2814 231 2850; x_wconf 69' lang='lat' dir='ltr'>inferiores</span> <span class='ocrx_word' id='word_1_484' title='bbox 243 2825 328 2848; x_wconf 87' lang='lat' dir='ltr'>artus</span> <span class='ocrx_word' id='word_1_485' title='bbox 350 2813 461 2851; x_wconf 81' lang='lat' dir='ltr'>fuisse,</span> <span class='ocrx_word' id='word_1_486' title='bbox 485 2814 684 2852; x_wconf 84' lang='lat' dir='ltr'>existimavi,</span> <span class='ocrx_word' id='word_1_487' title='bbox 708 2823 781 2852; x_wconf 87' lang='lat' dir='ltr'>aut,</span> <span class='ocrx_word' id='word_1_488' title='bbox 805 2813 941 2847; x_wconf 86' lang='lat' dir='ltr'>fimavis</span> <span class='ocrx_word' id='word_1_489' title='bbox 956 2839 964 2854; x_wconf 93' lang='lat'>‚</span> <span class='ocrx_word' id='word_1_490' title='bbox 987 2826 1063 2849; x_wconf 87' lang='lat' dir='ltr'>cum</span> 
     </span>
     <span class='ocr_line' id='line_1_60' title="bbox 62 2857 1064 2901; baseline -0.002 -8"><span class='ocrx_word' id='word_1_491' title='bbox 62 2861 104 2893; x_wconf 81' lang='lat' dir='ltr'>ab</span> <span class='ocrx_word' id='word_1_492' title='bbox 127 2860 176 2893; x_wconf 82' lang='lat' dir='ltr'>his</span> <span class='ocrx_word' id='word_1_493' title='bbox 201 2870 298 2901; x_wconf 86' lang='lat' dir='ltr'>porro</span> <span class='ocrx_word' id='word_1_494' title='bbox 322 2857 482 2891; x_wconf 84' lang='lat' dir='ltr'>ascensura</span> <span class='ocrx_word' id='word_1_495' title='bbox 506 2858 579 2890; x_wconf 78' lang='lat' dir='ltr'>esset</span> <span class='ocrx_word' id='word_1_496' title='bbox 604 2879 613 2894; x_wconf 90' lang='lat'><em>‚</em></span> <span class='ocrx_word' id='word_1_497' title='bbox 644 2857 689 2891; x_wconf 89' lang='lat' dir='ltr'>ob</span> <span class='ocrx_word' id='word_1_498' title='bbox 712 2857 844 2891; x_wconf 88' lang='lat' dir='ltr'>eandem</span> <span class='ocrx_word' id='word_1_499' title='bbox 868 2869 941 2900; x_wconf 82' lang='lat' dir='ltr'>quae</span> <span class='ocrx_word' id='word_1_500' title='bbox 963 2857 1064 2892; x_wconf 88' lang='lat' dir='ltr'>modo</span> 
     </span>
     <span class='ocr_line' id='line_1_61' title="bbox 63 2900 1062 2943; baseline -0.002 -7"><span class='ocrx_word' id='word_1_501' title='bbox 63 2903 208 2939; x_wconf 77' lang='lat' dir='ltr'>indicata</span> <span class='ocrx_word' id='word_1_502' title='bbox 232 2903 274 2936; x_wconf 82' lang='lat' dir='ltr'>est</span> <span class='ocrx_word' id='word_1_503' title='bbox 298 2924 308 2938; x_wconf 83' lang='lat'>‚</span> <span class='ocrx_word' id='word_1_504' title='bbox 341 2902 641 2943; x_wconf 84' lang='lat' dir='ltr'>integumentorum</span> <span class='ocrx_word' id='word_1_505' title='bbox 664 2901 847 2934; x_wconf 85' lang='lat' dir='ltr'>abdominis</span> <span class='ocrx_word' id='word_1_506' title='bbox 871 2912 889 2933; x_wconf 78' lang='lat' dir='ltr'>a</span> <span class='ocrx_word' id='word_1_507' title='bbox 914 2900 1062 2943; x_wconf 65' lang='lat' dir='ltr'>subjectis</span> 
     </span>
     <span class='ocr_line' id='line_1_62' title="bbox 62 2942 1064 2989; baseline -0.003 -9"><span class='ocrx_word' id='word_1_508' title='bbox 62 2950 155 2989; x_wconf 82' lang='lat' dir='ltr'>aquis</span> <span class='ocrx_word' id='word_1_509' title='bbox 177 2945 386 2988; x_wconf 64' lang='lat' dir='ltr'>pressionem,</span> <span class='ocrx_word' id='word_1_510' title='bbox 410 2943 573 2987; x_wconf 75' lang='lat' dir='ltr'>inter-ipsa</span> <span class='ocrx_word' id='word_1_511' title='bbox 598 2955 661 2977; x_wconf 90' lang='lat' dir='ltr'>non</span> <span class='ocrx_word' id='word_1_512' title='bbox 674 2942 735 2978; x_wconf 85' lang='lat' dir='ltr'>esse</span> <span class='ocrx_word' id='word_1_513' title='bbox 759 2942 948 2979; x_wconf 79' lang='lat' dir='ltr'>admissam.</span> <span class='ocrx_word' id='word_1_514' title='bbox 972 2945 1064 2978; x_wconf 78' lang='lat' dir='ltr'>Ven-</span> 
     </span>
     <span class='ocr_line' id='line_1_63' title="bbox 61 2984 1062 3031; baseline -0.002 -8"><span class='ocrx_word' id='word_1_515' title='bbox 61 2992 121 3023; x_wconf 84' lang='lat' dir='ltr'>tris</span> <span class='ocrx_word' id='word_1_516' title='bbox 144 2999 251 3023; x_wconf 86' lang='lat' dir='ltr'>autem</span> <span class='ocrx_word' id='word_1_517' title='bbox 275 2988 392 3022; x_wconf 82' lang='lat' dir='ltr'>viscera</span> <span class='ocrx_word' id='word_1_518' title='bbox 413 2987 685 3031; x_wconf 89' lang='lat' dir='ltr'>quemadmodum</span> <span class='ocrx_word' id='word_1_519' title='bbox 708 2987 737 3021; x_wconf 91' lang='lat' dir='ltr'>se</span> <span class='ocrx_word' id='word_1_520' title='bbox 758 2984 936 3026; x_wconf 83' lang='lat' dir='ltr'>haberent3</span> <span class='ocrx_word' id='word_1_521' title='bbox 959 2999 1062 3030; x_wconf 88' lang='lat' dir='ltr'>neque</span> 
     </span>
     <span class='ocr_line' id='line_1_64' title="bbox 60 3030 1064 3075; baseline -0.001 -9"><span class='ocrx_word' id='word_1_522' title='bbox 60 3035 149 3068; x_wconf 79' lang='lat' dir='ltr'>enim</span> <span class='ocrx_word' id='word_1_523' title='bbox 182 3034 216 3068; x_wconf 84' lang='lat' dir='ltr'>id</span> <span class='ocrx_word' id='word_1_524' title='bbox 241 3032 321 3066; x_wconf 85' lang='lat' dir='ltr'>mihi</span> <span class='ocrx_word' id='word_1_525' title='bbox 339 3054 352 3071; x_wconf 89' lang='lat'><em>‚</em></span> <span class='ocrx_word' id='word_1_526' title='bbox 382 3040 419 3064; x_wconf 88' lang='lat' dir='ltr'>ut</span> <span class='ocrx_word' id='word_1_527' title='bbox 442 3032 538 3073; x_wconf 87' lang='lat' dir='ltr'>paulo</span> <span class='ocrx_word' id='word_1_528' title='bbox 561 3041 632 3065; x_wconf 88' lang='lat' dir='ltr'>ante</span> <span class='ocrx_word' id='word_1_529' title='bbox 655 3030 726 3065; x_wconf 83' lang='lat' dir='ltr'>dixi</span> <span class='ocrx_word' id='word_1_530' title='bbox 746 3055 756 3072; x_wconf 92' lang='lat'>,</span> <span class='ocrx_word' id='word_1_531' title='bbox 786 3040 864 3065; x_wconf 87' lang='lat' dir='ltr'>tunc</span> <span class='ocrx_word' id='word_1_532' title='bbox 887 3030 1064 3075; x_wconf 86' lang='lat' dir='ltr'>proposue-</span> 
     </span>
     <span class='ocr_line' id='line_1_65' title="bbox 63 3076 639 3118; baseline -0.005 -7"><span class='ocrx_word' id='word_1_533' title='bbox 63 3089 153 3114; x_wconf 72' lang='lat' dir='ltr'>ram5</span> <span class='ocrx_word' id='word_1_534' title='bbox 178 3077 354 3118; x_wconf 84' lang='lat' dir='ltr'>diligenter</span> <span class='ocrx_word' id='word_1_535' title='bbox 378 3084 441 3107; x_wconf 89' lang='lat' dir='ltr'>non</span> <span class='ocrx_word' id='word_1_536' title='bbox 466 3076 639 3109; x_wconf 87' lang='lat' dir='ltr'>adnotavi.</span> 
     </span>
    </p>

    <p class='ocr_par' dir='ltr' id='par_1_6' title="bbox 59 3116 1062 3685">
     <span class='ocr_line' id='line_1_66' title="bbox 106 3116 1060 3163; baseline -0.003 -9"><span class='ocrx_word' id='word_1_537' title='bbox 106 3131 158 3163; x_wconf 81' lang='lat'>27.</span> <span class='ocrx_word' id='word_1_538' title='bbox 182 3121 286 3155; x_wconf 78' lang='lat' dir='ltr'>Vides</span> <span class='ocrx_word' id='word_1_539' title='bbox 307 3119 411 3160; x_wconf 82' lang='lat' dir='ltr'>igitur</span> <span class='ocrx_word' id='word_1_540' title='bbox 432 3140 441 3155; x_wconf 89' lang='lat'>‚</span> <span class='ocrx_word' id='word_1_541' title='bbox 470 3120 609 3152; x_wconf 86' lang='lat' dir='ltr'>tumoris</span> <span class='ocrx_word' id='word_1_542' title='bbox 639 3129 736 3162; x_wconf 89' lang='lat' dir='ltr'>quem</span> <span class='ocrx_word' id='word_1_543' title='bbox 766 3118 914 3152; x_wconf 86' lang='lat' dir='ltr'>anasarca</span> <span class='ocrx_word' id='word_1_544' title='bbox 949 3116 1028 3152; x_wconf 84' lang='lat' dir='ltr'>facit</span> <span class='ocrx_word' id='word_1_545' title='bbox 1050 3139 1060 3157; x_wconf 89' lang='lat'>,</span> 
     </span>
     <span class='ocr_line' id='line_1_67' title="bbox 62 3162 1062 3205; baseline -0.003 -6"><span class='ocrx_word' id='word_1_546' title='bbox 62 3166 191 3203; x_wconf 82' lang='lat' dir='ltr'>sedem,</span> <span class='ocrx_word' id='word_1_547' title='bbox 213 3167 245 3197; x_wconf 67' lang='grc' dir='ltr'>δε</span> <span class='ocrx_word' id='word_1_548' title='bbox 266 3163 395 3196; x_wconf 84' lang='lat' dir='ltr'>causam</span> <span class='ocrx_word' id='word_1_549' title='bbox 417 3171 481 3194; x_wconf 89' lang='lat' dir='ltr'>non</span> <span class='ocrx_word' id='word_1_550' title='bbox 505 3162 562 3195; x_wconf 91' lang='lat' dir='ltr'>sub</span> <span class='ocrx_word' id='word_1_551' title='bbox 582 3171 655 3197; x_wconf 90' lang='lat' dir='ltr'>cute</span> <span class='ocrx_word' id='word_1_552' title='bbox 678 3163 846 3196; x_wconf 85' lang='lat' dir='ltr'>dumtaxat</span> <span class='ocrx_word' id='word_1_553' title='bbox 868 3162 903 3194; x_wconf 90' lang='lat' dir='ltr'>in</span> <span class='ocrx_word' id='word_1_554' title='bbox 916 3162 1062 3205; x_wconf 85' lang='lat' dir='ltr'>Adiposa</span> 
     </span>
     <span class='ocr_line' id='line_1_68' title="bbox 63 3205 1061 3248; baseline -0.003 -5"><span class='ocrx_word' id='word_1_555' title='bbox 63 3209 251 3243; x_wconf 78' lang='lat' dir='ltr'>membrana</span> <span class='ocrx_word' id='word_1_556' title='bbox 274 3205 332 3240; x_wconf 70' lang='lat' dir='ltr'>esse</span> <span class='ocrx_word' id='word_1_557' title='bbox 352 3219 363 3242; x_wconf 83' lang='lat'>·,</span> <span class='ocrx_word' id='word_1_558' title='bbox 386 3216 497 3238; x_wconf 91' lang='lat' dir='ltr'>verum</span> <span class='ocrx_word' id='word_1_559' title='bbox 519 3206 616 3238; x_wconf 90' lang='lat' dir='ltr'>etiam</span> <span class='ocrx_word' id='word_1_560' title='bbox 636 3232 646 3248; x_wconf 90' lang='lat'>‚</span> <span class='ocrx_word' id='word_1_561' title='bbox 669 3206 727 3239; x_wconf 90' lang='lat' dir='ltr'>ubi</span> <span class='ocrx_word' id='word_1_562' title='bbox 750 3215 861 3240; x_wconf 88' lang='lat' dir='ltr'>tumor</span> <span class='ocrx_word' id='word_1_563' title='bbox 884 3205 1061 3246; x_wconf 77' lang='lat' dir='ltr'>praesertim</span> 
     </span>
     <span class='ocr_line' id='line_1_69' title="bbox 61 3248 1062 3291; baseline -0.005 -4"><span class='ocrx_word' id='word_1_564' title='bbox 61 3264 128 3287; x_wconf 87' lang='lat' dir='ltr'>non</span> <span class='ocrx_word' id='word_1_565' title='bbox 151 3252 299 3286; x_wconf 89' lang='lat' dir='ltr'>modicus</span> <span class='ocrx_word' id='word_1_566' title='bbox 322 3249 384 3286; x_wconf 87' lang='lat' dir='ltr'>est,</span> <span class='ocrx_word' id='word_1_567' title='bbox 409 3249 443 3281; x_wconf 89' lang='lat' dir='ltr'>in</span> <span class='ocrx_word' id='word_1_568' title='bbox 466 3249 618 3282; x_wconf 86' lang='lat' dir='ltr'>omnibus</span> <span class='ocrx_word' id='word_1_569' title='bbox 641 3248 777 3291; x_wconf 75' lang='lat' dir='ltr'>ejusdem</span> <span class='ocrx_word' id='word_1_570' title='bbox 801 3248 994 3282; x_wconf 81' lang='lat' dir='ltr'>membranae</span> <span class='ocrx_word' id='word_1_571' title='bbox 1005 3261 1062 3291; x_wconf 90' lang='lat' dir='ltr'>ap-</span> 
     </span>
     <span class='ocr_line' id='line_1_70' title="bbox 61 3292 1060 3340; baseline -0.004 -10"><span class='ocrx_word' id='word_1_572' title='bbox 61 3295 250 3340; x_wconf 86' lang='lat' dir='ltr'>pendicibus</span> <span class='ocrx_word' id='word_1_573' title='bbox 272 3318 281 3332; x_wconf 91' lang='lat'><em>‚</em></span> <span class='ocrx_word' id='word_1_574' title='bbox 315 3302 351 3327; x_wconf 91' lang='lat' dir='ltr'>ut</span> <span class='ocrx_word' id='word_1_575' title='bbox 374 3303 447 3326; x_wconf 89' lang='lat' dir='ltr'>curn</span> <span class='ocrx_word' id='word_1_576' title='bbox 483 3300 596 3334; x_wconf 77' lang='lat' dir='ltr'>praeter</span> <span class='ocrx_word' id='word_1_577' title='bbox 619 3292 719 3334; x_wconf 87' lang='lat' dir='ltr'>ipsam</span> <span class='ocrx_word' id='word_1_578' title='bbox 752 3293 802 3326; x_wconf 83' lang='lat' dir='ltr'>hae</span> <span class='ocrx_word' id='word_1_579' title='bbox 822 3302 954 3335; x_wconf 87' lang='lat' dir='ltr'>quoque</span> <span class='ocrx_word' id='word_1_580' title='bbox 988 3300 1060 3326; x_wconf 83' lang='lat' dir='ltr'>turn</span> 
     </span>
     <span class='ocr_line' id='line_1_71' title="bbox 61 3334 1060 3378; baseline -0.004 -5"><span class='ocrx_word' id='word_1_581' title='bbox 61 3341 148 3373; x_wconf 85' lang='lat' dir='ltr'>inter</span> <span class='ocrx_word' id='word_1_582' title='bbox 172 3339 348 3373; x_wconf 82' lang='lat' dir='ltr'>exteriores</span> <span class='ocrx_word' id='word_1_583' title='bbox 372 3334 553 3375; x_wconf 85' lang='lat' dir='ltr'>musculos,</span> <span class='ocrx_word' id='word_1_584' title='bbox 574 3337 606 3368; x_wconf 74' lang='grc' dir='ltr'>δι</span> <span class='ocrx_word' id='word_1_585' title='bbox 629 3337 677 3369; x_wconf 92' lang='lat' dir='ltr'>his</span> <span class='ocrx_word' id='word_1_586' title='bbox 700 3335 858 3378; x_wconf 69' lang='lat' dir='ltr'>subjectos</span> <span class='ocrx_word' id='word_1_587' title='bbox 879 3358 891 3375; x_wconf 87' lang='lat'><em>‚</em></span> <span class='ocrx_word' id='word_1_588' title='bbox 915 3343 986 3369; x_wconf 91' lang='lat' dir='ltr'>tum</span> <span class='ocrx_word' id='word_1_589' title='bbox 1011 3337 1060 3369; x_wconf 90' lang='lat' dir='ltr'>in-</span> 
     </span>
     <span class='ocr_line' id='line_1_72' title="bbox 60 3378 1060 3421; baseline -0.009 -4"><span class='ocrx_word' id='word_1_590' title='bbox 60 3392 110 3417; x_wconf 82' lang='lat' dir='ltr'>ter</span> <span class='ocrx_word' id='word_1_591' title='bbox 135 3383 354 3417; x_wconf 89' lang='lat' dir='ltr'>musculorum</span> <span class='ocrx_word' id='word_1_592' title='bbox 378 3378 546 3413; x_wconf 82' lang='lat' dir='ltr'>fasciculos</span> <span class='ocrx_word' id='word_1_593' title='bbox 566 3378 784 3413; x_wconf 88' lang='lat' dir='ltr'>distendantur</span> <span class='ocrx_word' id='word_1_594' title='bbox 802 3401 814 3418; x_wconf 87' lang='lat'><em>‚</em></span> <span class='ocrx_word' id='word_1_595' title='bbox 851 3390 983 3421; x_wconf 87' lang='lat' dir='ltr'>magnus</span> <span class='ocrx_word' id='word_1_596' title='bbox 1006 3389 1060 3412; x_wconf 76' lang='lat' dir='ltr'>tu.</span> 
     </span>
     <span class='ocr_line' id='line_1_73' title="bbox 61 3419 1057 3466; baseline -0.006 -5"><span class='ocrx_word' id='word_1_597' title='bbox 61 3438 133 3461; x_wconf 88' lang='lat' dir='ltr'>mor</span> <span class='ocrx_word' id='word_1_598' title='bbox 155 3426 315 3460; x_wconf 83' lang='lat' dir='ltr'>efficiatur</span> <span class='ocrx_word' id='word_1_599' title='bbox 329 3449 337 3457; x_wconf 93' lang='lat'>.</span> <span class='ocrx_word' id='word_1_600' title='bbox 360 3423 462 3457; x_wconf 88' lang='lat' dir='ltr'>Vides</span> <span class='ocrx_word' id='word_1_601' title='bbox 484 3419 575 3455; x_wconf 75' lang='lat' dir='ltr'>simul</span> <span class='ocrx_word' id='word_1_602' title='bbox 599 3444 612 3462; x_wconf 83' lang='lat'>,</span> <span class='ocrx_word' id='word_1_603' title='bbox 641 3423 720 3466; x_wconf 89' lang='lat' dir='ltr'>quid</span> <span class='ocrx_word' id='word_1_604' title='bbox 743 3423 782 3456; x_wconf 85' lang='lat' dir='ltr'>fit</span> <span class='ocrx_word' id='word_1_605' title='bbox 806 3422 894 3466; x_wconf 91' lang='lat' dir='ltr'>quod</span> <span class='ocrx_word' id='word_1_606' title='bbox 914 3423 1057 3464; x_wconf 72' lang='lat' dir='ltr'>gelatinae</span> 
     </span>
     <span class='ocr_line' id='line_1_74' title="bbox 61 3465 1056 3512; baseline -0.005 -8"><span class='ocrx_word' id='word_1_607' title='bbox 61 3468 167 3512; x_wconf 86' lang='lat' dir='ltr'>specie</span> <span class='ocrx_word' id='word_1_608' title='bbox 189 3480 253 3503; x_wconf 90' lang='lat' dir='ltr'>non</span> <span class='ocrx_word' id='word_1_609' title='bbox 278 3479 348 3502; x_wconf 86' lang='lat' dir='ltr'>raro</span> <span class='ocrx_word' id='word_1_610' title='bbox 371 3468 517 3509; x_wconf 89' lang='lat' dir='ltr'>imponat</span> <span class='ocrx_word' id='word_1_611' title='bbox 533 3476 547 3505; x_wconf 88' lang='lat'>,·</span> <span class='ocrx_word' id='word_1_612' title='bbox 569 3476 642 3499; x_wconf 88' lang='lat' dir='ltr'>nam</span> <span class='ocrx_word' id='word_1_613' title='bbox 663 3468 696 3499; x_wconf 74' lang='grc' dir='ltr'>δε</span> <span class='ocrx_word' id='word_1_614' title='bbox 720 3465 927 3509; x_wconf 83' lang='lat' dir='ltr'>pinguedinis</span> <span class='ocrx_word' id='word_1_615' title='bbox 948 3466 1056 3499; x_wconf 83' lang='lat' dir='ltr'>oleum</span> 
     </span>
     <span class='ocr_line' id='line_1_75' title="bbox 59 3509 1055 3554; baseline -0.006 -7"><span class='ocrx_word' id='word_1_616' title='bbox 59 3513 180 3547; x_wconf 79' lang='lat' dir='ltr'>eaedem</span> <span class='ocrx_word' id='word_1_617' title='bbox 216 3511 391 3554; x_wconf 68' lang='lat' dir='ltr'>interieciae</span> <span class='ocrx_word' id='word_1_618' title='bbox 416 3509 640 3543; x_wconf 74' lang='lat' dir='ltr'>membranulae</span> <span class='ocrx_word' id='word_1_619' title='bbox 671 3509 746 3552; x_wconf 83' lang='lat' dir='ltr'>ipsae</span> <span class='ocrx_word' id='word_1_620' title='bbox 778 3511 879 3543; x_wconf 51' lang='lat' dir='ltr'>etiarn¹</span> <span class='ocrx_word' id='word_1_621' title='bbox 907 3509 1055 3550; x_wconf 88' lang='lat' dir='ltr'>faciunt,</span> 
     </span>
     <span class='ocr_line' id='line_1_76' title="bbox 60 3553 1058 3596; baseline -0.005 -6"><span class='ocrx_word' id='word_1_622' title='bbox 60 3566 98 3590; x_wconf 89' lang='lat' dir='ltr'>ut</span> <span class='ocrx_word' id='word_1_623' title='bbox 133 3559 165 3590; x_wconf 87' lang='lat' dir='ltr'>in</span> <span class='ocrx_word' id='word_1_624' title='bbox 193 3557 342 3591; x_wconf 81' lang='lat' dir='ltr'>sanorum</span> <span class='ocrx_word' id='word_1_625' title='bbox 372 3553 576 3588; x_wconf 82' lang='lat' dir='ltr'>cadaveribus</span> <span class='ocrx_word' id='word_1_626' title='bbox 599 3553 705 3593; x_wconf 82' lang='lat' dir='ltr'>minus</span> <span class='ocrx_word' id='word_1_627' title='bbox 726 3564 825 3596; x_wconf 88' lang='lat' dir='ltr'>quarn</span> <span class='ocrx_word' id='word_1_628' title='bbox 856 3554 890 3586; x_wconf 90' lang='lat' dir='ltr'>in</span> <span class='ocrx_word' id='word_1_629' title='bbox 913 3554 1058 3586; x_wconf 87' lang='lat' dir='ltr'>viventi-</span> 
     </span>
     <span class='ocr_line' id='line_1_77' title="bbox 59 3593 1057 3639; baseline -0.004 -6"><span class='ocrx_word' id='word_1_630' title='bbox 59 3600 119 3633; x_wconf 89' lang='lat' dir='ltr'>bus</span> <span class='ocrx_word' id='word_1_631' title='bbox 142 3612 248 3635; x_wconf 77' lang='lat' dir='ltr'>revera</span> <span class='ocrx_word' id='word_1_632' title='bbox 272 3599 337 3639; x_wconf 87' lang='lat' dir='ltr'>est,</span> <span class='ocrx_word' id='word_1_633' title='bbox 361 3606 509 3639; x_wconf 87' lang='lat' dir='ltr'>appareat</span> <span class='ocrx_word' id='word_1_634' title='bbox 533 3593 675 3630; x_wconf 70' lang='lat' dir='ltr'>fluidum</span> <span class='ocrx_word' id='word_1_635' title='bbox 699 3620 706 3626; x_wconf 84' lang='lat'>-</span> <span class='ocrx_word' id='word_1_636' title='bbox 732 3596 805 3630; x_wconf 87' lang='lat' dir='ltr'>Nec</span> <span class='ocrx_word' id='word_1_637' title='bbox 829 3605 935 3630; x_wconf 90' lang='lat' dir='ltr'>tamen</span> <span class='ocrx_word' id='word_1_638' title='bbox 960 3607 1057 3638; x_wconf 82' lang='lat' dir='ltr'>nega-</span> 
     </span>
     <span class='ocr_line' id='line_1_78' title="bbox 59 3639 1059 3685; baseline -0.004 -8"><span class='ocrx_word' id='word_1_639' title='bbox 59 3646 164 3677; x_wconf 86' lang='lat' dir='ltr'>verim</span> <span class='ocrx_word' id='word_1_640' title='bbox 185 3668 199 3685; x_wconf 82' lang='lat'>,</span> <span class='ocrx_word' id='word_1_641' title='bbox 228 3643 291 3679; x_wconf 80' lang='lat' dir='ltr'>sive</span> <span class='ocrx_word' id='word_1_642' title='bbox 314 3642 358 3676; x_wconf 91' lang='lat' dir='ltr'>ob</span> <span class='ocrx_word' id='word_1_643' title='bbox 381 3641 450 3684; x_wconf 85' lang='lat' dir='ltr'>ejus</span> <span class='ocrx_word' id='word_1_644' title='bbox 471 3641 624 3684; x_wconf 82' lang='lat' dir='ltr'>reliquias</span> <span class='ocrx_word' id='word_1_645' title='bbox 659 3639 723 3674; x_wconf 84' lang='lat' dir='ltr'>olei</span> <span class='ocrx_word' id='word_1_646' title='bbox 746 3640 851 3682; x_wconf 86' lang='lat' dir='ltr'>plures</span> <span class='ocrx_word' id='word_1_647' title='bbox 884 3639 1059 3682; x_wconf 84' lang='lat' dir='ltr'>interposi-</span> 
     </span>
    </p>
   </div>
   <div class='ocr_carea' id='block_1_3' title="bbox 1093 1641 1924 1683">
    <p class='ocr_par' dir='ltr' id='par_1_7' title="bbox 1093 1641 1924 1683">
     <span class='ocr_line' id='line_1_79' title="bbox 1093 1641 1924 1683; baseline -0.005 -5"><span class='ocrx_word' id='word_1_648' title='bbox 1093 1653 1095 1655; x_wconf 80' lang='lat'>·</span> <span class='ocrx_word' id='word_1_649' title='bbox 1118 1643 1247 1683; x_wconf 88' lang='lat' dir='ltr'>fusam,</span> <span class='ocrx_word' id='word_1_650' title='bbox 1273 1644 1326 1678; x_wconf 89' lang='lat' dir='ltr'>sed</span> <span class='ocrx_word' id='word_1_651' title='bbox 1349 1654 1414 1676; x_wconf 89' lang='lat' dir='ltr'>non</span> <span class='ocrx_word' id='word_1_652' title='bbox 1439 1642 1596 1682; x_wconf 87' lang='lat' dir='ltr'>multam,</span> <span class='ocrx_word' id='word_1_653' title='bbox 1622 1641 1763 1676; x_wconf 88' lang='lat' dir='ltr'>habebat</span> <span class='ocrx_word' id='word_1_654' title='bbox 1785 1651 1924 1682; x_wconf 85' lang='lat' dir='ltr'>aquam.</span> 
     </span>
    </p>
   </div>
   <div class='ocr_carea' id='block_1_4' title="bbox 1961 278 2048 317">
    <p class='ocr_par' dir='ltr' id='par_1_8' title="bbox 1961 278 2048 317">
     <span class='ocr_line' id='line_1_80' title="bbox 1961 278 2048 317; baseline -0.011 -1"><span class='ocrx_word' id='word_1_655' title='bbox 1961 278 2048 317; x_wconf 75' lang='lat'>101</span> 
     </span>
    </p>
   </div>
   <div class='ocr_carea' id='block_1_5' title="bbox 1107 338 2136 3696">
    <p class='ocr_par' dir='ltr' id='par_1_9' title="bbox 1122 338 2124 637">
     <span class='ocr_line' id='line_1_81' title="bbox 1125 338 2123 384; baseline -0.003 -8"><span class='ocrx_word' id='word_1_656' title='bbox 1125 351 1194 378; x_wconf 84' lang='lat' dir='ltr'>tas,</span> <span class='ocrx_word' id='word_1_657' title='bbox 1216 338 1281 374; x_wconf 82' lang='lat' dir='ltr'>sive</span> <span class='ocrx_word' id='word_1_658' title='bbox 1302 341 1390 384; x_wconf 88' lang='lat' dir='ltr'>quod</span> <span class='ocrx_word' id='word_1_659' title='bbox 1413 341 1566 375; x_wconf 84' lang='lat' dir='ltr'>viscidior</span> <span class='ocrx_word' id='word_1_660' title='bbox 1598 339 1637 373; x_wconf 87' lang='lat' dir='ltr'>sit</span> <span class='ocrx_word' id='word_1_661' title='bbox 1660 351 1740 383; x_wconf 86' lang='lat' dir='ltr'>aqua</span> <span class='ocrx_word' id='word_1_662' title='bbox 1765 341 1883 376; x_wconf 86' lang='lat' dir='ltr'>inclusa</span> <span class='ocrx_word' id='word_1_663' title='bbox 1903 363 1912 379; x_wconf 94' lang='lat'>,</span> <span class='ocrx_word' id='word_1_664' title='bbox 1947 338 2012 373; x_wconf 89' lang='lat' dir='ltr'>sive</span> <span class='ocrx_word' id='word_1_665' title='bbox 2033 340 2123 382; x_wconf 88' lang='lat' dir='ltr'>quod</span> 
     </span>
     <span class='ocr_line' id='line_1_82' title="bbox 1125 383 2122 428; baseline -0.004 -9"><span class='ocrx_word' id='word_1_666' title='bbox 1125 394 1239 424; x_wconf 82' lang='lat' dir='ltr'>mora,</span> <span class='ocrx_word' id='word_1_667' title='bbox 1259 386 1291 417; x_wconf 85' lang='lat'>&amp;</span> <span class='ocrx_word' id='word_1_668' title='bbox 1314 387 1389 418; x_wconf 91' lang='lat' dir='ltr'>anni</span> <span class='ocrx_word' id='word_1_669' title='bbox 1406 394 1550 427; x_wconf 87' lang='lat' dir='ltr'>tempore</span> <span class='ocrx_word' id='word_1_670' title='bbox 1571 383 1698 417; x_wconf 84' lang='lat' dir='ltr'>craffior</span> <span class='ocrx_word' id='word_1_671' title='bbox 1711 383 1767 418; x_wconf 87' lang='lat' dir='ltr'>fiat</span> <span class='ocrx_word' id='word_1_672' title='bbox 1782 409 1791 423; x_wconf 95' lang='lat'>‚</span> <span class='ocrx_word' id='word_1_673' title='bbox 1814 384 1873 419; x_wconf 83' lang='lat' dir='ltr'>esse</span> <span class='ocrx_word' id='word_1_674' title='bbox 1895 392 2011 428; x_wconf 83' lang='lat' dir='ltr'>praeter</span> <span class='ocrx_word' id='word_1_675' title='bbox 2021 393 2122 416; x_wconf 89' lang='lat' dir='ltr'>mem-</span> 
     </span>
     <span class='ocr_line' id='line_1_83' title="bbox 1125 426 2124 471; baseline -0.005 -8"><span class='ocrx_word' id='word_1_676' title='bbox 1125 430 1239 463; x_wconf 83' lang='lat' dir='ltr'>branas</span> <span class='ocrx_word' id='word_1_677' title='bbox 1261 428 1384 471; x_wconf 88' lang='lat' dir='ltr'>aliquid</span> <span class='ocrx_word' id='word_1_678' title='bbox 1407 427 1573 461; x_wconf 87' lang='lat' dir='ltr'>interdum</span> <span class='ocrx_word' id='word_1_679' title='bbox 1591 427 1681 469; x_wconf 89' lang='lat' dir='ltr'>quod</span> <span class='ocrx_word' id='word_1_680' title='bbox 1704 439 1772 460; x_wconf 89' lang='lat' dir='ltr'>eam</span> <span class='ocrx_word' id='word_1_681' title='bbox 1787 427 1879 462; x_wconf 81' lang='lat' dir='ltr'>nobis</span> <span class='ocrx_word' id='word_1_682' title='bbox 1902 427 2039 469; x_wconf 84' lang='lat' dir='ltr'>speciem</span> <span class='ocrx_word' id='word_1_683' title='bbox 2063 426 2124 458; x_wconf 87' lang='lat' dir='ltr'>ob-</span> 
     </span>
     <span class='ocr_line' id='line_1_84' title="bbox 1123 470 2124 516; baseline -0.004 -11"><span class='ocrx_word' id='word_1_684' title='bbox 1123 472 1240 516; x_wconf 82' lang='lat' dir='ltr'>jiciat.</span> <span class='ocrx_word' id='word_1_685' title='bbox 1265 471 1405 505; x_wconf 86' lang='lat' dir='ltr'>Glasero</span> <span class='ocrx_word' id='word_1_686' title='bbox 1428 471 1489 505; x_wconf 88' lang='lat' dir='ltr'>hoc</span> <span class='ocrx_word' id='word_1_687' title='bbox 1505 472 1666 516; x_wconf 29' lang='lat' dir='ltr'>*ultimum</span> <span class='ocrx_word' id='word_1_688' title='bbox 1690 472 1784 504; x_wconf 89' lang='lat' dir='ltr'>unice</span> <span class='ocrx_word' id='word_1_689' title='bbox 1807 471 1984 513; x_wconf 76' lang='lat' dir='ltr'>placuisse,</span> <span class='ocrx_word' id='word_1_690' title='bbox 2008 480 2047 503; x_wconf 87' lang='lat' dir='ltr'>ex</span> <span class='ocrx_word' id='word_1_691' title='bbox 2069 470 2124 502; x_wconf 86' lang='lat' dir='ltr'>Se-</span> 
     </span>
     <span class='ocr_line' id='line_1_85' title="bbox 1126 512 2124 558; baseline -0.005 -9"><span class='ocrx_word' id='word_1_692' title='bbox 1126 515 1296 558; x_wconf 83' lang='lat' dir='ltr'>pulchreto</span> <span class='ocrx_word' id='word_1_693' title='bbox 1318 513 1400 557; x_wconf 86' lang='lat' dir='ltr'>(f)</span> <span class='ocrx_word' id='word_1_694' title='bbox 1423 514 1615 557; x_wconf 57' lang='lat' dir='ltr'>cognoscem</span> <span class='ocrx_word' id='word_1_695' title='bbox 1636 524 1711 549; x_wconf 90' lang='lat' dir='ltr'>cum</span> <span class='ocrx_word' id='word_1_696' title='bbox 1727 513 1813 547; x_wconf 90' lang='lat' dir='ltr'>idem</span> <span class='ocrx_word' id='word_1_697' title='bbox 1835 514 1923 558; x_wconf 88' lang='lat' dir='ltr'>quod</span> <span class='ocrx_word' id='word_1_698' title='bbox 1937 525 2020 557; x_wconf 80' lang='lat' dir='ltr'>ego,</span> <span class='ocrx_word' id='word_1_699' title='bbox 2044 512 2124 551; x_wconf 87' lang='lat' dir='ltr'>alii,</span> 
     </span>
     <span class='ocr_line' id='line_1_86' title="bbox 1122 553 2124 635; baseline -0.003 -44"><span class='ocrx_word' id='word_1_700' title='bbox 1122 559 1212 635; x_wconf 63' lang='lat' dir='ltr'>&amp;din</span> <span class='ocrx_word' id='word_1_701' title='bbox 1244 555 1293 591; x_wconf 85' lang='lat' dir='ltr'>his</span> <span class='ocrx_word' id='word_1_702' title='bbox 1318 558 1459 601; x_wconf 89' lang='lat' dir='ltr'>Peyerus</span> <span class='ocrx_word' id='word_1_703' title='bbox 1480 558 1534 602; x_wconf 86' lang='lat' dir='ltr'>(g</span> <span class='ocrx_word' id='word_1_704' title='bbox 1549 558 1571 601; x_wconf 88' lang='lat'><strong><em>)</em></strong></span> <span class='ocrx_word' id='word_1_705' title='bbox 1591 561 1623 592; x_wconf 90' lang='lat'>&amp;</span> <span class='ocrx_word' id='word_1_706' title='bbox 1658 556 1831 600; x_wconf 88' lang='lat' dir='ltr'>Wepferus</span> <span class='ocrx_word' id='word_1_707' title='bbox 1865 563 1880 599; x_wconf 86' lang='lat'><strong>(</strong></span> <span class='ocrx_word' id='word_1_708' title='bbox 1901 556 1922 590; x_wconf 85' lang='lat' dir='ltr'>b</span> <span class='ocrx_word' id='word_1_709' title='bbox 1944 560 1956 596; x_wconf 93' lang='lat'>)</span> <span class='ocrx_word' id='word_1_710' title='bbox 1979 553 2124 590; x_wconf 75' lang='lat' dir='ltr'>maluisse</span> 
     </span>
     <span class='ocr_line' id='line_1_87' title="bbox 1125 611 1314 637; baseline -0.026 0"><span class='ocrx_word' id='word_1_711' title='bbox 1125 613 1158 637; x_wconf 84' lang='lat' dir='ltr'>vi</span> <span class='ocrx_word' id='word_1_712' title='bbox 1184 611 1314 635; x_wconf 86' lang='lat' dir='ltr'>eantur.</span> 
     </span>
    </p>

    <p class='ocr_par' dir='ltr' id='par_1_10' title="bbox 1123 641 2127 773">
     <span class='ocr_line' id='line_1_88' title="bbox 1166 641 2127 689; baseline -0.005 -10"><span class='ocrx_word' id='word_1_713' title='bbox 1166 645 1219 679; x_wconf 82' lang='lat'>28.</span> <span class='ocrx_word' id='word_1_714' title='bbox 1244 645 1488 678; x_wconf 84' lang='lat' dir='ltr'>VETULAM</span> <span class='ocrx_word' id='word_1_715' title='bbox 1509 657 1582 689; x_wconf 83' lang='lat' dir='ltr'>quae</span> <span class='ocrx_word' id='word_1_716' title='bbox 1604 656 1643 679; x_wconf 83' lang='lat' dir='ltr'>ex</span> <span class='ocrx_word' id='word_1_717' title='bbox 1665 642 1812 688; x_wconf 87' lang='lat' dir='ltr'>hydrope</span> <span class='ocrx_word' id='word_1_718' title='bbox 1834 643 1929 678; x_wconf 83' lang='lat' dir='ltr'>ascite</span> <span class='ocrx_word' id='word_1_719' title='bbox 1950 665 1959 682; x_wconf 88' lang='lat'>,</span> <span class='ocrx_word' id='word_1_720' title='bbox 1985 641 2035 676; x_wconf 89' lang='lat' dir='ltr'>sed</span> <span class='ocrx_word' id='word_1_721' title='bbox 2057 651 2127 675; x_wconf 79' lang='lat' dir='ltr'>non</span> 
     </span>
     <span class='ocr_line' id='line_1_89' title="bbox 1123 685 2127 731; baseline -0.005 -9"><span class='ocrx_word' id='word_1_722' title='bbox 1123 690 1169 723; x_wconf 86' lang='lat' dir='ltr'>ita</span> <span class='ocrx_word' id='word_1_723' title='bbox 1194 699 1334 731; x_wconf 87' lang='lat' dir='ltr'>magno,</span> <span class='ocrx_word' id='word_1_724' title='bbox 1356 686 1547 727; x_wconf 77' lang='lat' dir='ltr'>decesserat,</span> <span class='ocrx_word' id='word_1_725' title='bbox 1570 699 1646 723; x_wconf 86' lang='lat' dir='ltr'>cum</span> <span class='ocrx_word' id='word_1_726' title='bbox 1667 689 1701 721; x_wconf 91' lang='lat' dir='ltr'>in</span> <span class='ocrx_word' id='word_1_727' title='bbox 1725 687 1933 721; x_wconf 82' lang='lat' dir='ltr'>Nosocomio</span> <span class='ocrx_word' id='word_1_728' title='bbox 1966 685 2127 719; x_wconf 84' lang='lat' dir='ltr'>Patavino</span> 
     </span>
     <span class='ocr_line' id='line_1_90' title="bbox 1124 729 2126 773; baseline -0.004 -7"><span class='ocrx_word' id='word_1_729' title='bbox 1124 732 1297 767; x_wconf 87' lang='lat' dir='ltr'>secaremus</span> <span class='ocrx_word' id='word_1_730' title='bbox 1331 732 1388 765; x_wconf 92' lang='lat' dir='ltr'>sub</span> <span class='ocrx_word' id='word_1_731' title='bbox 1410 731 1507 767; x_wconf 85' lang='lat' dir='ltr'>finem</span> <span class='ocrx_word' id='word_1_732' title='bbox 1541 733 1582 765; x_wconf 90' lang='lat' dir='ltr'>A.</span> <span class='ocrx_word' id='word_1_733' title='bbox 1623 732 1715 773; x_wconf 88' lang='lat'><em>1716.</em></span> <span class='ocrx_word' id='word_1_734' title='bbox 1749 729 1816 764; x_wconf 83' lang='lat' dir='ltr'>haec</span> <span class='ocrx_word' id='word_1_735' title='bbox 1848 729 2126 773; x_wconf 62' lang='lat' dir='ltr'>observavimus.</span> 
     </span>
    </p>

    <p class='ocr_par' dir='ltr' id='par_1_11' title="bbox 1119 771 2133 1673">
     <span class='ocr_line' id='line_1_91' title="bbox 1254 771 2127 814; baseline -0.006 -6"><span class='ocrx_word' id='word_1_736' title='bbox 1254 775 1479 813; x_wconf 83' lang='lat' dir='ltr'>VENTER,</span> <span class='ocrx_word' id='word_1_737' title='bbox 1502 775 1560 809; x_wconf 88' lang='lat' dir='ltr'>ubi</span> <span class='ocrx_word' id='word_1_738' title='bbox 1582 773 1728 809; x_wconf 78' lang='lat' dir='ltr'>exhausta</span> <span class='ocrx_word' id='word_1_739' title='bbox 1753 772 1819 808; x_wconf 85' lang='lat' dir='ltr'>fuit</span> <span class='ocrx_word' id='word_1_740' title='bbox 1830 771 1927 807; x_wconf 82' lang='lat' dir='ltr'>effusa</span> <span class='ocrx_word' id='word_1_741' title='bbox 1951 783 2031 814; x_wconf 90' lang='lat' dir='ltr'>aqua</span> <span class='ocrx_word' id='word_1_742' title='bbox 2045 791 2056 808; x_wconf 82' lang='lat'>‚</span> <span class='ocrx_word' id='word_1_743' title='bbox 2077 781 2127 812; x_wconf 80' lang='lat' dir='ltr'>Je-</span> 
     </span>
     <span class='ocr_line' id='line_1_92' title="bbox 1122 816 2127 859; baseline -0.008 -5"><span class='ocrx_word' id='word_1_744' title='bbox 1122 830 1179 854; x_wconf 81' lang='lat' dir='ltr'>cur</span> <span class='ocrx_word' id='word_1_745' title='bbox 1201 818 1339 853; x_wconf 77' lang='lat' dir='ltr'>ostendit</span> <span class='ocrx_word' id='word_1_746' title='bbox 1364 819 1476 852; x_wconf 88' lang='lat' dir='ltr'>multis</span> <span class='ocrx_word' id='word_1_747' title='bbox 1500 819 1580 852; x_wconf 89' lang='lat' dir='ltr'>albis</span> <span class='ocrx_word' id='word_1_748' title='bbox 1599 843 1607 857; x_wconf 92' lang='lat'>,</span> <span class='ocrx_word' id='word_1_749' title='bbox 1635 828 1692 851; x_wconf 88' lang='lat' dir='ltr'>nec</span> <span class='ocrx_word' id='word_1_750' title='bbox 1714 826 1821 852; x_wconf 86' lang='lat' dir='ltr'>tamen</span> <span class='ocrx_word' id='word_1_751' title='bbox 1845 816 2002 859; x_wconf 85' lang='lat' dir='ltr'>praeduris</span> <span class='ocrx_word' id='word_1_752' title='bbox 2027 838 2038 855; x_wconf 93' lang='lat'>,</span> <span class='ocrx_word' id='word_1_753' title='bbox 2070 823 2127 847; x_wconf 89' lang='lat' dir='ltr'>tu-</span> 
     </span>
     <span class='ocr_line' id='line_1_93' title="bbox 1123 859 2128 904; baseline -0.007 -7"><span class='ocrx_word' id='word_1_754' title='bbox 1123 863 1269 897; x_wconf 89' lang='lat' dir='ltr'>moribus</span> <span class='ocrx_word' id='word_1_755' title='bbox 1292 863 1398 900; x_wconf 87' lang='lat' dir='ltr'>intus,</span> <span class='ocrx_word' id='word_1_756' title='bbox 1422 871 1574 904; x_wconf 86' lang='lat' dir='ltr'>extraque</span> <span class='ocrx_word' id='word_1_757' title='bbox 1595 859 1754 895; x_wconf 87' lang='lat' dir='ltr'>obsessum</span> <span class='ocrx_word' id='word_1_758' title='bbox 1779 872 1789 899; x_wconf 79' lang='lat'>5</span> <span class='ocrx_word' id='word_1_759' title='bbox 1821 861 1855 893; x_wconf 92' lang='lat' dir='ltr'>in</span> <span class='ocrx_word' id='word_1_760' title='bbox 1879 867 2047 902; x_wconf 85' lang='lat' dir='ltr'>pancreate</span> <span class='ocrx_word' id='word_1_761' title='bbox 2070 868 2128 904; x_wconf 77' lang='lat' dir='ltr'>au-</span> 
     </span>
     <span class='ocr_line' id='line_1_94' title="bbox 1124 903 2126 946; baseline -0.005 -7"><span class='ocrx_word' id='word_1_762' title='bbox 1124 916 1191 939; x_wconf 91' lang='lat' dir='ltr'>tem</span> <span class='ocrx_word' id='word_1_763' title='bbox 1215 904 1349 939; x_wconf 83' lang='lat' dir='ltr'>fimilem</span> <span class='ocrx_word' id='word_1_764' title='bbox 1371 916 1474 939; x_wconf 91' lang='lat' dir='ltr'>unum</span> <span class='ocrx_word' id='word_1_765' title='bbox 1492 926 1502 943; x_wconf 92' lang='lat'>‚</span> <span class='ocrx_word' id='word_1_766' title='bbox 1525 905 1577 939; x_wconf 90' lang='lat' dir='ltr'>sed</span> <span class='ocrx_word' id='word_1_767' title='bbox 1599 904 1764 939; x_wconf 89' lang='lat' dir='ltr'>duriorem</span> <span class='ocrx_word' id='word_1_768' title='bbox 1785 927 1798 945; x_wconf 85' lang='lat'><em>‚</em></span> <span class='ocrx_word' id='word_1_769' title='bbox 1829 903 1999 946; x_wconf 79' lang='lat' dir='ltr'>multoque</span> <span class='ocrx_word' id='word_1_770' title='bbox 2022 910 2126 942; x_wconf 73' lang='lat' dir='ltr'>malo-</span> 
     </span>
     <span class='ocr_line' id='line_1_95' title="bbox 1123 944 2126 992; baseline -0.005 -9"><span class='ocrx_word' id='word_1_771' title='bbox 1123 960 1190 983; x_wconf 89' lang='lat' dir='ltr'>rem</span> <span class='ocrx_word' id='word_1_772' title='bbox 1213 970 1222 986; x_wconf 90' lang='lat'>,</span> <span class='ocrx_word' id='word_1_773' title='bbox 1255 958 1290 982; x_wconf 91' lang='lat' dir='ltr'>ut</span> <span class='ocrx_word' id='word_1_774' title='bbox 1313 947 1401 991; x_wconf 90' lang='lat' dir='ltr'>quod</span> <span class='ocrx_word' id='word_1_775' title='bbox 1424 958 1529 982; x_wconf 84' lang='lat' dir='ltr'>totam</span> <span class='ocrx_word' id='word_1_776' title='bbox 1552 949 1641 982; x_wconf 89' lang='lat' dir='ltr'>illam</span> <span class='ocrx_word' id='word_1_777' title='bbox 1665 946 1762 992; x_wconf 83' lang='lat' dir='ltr'>hujus</span> <span class='ocrx_word' id='word_1_778' title='bbox 1795 946 1922 980; x_wconf 81' lang='lat' dir='ltr'>visceris</span> <span class='ocrx_word' id='word_1_779' title='bbox 1943 944 2126 988; x_wconf 81' lang='lat' dir='ltr'>occupabat</span> 
     </span>
     <span class='ocr_line' id='line_1_96' title="bbox 1125 989 2124 1035; baseline -0.007 -9"><span class='ocrx_word' id='word_1_780' title='bbox 1125 1001 1250 1035; x_wconf 89' lang='lat' dir='ltr'>partem</span> <span class='ocrx_word' id='word_1_781' title='bbox 1282 1004 1344 1035; x_wconf 88' lang='lat' dir='ltr'>qua</span> <span class='ocrx_word' id='word_1_782' title='bbox 1369 991 1407 1025; x_wconf 86' lang='lat' dir='ltr'>ad</span> <span class='ocrx_word' id='word_1_783' title='bbox 1438 992 1635 1026; x_wconf 89' lang='lat' dir='ltr'>Duodenum</span> <span class='ocrx_word' id='word_1_784' title='bbox 1667 991 1859 1026; x_wconf 87' lang='lat' dir='ltr'>intestinum</span> <span class='ocrx_word' id='word_1_785' title='bbox 1888 989 1922 1024; x_wconf 76' lang='lat' dir='ltr'>&#39;se</span> <span class='ocrx_word' id='word_1_786' title='bbox 1946 989 2090 1023; x_wconf 65' lang='lat' dir='ltr'>annectit</span> <span class='ocrx_word' id='word_1_787' title='bbox 2114 1011 2124 1018; x_wconf 80' lang='grc'>.,</span> 
     </span>
     <span class='ocr_line' id='line_1_97' title="bbox 1122 1032 2128 1076; baseline -0.004 -7"><span class='ocrx_word' id='word_1_788' title='bbox 1122 1037 1224 1069; x_wconf 87' lang='lat' dir='ltr'>Renis</span> <span class='ocrx_word' id='word_1_789' title='bbox 1248 1035 1402 1075; x_wconf 87' lang='lat' dir='ltr'>alterius;</span> <span class='ocrx_word' id='word_1_790' title='bbox 1422 1046 1497 1068; x_wconf 87' lang='lat' dir='ltr'>nam</span> <span class='ocrx_word' id='word_1_791' title='bbox 1521 1036 1656 1069; x_wconf 86' lang='lat' dir='ltr'>alterum</span> <span class='ocrx_word' id='word_1_792' title='bbox 1680 1046 1746 1069; x_wconf 90' lang='lat' dir='ltr'>non</span> <span class='ocrx_word' id='word_1_793' title='bbox 1768 1034 1894 1076; x_wconf 87' lang='lat' dir='ltr'>inspexi</span> <span class='ocrx_word' id='word_1_794' title='bbox 1920 1048 1928 1071; x_wconf 90' lang='lat'>;</span> <span class='ocrx_word' id='word_1_795' title='bbox 1964 1032 2128 1067; x_wconf 89' lang='lat' dir='ltr'>membra-</span> 
     </span>
     <span class='ocr_line' id='line_1_98' title="bbox 1123 1075 2129 1121; baseline -0.004 -8"><span class='ocrx_word' id='word_1_796' title='bbox 1123 1091 1164 1113; x_wconf 84' lang='lat' dir='ltr'>na</span> <span class='ocrx_word' id='word_1_797' title='bbox 1188 1079 1318 1121; x_wconf 83' lang='lat' dir='ltr'>propria</span> <span class='ocrx_word' id='word_1_798' title='bbox 1340 1077 1467 1111; x_wconf 84' lang='lat' dir='ltr'>craffior</span> <span class='ocrx_word' id='word_1_799' title='bbox 1491 1077 1573 1112; x_wconf 65' lang='lat' dir='ltr'>faRa</span> <span class='ocrx_word' id='word_1_800' title='bbox 1595 1103 1604 1119; x_wconf 91' lang='lat'>,</span> <span class='ocrx_word' id='word_1_801' title='bbox 1626 1076 1822 1121; x_wconf 84' lang='lat' dir='ltr'>trahentem</span> <span class='ocrx_word' id='word_1_802' title='bbox 1836 1075 1991 1110; x_wconf 83' lang='lat' dir='ltr'>facillime</span> <span class='ocrx_word' id='word_1_803' title='bbox 2015 1076 2129 1118; x_wconf 74' lang='lat' dir='ltr'>seque-</span> 
     </span>
     <span class='ocr_line' id='line_1_99' title="bbox 1123 1119 2128 1164; baseline -0.005 -8"><span class='ocrx_word' id='word_1_804' title='bbox 1123 1125 1239 1157; x_wconf 86' lang='lat' dir='ltr'>batur:</span> <span class='ocrx_word' id='word_1_805' title='bbox 1265 1121 1434 1156; x_wconf 87' lang='lat' dir='ltr'>canaliculi</span> <span class='ocrx_word' id='word_1_806' title='bbox 1458 1132 1590 1164; x_wconf 89' lang='lat' dir='ltr'>quoque</span> <span class='ocrx_word' id='word_1_807' title='bbox 1612 1120 1772 1156; x_wconf 75' lang='lat' dir='ltr'>crassiores</span> <span class='ocrx_word' id='word_1_808' title='bbox 1792 1130 1891 1163; x_wconf 85' lang='lat' dir='ltr'>quam</span> <span class='ocrx_word' id='word_1_809' title='bbox 1915 1119 2016 1154; x_wconf 83' lang='lat' dir='ltr'>solent</span> <span class='ocrx_word' id='word_1_810' title='bbox 2037 1141 2050 1158; x_wconf 87' lang='lat'>,</span> <span class='ocrx_word' id='word_1_811' title='bbox 2070 1123 2128 1151; x_wconf 74' lang='lat' dir='ltr'>eo-v</span> 
     </span>
     <span class='ocr_line' id='line_1_100' title="bbox 1123 1161 2127 1209; baseline -0.006 -9"><span class='ocrx_word' id='word_1_812' title='bbox 1123 1178 1185 1209; x_wconf 89' lang='lat' dir='ltr'>que</span> <span class='ocrx_word' id='word_1_813' title='bbox 1219 1165 1323 1199; x_wconf 87' lang='lat' dir='ltr'>multo</span> <span class='ocrx_word' id='word_1_814' title='bbox 1347 1163 1559 1199; x_wconf 83' lang='lat' dir='ltr'>evidentiores</span> <span class='ocrx_word' id='word_1_815' title='bbox 1581 1188 1589 1197; x_wconf 88' lang='lat'>.</span> <span class='ocrx_word' id='word_1_816' title='bbox 1625 1164 1752 1198; x_wconf 88' lang='lat' dir='ltr'>Uterus</span> <span class='ocrx_word' id='word_1_817' title='bbox 1775 1163 1911 1197; x_wconf 87' lang='lat' dir='ltr'>interius</span> <span class='ocrx_word' id='word_1_818' title='bbox 1943 1173 2009 1196; x_wconf 89' lang='lat' dir='ltr'>non</span> <span class='ocrx_word' id='word_1_819' title='bbox 2042 1161 2127 1195; x_wconf 86' lang='lat' dir='ltr'>male</span> 
     </span>
     <span class='ocr_line' id='line_1_101' title="bbox 1126 1205 2127 1247; baseline -0.005 -4"><span class='ocrx_word' id='word_1_820' title='bbox 1126 1209 1265 1243; x_wconf 86' lang='lat' dir='ltr'>habebat</span> <span class='ocrx_word' id='word_1_821' title='bbox 1284 1233 1291 1241; x_wconf 91' lang='lat'>.</span> <span class='ocrx_word' id='word_1_822' title='bbox 1325 1207 1386 1241; x_wconf 89' lang='lat' dir='ltr'>Sed</span> <span class='ocrx_word' id='word_1_823' title='bbox 1409 1209 1549 1242; x_wconf 83' lang='lat' dir='ltr'>exterius</span> <span class='ocrx_word' id='word_1_824' title='bbox 1581 1208 1682 1242; x_wconf 88' lang='lat' dir='ltr'>altero</span> <span class='ocrx_word' id='word_1_825' title='bbox 1714 1208 1748 1241; x_wconf 93' lang='lat' dir='ltr'>in</span> <span class='ocrx_word' id='word_1_826' title='bbox 1781 1208 1878 1240; x_wconf 89' lang='lat' dir='ltr'>latere</span> <span class='ocrx_word' id='word_1_827' title='bbox 1912 1205 2127 1247; x_wconf 87' lang='lat' dir='ltr'>conspicuam</span> 
     </span>
     <span class='ocr_line' id='line_1_102' title="bbox 1125 1250 2130 1296; baseline -0.006 -10"><span class='ocrx_word' id='word_1_828' title='bbox 1125 1252 1215 1296; x_wconf 89' lang='lat' dir='ltr'>quasi</span> <span class='ocrx_word' id='word_1_829' title='bbox 1240 1264 1279 1286; x_wconf 88' lang='lat' dir='ltr'>ex</span> <span class='ocrx_word' id='word_1_830' title='bbox 1302 1251 1431 1285; x_wconf 89' lang='lat' dir='ltr'>vulnere</span> <span class='ocrx_word' id='word_1_831' title='bbox 1454 1252 1640 1286; x_wconf 88' lang='lat' dir='ltr'>cicatricem</span> <span class='ocrx_word' id='word_1_832' title='bbox 1663 1250 1870 1290; x_wconf 78' lang='lat' dir='ltr'>ostendebat,</span> <span class='ocrx_word' id='word_1_833' title='bbox 1893 1261 1968 1284; x_wconf 83' lang='lat' dir='ltr'>cum</span> <span class='ocrx_word' id='word_1_834' title='bbox 1990 1250 2023 1281; x_wconf 91' lang='lat' dir='ltr'>in</span> <span class='ocrx_word' id='word_1_835' title='bbox 2048 1259 2130 1281; x_wconf 89' lang='lat' dir='ltr'>ven-</span> 
     </span>
     <span class='ocr_line' id='line_1_103' title="bbox 1126 1290 2128 1335; baseline -0.004 -6"><span class='ocrx_word' id='word_1_836' title='bbox 1126 1298 1186 1330; x_wconf 88' lang='lat' dir='ltr'>tris</span> <span class='ocrx_word' id='word_1_837' title='bbox 1208 1305 1282 1330; x_wconf 90' lang='lat' dir='ltr'>cute</span> <span class='ocrx_word' id='word_1_838' title='bbox 1304 1295 1392 1329; x_wconf 89' lang='lat' dir='ltr'>nulla</span> <span class='ocrx_word' id='word_1_839' title='bbox 1416 1292 1493 1328; x_wconf 82' lang='lat' dir='ltr'>esset</span> <span class='ocrx_word' id='word_1_840' title='bbox 1515 1308 1522 1328; x_wconf 89' lang='grc'>;</span> <span class='ocrx_word' id='word_1_841' title='bbox 1556 1296 1590 1328; x_wconf 90' lang='lat' dir='ltr'>in</span> <span class='ocrx_word' id='word_1_842' title='bbox 1612 1295 1711 1329; x_wconf 91' lang='lat' dir='ltr'>latere</span> <span class='ocrx_word' id='word_1_843' title='bbox 1736 1303 1844 1328; x_wconf 86' lang='lat' dir='ltr'>autem</span> <span class='ocrx_word' id='word_1_844' title='bbox 1868 1292 2018 1335; x_wconf 80' lang='lat' dir='ltr'>opposito</span> <span class='ocrx_word' id='word_1_845' title='bbox 2040 1290 2128 1326; x_wconf 76' lang='lat' dir='ltr'>haud!</span> 
     </span>
     <span class='ocr_line' id='line_1_104' title="bbox 1119 1335 2132 1383; baseline -0.004 -10"><span class='ocrx_word' id='word_1_846' title='bbox 1119 1340 1233 1383; x_wconf 90' lang='lat' dir='ltr'>procul</span> <span class='ocrx_word' id='word_1_847' title='bbox 1257 1351 1273 1374; x_wconf 86' lang='lat' dir='ltr'>a</span> <span class='ocrx_word' id='word_1_848' title='bbox 1295 1339 1419 1373; x_wconf 89' lang='lat' dir='ltr'>cervice</span> <span class='ocrx_word' id='word_1_849' title='bbox 1453 1339 1487 1371; x_wconf 88' lang='lat' dir='ltr'>in</span> <span class='ocrx_word' id='word_1_850' title='bbox 1514 1337 1752 1373; x_wconf 86' lang='lat' dir='ltr'>subrotundum</span> <span class='ocrx_word' id='word_1_851' title='bbox 1773 1346 1937 1371; x_wconf 87' lang='lat' dir='ltr'>tumorem</span> <span class='ocrx_word' id='word_1_852' title='bbox 1971 1335 2132 1377; x_wconf 76' lang='lat' dir='ltr'>protube-</span> 
     </span>
     <span class='ocr_line' id='line_1_105' title="bbox 1119 1379 2133 1425; baseline -0.005 -8"><span class='ocrx_word' id='word_1_853' title='bbox 1119 1383 1213 1418; x_wconf 87' lang='lat' dir='ltr'>rabat</span> <span class='ocrx_word' id='word_1_854' title='bbox 1240 1408 1249 1423; x_wconf 94' lang='lat'>,</span> <span class='ocrx_word' id='word_1_855' title='bbox 1281 1384 1338 1425; x_wconf 90' lang='lat' dir='ltr'>qui</span> <span class='ocrx_word' id='word_1_856' title='bbox 1362 1393 1437 1416; x_wconf 90' lang='lat' dir='ltr'>curn</span> <span class='ocrx_word' id='word_1_857' title='bbox 1460 1381 1607 1424; x_wconf 63' lang='lat' dir='ltr'>subjecto</span> <span class='ocrx_word' id='word_1_858' title='bbox 1639 1381 1734 1416; x_wconf 87' lang='lat' dir='ltr'>fundi</span> <span class='ocrx_word' id='word_1_859' title='bbox 1759 1383 1902 1421; x_wconf 83' lang='lat' dir='ltr'>pariete,</span> <span class='ocrx_word' id='word_1_860' title='bbox 1926 1379 2033 1423; x_wconf 88' lang='lat' dir='ltr'>ipsum</span> <span class='ocrx_word' id='word_1_861' title='bbox 2058 1390 2133 1413; x_wconf 81' lang='lat' dir='ltr'>ma-</span> 
     </span>
     <span class='ocr_line' id='line_1_106' title="bbox 1120 1422 2130 1469; baseline -0.004 -9"><span class='ocrx_word' id='word_1_862' title='bbox 1120 1439 1184 1469; x_wconf 86' lang='lat' dir='ltr'>gna</span> <span class='ocrx_word' id='word_1_863' title='bbox 1208 1438 1247 1460; x_wconf 88' lang='lat' dir='ltr'>ex</span> <span class='ocrx_word' id='word_1_864' title='bbox 1269 1436 1361 1469; x_wconf 87' lang='lat' dir='ltr'>parte</span> <span class='ocrx_word' id='word_1_865' title='bbox 1382 1425 1595 1460; x_wconf 87' lang='lat' dir='ltr'>concludente</span> <span class='ocrx_word' id='word_1_866' title='bbox 1614 1447 1624 1464; x_wconf 85' lang='lat'>‚</span> <span class='ocrx_word' id='word_1_867' title='bbox 1658 1424 1826 1464; x_wconf 77' lang='lat' dir='ltr'>discissus,</span> <span class='ocrx_word' id='word_1_868' title='bbox 1849 1422 2054 1457; x_wconf 85' lang='lat' dir='ltr'>substantiam</span> <span class='ocrx_word' id='word_1_869' title='bbox 2077 1433 2130 1456; x_wconf 71' lang='lat' dir='ltr'>ex-</span> 
     </span>
     <span class='ocr_line' id='line_1_107' title="bbox 1121 1467 2128 1512; baseline -0.005 -8"><span class='ocrx_word' id='word_1_870' title='bbox 1121 1471 1233 1504; x_wconf 90' lang='lat' dir='ltr'>hibuit</span> <span class='ocrx_word' id='word_1_871' title='bbox 1257 1482 1295 1504; x_wconf 88' lang='lat' dir='ltr'>ex</span> <span class='ocrx_word' id='word_1_872' title='bbox 1319 1469 1418 1503; x_wconf 91' lang='lat' dir='ltr'>rubro</span> <span class='ocrx_word' id='word_1_873' title='bbox 1440 1468 1577 1503; x_wconf 84' lang='lat' dir='ltr'>lividam</span> <span class='ocrx_word' id='word_1_874' title='bbox 1601 1491 1610 1506; x_wconf 90' lang='lat'><em>‚</em></span> <span class='ocrx_word' id='word_1_875' title='bbox 1634 1479 1737 1512; x_wconf 86' lang='lat' dir='ltr'>neque</span> <span class='ocrx_word' id='word_1_876' title='bbox 1759 1478 1865 1502; x_wconf 84' lang='lat' dir='ltr'>tamen</span> <span class='ocrx_word' id='word_1_877' title='bbox 1889 1467 2015 1511; x_wconf 87' lang='lat' dir='ltr'>reliqua</span> <span class='ocrx_word' id='word_1_878' title='bbox 2038 1467 2128 1500; x_wconf 82' lang='lat' dir='ltr'>uteri</span> 
     </span>
     <span class='ocr_line' id='line_1_108' title="bbox 1120 1509 2133 1554; baseline -0.005 -7"><span class='ocrx_word' id='word_1_879' title='bbox 1120 1514 1306 1549; x_wconf 88' lang='lat' dir='ltr'>duriorem.</span> <span class='ocrx_word' id='word_1_880' title='bbox 1329 1513 1369 1546; x_wconf 90' lang='lat' dir='ltr'>In</span> <span class='ocrx_word' id='word_1_881' title='bbox 1392 1511 1524 1546; x_wconf 89' lang='lat' dir='ltr'>testibus</span> <span class='ocrx_word' id='word_1_882' title='bbox 1546 1511 1655 1546; x_wconf 87' lang='lat' dir='ltr'>vesicae</span> <span class='ocrx_word' id='word_1_883' title='bbox 1677 1510 1783 1546; x_wconf 83' lang='lat' dir='ltr'>crassae</span> <span class='ocrx_word' id='word_1_884' title='bbox 1802 1534 1812 1549; x_wconf 92' lang='lat'>,</span> <span class='ocrx_word' id='word_1_885' title='bbox 1846 1509 1926 1544; x_wconf 83' lang='lat' dir='ltr'>albae</span> <span class='ocrx_word' id='word_1_886' title='bbox 1947 1535 1957 1550; x_wconf 94' lang='lat'>‚</span> <span class='ocrx_word' id='word_1_887' title='bbox 1990 1520 2133 1554; x_wconf 83' lang='lat' dir='ltr'>quarum</span> 
     </span>
     <span class='ocr_line' id='line_1_109' title="bbox 1123 1552 2132 1597; baseline -0.005 -6"><span class='ocrx_word' id='word_1_888' title='bbox 1123 1559 1157 1591; x_wconf 93' lang='lat' dir='ltr'>in</span> <span class='ocrx_word' id='word_1_889' title='bbox 1179 1568 1275 1592; x_wconf 83' lang='lat' dir='ltr'>cavea</span> <span class='ocrx_word' id='word_1_890' title='bbox 1297 1556 1380 1591; x_wconf 83' lang='lat' dir='ltr'>nihil</span> <span class='ocrx_word' id='word_1_891' title='bbox 1405 1564 1496 1590; x_wconf 88' lang='lat' dir='ltr'>erat:</span> <span class='ocrx_word' id='word_1_892' title='bbox 1521 1556 1626 1590; x_wconf 88' lang='lat' dir='ltr'>multo</span> <span class='ocrx_word' id='word_1_893' title='bbox 1651 1554 1753 1597; x_wconf 83' lang='lat' dir='ltr'>major</span> <span class='ocrx_word' id='word_1_894' title='bbox 1776 1566 1840 1588; x_wconf 90' lang='lat' dir='ltr'>una</span> <span class='ocrx_word' id='word_1_895' title='bbox 1865 1552 2022 1596; x_wconf 83' lang='lat' dir='ltr'>aquosum</span> <span class='ocrx_word' id='word_1_896' title='bbox 2047 1563 2132 1586; x_wconf 60' lang='lat' dir='ltr'>cono</span> 
     </span>
     <span class='ocr_line' id='line_1_110' title="bbox 1122 1595 2130 1673; baseline -0.006 -38"><span class='ocrx_word' id='word_1_897' title='bbox 1122 1602 1247 1635; x_wconf 88' lang='lat' dir='ltr'>tinebat</span> <span class='ocrx_word' id='word_1_898' title='bbox 1271 1600 1442 1635; x_wconf 84' lang='lat' dir='ltr'>humorem</span> <span class='ocrx_word' id='word_1_899' title='bbox 1457 1624 1466 1632; x_wconf 92' lang='lat'>.</span> <span class='ocrx_word' id='word_1_900' title='bbox 1599 1597 1738 1634; x_wconf 88' lang='lat' dir='ltr'>Thorax</span> <span class='ocrx_word' id='word_1_901' title='bbox 1764 1597 1876 1633; x_wconf 78' lang='lat' dir='ltr'>sanus,</span> <span class='ocrx_word' id='word_1_902' title='bbox 1899 1596 1957 1631; x_wconf 87' lang='lat' dir='ltr'>nisi</span> <span class='ocrx_word' id='word_1_903' title='bbox 1981 1595 2130 1673; x_wconf 49' lang='lat' dir='ltr'>quodeefi.</span> 
     </span>
    </p>

    <p class='ocr_par' dir='ltr' id='par_1_12' title="bbox 1119 1652 2132 1766">
     <span class='ocr_line' id='line_1_111' title="bbox 2092 1652 2132 1674; baseline 0 -6"><span class='ocrx_word' id='word_1_904' title='bbox 2092 1652 2132 1674; x_wconf 58' lang='lat' dir='ltr'>e„</span> 
     </span>
     <span class='ocr_line' id='line_1_112' title="bbox 1119 1682 2132 1730; baseline -0.003 -9"><span class='ocrx_word' id='word_1_905' title='bbox 1119 1688 1248 1722; x_wconf 74' lang='lat' dir='ltr'>februm</span> <span class='ocrx_word' id='word_1_906' title='bbox 1273 1687 1401 1730; x_wconf 82' lang='lat' dir='ltr'>egregie</span> <span class='ocrx_word' id='word_1_907' title='bbox 1424 1686 1660 1724; x_wconf 83' lang='lat' dir='ltr'>constitutum,</span> <span class='ocrx_word' id='word_1_908' title='bbox 1684 1688 1717 1720; x_wconf 88' lang='lat'>&amp;</span> <span class='ocrx_word' id='word_1_909' title='bbox 1739 1684 1872 1720; x_wconf 87' lang='lat' dir='ltr'>firmum</span> <span class='ocrx_word' id='word_1_910' title='bbox 1895 1695 1937 1719; x_wconf 89' lang='lat' dir='ltr'>ne</span> <span class='ocrx_word' id='word_1_911' title='bbox 1956 1682 2039 1720; x_wconf 88' lang='lat' dir='ltr'>hanc</span> <span class='ocrx_word' id='word_1_912' title='bbox 2053 1685 2132 1727; x_wconf 76' lang='lat' dir='ltr'>qui-</span> 
     </span>
     <span class='ocr_line' id='line_1_113' title="bbox 1119 1731 1354 1766; baseline -0.013 0"><span class='ocrx_word' id='word_1_913' title='bbox 1119 1731 1193 1766; x_wconf 85' lang='lat' dir='ltr'>dem</span> <span class='ocrx_word' id='word_1_914' title='bbox 1216 1732 1332 1766; x_wconf 88' lang='lat' dir='ltr'>habuit</span> <span class='ocrx_word' id='word_1_915' title='bbox 1346 1755 1354 1763; x_wconf 94' lang='lat'>.</span> 
     </span>
    </p>

    <p class='ocr_par' dir='ltr' id='par_1_13' title="bbox 1107 1772 2136 3631">
     <span class='ocr_line' id='line_1_114' title="bbox 1163 1772 2131 1816; baseline -0.003 -7"><span class='ocrx_word' id='word_1_916' title='bbox 1163 1787 1214 1816; x_wconf 84' lang='lat'>29-</span> <span class='ocrx_word' id='word_1_917' title='bbox 1239 1776 1320 1808; x_wconf 90' lang='lat' dir='ltr'>Satis</span> <span class='ocrx_word' id='word_1_918' title='bbox 1343 1782 1411 1808; x_wconf 88' lang='lat' dir='ltr'>erat</span> <span class='ocrx_word' id='word_1_919' title='bbox 1445 1772 1613 1807; x_wconf 85' lang='lat' dir='ltr'>causarum</span> <span class='ocrx_word' id='word_1_920' title='bbox 1636 1785 1647 1813; x_wconf 71' lang='grc' dir='ltr'>ς</span> <span class='ocrx_word' id='word_1_921' title='bbox 1684 1781 1721 1806; x_wconf 91' lang='lat' dir='ltr'>ut</span> <span class='ocrx_word' id='word_1_922' title='bbox 1744 1781 1861 1806; x_wconf 83' lang='lat' dir='ltr'>caetera</span> <span class='ocrx_word' id='word_1_923' title='bbox 1884 1782 1968 1805; x_wconf 88' lang='lat' dir='ltr'>nunc</span> <span class='ocrx_word' id='word_1_924' title='bbox 1990 1773 2131 1807; x_wconf 54' lang='lat' dir='ltr'>omittan</span> 
     </span>
     <span class='ocr_line' id='line_1_115' title="bbox 1121 1814 2127 1861; baseline -0.004 -8"><span class='ocrx_word' id='word_1_925' title='bbox 1121 1830 1215 1858; x_wconf 84' lang='lat' dir='ltr'>mus;</span> <span class='ocrx_word' id='word_1_926' title='bbox 1239 1820 1273 1852; x_wconf 92' lang='lat' dir='ltr'>in</span> <span class='ocrx_word' id='word_1_927' title='bbox 1297 1826 1491 1861; x_wconf 85' lang='lat' dir='ltr'>pancreate‚</span> <span class='ocrx_word' id='word_1_928' title='bbox 1514 1819 1545 1849; x_wconf 86' lang='lat'><strong>&amp;</strong></span> <span class='ocrx_word' id='word_1_929' title='bbox 1569 1815 1710 1858; x_wconf 72' lang='lat' dir='ltr'>jecinore</span> <span class='ocrx_word' id='word_1_930' title='bbox 1735 1840 1743 1854; x_wconf 87' lang='lat'>,</span> <span class='ocrx_word' id='word_1_931' title='bbox 1777 1825 1848 1852; x_wconf 89' lang='lat' dir='ltr'>tum</span> <span class='ocrx_word' id='word_1_932' title='bbox 1870 1824 1907 1850; x_wconf 90' lang='lat' dir='ltr'>ut</span> <span class='ocrx_word' id='word_1_933' title='bbox 1930 1814 2071 1859; x_wconf 70' lang='lat' dir='ltr'>(hylus,</span> <span class='ocrx_word' id='word_1_934' title='bbox 2093 1818 2127 1850; x_wconf 70' lang='grc' dir='ltr'>δε</span> 
     </span>
     <span class='ocr_line' id='line_1_116' title="bbox 1121 1858 2136 1905; baseline 0 -10"><span class='ocrx_word' id='word_1_935' title='bbox 1121 1862 1247 1905; x_wconf 82' lang='lat' dir='ltr'>sanguis</span> <span class='ocrx_word' id='word_1_936' title='bbox 1279 1863 1414 1895; x_wconf 83' lang='lat' dir='ltr'>minime</span> <span class='ocrx_word' id='word_1_937' title='bbox 1445 1872 1484 1893; x_wconf 86' lang='lat' dir='ltr'>cx</span> <span class='ocrx_word' id='word_1_938' title='bbox 1518 1869 1642 1895; x_wconf 79' lang='lat' dir='ltr'>naturae</span> <span class='ocrx_word' id='word_1_939' title='bbox 1680 1858 1831 1894; x_wconf 86' lang='lat' dir='ltr'>instituto</span> <span class='ocrx_word' id='word_1_940' title='bbox 1862 1859 2099 1897; x_wconf 84' lang='lat' dir='ltr'>conficerentur</span> <span class='ocrx_word' id='word_1_941' title='bbox 2119 1884 2136 1900; x_wconf 56' lang='lat' dir='ltr'><em>r</em></span> 
     </span>
     <span class='ocr_line' id='line_1_117' title="bbox 1119 1903 2132 1949; baseline -0.002 -9"><span class='ocrx_word' id='word_1_942' title='bbox 1119 1915 1191 1940; x_wconf 90' lang='lat' dir='ltr'>tum</span> <span class='ocrx_word' id='word_1_943' title='bbox 1214 1915 1251 1940; x_wconf 88' lang='lat' dir='ltr'>ut</span> <span class='ocrx_word' id='word_1_944' title='bbox 1275 1904 1421 1949; x_wconf 86' lang='lat' dir='ltr'>lymphae</span> <span class='ocrx_word' id='word_1_945' title='bbox 1439 1925 1449 1942; x_wconf 89' lang='lat'>,</span> <span class='ocrx_word' id='word_1_946' title='bbox 1483 1906 1513 1937; x_wconf 90' lang='lat'>&amp;</span> <span class='ocrx_word' id='word_1_947' title='bbox 1536 1903 1705 1947; x_wconf 73' lang='lat' dir='ltr'>sanguinis-</span> <span class='ocrx_word' id='word_1_948' title='bbox 1725 1912 1834 1938; x_wconf 85' lang='lat' dir='ltr'>motus</span> <span class='ocrx_word' id='word_1_949' title='bbox 1866 1904 1900 1936; x_wconf 90' lang='lat' dir='ltr'>in</span> <span class='ocrx_word' id='word_1_950' title='bbox 1924 1914 2035 1939; x_wconf 87' lang='lat' dir='ltr'>ventre</span> <span class='ocrx_word' id='word_1_951' title='bbox 2059 1914 2132 1938; x_wconf 82' lang='lat' dir='ltr'>tar-</span> 
     </span>
     <span class='ocr_line' id='line_1_118' title="bbox 1119 1947 2130 1991; baseline -0.001 -9"><span class='ocrx_word' id='word_1_952' title='bbox 1119 1950 1271 1983; x_wconf 87' lang='lat' dir='ltr'>daretur.</span> <span class='ocrx_word' id='word_1_953' title='bbox 1406 1948 1501 1981; x_wconf 83' lang='lat' dir='ltr'>Forte</span> <span class='ocrx_word' id='word_1_954' title='bbox 1526 1948 1644 1981; x_wconf 90' lang='lat' dir='ltr'>accidit</span> <span class='ocrx_word' id='word_1_955' title='bbox 1668 1969 1680 1986; x_wconf 83' lang='lat'>,</span> <span class='ocrx_word' id='word_1_956' title='bbox 1704 1955 1740 1980; x_wconf 90' lang='lat' dir='ltr'>ut</span> <span class='ocrx_word' id='word_1_957' title='bbox 1764 1957 1838 1982; x_wconf 86' lang='lat' dir='ltr'>cum</span> <span class='ocrx_word' id='word_1_958' title='bbox 1862 1947 2037 1991; x_wconf 88' lang='lat' dir='ltr'>aliquando</span> <span class='ocrx_word' id='word_1_959' title='bbox 2060 1950 2130 1983; x_wconf 90' lang='lat' dir='ltr'>ani-</span> 
     </span>
     <span class='ocr_line' id='line_1_119' title="bbox 1117 1989 2131 2038; baseline 0.001 -12"><span class='ocrx_word' id='word_1_960' title='bbox 1117 1995 1184 2033; x_wconf 88' lang='lat' dir='ltr'>mi,</span> <span class='ocrx_word' id='word_1_961' title='bbox 1207 1996 1238 2026; x_wconf 89' lang='lat'>&amp;</span> <span class='ocrx_word' id='word_1_962' title='bbox 1250 1991 1430 2026; x_wconf 87' lang='lat' dir='ltr'>studiorum</span> <span class='ocrx_word' id='word_1_963' title='bbox 1454 1989 1546 2025; x_wconf 88' lang='lat' dir='ltr'>causa</span> <span class='ocrx_word' id='word_1_964' title='bbox 1559 1990 1736 2025; x_wconf 84' lang='lat' dir='ltr'>adolescens</span> <span class='ocrx_word' id='word_1_965' title='bbox 1750 1991 1940 2038; x_wconf 68' lang='lat' dir='ltr'>rusticarer,</span> <span class='ocrx_word' id='word_1_966' title='bbox 1964 1993 1998 2026; x_wconf 91' lang='lat' dir='ltr'>in</span> <span class='ocrx_word' id='word_1_967' title='bbox 2012 1994 2131 2027; x_wconf 81' lang='lat' dir='ltr'>ovium-</span> 
     </span>
     <span class='ocr_line' id='line_1_120' title="bbox 1121 2034 2133 2080; baseline -0.005 -10"><span class='ocrx_word' id='word_1_968' title='bbox 1121 2048 1250 2080; x_wconf 86' lang='lat' dir='ltr'>gregem</span> <span class='ocrx_word' id='word_1_969' title='bbox 1273 2035 1470 2074; x_wconf 88' lang='lat' dir='ltr'>inciderem,</span> <span class='ocrx_word' id='word_1_970' title='bbox 1493 2046 1531 2068; x_wconf 84' lang='lat' dir='ltr'>ex</span> <span class='ocrx_word' id='word_1_971' title='bbox 1554 2046 1622 2078; x_wconf 91' lang='lat' dir='ltr'>quo</span> <span class='ocrx_word' id='word_1_972' title='bbox 1644 2034 1789 2068; x_wconf 88' lang='lat' dir='ltr'>laniones</span> <span class='ocrx_word' id='word_1_973' title='bbox 1811 2036 1889 2069; x_wconf 89' lang='lat' dir='ltr'>alias</span> <span class='ocrx_word' id='word_1_974' title='bbox 1912 2035 1993 2077; x_wconf 70' lang='lat' dir='ltr'>justo</span> <span class='ocrx_word' id='word_1_975' title='bbox 2015 2059 2031 2075; x_wconf 48' lang='grc' dir='ltr'><strong><em>γ</em></strong></span> <span class='ocrx_word' id='word_1_976' title='bbox 2049 2037 2133 2071; x_wconf 42' lang='lat' dir='ltr'>aliiae</span> 
     </span>
     <span class='ocr_line' id='line_1_121' title="bbox 1120 2077 2133 2122; baseline 0 -8"><span class='ocrx_word' id='word_1_977' title='bbox 1120 2081 1181 2114; x_wconf 78' lang='lat' dir='ltr'>vili</span> <span class='ocrx_word' id='word_1_978' title='bbox 1206 2081 1313 2122; x_wconf 86' lang='lat' dir='ltr'>pretio</span> <span class='ocrx_word' id='word_1_979' title='bbox 1338 2077 1583 2112; x_wconf 84' lang='lat' dir='ltr'>mercabantur.</span> <span class='ocrx_word' id='word_1_980' title='bbox 1609 2077 1798 2113; x_wconf 89' lang='lat' dir='ltr'>Sciscitanti</span> <span class='ocrx_word' id='word_1_981' title='bbox 1822 2078 1905 2113; x_wconf 87' lang='lat' dir='ltr'>mihi</span> <span class='ocrx_word' id='word_1_982' title='bbox 1930 2079 2133 2115; x_wconf 62' lang='lat' dir='ltr'>discriminis»</span> 
     </span>
     <span class='ocr_line' id='line_1_122' title="bbox 1122 2120 2132 2164; baseline -0.002 -7"><span class='ocrx_word' id='word_1_983' title='bbox 1122 2123 1250 2157; x_wconf 88' lang='lat' dir='ltr'>causam</span> <span class='ocrx_word' id='word_1_984' title='bbox 1265 2148 1273 2162; x_wconf 89' lang='lat'><em>‚</em></span> <span class='ocrx_word' id='word_1_985' title='bbox 1296 2122 1362 2157; x_wconf 87' lang='lat' dir='ltr'>illae</span> <span class='ocrx_word' id='word_1_986' title='bbox 1384 2123 1493 2161; x_wconf 88' lang='lat' dir='ltr'>enim,</span> <span class='ocrx_word' id='word_1_987' title='bbox 1516 2123 1667 2156; x_wconf 85' lang='lat' dir='ltr'>dixerunt</span> <span class='ocrx_word' id='word_1_988' title='bbox 1689 2144 1698 2159; x_wconf 93' lang='lat'>,</span> <span class='ocrx_word' id='word_1_989' title='bbox 1734 2120 1815 2158; x_wconf 75' lang='lat' dir='ltr'>sanae</span> <span class='ocrx_word' id='word_1_990' title='bbox 1840 2120 1914 2156; x_wconf 87' lang='lat' dir='ltr'>sunt</span> <span class='ocrx_word' id='word_1_991' title='bbox 1932 2146 1944 2164; x_wconf 91' lang='lat'>,</span> <span class='ocrx_word' id='word_1_992' title='bbox 1977 2123 2027 2158; x_wconf 77' lang='lat' dir='ltr'>hae</span> <span class='ocrx_word' id='word_1_993' title='bbox 2049 2136 2132 2159; x_wconf 77' lang='lat' dir='ltr'>vero</span> 
     </span>
     <span class='ocr_line' id='line_1_123' title="bbox 1122 2165 2133 2210; baseline 0.003 -11"><span class='ocrx_word' id='word_1_994' title='bbox 1122 2166 1243 2200; x_wconf 85' lang='lat' dir='ltr'>durum</span> <span class='ocrx_word' id='word_1_995' title='bbox 1265 2166 1387 2200; x_wconf 82' lang='lat' dir='ltr'>habent</span> <span class='ocrx_word' id='word_1_996' title='bbox 1413 2165 1524 2209; x_wconf 81' lang='lat' dir='ltr'>jecur,</span> <span class='ocrx_word' id='word_1_997' title='bbox 1546 2169 1577 2200; x_wconf 72' lang='grc' dir='ltr'>δι</span> <span class='ocrx_word' id='word_1_998' title='bbox 1600 2167 1634 2200; x_wconf 91' lang='lat' dir='ltr'>in</span> <span class='ocrx_word' id='word_1_999' title='bbox 1658 2173 1768 2199; x_wconf 89' lang='lat' dir='ltr'>ventre</span> <span class='ocrx_word' id='word_1_1000' title='bbox 1792 2177 1926 2210; x_wconf 89' lang='lat' dir='ltr'>aquam.</span> <span class='ocrx_word' id='word_1_1001' title='bbox 1950 2168 2037 2202; x_wconf 91' lang='lat' dir='ltr'>Cum</span> <span class='ocrx_word' id='word_1_1002' title='bbox 2051 2180 2133 2203; x_wconf 55' lang='lat' dir='ltr'>ven«</span> 
     </span>
     <span class='ocr_line' id='line_1_124' title="bbox 1122 2210 2132 2254; baseline 0.004 -11"><span class='ocrx_word' id='word_1_1003' title='bbox 1122 2219 1172 2243; x_wconf 86' lang='lat' dir='ltr'>ter</span> <span class='ocrx_word' id='word_1_1004' title='bbox 1197 2220 1263 2243; x_wconf 89' lang='lat' dir='ltr'>non</span> <span class='ocrx_word' id='word_1_1005' title='bbox 1285 2210 1336 2244; x_wconf 82' lang='lat' dir='ltr'>his</span> <span class='ocrx_word' id='word_1_1006' title='bbox 1360 2211 1482 2252; x_wconf 89' lang='lat' dir='ltr'>magis,</span> <span class='ocrx_word' id='word_1_1007' title='bbox 1507 2220 1606 2252; x_wconf 86' lang='lat' dir='ltr'>quam</span> <span class='ocrx_word' id='word_1_1008' title='bbox 1627 2210 1694 2243; x_wconf 83' lang='lat' dir='ltr'>illis</span> <span class='ocrx_word' id='word_1_1009' title='bbox 1708 2230 1717 2246; x_wconf 85' lang='lat'>‚</span> <span class='ocrx_word' id='word_1_1010' title='bbox 1740 2219 1903 2248; x_wconf 83' lang='lat' dir='ltr'>tumeret,</span> <span class='ocrx_word' id='word_1_1011' title='bbox 1925 2222 2026 2254; x_wconf 82' lang='lat' dir='ltr'>neque</span> <span class='ocrx_word' id='word_1_1012' title='bbox 2041 2212 2132 2247; x_wconf 64' lang='lat' dir='ltr'>aliud</span> 
     </span>
     <span class='ocr_line' id='line_1_125' title="bbox 1123 2252 2131 2296; baseline 0.006 -11"><span class='ocrx_word' id='word_1_1013' title='bbox 1123 2253 1231 2286; x_wconf 90' lang='lat' dir='ltr'>morbi</span> <span class='ocrx_word' id='word_1_1014' title='bbox 1254 2263 1420 2296; x_wconf 88' lang='lat' dir='ltr'>appareret</span> <span class='ocrx_word' id='word_1_1015' title='bbox 1444 2253 1628 2293; x_wconf 88' lang='lat' dir='ltr'>indicium;</span> <span class='ocrx_word' id='word_1_1016' title='bbox 1650 2264 1731 2287; x_wconf 85' lang='lat' dir='ltr'>vana</span> <span class='ocrx_word' id='word_1_1017' title='bbox 1753 2264 1811 2287; x_wconf 88' lang='lat' dir='ltr'>eos</span> <span class='ocrx_word' id='word_1_1018' title='bbox 1823 2252 1951 2295; x_wconf 88' lang='lat' dir='ltr'>dicere,</span> <span class='ocrx_word' id='word_1_1019' title='bbox 1973 2255 2131 2291; x_wconf 48' lang='lat' dir='ltr'>credidis*</span> 
     </span>
     <span class='ocr_line' id='line_1_126' title="bbox 1123 2294 2136 2340; baseline 0.006 -11"><span class='ocrx_word' id='word_1_1020' title='bbox 1123 2294 1208 2333; x_wconf 87' lang='lat' dir='ltr'>sem,</span> <span class='ocrx_word' id='word_1_1021' title='bbox 1230 2295 1290 2330; x_wconf 87' lang='lat' dir='ltr'>nili</span> <span class='ocrx_word' id='word_1_1022' title='bbox 1314 2295 1413 2330; x_wconf 85' lang='lat' dir='ltr'>fidem</span> <span class='ocrx_word' id='word_1_1023' title='bbox 1435 2295 1578 2330; x_wconf 83' lang='lat' dir='ltr'>fecissent</span> <span class='ocrx_word' id='word_1_1024' title='bbox 1602 2294 1678 2339; x_wconf 89' lang='lat' dir='ltr'>ipsae</span> <span class='ocrx_word' id='word_1_1025' title='bbox 1702 2307 1780 2330; x_wconf 83' lang='lat' dir='ltr'>mox</span> <span class='ocrx_word' id='word_1_1026' title='bbox 1802 2319 1812 2334; x_wconf 91' lang='lat'>,</span> <span class='ocrx_word' id='word_1_1027' title='bbox 1836 2297 2032 2340; x_wconf 67' lang='lat' dir='ltr'>inspectante</span> <span class='ocrx_word' id='word_1_1028' title='bbox 2057 2313 2136 2340; x_wconf 54' lang='lat' dir='ltr'>mey</span> 
     </span>
     <span class='ocr_line' id='line_1_127' title="bbox 1120 2339 2132 2382; baseline 0.008 -10"><span class='ocrx_word' id='word_1_1029' title='bbox 1120 2339 1255 2379; x_wconf 72' lang='lat' dir='ltr'>occisae,</span> <span class='ocrx_word' id='word_1_1030' title='bbox 1279 2342 1311 2373; x_wconf 75' lang='grc' dir='ltr'>δε</span> <span class='ocrx_word' id='word_1_1031' title='bbox 1334 2350 1471 2382; x_wconf 85' lang='lat' dir='ltr'>apertae.</span> <span class='ocrx_word' id='word_1_1032' title='bbox 1497 2340 1597 2382; x_wconf 84' lang='lat' dir='ltr'>Signo</span> <span class='ocrx_word' id='word_1_1033' title='bbox 1620 2349 1728 2374; x_wconf 85' lang='lat' dir='ltr'>autern</span> <span class='ocrx_word' id='word_1_1034' title='bbox 1751 2339 1815 2374; x_wconf 91' lang='lat' dir='ltr'>hoc</span> <span class='ocrx_word' id='word_1_1035' title='bbox 1839 2340 1883 2375; x_wconf 86' lang='lat' dir='ltr'>usi</span> <span class='ocrx_word' id='word_1_1036' title='bbox 1897 2341 2042 2379; x_wconf 87' lang='lat' dir='ltr'>fuerant.</span> <span class='ocrx_word' id='word_1_1037' title='bbox 2066 2345 2132 2379; x_wconf 79' lang='lat' dir='ltr'>Su-</span> 
     </span>
     <span class='ocr_line' id='line_1_128' title="bbox 1119 2383 2130 2432; baseline 0.007 -17"><span class='ocrx_word' id='word_1_1038' title='bbox 1119 2384 1282 2424; x_wconf 88' lang='lat' dir='ltr'>periorem</span> <span class='ocrx_word' id='word_1_1039' title='bbox 1306 2386 1421 2417; x_wconf 90' lang='lat' dir='ltr'>ovium</span> <span class='ocrx_word' id='word_1_1040' title='bbox 1446 2383 1631 2424; x_wconf 86' lang='lat' dir='ltr'>palpebram</span> <span class='ocrx_word' id='word_1_1041' title='bbox 1644 2383 1848 2425; x_wconf 86' lang='lat' dir='ltr'>attollentes,</span> <span class='ocrx_word' id='word_1_1042' title='bbox 1872 2388 1903 2419; x_wconf 78' lang='grc' dir='ltr'>δι</span> <span class='ocrx_word' id='word_1_1043' title='bbox 1927 2398 2039 2422; x_wconf 91' lang='lat' dir='ltr'>eorum</span> <span class='ocrx_word' id='word_1_1044' title='bbox 2052 2400 2130 2432; x_wconf 76' lang='lat' dir='ltr'>quae</span> 
     </span>
     <span class='ocr_line' id='line_1_129' title="bbox 1118 2426 2128 2470; baseline 0.007 -10"><span class='ocrx_word' id='word_1_1045' title='bbox 1118 2426 1193 2460; x_wconf 83' lang='lat' dir='ltr'>sunt</span> <span class='ocrx_word' id='word_1_1046' title='bbox 1215 2427 1314 2460; x_wconf 90' lang='lat' dir='ltr'>oculo</span> <span class='ocrx_word' id='word_1_1047' title='bbox 1335 2426 1572 2468; x_wconf 65' lang='lat' dir='ltr'>circumjecta,</span> <span class='ocrx_word' id='word_1_1048' title='bbox 1594 2426 1737 2460; x_wconf 89' lang='lat' dir='ltr'>colorem</span> <span class='ocrx_word' id='word_1_1049' title='bbox 1749 2427 2059 2470; x_wconf 86' lang='lat' dir='ltr'>animadvertentes,</span> <span class='ocrx_word' id='word_1_1050' title='bbox 2085 2443 2128 2467; x_wconf 82' lang='lat' dir='ltr'>ex</span> 
     </span>
     <span class='ocr_line' id='line_1_130' title="bbox 1116 2468 2128 2515; baseline 0.009 -13"><span class='ocrx_word' id='word_1_1051' title='bbox 1116 2470 1218 2503; x_wconf 91' lang='lat' dir='ltr'>rubro</span> <span class='ocrx_word' id='word_1_1052' title='bbox 1242 2468 1328 2503; x_wconf 89' lang='lat' dir='ltr'>sanas</span> <span class='ocrx_word' id='word_1_1053' title='bbox 1351 2495 1360 2508; x_wconf 89' lang='lat'>,</span> <span class='ocrx_word' id='word_1_1054' title='bbox 1392 2482 1431 2503; x_wconf 87' lang='lat' dir='ltr'>ex</span> <span class='ocrx_word' id='word_1_1055' title='bbox 1455 2470 1566 2503; x_wconf 90' lang='lat' dir='ltr'>albido</span> <span class='ocrx_word' id='word_1_1056' title='bbox 1589 2469 1758 2504; x_wconf 89' lang='lat' dir='ltr'>morbidas</span> <span class='ocrx_word' id='word_1_1057' title='bbox 1780 2473 2024 2509; x_wconf 89' lang='lat' dir='ltr'>internoverant</span> <span class='ocrx_word' id='word_1_1058' title='bbox 2048 2490 2058 2515; x_wconf 68' lang='grc' dir='ltr'><strong>ς</strong></span> <span class='ocrx_word' id='word_1_1059' title='bbox 2083 2477 2128 2512; x_wconf 89' lang='lat' dir='ltr'>sic</span> 
     </span>
     <span class='ocr_line' id='line_1_131' title="bbox 1115 2513 2128 2557; baseline 0.005 -11"><span class='ocrx_word' id='word_1_1060' title='bbox 1115 2514 1276 2554; x_wconf 84' lang='lat' dir='ltr'>quoniam</span> <span class='ocrx_word' id='word_1_1061' title='bbox 1296 2523 1413 2555; x_wconf 88' lang='lat' dir='ltr'>corpus</span> <span class='ocrx_word' id='word_1_1062' title='bbox 1436 2513 1603 2556; x_wconf 89' lang='lat' dir='ltr'>reliquum</span> <span class='ocrx_word' id='word_1_1063' title='bbox 1638 2514 1697 2555; x_wconf 90' lang='lat' dir='ltr'>pili</span> <span class='ocrx_word' id='word_1_1064' title='bbox 1722 2515 1911 2557; x_wconf 88' lang='lat' dir='ltr'>operiebant</span> <span class='ocrx_word' id='word_1_1065' title='bbox 1932 2539 1948 2557; x_wconf 80' lang='lat'><em>‚</em></span> <span class='ocrx_word' id='word_1_1066' title='bbox 1977 2520 2063 2554; x_wconf 84' lang='lat' dir='ltr'>nuda</span> <span class='ocrx_word' id='word_1_1067' title='bbox 2086 2520 2128 2555; x_wconf 76' lang='lat' dir='ltr'>ab</span> 
     </span>
     <span class='ocr_line' id='line_1_132' title="bbox 1114 2553 2127 2600; baseline 0.004 -10"><span class='ocrx_word' id='word_1_1068' title='bbox 1114 2555 1165 2590; x_wconf 88' lang='lat' dir='ltr'>his</span> <span class='ocrx_word' id='word_1_1069' title='bbox 1186 2556 1257 2590; x_wconf 88' lang='lat' dir='ltr'>loca</span> <span class='ocrx_word' id='word_1_1070' title='bbox 1280 2567 1346 2589; x_wconf 88' lang='lat' dir='ltr'>non</span> <span class='ocrx_word' id='word_1_1071' title='bbox 1369 2557 1456 2591; x_wconf 89' lang='lat' dir='ltr'>secus</span> <span class='ocrx_word' id='word_1_1072' title='bbox 1477 2568 1513 2590; x_wconf 87' lang='lat' dir='ltr'>ac</span> <span class='ocrx_word' id='word_1_1073' title='bbox 1536 2555 1661 2590; x_wconf 89' lang='lat' dir='ltr'>Medici</span> <span class='ocrx_word' id='word_1_1074' title='bbox 1683 2553 1801 2591; x_wconf 84' lang='lat' dir='ltr'>faciem</span> <span class='ocrx_word' id='word_1_1075' title='bbox 1828 2558 1953 2599; x_wconf 90' lang='lat' dir='ltr'>solent,</span> <span class='ocrx_word' id='word_1_1076' title='bbox 1978 2573 2127 2600; x_wconf 77' lang='lat' dir='ltr'>contem..</span> 
     </span>
     <span class='ocr_line' id='line_1_133' title="bbox 1114 2600 2129 2644; baseline 0.006 -13"><span class='ocrx_word' id='word_1_1077' title='bbox 1114 2600 1308 2641; x_wconf 86' lang='lat' dir='ltr'>plabantur,</span> <span class='ocrx_word' id='word_1_1078' title='bbox 1332 2600 1430 2643; x_wconf 90' lang='lat' dir='ltr'>idque</span> <span class='ocrx_word' id='word_1_1079' title='bbox 1453 2610 1493 2633; x_wconf 88' lang='lat' dir='ltr'>eo</span> <span class='ocrx_word' id='word_1_1080' title='bbox 1517 2600 1629 2634; x_wconf 87' lang='lat' dir='ltr'>utilius</span> <span class='ocrx_word' id='word_1_1081' title='bbox 1650 2624 1659 2639; x_wconf 94' lang='lat'>,</span> <span class='ocrx_word' id='word_1_1082' title='bbox 1681 2611 1748 2643; x_wconf 91' lang='lat' dir='ltr'>quo</span> <span class='ocrx_word' id='word_1_1083' title='bbox 1771 2602 1863 2644; x_wconf 88' lang='lat' dir='ltr'>plura</span> <span class='ocrx_word' id='word_1_1084' title='bbox 1887 2604 1957 2641; x_wconf 87' lang='lat' dir='ltr'>ibi,</span> <span class='ocrx_word' id='word_1_1085' title='bbox 1993 2611 2024 2642; x_wconf 88' lang='lat'><strong>&amp;</strong></span> <span class='ocrx_word' id='word_1_1086' title='bbox 2047 2621 2129 2643; x_wconf 67' lang='lat' dir='ltr'>con..</span> 
     </span>
     <span class='ocr_line' id='line_1_134' title="bbox 1115 2642 2127 2687; baseline 0.009 -12"><span class='ocrx_word' id='word_1_1087' title='bbox 1115 2642 1271 2684; x_wconf 60' lang='lat' dir='ltr'>spectiora</span> <span class='ocrx_word' id='word_1_1088' title='bbox 1294 2643 1419 2677; x_wconf 86' lang='lat' dir='ltr'>vascula</span> <span class='ocrx_word' id='word_1_1089' title='bbox 1442 2643 1636 2678; x_wconf 88' lang='lat' dir='ltr'>luculentius</span> <span class='ocrx_word' id='word_1_1090' title='bbox 1658 2643 1823 2687; x_wconf 78' lang='lat' dir='ltr'>sanguinis</span> <span class='ocrx_word' id='word_1_1091' title='bbox 1855 2657 2001 2684; x_wconf 87' lang='lat' dir='ltr'>naturam</span> <span class='ocrx_word' id='word_1_1092' title='bbox 2022 2652 2127 2687; x_wconf 86' lang='lat' dir='ltr'>osten-</span> 
     </span>
     <span class='ocr_line' id='line_1_135' title="bbox 1114 2685 2129 2733; baseline 0.01 -14"><span class='ocrx_word' id='word_1_1093' title='bbox 1114 2685 1217 2720; x_wconf 91' lang='lat' dir='ltr'>dunt.</span> <span class='ocrx_word' id='word_1_1094' title='bbox 1240 2686 1322 2720; x_wconf 90' lang='lat' dir='ltr'>Non</span> <span class='ocrx_word' id='word_1_1095' title='bbox 1345 2687 1414 2722; x_wconf 85' lang='lat' dir='ltr'>haec</span> <span class='ocrx_word' id='word_1_1096' title='bbox 1437 2697 1500 2729; x_wconf 89' lang='lat' dir='ltr'>ego</span> <span class='ocrx_word' id='word_1_1097' title='bbox 1520 2698 1682 2721; x_wconf 86' lang='lat' dir='ltr'>narrarem</span> <span class='ocrx_word' id='word_1_1098' title='bbox 1705 2688 1791 2726; x_wconf 86' lang='lat' dir='ltr'>tibi,</span> <span class='ocrx_word' id='word_1_1099' title='bbox 1815 2689 2129 2733; x_wconf 61' lang='lat' dir='ltr'>nisissoerhaaviune</span> 
     </span>
     <span class='ocr_line' id='line_1_136' title="bbox 1115 2730 2125 2778; baseline 0.001 -15"><span class='ocrx_word' id='word_1_1100' title='bbox 1115 2733 1128 2769; x_wconf 85' lang='lat'><strong>(</strong></span> <span class='ocrx_word' id='word_1_1101' title='bbox 1150 2731 1161 2763; x_wconf 78' lang='grc' dir='ltr'>ι’</span> <span class='ocrx_word' id='word_1_1102' title='bbox 1181 2734 1319 2773; x_wconf 79' lang='lat' dir='ltr'>&gt;nuper</span> <span class='ocrx_word' id='word_1_1103' title='bbox 1343 2730 1510 2769; x_wconf 75' lang='lat' dir='ltr'>vidissem,</span> <span class='ocrx_word' id='word_1_1104' title='bbox 1533 2730 1645 2770; x_wconf 89' lang='lat' dir='ltr'>idem,</span> <span class='ocrx_word' id='word_1_1105' title='bbox 1668 2739 1705 2764; x_wconf 91' lang='lat' dir='ltr'>ut</span> <span class='ocrx_word' id='word_1_1106' title='bbox 1726 2733 1867 2772; x_wconf 85' lang='lat' dir='ltr'>opinor,</span> <span class='ocrx_word' id='word_1_1107' title='bbox 1891 2733 2016 2778; x_wconf 75' lang='lat' dir='ltr'>{ignum</span> <span class='ocrx_word' id='word_1_1108' title='bbox 2038 2740 2125 2774; x_wconf 58' lang='lat' dir='ltr'>indi-</span> 
     </span>
     <span class='ocr_line' id='line_1_137' title="bbox 1119 2774 2125 2818; baseline 0.005 -11"><span class='ocrx_word' id='word_1_1109' title='bbox 1119 2783 1247 2808; x_wconf 86' lang='lat' dir='ltr'>cantem</span> <span class='ocrx_word' id='word_1_1110' title='bbox 1267 2795 1276 2810; x_wconf 75' lang='lat'><em>,</em></span> <span class='ocrx_word' id='word_1_1111' title='bbox 1299 2777 1331 2807; x_wconf 75' lang='grc' dir='ltr'>δε</span> <span class='ocrx_word' id='word_1_1112' title='bbox 1354 2774 1472 2808; x_wconf 86' lang='lat' dir='ltr'>diserte</span> <span class='ocrx_word' id='word_1_1113' title='bbox 1498 2786 1514 2807; x_wconf 88' lang='lat' dir='ltr'>a</span> <span class='ocrx_word' id='word_1_1114' title='bbox 1538 2774 1731 2808; x_wconf 86' lang='lat' dir='ltr'>veterinaria</span> <span class='ocrx_word' id='word_1_1115' title='bbox 1758 2775 1922 2811; x_wconf 81' lang='lat' dir='ltr'>Medicina</span> <span class='ocrx_word' id='word_1_1116' title='bbox 1947 2780 1985 2816; x_wconf 79' lang='lat' dir='ltr'>ad</span> <span class='ocrx_word' id='word_1_1117' title='bbox 2008 2779 2125 2818; x_wconf 60' lang='lat' dir='ltr'>huma..</span> 
     </span>
     <span class='ocr_line' id='line_1_138' title="bbox 1119 2816 2125 2862; baseline 0.01 -12"><span class='ocrx_word' id='word_1_1118' title='bbox 1119 2828 1193 2850; x_wconf 85' lang='lat' dir='ltr'>nam</span> <span class='ocrx_word' id='word_1_1119' title='bbox 1218 2817 1441 2852; x_wconf 88' lang='lat' dir='ltr'>traducentem</span> <span class='ocrx_word' id='word_1_1120' title='bbox 1465 2816 1506 2851; x_wconf 90' lang='lat' dir='ltr'>sic</span> <span class='ocrx_word' id='word_1_1121' title='bbox 1530 2827 1567 2851; x_wconf 92' lang='lat' dir='ltr'>ut</span> <span class='ocrx_word' id='word_1_1122' title='bbox 1590 2817 1707 2850; x_wconf 84' lang='lat' dir='ltr'>tunicae</span> <span class='ocrx_word' id='word_1_1123' title='bbox 1729 2816 1875 2856; x_wconf 62' lang='lat' dir='ltr'>adnare,</span> <span class='ocrx_word' id='word_1_1124' title='bbox 1899 2823 2125 2862; x_wconf 69' lang='lat' dir='ltr'>&amp;carunculae</span> 
     </span>
     <span class='ocr_line' id='line_1_139' title="bbox 1113 2859 2122 2909; baseline 0.01 -15"><span class='ocrx_word' id='word_1_1125' title='bbox 1113 2861 1200 2894; x_wconf 90' lang='lat' dir='ltr'>oculi</span> <span class='ocrx_word' id='word_1_1126' title='bbox 1226 2861 1347 2902; x_wconf 90' lang='lat' dir='ltr'>pallido</span> <span class='ocrx_word' id='word_1_1127' title='bbox 1369 2861 1479 2894; x_wconf 87' lang='lat' dir='ltr'>colore</span> <span class='ocrx_word' id='word_1_1128' title='bbox 1497 2859 1670 2903; x_wconf 75' lang='lat' dir='ltr'>significari</span> <span class='ocrx_word' id='word_1_1129' title='bbox 1680 2882 1689 2897; x_wconf 85' lang='lat'>‚</span> <span class='ocrx_word' id='word_1_1130' title='bbox 1714 2860 1854 2901; x_wconf 76' lang='lat' dir='ltr'>doceat,</span> <span class='ocrx_word' id='word_1_1131' title='bbox 1873 2867 2016 2909; x_wconf 85' lang='lat' dir='ltr'>aquosam</span> <span class='ocrx_word' id='word_1_1132' title='bbox 2036 2882 2122 2905; x_wconf 80' lang='lat' dir='ltr'>caco-</span> 
     </span>
     <span class='ocr_line' id='line_1_140' title="bbox 1113 2902 2131 2950; baseline 0.01 -14"><span class='ocrx_word' id='word_1_1133' title='bbox 1113 2903 1289 2947; x_wconf 83' lang='lat' dir='ltr'>chymiam,</span> <span class='ocrx_word' id='word_1_1134' title='bbox 1310 2907 1342 2937; x_wconf 85' lang='lat'><strong>&amp;</strong></span> <span class='ocrx_word' id='word_1_1135' title='bbox 1367 2915 1442 2939; x_wconf 89' lang='lat' dir='ltr'>cum</span> <span class='ocrx_word' id='word_1_1136' title='bbox 1460 2903 1642 2946; x_wconf 78' lang='lat' dir='ltr'>sanguinem</span> <span class='ocrx_word' id='word_1_1137' title='bbox 1666 2902 1794 2937; x_wconf 84' lang='lat' dir='ltr'>rubrum</span> <span class='ocrx_word' id='word_1_1138' title='bbox 1816 2905 1940 2948; x_wconf 83' lang='lat' dir='ltr'>deficere</span> <span class='ocrx_word' id='word_1_1139' title='bbox 1963 2935 1971 2949; x_wconf 96' lang='lat'><em>‚</em></span> <span class='ocrx_word' id='word_1_1140' title='bbox 1996 2922 2036 2945; x_wconf 85' lang='lat' dir='ltr'>ex</span> <span class='ocrx_word' id='word_1_1141' title='bbox 2058 2914 2131 2950; x_wconf 76' lang='lat' dir='ltr'>illo·</span> 
     </span>
     <span class='ocr_line' id='line_1_141' title="bbox 1113 2945 2120 3000; baseline 0.007 -19"><span class='ocrx_word' id='word_1_1142' title='bbox 1113 2947 1205 2988; x_wconf 81' lang='lat' dir='ltr'>signo</span> <span class='ocrx_word' id='word_1_1143' title='bbox 1228 2948 1482 2989; x_wconf 50' lang='lat' dir='ltr'>cognoscimuffi</span> <span class='ocrx_word' id='word_1_1144' title='bbox 1501 2945 1596 2991; x_wconf 68' lang='lat' dir='ltr'>adeffe</span> <span class='ocrx_word' id='word_1_1145' title='bbox 1617 2945 1701 2979; x_wconf 71' lang='lat' dir='ltr'>vitia</span> <span class='ocrx_word' id='word_1_1146' title='bbox 1724 2948 1826 2980; x_wconf 84' lang='lat' dir='ltr'>omnia</span> <span class='ocrx_word' id='word_1_1147' title='bbox 1849 2952 2015 2991; x_wconf 50' lang='lat' dir='ltr'>quae&lt;hunc</span> <span class='ocrx_word' id='word_1_1148' title='bbox 2035 2955 2120 3000; x_wconf 75' lang='lat' dir='ltr'>dese.</span> 
     </span>
     <span class='ocr_line' id='line_1_142' title="bbox 1113 2988 2126 3041; baseline 0.011 -18"><span class='ocrx_word' id='word_1_1149' title='bbox 1113 2989 1197 3023; x_wconf 61' lang='lat' dir='ltr'>&amp;um</span> <span class='ocrx_word' id='word_1_1150' title='bbox 1214 2990 1389 3032; x_wconf 81' lang='lat' dir='ltr'>sequuntur</span> <span class='ocrx_word' id='word_1_1151' title='bbox 1408 3015 1416 3024; x_wconf 89' lang='lat'>.</span> <span class='ocrx_word' id='word_1_1152' title='bbox 1451 2991 1555 3032; x_wconf 84' lang='lat' dir='ltr'>Certe</span> <span class='ocrx_word' id='word_1_1153' title='bbox 1575 2989 1665 3030; x_wconf 87' lang='lat' dir='ltr'>plura</span> <span class='ocrx_word' id='word_1_1154' title='bbox 1690 2988 1807 3025; x_wconf 82' lang='lat' dir='ltr'>horum</span> <span class='ocrx_word' id='word_1_1155' title='bbox 1832 2993 1931 3028; x_wconf 77' lang='lat' dir='ltr'>adesse</span> <span class='ocrx_word' id='word_1_1156' title='bbox 1954 2997 2084 3040; x_wconf 88' lang='lat' dir='ltr'>possunt</span> <span class='ocrx_word' id='word_1_1157' title='bbox 2109 3023 2126 3041; x_wconf 50' lang='lat' dir='ltr'>,a</span> 
     </span>
     <span class='ocr_line' id='line_1_143' title="bbox 1112 3032 2123 3086; baseline 0.009 -19"><span class='ocrx_word' id='word_1_1158' title='bbox 1112 3042 1166 3067; x_wconf 84' lang='lat' dir='ltr'>aut</span> <span class='ocrx_word' id='word_1_1159' title='bbox 1189 3044 1257 3067; x_wconf 79' lang='lat' dir='ltr'>non</span> <span class='ocrx_word' id='word_1_1160' title='bbox 1277 3033 1382 3067; x_wconf 80' lang='lat' dir='ltr'>multo</span> <span class='ocrx_word' id='word_1_1161' title='bbox 1405 3033 1476 3076; x_wconf 82' lang='lat' dir='ltr'>post</span> <span class='ocrx_word' id='word_1_1162' title='bbox 1500 3032 1675 3076; x_wconf 86' lang='lat' dir='ltr'>consequi.</span> <span class='ocrx_word' id='word_1_1163' title='bbox 1700 3034 1752 3068; x_wconf 81' lang='lat' dir='ltr'>Sic</span> <span class='ocrx_word' id='word_1_1164' title='bbox 1774 3035 1858 3069; x_wconf 88' lang='lat' dir='ltr'>inter</span> <span class='ocrx_word' id='word_1_1165' title='bbox 1880 3049 1931 3073; x_wconf 89' lang='lat' dir='ltr'>eas</span> <span class='ocrx_word' id='word_1_1166' title='bbox 1954 3053 2029 3076; x_wconf 88' lang='lat' dir='ltr'>oves</span> <span class='ocrx_word' id='word_1_1167' title='bbox 2040 3055 2123 3086; x_wconf 67' lang='lat' dir='ltr'>quas,</span> 
     </span>
     <span class='ocr_line' id='line_1_144' title="bbox 1112 3075 2118 3127; baseline 0.012 -17"><span class='ocrx_word' id='word_1_1168' title='bbox 1112 3088 1130 3110; x_wconf 88' lang='lat' dir='ltr'>a</span> <span class='ocrx_word' id='word_1_1169' title='bbox 1154 3088 1203 3111; x_wconf 86' lang='lat' dir='ltr'>me</span> <span class='ocrx_word' id='word_1_1170' title='bbox 1225 3089 1263 3110; x_wconf 88' lang='lat' dir='ltr'>eo</span> <span class='ocrx_word' id='word_1_1171' title='bbox 1285 3087 1432 3118; x_wconf 86' lang='lat' dir='ltr'>tempore</span> <span class='ocrx_word' id='word_1_1172' title='bbox 1455 3075 1608 3121; x_wconf 53' lang='lat' dir='ltr'>inspectas</span> <span class='ocrx_word' id='word_1_1173' title='bbox 1630 3075 1724 3116; x_wconf 87' lang='lat' dir='ltr'>dixi,</span> <span class='ocrx_word' id='word_1_1174' title='bbox 1747 3084 1809 3113; x_wconf 83' lang='lat' dir='ltr'>una</span> <span class='ocrx_word' id='word_1_1175' title='bbox 1833 3078 1899 3114; x_wconf 90' lang='lat' dir='ltr'>fuit</span> <span class='ocrx_word' id='word_1_1176' title='bbox 1918 3106 1930 3123; x_wconf 89' lang='lat'>,</span> <span class='ocrx_word' id='word_1_1177' title='bbox 1963 3096 2036 3127; x_wconf 85' lang='lat' dir='ltr'>quae</span> <span class='ocrx_word' id='word_1_1178' title='bbox 2059 3084 2118 3124; x_wconf 79' lang='lat' dir='ltr'>etsi</span> 
     </span>
     <span class='ocr_line' id='line_1_145' title="bbox 1112 3119 2119 3174; baseline 0.009 -21"><span class='ocrx_word' id='word_1_1179' title='bbox 1112 3130 1181 3153; x_wconf 85' lang='lat' dir='ltr'>non</span> <span class='ocrx_word' id='word_1_1180' title='bbox 1203 3121 1333 3154; x_wconf 84' lang='lat' dir='ltr'>meliori</span> <span class='ocrx_word' id='word_1_1181' title='bbox 1354 3119 1497 3162; x_wconf 71' lang='lat' dir='ltr'>jecinore</span> <span class='ocrx_word' id='word_1_1182' title='bbox 1512 3146 1520 3161; x_wconf 93' lang='lat'><em>‚</em></span> <span class='ocrx_word' id='word_1_1183' title='bbox 1543 3129 1641 3162; x_wconf 84' lang='lat' dir='ltr'>quam</span> <span class='ocrx_word' id='word_1_1184' title='bbox 1665 3130 1787 3156; x_wconf 83' lang='lat' dir='ltr'>caeterae</span> <span class='ocrx_word' id='word_1_1185' title='bbox 1811 3145 1824 3163; x_wconf 88' lang='lat'>,</span> <span class='ocrx_word' id='word_1_1186' title='bbox 1846 3135 1902 3158; x_wconf 90' lang='lat' dir='ltr'>nec</span> <span class='ocrx_word' id='word_1_1187' title='bbox 1925 3129 2031 3162; x_wconf 84' lang='lat' dir='ltr'>minus</span> <span class='ocrx_word' id='word_1_1188' title='bbox 2053 3131 2119 3174; x_wconf 86' lang='lat' dir='ltr'>hy..</span> 
     </span>
     <span class='ocr_line' id='line_1_146' title="bbox 1111 3162 2117 3209; baseline 0.002 -12"><span class='ocrx_word' id='word_1_1189' title='bbox 1111 3162 1269 3205; x_wconf 89' lang='lat' dir='ltr'>dropica;</span> <span class='ocrx_word' id='word_1_1190' title='bbox 1293 3164 1490 3206; x_wconf 70' lang='lat' dir='ltr'>praepinguis</span> <span class='ocrx_word' id='word_1_1191' title='bbox 1511 3172 1577 3196; x_wconf 83' lang='lat' dir='ltr'>erat</span> <span class='ocrx_word' id='word_1_1192' title='bbox 1600 3172 1727 3205; x_wconf 76' lang='lat' dir='ltr'>tamen,</span> <span class='ocrx_word' id='word_1_1193' title='bbox 1752 3165 1890 3209; x_wconf 90' lang='lat' dir='ltr'>alboque</span> <span class='ocrx_word' id='word_1_1194' title='bbox 1908 3191 1921 3209; x_wconf 87' lang='lat'><em>‚</em></span> <span class='ocrx_word' id='word_1_1195' title='bbox 1954 3173 1986 3203; x_wconf 64' lang='grc' dir='ltr'>ὃ(</span> <span class='ocrx_word' id='word_1_1196' title='bbox 2009 3172 2117 3208; x_wconf 71' lang='lat' dir='ltr'>solido</span> 
     </span>
     <span class='ocr_line' id='line_1_147' title="bbox 1113 3204 2116 3252; baseline 0.01 -12"><span class='ocrx_word' id='word_1_1197' title='bbox 1113 3206 1207 3248; x_wconf 82' lang='lat' dir='ltr'>adipe</span> <span class='ocrx_word' id='word_1_1198' title='bbox 1234 3230 1246 3247; x_wconf 92' lang='lat'><em>‚</em></span> <span class='ocrx_word' id='word_1_1199' title='bbox 1279 3216 1477 3249; x_wconf 84' lang='lat' dir='ltr'>omentoque</span> <span class='ocrx_word' id='word_1_1200' title='bbox 1501 3204 1720 3248; x_wconf 83' lang='lat' dir='ltr'>pulcherrimo</span> <span class='ocrx_word' id='word_1_1201' title='bbox 1744 3232 1752 3240; x_wconf 92' lang='lat'>.</span> <span class='ocrx_word' id='word_1_1202' title='bbox 1785 3210 1917 3244; x_wconf 87' lang='lat' dir='ltr'>Scilicet</span> <span class='ocrx_word' id='word_1_1203' title='bbox 1949 3213 2116 3252; x_wconf 84' lang='lat' dir='ltr'>recentior</span> 
     </span>
     <span class='ocr_line' id='line_1_148' title="bbox 1111 3248 2082 3294; baseline 0.004 -10"><span class='ocrx_word' id='word_1_1204' title='bbox 1111 3249 1189 3284; x_wconf 92' lang='lat' dir='ltr'>huic</span> <span class='ocrx_word' id='word_1_1205' title='bbox 1213 3259 1279 3285; x_wconf 88' lang='lat' dir='ltr'>era-t</span> <span class='ocrx_word' id='word_1_1206' title='bbox 1303 3250 1455 3284; x_wconf 85' lang='lat' dir='ltr'>morbus:</span> <span class='ocrx_word' id='word_1_1207' title='bbox 1477 3249 1565 3293; x_wconf 84' lang='lat' dir='ltr'>quod</span> <span class='ocrx_word' id='word_1_1208' title='bbox 1590 3248 1615 3283; x_wconf 86' lang='lat' dir='ltr'>fi·</span> <span class='ocrx_word' id='word_1_1209' title='bbox 1635 3262 1709 3284; x_wconf 93' lang='lat' dir='ltr'>cum</span> <span class='ocrx_word' id='word_1_1210' title='bbox 1733 3252 1791 3285; x_wconf 92' lang='lat' dir='ltr'>illo</span> <span class='ocrx_word' id='word_1_1211' title='bbox 1815 3254 1929 3288; x_wconf 78' lang='lat' dir='ltr'>tandiu</span> <span class='ocrx_word' id='word_1_1212' title='bbox 1953 3257 2082 3294; x_wconf 77' lang='lat' dir='ltr'>vixisset</span> 
     </span>
     <span class='ocr_line' id='line_1_149' title="bbox 1110 3286 2116 3348; baseline 0.001 -22"><span class='ocrx_word' id='word_1_1213' title='bbox 1110 3304 1208 3335; x_wconf 87' lang='lat' dir='ltr'>quam</span> <span class='ocrx_word' id='word_1_1214' title='bbox 1230 3303 1377 3332; x_wconf 81' lang='lat' dir='ltr'>caeterae3</span> <span class='ocrx_word' id='word_1_1215' title='bbox 1401 3294 1507 3327; x_wconf 87' lang='lat' dir='ltr'>minus</span> <span class='ocrx_word' id='word_1_1216' title='bbox 1539 3293 1677 3334; x_wconf 87' lang='lat' dir='ltr'>pulchro</span> <span class='ocrx_word' id='word_1_1217' title='bbox 1698 3304 1831 3329; x_wconf 85' lang='lat' dir='ltr'>omento</span> <span class='ocrx_word' id='word_1_1218' title='bbox 1852 3319 1861 3335; x_wconf 93' lang='lat'>,</span> <span class='ocrx_word' id='word_1_1219' title='bbox 1900 3307 1996 3341; x_wconf 75' lang='lat' dir='ltr'>atque</span> <span class='ocrx_word' id='word_1_1220' title='bbox 2020 3286 2116 3348; x_wconf 59' lang='lat' dir='ltr'>adspg</span> 
     </span>
     <span class='ocr_line' id='line_1_150' title="bbox 1108 3335 2118 3382; baseline 0.009 -12"><span class='ocrx_word' id='word_1_1221' title='bbox 1108 3335 1219 3371; x_wconf 77' lang='lat' dir='ltr'>fuisset</span> <span class='ocrx_word' id='word_1_1222' title='bbox 1242 3337 1397 3380; x_wconf 82' lang='lat' dir='ltr'>praedita.</span> <span class='ocrx_word' id='word_1_1223' title='bbox 1421 3336 1476 3371; x_wconf 82' lang='lat' dir='ltr'>Ad</span> <span class='ocrx_word' id='word_1_1224' title='bbox 1498 3337 1603 3379; x_wconf 84' lang='lat' dir='ltr'>prima</span> <span class='ocrx_word' id='word_1_1225' title='bbox 1615 3338 1703 3371; x_wconf 88' lang='lat' dir='ltr'>enim</span> <span class='ocrx_word' id='word_1_1226' title='bbox 1727 3338 1806 3372; x_wconf 89' lang='lat' dir='ltr'>vitia</span> <span class='ocrx_word' id='word_1_1227' title='bbox 1831 3339 1964 3375; x_wconf 89' lang='lat' dir='ltr'>subinde</span> <span class='ocrx_word' id='word_1_1228' title='bbox 1980 3345 2040 3380; x_wconf 84' lang='lat' dir='ltr'>alia</span> <span class='ocrx_word' id='word_1_1229' title='bbox 2065 3357 2118 3382; x_wconf 80' lang='lat' dir='ltr'>at.</span> 
     </span>
     <span class='ocr_line' id='line_1_151' title="bbox 1108 3379 2116 3433; baseline 0.01 -19"><span class='ocrx_word' id='word_1_1230' title='bbox 1108 3391 1172 3423; x_wconf 89' lang='lat' dir='ltr'>que</span> <span class='ocrx_word' id='word_1_1231' title='bbox 1196 3381 1255 3414; x_wconf 85' lang='lat' dir='ltr'>alia</span> <span class='ocrx_word' id='word_1_1232' title='bbox 1279 3380 1460 3420; x_wconf 88' lang='lat' dir='ltr'>accedunt;</span> <span class='ocrx_word' id='word_1_1233' title='bbox 1481 3389 1518 3413; x_wconf 91' lang='lat' dir='ltr'>ut</span> <span class='ocrx_word' id='word_1_1234' title='bbox 1541 3382 1574 3413; x_wconf 91' lang='lat' dir='ltr'>in</span> <span class='ocrx_word' id='word_1_1235' title='bbox 1598 3379 1771 3414; x_wconf 88' lang='lat' dir='ltr'>hominum</span> <span class='ocrx_word' id='word_1_1236' title='bbox 1794 3405 1805 3422; x_wconf 89' lang='lat'>,</span> <span class='ocrx_word' id='word_1_1237' title='bbox 1827 3384 1866 3418; x_wconf 86' lang='lat' dir='ltr'>ad</span> <span class='ocrx_word' id='word_1_1238' title='bbox 1888 3397 1969 3428; x_wconf 77' lang='lat' dir='ltr'>quos</span> <span class='ocrx_word' id='word_1_1239' title='bbox 1995 3390 2116 3433; x_wconf 84' lang='lat' dir='ltr'>redeo,</span> 
     </span>
     <span class='ocr_line' id='line_1_152' title="bbox 1107 3422 2118 3470; baseline 0.01 -13"><span class='ocrx_word' id='word_1_1240' title='bbox 1107 3423 1316 3458; x_wconf 80' lang='lat' dir='ltr'>cadaveribus</span> <span class='ocrx_word' id='word_1_1241' title='bbox 1338 3423 1445 3458; x_wconf 83' lang='lat' dir='ltr'>videre</span> <span class='ocrx_word' id='word_1_1242' title='bbox 1467 3422 1510 3457; x_wconf 86' lang='lat' dir='ltr'>est</span> <span class='ocrx_word' id='word_1_1243' title='bbox 1533 3446 1545 3464; x_wconf 88' lang='lat'><em>‚</em></span> <span class='ocrx_word' id='word_1_1244' title='bbox 1577 3434 1649 3466; x_wconf 69' lang='lat' dir='ltr'>quae</span> <span class='ocrx_word' id='word_1_1245' title='bbox 1672 3423 1790 3458; x_wconf 85' lang='lat' dir='ltr'>viscera</span> <span class='ocrx_word' id='word_1_1246' title='bbox 1820 3436 1911 3461; x_wconf 86' lang='lat' dir='ltr'>tanto</span> <span class='ocrx_word' id='word_1_1247' title='bbox 1944 3431 2118 3470; x_wconf 68' lang='lat' dir='ltr'>vitiosiora·</span> 
     </span>
     <span class='ocr_line' id='line_1_153' title="bbox 1107 3467 2113 3520; baseline 0.006 -20"><span class='ocrx_word' id='word_1_1248' title='bbox 1107 3468 1296 3510; x_wconf 88' lang='lat' dir='ltr'>plerumque</span> <span class='ocrx_word' id='word_1_1249' title='bbox 1317 3467 1485 3501; x_wconf 84' lang='lat' dir='ltr'>ostendunt</span> <span class='ocrx_word' id='word_1_1250' title='bbox 1496 3489 1508 3506; x_wconf 87' lang='lat'>,</span> <span class='ocrx_word' id='word_1_1251' title='bbox 1529 3475 1653 3509; x_wconf 87' lang='lat' dir='ltr'>quanto</span> <span class='ocrx_word' id='word_1_1252' title='bbox 1664 3467 1736 3500; x_wconf 84' lang='lat' dir='ltr'>illos</span> <span class='ocrx_word' id='word_1_1253' title='bbox 1744 3468 1867 3505; x_wconf 86' lang='lat' dir='ltr'>diutius</span> <span class='ocrx_word' id='word_1_1254' title='bbox 1877 3480 1934 3505; x_wconf 88' lang='lat' dir='ltr'>aut</span> <span class='ocrx_word' id='word_1_1255' title='bbox 1946 3473 2113 3520; x_wconf 75' lang='lat' dir='ltr'>hydrops,</span> 
     </span>
     <span class='ocr_line' id='line_1_154' title="bbox 1107 3509 2111 3554; baseline 0.007 -10"><span class='ocrx_word' id='word_1_1256' title='bbox 1107 3520 1162 3544; x_wconf 87' lang='lat' dir='ltr'>aut</span> <span class='ocrx_word' id='word_1_1257' title='bbox 1207 3510 1314 3544; x_wconf 91' lang='lat' dir='ltr'>morbi</span> <span class='ocrx_word' id='word_1_1258' title='bbox 1355 3509 1536 3553; x_wconf 84' lang='lat' dir='ltr'>hydropem</span> <span class='ocrx_word' id='word_1_1259' title='bbox 1581 3510 1792 3554; x_wconf 82' lang='lat' dir='ltr'>praecedentes</span> <span class='ocrx_word' id='word_1_1260' title='bbox 1834 3511 2067 3554; x_wconf 70' lang='lat' dir='ltr'>macerav&#39;erint</span> <span class='ocrx_word' id='word_1_1261' title='bbox 2100 3546 2111 3554; x_wconf 85' lang='lat'>.</span> 
     </span>
     <span class='ocr_line' id='line_1_155' title="bbox 1108 3552 2113 3631; baseline 0.011 -44"><span class='ocrx_word' id='word_1_1262' title='bbox 1108 3554 1295 3631; x_wconf 53' lang='lat' dir='ltr'>Utrgusque</span> <span class='ocrx_word' id='word_1_1263' title='bbox 1316 3553 1405 3588; x_wconf 90' lang='lat' dir='ltr'>casus</span> <span class='ocrx_word' id='word_1_1264' title='bbox 1437 3552 1619 3596; x_wconf 84' lang='lat' dir='ltr'>exemplum</span> <span class='ocrx_word' id='word_1_1265' title='bbox 1643 3552 1775 3590; x_wconf 83' lang='lat' dir='ltr'>afferam</span> <span class='ocrx_word' id='word_1_1266' title='bbox 1798 3569 1808 3589; x_wconf 89' lang='lat'><em>:</em></span> <span class='ocrx_word' id='word_1_1267' title='bbox 1842 3561 1875 3592; x_wconf 69' lang='grc' dir='ltr'><strong>ἃ</strong></span> <span class='ocrx_word' id='word_1_1268' title='bbox 1896 3561 2040 3602; x_wconf 89' lang='lat' dir='ltr'>primum</span> <span class='ocrx_word' id='word_1_1269' title='bbox 2065 3563 2113 3600; x_wconf 88' lang='lat' dir='ltr'>se-</span> 
     </span>
     <span class='ocr_line' id='line_1_156' title="bbox 1110 3608 1229 3631; baseline 0 -1"><span class='ocrx_word' id='word_1_1270' title='bbox 1110 3608 1171 3631; x_wconf 93' lang='lat' dir='ltr'>cun</span> <span class='ocrx_word' id='word_1_1271' title='bbox 1198 3609 1229 3630; x_wconf 83' lang='lat' dir='ltr'>r.</span> 
     </span>
    </p>

    <p class='ocr_par' dir='ltr' id='par_1_14' title="bbox 1152 3639 2112 3696">
     <span class='ocr_line' id='line_1_157' title="bbox 1152 3639 2112 3696; baseline 0.009 -22"><span class='ocrx_word' id='word_1_1272' title='bbox 1152 3652 1207 3684; x_wconf 82' lang='lat'>30.</span> <span class='ocrx_word' id='word_1_1273' title='bbox 1228 3639 1470 3676; x_wconf 68' lang='lat' dir='ltr'>CASPARUS</span> <span class='ocrx_word' id='word_1_1274' title='bbox 1494 3639 1718 3676; x_wconf 81' lang='lat' dir='ltr'>LOMBRIA</span> <span class='ocrx_word' id='word_1_1275' title='bbox 1741 3643 1899 3681; x_wconf 76' lang='lat' dir='ltr'>Patricius</span> <span class='ocrx_word' id='word_1_1276' title='bbox 1930 3647 2078 3686; x_wconf 69' lang='lat' dir='ltr'>Venetus</span> <span class='ocrx_word' id='word_1_1277' title='bbox 2096 3677 2112 3696; x_wconf 81' lang='lat'><strong>,</strong></span> 
     </span>
    </p>
   </div>
   <div class='ocr_carea' id='block_1_6' title="bbox 1969 3691 2067 3728">
    <p class='ocr_par' dir='ltr' id='par_1_15' title="bbox 1969 3691 2067 3728">
     <span class='ocr_line' id='line_1_158' title="bbox 1969 3691 2067 3728; baseline 0.02 -2"><span class='ocrx_word' id='word_1_1278' title='bbox 1969 3691 2067 3728; x_wconf 90' lang='lat' dir='ltr'>bilio-</span> 
     </span>
    </p>
   </div>
   <div class='ocr_carea' id='block_1_7' title="bbox 54 3774 2110 3797">
    <p class='ocr_par' dir='ltr' id='par_1_16' title="bbox 54 3774 2110 3797">
     <span class='ocr_line' id='line_1_159' title="bbox 54 3774 2110 3797; baseline -0.003 6"><span class='ocrx_word' id='word_1_1279' title='bbox 54 3774 2110 3797; x_wconf 33' lang='lat' dir='ltr'>&amp;mmmmm—W*</span> 
     </span>
    </p>
   </div>
   <div class='ocr_carea' id='block_1_8' title="bbox 119 3834 1021 3903">
    <p class='ocr_par' dir='ltr' id='par_1_17' title="bbox 119 3834 1021 3903">
     <span class='ocr_line' id='line_1_160' title="bbox 120 3834 825 3868; baseline -0.01 -5"><span class='ocrx_word' id='word_1_1280' title='bbox 120 3839 130 3868; x_wconf 90' lang='lat'>(</span> <span class='ocrx_word' id='word_1_1281' title='bbox 148 3839 162 3863; x_wconf 75' lang='lat' dir='ltr'>d</span> <span class='ocrx_word' id='word_1_1282' title='bbox 179 3838 245 3868; x_wconf 73' lang='lat' dir='ltr'>)Del</span> <span class='ocrx_word' id='word_1_1283' title='bbox 263 3839 333 3862; x_wconf 77' lang='lat' dir='ltr'>Flato</span> <span class='ocrx_word' id='word_1_1284' title='bbox 349 3838 394 3860; x_wconf 68' lang='grc' dir='ltr'>διε.</span> <span class='ocrx_word' id='word_1_1285' title='bbox 412 3835 429 3860; x_wconf 81' lang='lat'>1.</span> <span class='ocrx_word' id='word_1_1286' title='bbox 446 3842 469 3858; x_wconf 85' lang='lat'>2.</span> <span class='ocrx_word' id='word_1_1287' title='bbox 486 3842 509 3858; x_wconf 83' lang='lat' dir='ltr'>e.</span> <span class='ocrx_word' id='word_1_1288' title='bbox 527 3835 564 3858; x_wconf 80' lang='lat'>28.</span> <span class='ocrx_word' id='word_1_1289' title='bbox 583 3834 605 3858; x_wconf 66' lang='grc' dir='ltr'>ἃ</span> <span class='ocrx_word' id='word_1_1290' title='bbox 621 3836 639 3860; x_wconf 87' lang='lat'>1.</span> <span class='ocrx_word' id='word_1_1291' title='bbox 656 3841 678 3858; x_wconf 76' lang='grc' dir='ltr'>ι.</span> <span class='ocrx_word' id='word_1_1292' title='bbox 696 3840 717 3857; x_wconf 89' lang='lat' dir='ltr'>c.</span> <span class='ocrx_word' id='word_1_1293' title='bbox 733 3834 825 3866; x_wconf 72' lang='lat'>²⁷·.²8·</span> 
     </span>
     <span class='ocr_line' id='line_1_161' title="bbox 119 3862 1021 3903; baseline -0.006 -9"><span class='ocrx_word' id='word_1_1294' title='bbox 119 3870 163 3903; x_wconf 67' lang='lat' dir='ltr'>(g</span> <span class='ocrx_word' id='word_1_1295' title='bbox 182 3872 189 3899; x_wconf 67' lang='lat' dir='ltr'>J</span> <span class='ocrx_word' id='word_1_1296' title='bbox 208 3869 268 3895; x_wconf 68' lang='lat' dir='ltr'>ibid.</span> <span class='ocrx_word' id='word_1_1297' title='bbox 285 3868 342 3896; x_wconf 66' lang='lat' dir='ltr'>oros.</span> <span class='ocrx_word' id='word_1_1298' title='bbox 360 3875 379 3897; x_wconf 73' lang='lat' dir='ltr'>a.</span> <span class='ocrx_word' id='word_1_1299' title='bbox 400 3866 423 3899; x_wconf 74' lang='lat'>§-</span> <span class='ocrx_word' id='word_1_1300' title='bbox 443 3873 463 3893; x_wconf 87' lang='lat'>1.</span> <span class='ocrx_word' id='word_1_1301' title='bbox 480 3866 503 3891; x_wconf 67' lang='lat' dir='ltr'>tc</span> <span class='ocrx_word' id='word_1_1302' title='bbox 519 3866 597 3894; x_wconf 77' lang='lat' dir='ltr'>schol,</span> <span class='ocrx_word' id='word_1_1303' title='bbox 658 3866 671 3892; x_wconf 84' lang='grc'><strong>(</strong></span> <span class='ocrx_word' id='word_1_1304' title='bbox 686 3865 701 3890; x_wconf 77' lang='lat' dir='ltr'><em>h</em></span> <span class='ocrx_word' id='word_1_1305' title='bbox 714 3864 729 3893; x_wconf 84' lang='grc'>)</span> <span class='ocrx_word' id='word_1_1306' title='bbox 748 3864 810 3892; x_wconf 67' lang='lat' dir='ltr'>ibid.</span> <span class='ocrx_word' id='word_1_1307' title='bbox 825 3862 886 3895; x_wconf 67' lang='lat' dir='ltr'>ebs.</span> <span class='ocrx_word' id='word_1_1308' title='bbox 904 3872 942 3894; x_wconf 67' lang='grc' dir='ltr'>ιτ.</span> <span class='ocrx_word' id='word_1_1309' title='bbox 956 3863 983 3896; x_wconf 71' lang='grc'>5.</span> <span class='ocrx_word' id='word_1_1310' title='bbox 999 3872 1021 3895; x_wconf 86' lang='lat'>5.</span> 
     </span>
    </p>
   </div>
   <div class='ocr_carea' id='block_1_9' title="bbox 885 3830 1574 3902">
    <p class='ocr_par' dir='ltr' id='par_1_18' title="bbox 885 3830 1574 3902">
     <span class='ocr_line' id='line_1_162' title="bbox 885 3830 1391 3867; baseline 0.016 -12"><span class='ocrx_word' id='word_1_1311' title='bbox 885 3833 900 3864; x_wconf 85' lang='lat'>(</span> <span class='ocrx_word' id='word_1_1312' title='bbox 914 3841 926 3857; x_wconf 75' lang='lat' dir='ltr'>e</span> <span class='ocrx_word' id='word_1_1313' title='bbox 940 3833 955 3862; x_wconf 85' lang='lat'>)</span> <span class='ocrx_word' id='word_1_1314' title='bbox 972 3833 1005 3857; x_wconf 81' lang='lat'>¹1.</span> <span class='ocrx_word' id='word_1_1315' title='bbox 1022 3832 1134 3859; x_wconf 75' lang='lat' dir='ltr'>animari.</span> <span class='ocrx_word' id='word_1_1316' title='bbox 1152 3837 1190 3859; x_wconf 82' lang='lat'>16.</span> <span class='ocrx_word' id='word_1_1317' title='bbox 1246 3830 1311 3863; x_wconf 73' lang='lat' dir='ltr'>(f)</span> <span class='ocrx_word' id='word_1_1318' title='bbox 1386 3863 1391 3867; x_wconf 88' lang='grc'>,</span> 
     </span>
     <span class='ocr_line' id='line_1_163' title="bbox 1080 3863 1574 3902; baseline 0 -11"><span class='ocrx_word' id='word_1_1319' title='bbox 1080 3865 1096 3894; x_wconf 73' lang='grc' dir='ltr'>ζ</span> <span class='ocrx_word' id='word_1_1320' title='bbox 1110 3864 1121 3890; x_wconf 80' lang='lat' dir='ltr'>i</span> <span class='ocrx_word' id='word_1_1321' title='bbox 1135 3863 1151 3895; x_wconf 76' lang='lat'>2</span> <span class='ocrx_word' id='word_1_1322' title='bbox 1165 3863 1272 3892; x_wconf 71' lang='lat' dir='ltr'>Praelcss.</span> <span class='ocrx_word' id='word_1_1323' title='bbox 1287 3863 1317 3891; x_wconf 77' lang='lat' dir='ltr'>ad</span> <span class='ocrx_word' id='word_1_1324' title='bbox 1332 3863 1412 3893; x_wconf 66' lang='lat' dir='ltr'>instit.</span> <span class='ocrx_word' id='word_1_1325' title='bbox 1431 3863 1454 3894; x_wconf 60' lang='lat'>§⁴</span> <span class='ocrx_word' id='word_1_1326' title='bbox 1469 3865 1524 3892; x_wconf 73' lang='lat'>868.</span> <span class='ocrx_word' id='word_1_1327' title='bbox 1572 3899 1574 3902; x_wconf 91' lang='lat'>.</span> 
     </span>
    </p>
   </div>
   <div class='ocr_carea' id='block_1_10' title="bbox 1328 3832 1766 3864">
    <p class='ocr_par' dir='ltr' id='par_1_19' title="bbox 1328 3832 1766 3864">
     <span class='ocr_line' id='line_1_164' title="bbox 1328 3832 1766 3864; baseline 0.018 -8"><span class='ocrx_word' id='word_1_1328' title='bbox 1328 3833 1387 3859; x_wconf 62' lang='lat' dir='ltr'>Sea.</span> <span class='ocrx_word' id='word_1_1329' title='bbox 1405 3832 1449 3857; x_wconf 74' lang='lat' dir='ltr'>hac</span> <span class='ocrx_word' id='word_1_1330' title='bbox 1464 3840 1502 3858; x_wconf 70' lang='grc' dir='ltr'>ιι.</span> <span class='ocrx_word' id='word_1_1331' title='bbox 1518 3834 1577 3862; x_wconf 89' lang='lat' dir='ltr'>Obs.</span> <span class='ocrx_word' id='word_1_1332' title='bbox 1592 3842 1630 3864; x_wconf 61' lang='grc' dir='ltr'>οι.</span> <span class='ocrx_word' id='word_1_1333' title='bbox 1646 3835 1670 3861; x_wconf 70' lang='grc'>8(</span> <span class='ocrx_word' id='word_1_1334' title='bbox 1684 3835 1766 3864; x_wconf 73' lang='lat' dir='ltr'>Schol-</span> 
     </span>
    </p>
   </div>
  </div>
 </body>
</html>
