2498 4075
428 153 498 219 84

360 229 377 265 -(
400 239 439 267 an
463 226 548 272 quod
563 225 649 269 prius
671 234 769 265 quarn
781 222 939 263 dexterae,
964 220 1180 263 coepiffente)
1205 233 1292 256 erant
1317 222 1368 256 os-

365 271 449 311 seae,
474 276 691 306 Dexterarum
720 278 829 309 >autern
865 279 899 300 ea
931 275 1060 298 tantum
1095 275 1166 308 quae
1197 267 1368 299 intervallo

366 315 577 359 respondebat
602 314 686 344 inter
710 312 891 344 vertebram
907 310 1056 349 tertiam,
1079 311 1269 351 &quartam
1284 333 1293 348 ,
1318 309 1369 342 0s-

364 358 414 396 sea
436 358 494 392 esse
519 356 703 392 videbam-”3
729 366 783 387 nec
806 363 873 386 erat
897 362 1004 385 tamen
1026 363 1036 390 3
1069 351 1121 385 sed
1144 352 1263 388 lamina
1286 351 1369 386 ossea

365 413 437 444 quae
472 398 673 442 superficiem
697 396 835 433 faciebat
868 397 1013 437 corporis
1035 395 1188 428 vertebrae
1210 406 1334 438 quartae
1358 419 1370 436 ‚

363 445 514 482 extabat,
539 442 633 484 seque
656 443 702 474 ita
724 450 834 473 eXtans
853 462 863 480 ‚
890 437 1008 472 sursum
1033 439 1229 480 producebat
1252 462 1261 477 ,
1285 451 1371 474 eam-

364 501 428 532 que
453 486 703 530 prominentiam
714 482 815 517 crusta
837 483 919 516 ossea
931 482 1115 524 operiebat:
1140 481 1197 515 sub
1222 494 1284 524 qua
1295 494 1368 516 cru-

364 533 406 567 sta
431 529 613 564 servabatur
637 526 848 571 prominentis
871 526 1044 568 ligamenti
1064 535 1197 559 natura.
1223 526 1369 567 Sinistra-

363 586 435 611 rum
460 574 752 617 prominentiarum
765 581 838 603 cum
861 581 956 603 unam
973 569 1093 610 scalpro
1110 593 1119 609 ,
1143 571 1368 603 continuatum

363 628 470 654 autem
495 618 708 660 ligamentum
732 614 837 649 cultro
862 614 895 646 in
919 611 1115 646 tranversum
1137 610 1367 651 dissecuissem3

362 663 455 696 lineae
478 659 609 703 quidem
634 658 922 693 illaeconcentricae
946 656 1002 689 ubi
1028 654 1150 693 solent;
1175 653 1366 694 sedlurido,

359 709 394 744 ,δε
426 703 512 749 quasi
537 705 665 737 cinereo
695 703 803 735 colore
827 699 945 733 infecfia
978 699 1087 732 omnia
1122 709 1335 740 apparuerunt
1358 726 1366 734 .

493 747 545 780 Ad
570 747 731 780 Ventrem
765 744 894 777 tandem
918 753 989 785 quae
1023 742 1185 784 pertinent
1208 743 1331 785 reliqua
1354 766 1367 783 ,

361 793 456 831 nobis
490 790 556 824 haec
579 786 773 823 observanda
805 787 1009 829 praebuerunt
1033 808 1042 816 .
1068 787 1249 818 Omentum
1272 797 1378 824 anne,

358 849 440 872 ,xum
473 843 539 869 erat
565 844 580 867 a
604 832 728 872 dextris
763 839 834 864 tum
857 831 886 863 ei
910 831 994 871 parti
1026 828 1171 862 intestini
1195 828 1272 861 Coli
1294 841 1365 872 quae

362 881 510 923 proxima
534 875 631 918 hujus
654 876 756 908 initio
778 874 819 907 est
840 894 850 911 ‚
882 883 952 906 tum
977 873 1094 907 vicinis
1117 873 1145 906 ei
1170 874 1254 914 parti
1280 874 1365 905 inte.-

361 924 451 959 stinis
480 920 663 958 semibus,
687 921 717 952 &
732 918 930 960 peritonaeo.
957 916 1165 949 Ventriculus
1176 926 1240 948 non
1264 914 1368 957 sol-um

362 965 527 1009 angustior
549 977 558 1001 3
594 962 644 996 sed
669 963 774 995 minus
796 961 881 993 bona
905 959 1008 1002 figura
1033 959 1185 1001 praeditus
1210 982 1219 992 .
1257 959 1368 1001 Pylori

363 1020 471 1045 autem
485 1007 620 1041 annulus
642 1004 814 1039 duobusin
838 1003 1258 1038 locisnonnihiltumebat.
1285 1005 1363 1036 Pro-

362 1066 401 1098 pe
438 1053 578 1090 alterurn«
596 1049 760 1083 orificium
783 1048 870 1081 intus
903 1048 937 1079 in
960 1046 1142 1080 “ventriculo
1166 1045 1364 1079 subrotunda

361 1098 513 1141 quaedam
528 1120 538 1136 ,
558 1096 589 1127 δι
613 1104 710 1136 parva
734 1090 820 1135 quasi
845 1090 995 1133 glandula
1017 1094 1148 1123 extabat
1172 1112 1183 1128 ‚
1204 1101 1276 1131 quae
1300 1089 1364 1122 dis-

360 1144 443 1178 leda
469 1151 530 1184 pro
554 1147 683 1173 tumore
706 1136 828 1178 cystico
851 1135 961 1176 agnita
984 1133 1028 1166 est
1051 1146 1060 1170 3
1094 1141 1227 1174 utpote
1250 1135 1306 1175 qui
1328 1144 1369 1165 ex

361 1185 538 1223 substantia
560 1180 658 1214 fiebat
681 1181 811 1221 quidem
825 1178 916 1214 alba,
939 1175 1051 1214 firma,
1076 1178 1106 1209 δι
1129 1177 1163 1208 in
1186 1186 1370 1209 unumcor-

359 1224 420 1276 pus
443 1227 583 1271 ejusdem
608 1223 719 1266 figurae
744 1222 935 1262 comp'a&a·‚
958 1220 1009 1265 sed
1035 1219 1067 1252 id
1088 1230 1204 1261 corpus
1228 1231 1244 1251 a
1262 1221 1368 1253 conti-

360 1282 457 1310 nente
492 1267 711 1305 membranula
735 1265 888 1299 facillime
923 1263 1046 1306 sejungi
1080 1263 1190 1304 potuit
1211 1286 1220 1295 .
1254 1265 1370 1296 Proxi-

361 1328 452 1351 mum
475 1323 583 1350 ,autem
607 1311 730 1347 ,tumori
754 1309 803 1341 illi
829 1306 997 1341 orificium
1021 1306 1194 1339 ventriculi
1219 1331 1227 1346 ‚
1263 1306 1294 1340 id
1320 1306 1364 1340 est

359 1356 542 1398 'stomachus
558 1379 567 1394 ,
588 1364 654 1388 erat
678 1352 906 1395 amplissimum
929 1374 937 1389 ‚
963 1360 999 1383 ut
1023 1351 1213 1383 continuata
1236 1361 1365 1393 quoque

359 1405 435 1449 gula
459 1403 497 1436 ad
519 1409 660 1443 quatuor
682 1397 793 1430 saltem
820 1395 912 1436 supra
937 1393 1152 1429 ventriculum
1186 1391 1366 1435 digitorum

359 1439 571 1489 altitudinem
587 1470 595 1485 ‚
619 1453 684 1485 quo
708 1450 779 1474 roto
806 1438 908 1481 spatio
930 1439 1017 1471 intus
1041 1446 1107 1470 erat
1126 1460 1136 1476 ‚
1172 1446 1268 1477 quarn
1292 1437 1366 1470 reli-

359 1504 430 1537 quo
454 1513 463 1531 ‚
496 1486 707 1525 rubicundior
730 1509 738 1516 .
773 1483 864 1519 Quin
889 1482 987 1514 etiarn
1011 1480 1155 1513 foramen
1177 1503 1187 1519 ‚
1220 1481 1253 1512 in
1279 1480 1367 1522 septo

363 1534 544 1574 transverso
577 1529 615 1565 ad
639 1540 707 1563 eam
742 1524 1021 1561 transmittendam
1047 1532 1195 1566 apertum
1217 1547 1229 1564 ‚
1262 1525 1367 1557 multo

363 1591 463 1622 quam
489 1578 606 1614 soleat,
628 1576 660 1610 in
686 1570 896 1605 latitudinem
922 1567 1099 1610 praesertim
1125 1591 1134 1606 ,
1158 1567 1294 1609 amplius
1318 1569 1369 1600 vi-

358 1624 419 1664 di,
445 1625 475 1655 &
499 1619 660 1661 superiore
684 1625 832 1648 extremo
858 1612 939 1646 reeta
955 1613 998 1644 1in
1023 1610 1237 1644 transversum
1261 1612 1368 1651 linea,

358 1663 427 1708 non
453 1664 594 1706 angulo,
616 1660 829 1693 terminatum
853 1680 861 1687 .
888 1657 976 1688 Cum
1000 1666 1068 1687 earn
1091 1656 1215 1687 omenti
1242 1665 1368 1696 partem

360 1722 435 1756 quse
460 1705 643 1744 ventriculo
668 1702 783 1735 adnata
806 1698 848 1733 est
871 1721 883 1738 ‚
906 1697 1095 1740 diligentius
1119 1698 1330 1747 inspectarem
1354 1709 1365 1735 3

360 1745 575 1789 animadverti
599 1760 615 1784 a
639 1745 773 1783 fini-stris
795 1741 881 1778 haud
905 1743 1017 1784 procul
1045 1741 1085 1773 ab
1109 1739 1205 1783 hujus
1230 1739 1332 1774 fundo
1355 1766 1366 1781 ,

358 1790 522 1846 glandulae
546 1791 664 1829 instar,
690 1790 843 1829 exiguum
856 1784 1017 1828 quendam
1040 1784 1179 1823 lienem,
1204 1784 1242 1817 ab
1255 1796 1367 1817 omen-

363 1854 423 1882 to,
449 1843 484 1874 in
507 1849 574 1881 quo
597 1845 689 1874 erat,
712 1828 893 1873 sanguifera
918 1827 1045 1862 vascula
1060 1829 1291 1871 accipientem,
1316 1840 1372 1861 co-

364 1888 457 1926 lore,
480 1883 592 1917 tunica
613 1902 623 1918 ,
662 1875 846 1911 substantiae
869 1872 988 1910 modo,
1015 1871 1072 1904 nisi
1097 1871 1186 1914 quod
1211 1870 1278 1904 haec
1303 1881 1371 1905 erat

361 1922 461 1976 ‘paulo
485 1925 674 1962 humidior,
700 1920 792 1953 lienis
816 1916 1016 1949 fimillimum
1033 1940 1042 1955 ,
1066 1926 1098 1948 ea
1112 1923 1220 1948 autem
1244 1914 1345 1956 figura
1360 1937 1370 1952 ,

359 1979 393 2016 §c
420 1968 663 2014 magnitudine,
687 1974 721 1999 ut
741 1973 814 1996 cum
838 1959 1010 1994 mediocris
1032 1958 1160 2001 gallinae
1173 1957 1276 2000 splene
1301 1958 1372 2000 pos-

361 2021 407 2060 set
432 2014 634 2058 comparari.
663 2010 779 2042 Praeter
796 2004 887 2040 ‘hunc
902 2014 967 2036 non
991 2002 1097 2037 deerat
1111 2002 1190 2036 alter
1215 2002 1299 2038 lien,
1325 2001 1373 2035 sa-

365 2075 423 2102 nus
469 2063 497 2097 &
525 2057 589 2091 sani
614 2054 734 2097 pariter
757 2049 881 2091 hepatis
905 2046 1123 2088 magnitudini
1145 2043 1337 2087 respondens
1360 2069 1371 2084 ‚

389 2085 541 2147 usse'justa
567 2109 653 2136 erat,
678 2097 725 2128 vel
752 2094 861 2136 potius
887 2090 980 2133 paulo
996 2091 1123 2123 minor.
1150 2090 1187 2122 In
1211 2087 1373 2131 fellea-cy-

361 2121 402 2189 ᾗ,
429 2159 501 2183 cum
528 2155 624 2188 pauca
649 2164 659 2179 ‚
694 2142 723 2172 δι
749 2136 867 2169 viscida
893 2134 955 2167 bile
988 2133 1104 2167 calculi
1128 2133 1252 2165 inerant
1284 2131 1336 2165 sex
1361 2156 1370 2171 ,

369 2196 528 2236 septemve
541 2199 603 2221 non
630 2183 760 2225 exigui,
785 2189 925 2222 quorum
937 2178 1094 2211 maximus
1118 2176 1374 2209 mediocrisuvae

371 2249 467 2278 acmo
494 2233 574 2267 haud
601 2230 708 2266 minor
734 2223 797 2258 fuit
813 2248 821 2262 ,
843 2220 907 2256 fere
923 2218 1138 2259 subrotundi‚
1162 2219 1377 2261 inaequalita-

370 2295 442 2318 men
467 2269 553 2321 qius}
581 2275 620 2308 ab
644 2267 881 2305 adhaerentibus
904 2264 1049 2299 minimis
1083 2263 1153 2295 aliis
1176 2261 1344 2304 superficie
1368 2287 1376 2296 .

372 2330 405 2363 Si
429 2320 604 2358 tenuiffima
627 2314 772 2358 quaedam
798 2311 913 2353 pun6ta
936 2307 1075 2350 excipias
1100 2305 1236 2340 subflavi
1258 2306 1377 2355 coloris

396 2382 428 2403 er
455 2369 535 2401 hanc
559 2359 713 2402 disjecta3
737 2365 848 2388 ornnes
873 2353 960 2385 intus
982 2377 991 2392 ,
1025 2359 1179 2391 extraque
1201 2360 1344 2391 pernigri
1369 2370 1378 2386 ,

371 2384 430 2453 ξπ
455 2411 564 2444 colore
590 2402 688 2437 modo
708 2398 798 2439 ‚·sed
824 2395 890 2438 ipsa
913 2405 1042 2436 quoque
1068 2393 1241 2426 substantia
1266 2393 1380 2426 carbo-

373 2469 447 2494 nern
471 2451 657 2487 referentes.
683 2444 730 2477 Hi
753 2440 920 2482 postquam
946 2436 1054 2470 ficcati
1079 2435 1172 2473 sunt,
1196 2446 1251 2478 per
1263 2436 1290 2467 se
1314 2436 1380 2478 ple-

318 2526 322 2529 >
375 2483 470 2538 ri⁵ue
492 2500 525 2529 in
548 2491 707 2529 fragmina
732 2486 881 2518 abierunt
902 2506 909 2513 .
944 2482 1053 2526 Antea
1077 2488 1183 2512 autem
1216 2477 1271 2511 etsi
1297 2478 1380 2511 leves

374 2513 432 2581 enge
456 2530 666 2574 videbanfur,
688 2528 747 2573 ‘qui
769 2531 803 2561 in
827 2537 942 2568 aquam
968 2523 1215 2564 conwffisum,
1240 2521 1379 2556 fundum

373 2587 535 2626 continuo
558 2581 751 2622 petierunt:
787 2571 845 2615 qui
870 2581 945 2602 vero
968 2566 1008 2601 ad
1032 2566 1196 2600 flammam
1221 2564 1345 2600 admoti
1367 2587 1380 2605 ,

373 2624 413 2670 ne
441 2641 477 2663 ue
509 2626 589 2661 hanc
615 2622 682 2658 ullo
714 2616 812 2650 modo
836 2619 1052 2653 conceperunt
1071 2632 1083 2650 ,
1116 2609 1305 2657 οπωςιιΙΙΑ
1339 2619 1378 2642 ex

402 2643 468 2709 aetite
491 2668 608 2711 liquari
635 2668 812 2707 potuerunt
836 2681 844 2691 .
877 2658 1045 2690 Minorum
1069 2664 1149 2687 unus
1180 2652 1248 2685 illic
1273 2651 1377 2686 fuerat

375 2688 433 2754 fibi
461 2716 487 2751 se
514 2710 648 2747 vesicula
674 2708 706 2739 in
731 2703 864 2737 ductum
889 2700 954 2743 jam
978 2697 1145 2744 contrahit
1169 2711 1178 2734 3
1203 2707 1304 2738 neque
1328 2705 1380 2728 ta-

378 2772 452 2798 men
479 2757 554 2791 bilis
578 2749 711 2796 egressui
736 2747 931 2785 obstiterat,
956 2752 990 2776 ut
1015 2740 1170 2790 vesicula,
1194 2738 1379 2788 priusquam

377 2803 590 2845 incideremus
613 2819 622 2834 ,
655 2788 832 2833 compressa
853 2812 865 2829 ,
898 2786 1206 2834 animadvertimus.
1231 2784 1380 2824 Denique

373 2861 450 2886 cum
474 2848 507 2880 in
533 2842 661 2875 renibus
686 2837 730 2870 nil
753 2834 825 2867 eslet
852 2831 1061 2877 adnotatione
1083 2827 1217 2870 dignum
1237 2839 1247 2862 ·‚
1273 2835 1380 2875 aperta

378 2891 482 2927 vesica
515 2885 655 2920 urinaria
675 2903 684 2920 ,
719 2880 752 2911 in
777 2876 949 2919 posteriore
981 2883 1045 2914 ejus
1071 2869 1152 2921 facie
1176 2869 1266 2920 supra
1289 2872 1381 2915 orifi-

381 2938 469 2971 cium
496 2930 565 2965 alba
589 2924 733 2968 quaedam
756 2920 923 2961 apparuit,
947 2918 1056 2964 exigui
1072 2915 1169 2948 instar
1192 2913 1308 2946 inversi
1324 2924 1385 2954 py-

381 2981 410 3016 ri
480 2971 723 3018 protuberantia
747 2966 912 3006 aliquanto
937 2971 1039 3002 major
1061 2970 1159 3001 quam
1182 2965 1250 2990 erat
1271 2967 1384 3007 carun-

380 3001 454 3058 cusa
479 3014 656 3052 seminalis,
681 3010 716 3045 ad
741 3018 836 3050 quam
851 3005 949 3048 usque
975 3004 1002 3037 se
1028 3001 1245 3044 producebat,
1269 3010 1303 3050 in
1315 3011 1382 3049 eiti-

379 3068 445 3103 lem
469 3070 576 3096 tamen
601 3056 820 3092 humilemque
844 3050 961 3082 lineam
986 3046 1151 3081 contracta
1172 3066 1182 3094 3
1205 3045 1271 3076 ima
1293 3043 1381 3075 illius

381 3102 635 3155 protuberantlae
660 3108 751 3140 pars,
774 3105 845 3135 qua?
868 3095 951 3126 intra
976 3089 1113 3125 urethrae
1137 3090 1269 3121 initium
1304 3097 1381 3127 pro-

378 3155 523 3189 minens,
547 3156 620 3179 cum
638 3139 777 3176 Prostata
802 3136 950 3178 glandula
962 3134 1295 3180 continuabaturgut
1308 3140 1381 3162 cum

379 3209 418 3233 ex
441 3196 573 3230 eadem,
598 3199 636 3223 ex
660 3196 722 3228 qua
747 3181 812 3215 brec
838 3179 932 3217 esset,
959 3177 1132 3226 substantia
1155 3201 1164 3216 ,
1196 3184 1277 3224 quin
1303 3174 1378 3205 Pro-

381 3240 472 3276 statae
495 3232 705 3270 excrescentia
731 3225 829 3262 esset,
852 3224 972 3256 nemini
997 3233 1035 3255 ex
1060 3221 1124 3253 illis
1147 3229 1203 3262 qui
1227 3228 1259 3249 in
1271 3227 1378 3249 earum

382 3284 527 3327 partium
551 3271 796 3310 dissefflonibus
819 3268 921 3309 magis
944 3265 1112 3300 exercitati
1138 3263 1266 3297 aderant
1285 3282 1297 3300 ‚
1321 3257 1379 3295 esse

381 3322 598 3363 dubitandum
622 3316 785 3350 videretur
799 3336 807 3346 .
895 3355 902 3360 Ι
1222 3346 1227 3350 ,
1355 3345 1361 3352 ,

449 3381 474 3402 1.
501 3367 638 3399 Utinam
672 3359 762 3393 sicuti
788 3366 860 3398 quae
892 3365 925 3386 in
951 3361 1024 3387 toto
1058 3358 1146 3384 erant
1169 3348 1265 3389 hujus
1289 3347 1379 3379 Senis

379 3383 515 3458 gor3pore
539 3415 655 3456 praeter
678 3411 823 3437 naturam
854 3398 898 3433 ob
920 3392 953 3431 id
987 3397 1096 3430 saltem
1121 3405 1158 3427 ne
1182 3389 1328 3434 quaedam
1350 3400 1381 3423 te

952 143 1113 201 'Liber
1144 151 1226 200 111.
1261 143 1345 198 De
1379 110 1594 201 Morbis
1618 142 1827 197 Ventris

1418 220 1565 264 fugerent
1588 232 1660 264 quae
1691 228 1922 261 nonnunquam
1945 219 2081 253 occultae
2112 214 2172 250 esse
2193 214 2321 259 possunt
2340 225 2410 250 non

1418 265 1538 298 levium
1561 262 1690 298 fortasse
1714 264 1903 297 morborum
1926 263 2047 300 causae3
2073 261 2193 296 sicuti,
2211 260 2345 303 inquam
2369 261 2412 292 il-

1421 309 1450 342 la
1475 309 1718 347 adnotavimus,
1742 308 1787 340 ita
1834 307 1945 339 uiuam
1968 307 2002 339 in
2025 307 2101 338 vivo
2112 305 2335 347 plerorumque
2356 315 2413 336 teo-

1422 363 1494 386 rum
1517 350 1645 386 effeetus
1668 318 1904 392 praeceffisient,
1927 360 1984 383 nos
1994 350 2128 382 minime
2150 347 2282 380 lateret.
2306 345 2416 379 Sedis-

1421 395 1477 428 lud
1500 396 1533 428 in
1557 394 1720 437 ptaesentia
1742 394 1818 427 scire
1842 392 1913 426 satis
1935 393 1976 426 est
1999 414 2010 429 ‚
2040 403 2113 428 cum
2137 401 2189 423 eos
2222 389 2359 423 calculos
2379 390 2415 422 in

1416 439 1502 481 cysti
1524 438 1656 471 haberet
1674 447 1690 478 ,·
1720 437 1888 470 ιὲὶειίειιῐῐι
1910 445 2017 475 tamen
2042 447 2105 469 non
2128 434 2214 467 secus
2237 444 2271 466 ac
2293 432 2416 466 descri-

1420 492 1485 524 ptae
1510 482 1657 515 mulieres
1677 503 1686 519 ‚
1720 483 1751 513 δι
1775 489 1826 513 tot
1850 480 1904 513 alii
1929 478 2020 522 supra
2053 477 2106 521 (h
2126 481 2141 517 )
2171 474 2326 515 indicati,
2347 474 2414 508 'non

1420 523 1512 559 fuisse
1532 550 1541 558 .
1574 522 1675 567 Quod
1698 521 1720 556 fi
1744 525 1800 557 uni
1833 522 1915 557 mihi
1937 522 1978 556 fic
2009 521 2175 555 observare
2198 518 2380 560 contigisset
2404 529 2415 555 ς

1418 565 1514 603 facile
1537 567 1668 601 finerem
1689 592 1699 607 ,
1731 568 1788 608 qui
1811 567 2008 600 contrariam
2032 565 2134 599 adhuc
2166 563 2278 597 fovent
2300 563 2416 603 opina-

1418 613 1565 653 tionem,
1587 610 1668 644 illud
1691 611 1852 652 negligere
1871 634 1881 648 ‚
1908 620 1962 643 aut
1984 609 2172 643 diffimulare
2190 632 2199 640 .
2233 607 2279 638 At
2303 614 2416 646 praeter

1417 655 1538 691 similes
1560 666 1637 698 quas
1660 653 1739 687 alias
1762 656 1774 691 (
1797 654 1810 687 i
1830 656 1844 693 )
1866 653 2027 695 produxi,
2052 652 2235 685 Hominum
2258 647 2414 697 Graviffi-

1419 710 1546 732 morum
1569 697 1843 734 Observationes,
1869 698 1900 729 &
1924 696 2082 729 Valsalvae
2105 694 2177 728 illas
2199 703 2278 736 quas
2293 693 2415 724 intuca-

1417 744 1450 775 vi
1475 747 1484 782 (
1508 742 1527 782 l<
1549 743 1581 779 )‚
1605 750 1655 773 tot
1677 740 1846 781 supersunt
1872 740 1960 779 aliae,
1985 748 2021 773 ut
2044 749 2156 772 omnes
2181 747 2229 769 me
2252 745 2415 769 enumera-

1417 797 1451 819 re
1475 784 1561 828 posse
1583 783 1727 818 diffidam
1751 810 1758 817 .
1794 782 1959 826 Quasdam
1982 784 2086 825 igitur
2109 781 2183 815 satis
2206 779 2243 813 fit
2268 779 2306 812 ad
2329 779 2417 820 prio·

1416 840 1466 862 res
1490 829 1560 862 illas
1585 825 1755 860 addidisse.
1778 828 1897 861 Laelius
1920 838 1936 859 a
1957 827 2060 865 Fonte
2083 830 2092 865 (
2117 825 2129 859 l
2151 828 2161 863 )
2187 822 2267 857 senis
2282 819 2418 864 Episco-

1417 874 1450 914 pi
1473 871 1604 914 vesicam
1620 866 1751 911 felleum
1774 877 1927 911 repertam
1941 866 2169 913 fuiffelevibus
2192 864 2347 908 lapidibus
2367 874 2416 897 re-

1416 916 1558 958 pletam,
1584 913 1721 953 scribit,
1743 914 1785 947 &⁸
1808 920 1911 946 tamen
1933 923 2087 954 nunquam
2109 905 2345 952 illeritiafuiffe
2366 909 2417 941 cie-

1419 966 1541 992 tentum
1563 982 1574 993 .
1607 957 1731 991 Eadem
1753 955 1880 999 prorsus
1914 956 1953 989 de
1975 956 2097 989 Vetula
2119 953 2257 997 quadam
2280 952 2414 1000 testatur

1419 1001 1592 1036 Pechlinus
1616 1005 1626 1040 (
1651 1000 1715 1042 m)
1739 1023 1750 1040 ‚
1782 1002 1813 1033 &
1834 999 1872 1033 de
1906 999 2040 1033 muliere
2071 1009 2142 1041 quae
2168 996 2282 1039 Lipfiae
2306 1003 2414 1041 capite

1419 1046 1572 1078 mulctata
1596 1045 1663 1082 est,
1681 1044 1897 1079 Ettmfilierus
1919 1047 1933 1083 (
1954 1054 1973 1075 n
1995 1046 2030 1082 )‚
2053 1053 2125 1075 cum
2136 1041 2167 1074 in
2183 1037 2331 1083 folliculo
2348 1035 2416 1080 fel-

1419 1087 1461 1121 lis
1482 1087 1617 1130 copiosos
1640 1097 1761 1129 gereret
1786 1086 1904 1129 lapides
1926 1085 2079 1128 majores,
2102 1084 2288 1117 &minores
2300 1103 2312 1120 ,
2336 1080 2418 1112 Val-

1419 1131 1564 1165 lisnerius
1588 1140 1694 1164 autem
1719 1129 1824 1163 noster
1855 1133 1869 1170 (
1889 1140 1906 1163 ο
1930 1133 1940 1169 )
1966 1129 1996 1163 se
2018 1139 2102 1162 nunc
2125 1128 2282 1170 plurimos
2306 1124 2417 1157 felleos

1420 1175 1562 1208 calculos
1593 1198 1602 1212 ,
1629 1185 1712 1207 nunc
1734 1185 1836 1207 unum
1860 1184 2010 1216 magnum
2034 1174 2068 1205 in
2093 1172 2234 1213 plurium
2258 1168 2420 1201 cadaveri—

1421 1218 1480 1251 bus
1493 1216 1728 1259 deprehendiss‘e
1739 1219 1793 1259 qui
1805 1227 1960 1258 nunquam
1975 1216 2100 1249 fuerant
2115 1215 2240 1256 arquati
2254 1237 2261 1244 .
2286 1212 2425 1244 Baeum·

1421 1262 1504 1295 linus
1527 1266 1582 1303 (p
1605 1264 1614 1300 )
1638 1270 1720 1303 quot
1743 1259 1839 1301 cystis
1861 1259 2000 1294 calculos
2022 1260 2056 1291 in
2079 1269 2115 1291 ea
2138 1257 2289 1299 repererit
2312 1255 2421 1297 inqua

1420 1305 1542 1338 ἰὲἶενίεἰ
1564 1304 1637 1347 quid
1659 1315 1723 1337 non
1749 1313 1958 1347 apparuerat;
1981 1312 2063 1346 quot
2084 1301 2250 1335 Fabricius
2274 1303 2283 1339 (
2308 1309 2326 1340 q
2350 1301 2363 1336 )
2386 1299 2421 1330 iss

1419 1360 1454 1381 ea
1477 1360 1549 1390 quae
1583 1347 1757 1389 adsensum
1780 1357 1846 1380 erat
1863 1347 1939 1389 sana
1962 1360 1971 1384 3
2005 1354 2088 1388 quot
2110 1344 2246 1388 denique
2268 1340 2423 1375 Hallerus

1420 1396 1431 1431 (
1455 1402 1470 1424 r
1490 1395 1503 1432 )
1526 1392 1559 1424 in
1583 1391 1642 1424 alia
1665 1402 1735 1433 quae
1752 1388 1907 1433 samffima
1929 1389 2093 1424 videbatur
2111 1412 2121 1430 ,
2143 1390 2286 1431 itemque
2310 1387 2344 1418 in
2368 1395 2424 1417 ve-

1418 1435 1486 1468 tula
1510 1436 1543 1467 in
1566 1446 1630 1478 qua
1653 1434 1742 1468 ἰῑίενί
1764 1433 1849 1468 nulla
1865 1434 1974 1476 signa,
2001 1431 2108 1466 videte
2132 1443 2187 1475 per
2210 1441 2242 1465 te
2267 1429 2387 1471 poteris
2411 1440 2420 1460 :

1421 1490 1479 1512 nec
1504 1490 1579 1511 vero
1605 1477 1810 1520 suspicaberis
1830 1500 1840 1515 ,
1874 1479 1908 1510 in
1934 1485 1986 1510 tot
2008 1476 2079 1509 aliis
2101 1475 2199 1519 ipsius
2223 1473 2365 1508 historiis
2387 1471 2424 1504 in

1445 1522 1537 1556 uibus
1561 1523 1647 1555 nulla
1671 1522 1762 1555 icteri
1786 1521 1911 1554 mentio
1932 1520 1997 1557 est,
2020 1518 2106 1554 hunc
2129 1516 2260 1552 fortasse
2282 1527 2346 1550 non
2370 1514 2424 1549 de-

1419 1534 1511 1599 ?uisse
1532 1592 1540 1606 ,
1564 1565 1694 1607 quando
1720 1564 2004 1602 animadverteris,
2029 1563 2085 1596 ubi
2109 1563 2239 1596 illarum
2265 1559 2422 1594 summam

1420 1609 1547 1651 colligit
1573 1609 1626 1652 (s
1642 1613 1677 1649 ),
1701 1606 1859 1648 scribere,
1883 1606 1941 1640 hos
1964 1605 2292 1648 calculosplerumque
2314 1602 2424 1645 absque

1420 1653 1520 1685 ietero
1544 1652 1620 1696 effe,
1639 1662 1695 1694 per
1717 1652 1926 1692 experimenta
1941 1650 2002 1695 sua
2024 1649 2173 1690 constare.
2197 1650 2368 1685 Caeteros,
2392 1648 2424 1679 &

1420 1698 1454 1729 in
1478 1694 1528 1729 his
1551 1697 1711 1729 Vaterum
1737 1698 1747 1733 s
1769 1701 1784 1726 t
1807 1697 1816 1732 )
1841 1693 1939 1727 sciens
1950 1694 2095 1733 omitto,
2118 1704 2193 1726 curn
2217 1692 2256 1725 ad
2269 1703 2321 1725 eos
2344 1700 2426 1733 quos

1421 1740 1614 1776 nominavi,
1637 1750 1700 1771 non
1724 1737 1799 1769 illos
1822 1746 1949 1770 tantum
1973 1736 2087 1770 addere
2111 1745 2260 1777 oporteat
2283 1745 2364 1776 quos
2375 1735 2429 1766 in-

1422 1781 1471 1815 fra
1494 1785 1507 1821 (
1530 1793 1549 1815 u
1572 1786 1583 1822 )
1610 1781 1765 1816 adducam
1788 1779 1935 1813 testantes
1955 1806 1965 1820 ‚
1989 1779 2018 1814 se
2039 1791 2114 1812 cum
2138 1780 2177 1811 iis
2199 1778 2331 1812 calculis
2356 1777 2428 1811 nul-

1423 1826 1487 1858 lam
1513 1824 1661 1867 prorsum
1686 1834 1804 1857 noxam
1827 1822 2036 1865 conjunstatn
2060 1821 2191 1860 vidisse,
2217 1820 2356 1856 sedilios
2379 1828 2431 1853 et-

1423 1870 1489 1902 iam
1513 1870 1567 1911 qui
1591 1880 1665 1902 cum
1689 1866 1894 1901 incommoda
1919 1866 2043 1909 reliqua
2069 1865 2270 1902 describant,
2294 1875 2348 1898 aut
2364 1875 2432 1897 me-

1426 1921 1554 1946 morent
1577 1922 1689 1945 eorum
1711 1911 1745 1944 in
1769 1910 1887 1953 quibus
1909 1909 2025 1951 cystici
2049 1908 2180 1943 fuerunt
2204 1910 2233 1943 la
2259 1909 2329 1947 illi,
2353 1908 2433 1941 iete-

1427 1967 1519 1993 rum‚
1542 1954 1630 1998 quod
1655 1955 1773 1988 vitium
1796 1956 1828 1987 in
1853 1954 1965 1987 oculos
1987 1953 2077 1988 ultro
2100 1953 2222 1987 incurri
2250 1962 2305 1992 et,
2326 1953 2433 1986 omni-

1427 2011 1472 2033 no
1496 1998 1768 2041 praetermiserunt
1783 2020 1791 2035 ‚
1816 1998 1850 2030 in
1871 1997 1990 2040 quibus
2013 1996 2081 2030 noli
2104 1995 2230 2030 credere
2252 2018 2262 2034 ,
2287 2005 2434 2030 tantum-

1425 2040 1595 2077 modoesse
1608 2041 1873 2075 Reverhorstium
1897 2043 1985 2079 (x),
2009 2040 2193 2074 Contulum
2219 2042 2308 2082 (y),
2334 2038 2433 2074 Ried-

1428 2087 1531 2119 linum
1557 2088 1648 2128 (z),
1671 2083 1909 2118 Hoffmannum
1933 2087 2021 2125 (a),
2046 2083 2186 2117 Baffium
2219 2081 2313 2125 (b),
2338 2083 2435 2117 alios-

1429 2141 1491 2172 que
1515 2140 1553 2161 ex
1576 2129 1676 2172 magis
1687 2128 1889 2166 recentibuS.
1915 2126 2159 2171 Sepulchretum
2181 2126 2351 2161 dumtaxat
2365 2136 2435 2159 ver-

1431 2174 1485 2206 sa.
1511 2173 1658 2205 Invenies
1684 2172 1845 2205 Bonetum
1868 2174 1953 2210 (c),
1978 2170 2173 2204 Mortonum
2199 2171 2279 2211 (d),
2304 2169 2436 2205 Greise-

1428 2217 1508 2250 lium
1534 2219 1619 2255 (e),
1644 2216 1890 2248 Kentmannum
1914 2212 2008 2257 (ff,
2033 2213 2324 2249 Huldedreichium
2350 2214 2435 2258 (g),

1428 2258 1630 2304 (Jnoffelium
1653 2258 1746 2299 (h),
1769 2259 1849 2291 alios
1869 2270 1879 2294 3
1902 2269 2004 2300 neque
2028 2258 2113 2291 enim
2136 2267 2262 2300 tempus
2287 2259 2367 2292 mihi
2393 2258 2436 2290 est

1435 2302 1472 2336 ad
1496 2314 1605 2335 omnes
1628 2302 1818 2344 singillatim
1841 2301 2050 2340 indicandos,
2073 2312 2155 2343 quos
2176 2313 2250 2336 cum
2275 2302 2434 2344 legerem,

1433 2356 1499 2379 non
1524 2347 1842 2388 potui.existimare‚
1868 2345 2019 2380 morbum
2044 2347 2189 2387 regium,
2213 2346 2237 2379 fi
2263 2344 2332 2380 suos
2353 2342 2438 2378 infe-

1433 2389 1523 2423 cisset
1548 2400 1672 2430 aegros‚
1695 2387 1786 2423 fuisse
1810 2387 1907 2422 facile
1932 2389 2179 2431 praeterituros.

1477 2443 1529 2475 32.
1552 2433 1644 2470 Quid
1666 2444 1744 2475 ergo
1767 2432 1812 2466 est
1833 2456 1842 2473 ‚
1875 2432 2005 2475 inquis,
2027 2432 2116 2475 quod
2140 2432 2274 2475 plurimi
2300 2430 2437 2465 viciffim

1433 2477 1525 2509 testes
1549 2476 1598 2509 vel
1621 2478 1655 2508 in
1680 2475 1891 2519 Sepulchreto
1914 2475 1985 2517 ipso
2009 2476 2256 2517 producuntur,
2279 2477 2335 2516 qui
2361 2486 2435 2507 cum

1432 2519 1564 2561 cysticis
1588 2519 1705 2561 lapillis
1728 2520 1814 2552 hunc
1837 2517 2048 2559 conjunfflum
2073 2519 2225 2552 morbum
2250 2518 2398 2553 viderunt
2422 2516 2438 2550 ,ἒ

1431 2563 1514 2596 Νοῐι
1537 2562 1610 2595 ideo
1633 2571 1717 2595 certe
1741 2562 1829 2605 quod
1853 2561 1903 2595 his
1927 2562 2038 2603 positis
2063 2585 2073 2600 ‚
2099 2561 2151 2595 hic
2175 2573 2305 2603 quoque
2328 2561 2433 2595 neces-

1433 2607 1515 2640 sario
1539 2606 1617 2648 poni
1640 2605 1774 2639 debeat.
1798 2606 1849 2637 Sic
1872 2606 1959 2638 enim
1984 2604 2136 2638 vidissent
2159 2616 2271 2637 omnes
2294 2631 2302 2638 .
2327 2607 2437 2647 Igitur

1432 2649 1477 2683 ob
1499 2648 1624 2682 causam
1649 2649 1747 2682 aliam
1770 2648 1911 2690 aliquam
1933 2674 1940 2681 .
1966 2648 2115 2690 Exempli
2140 2650 2227 2688 enim
2249 2650 2373 2689 gratia3
2399 2662 2437 2684 ne

1434 2706 1450 2728 a
1475 2692 1683 2736 Sepulchreto
1708 2691 1886 2726 recedamus
1908 2705 1917 2729 3
1941 2691 2035 2725 habes
2058 2693 2093 2724 in
2128 2691 2288 2734 Helwigii
2313 2692 2438 2728 Obser-

1431 2738 1561 2770 vatione
1584 2741 1594 2777 (
1620 2736 1631 2769 i
1654 2740 1668 2777 )
1691 2736 1828 2770 {elerum
1851 2747 1926 2769 cum
1949 2736 1989 2768 iis
2009 2734 2157 2771 calculis3
2182 2734 2234 2768 sed
2255 2737 2351 2769 etiam
2363 2749 2437 2771 curn

1431 2779 1546 2824 hepate
1581 2780 1725 2814 marcido
1744 2802 1755 2819 ‚
1789 2783 1819 2813 &
1843 2778 2039 2821 putrescente
2059 2792 2067 2811 :
2091 2778 2187 2812 habes
2209 2778 2282 2811 illos
2306 2791 2438 2823 quoque

1432 2826 1466 2858 in
1492 2822 1611 2857 Vesalii
1637 2828 1649 2863 (
1669 2823 1734 2865 4),
1757 2824 1788 2855 δε
1812 2822 2001 2859 Verzaschae
2033 2821 2093 2862 (l)
2116 2820 2437 2863 Observationibu53

1437 2879 1467 2902 at
1492 2867 1582 2901 simul
1607 2866 1695 2910 jecur
1720 2877 1893 2908 magnum,
1916 2866 2032 2900 durum
2047 2887 2055 2903 ‚
2078 2868 2109 2899 &
2132 2865 2256 2906 viride,
2275 2875 2334 2899 aut
2360 2867 2438 2901 scir—

1437 2910 1590 2949 rhesum,
1617 2910 1737 2943 flavum
1752 2932 1761 2948 ,
1788 2908 1962 2951 exsangue.
1984 2909 2043 2942 Est
2067 2909 2142 2942 alias
2167 2919 2228 2949 pro
2250 2909 2313 2943 hoc
2336 2912 2438 2945 vitio-

1436 2967 1510 2991 rum
1543 2965 1658 2998 genere
1683 2953 1771 2987 aliud
1805 2953 1923 2986 vitium
1943 2975 1953 2990 ‚
1985 2962 2022 2985 ut
2056 2963 2130 2986 cuin
2154 2952 2311 2987 Beckerus
2335 2955 2401 2996 (m
2424 2959 2435 2995 )

1435 2999 1577 3034 calculos
1599 3008 1663 3031 non
1690 2996 1786 3032 modo
1808 2996 1841 3028 in
1866 2997 1965 3030 vesica
1976 2996 2087 3034 fellea,
2114 2994 2165 3029 sed
2189 2997 2309 3038 pariter
2330 2999 2362 3029 in
2376 3009 2437 3040 po·
2474 3021 2485 3023 <

1434 3044 1477 3076 ris
1498 3040 1705 3076 choledochis
1730 3048 1871 3081 repertos
1896 3041 2067 3082 proponit.
2094 3039 2188 3073 Alias
2210 3050 2286 3072 vero
2310 3050 2437 3074 utrum-

1433 3098 1495 3129 que
1518 3085 1581 3119 est.
1604 3085 1654 3118 Sic
1680 3084 1844 3117 Deodatus
1867 3087 1877 3123 (
1901 3094 1920 3115 n
1943 3086 1956 3123 >
1982 3107 1992 3124 ,
2025 3085 2057 3116 &
2079 3081 2323 3117 Dobrzenskius
2348 3088 2359 3124 (
2382 3096 2399 3118 ο
2422 3089 2434 3125 )

1432 3139 1502 3163 tuin
1525 3127 1641 3162 durum
1664 3126 1748 3170 jecur
1772 3149 1781 3164 ‚
1818 3136 1888 3161 tum
1911 3126 2054 3161 calculos
2078 3124 2171 3158 simul
2196 3127 2230 3159 in
2254 3126 2335 3168 cysti
2360 3150 2369 3167 ‚
2397 3128 2436 3161 fi-

1431 3172 1498 3206 mul
1533 3173 1566 3204 in
1589 3172 1627 3205 iis
1660 3169 1811 3204 cineribus
1835 3168 1924 3203 fuisse
1944 3192 1956 3209 ,
1991 3167 2154 3203 referunt.
2179 3169 2303 3203 Mirum
2328 3180 2435 3205 autem

1431 3227 1496 3250 non
1522 3214 1565 3248 est
1589 3238 1602 3255 ,
1635 3215 1799 3247 materiam
1823 3213 1898 3246 bilis
1930 3213 1969 3247 ad
1993 3214 2117 3254 regium
2140 3213 2292 3247 morbum
2313 3212 2436 3249 facien-

1430 3259 1508 3293 dum
1530 3260 1564 3290 in
1589 3258 1739 3300 sanguine
1765 3268 1926 3290 remanere
1945 3281 1954 3296 ‚
1986 3267 2061 3290 curn
2084 3257 2174 3290 illam
2197 3255 2287 3298 jecur
2310 3267 2362 3290 aut
2388 3257 2434 3291 se-

1431 3313 1577 3340 cernere,
1600 3312 1653 3336 aut
1677 3301 1847 3337 secretam,
1871 3311 1910 3333 ne
1932 3300 2061 3342 reliquae
2085 3299 2292 3333 secretionem
2319 3299 2434 3343 prohi-

1430 3347 1536 3383 beat,
1561 3355 1647 3378 extra
1672 3345 1700 3377 se
1725 3345 1854 3378 mittere
1877 3355 1941 3377 non
1966 3342 2067 3386 potest
2088 3368 2095 3376 .
2120 3343 2194 3377 Huc
2219 3353 2326 3377 autern
2352 3343 2435 3378 refe.

1431 3390 1560 3427 rendam
1573 3388 1632 3423 esse
1643 3388 1732 3423 illam
1744 3399 1872 3431 quoque
1880 3396 2021 3427 veterem
2034 3385 2307 3422 Observationem
2320 3391 2382 3430 (p)
2396 3389 2431 3423 in

2287 3439 2390 3464 matre

374 3487 2441 3534 w

674 3551 688 3579 (
703 3550 712 3573 ι·
728 3552 739 3576 )
755 3546 828 3575 Epist.
847 3545 919 3568 Anat.
937 3550 957 3568 1.
975 3550 998 3568 tt.
1016 3550 1053 3571 50-
1070 3548 1110 3571 5¹·

1172 3539 1187 3569 ζ
1201 3537 1217 3563 k
1233 3538 1247 3567 )
1263 3537 1330 3566 supra
1342 3553 1349 3567 ,
1365 3545 1390 3561 n.
1406 3543 1444 3566 ²7-

1256 3567 1263 3595 (
1282 3576 1297 3590 n
1317 3568 1324 3596 )
1342 3570 1411 3592 Prax.
1430 3568 1445 3591 l.
1463 3575 1484 3592 ι.
1502 3569 1526 3590 S.
1546 3575 1582 3596 17.
1599 3575 1621 3593 c.
1639 3575 1661 3596 3.
1683 3573 1730 3591 art.
1747 3575 1769 3595 4.

1070 3603 1076 3632 (
1092 3610 1103 3627 r
1120 3603 1133 3631 )
1148 3599 1238 3629 opusc.
1258 3598 1352 3623 Pathol.
1370 3597 1428 3623 Obs.
1447 3606 1482 3628 33.
1500 3597 1555 3621 Hist.
1575 3606 1597 3626 7-
1616 3598 1638 3621 δι
1657 3605 1692 3624 ιι,

1385 3630 1400 3658 (
1413 3637 1427 3651 κ
1445 3630 1452 3660 )
1473 3628 1529 3652 Diss.
1547 3626 1615 3657 supra
1632 3627 1673 3653 eit.
1689 3626 1719 3654 ad
1736 3635 1762 3651 n.
1781 3629 1818 3651 16.

1006 3665 1019 3693 (
1037 3672 1052 3687 a
1069 3664 1081 3690 )
1098 3670 1152 3691 cap.
1169 3661 1237 3690 supra.
1254 3659 1283 3684 ad
1299 3668 1322 3683 n.
1342 3668 1377 3689 ις.
1395 3659 1436 3683 cit.
1455 3658 1515 3684 Obs.
1533 3666 1554 3683 1.
1616 3659 1623 3688 (
1643 3658 1656 3682 b
1673 3659 1687 3688 )

530 3563 555 3578 n.
572 3561 584 3576 2
605 3569 611 3576 .
1071 3572 1075 3576 .

439 3557 522 3618 223)
540 3561 608 3612 Apu⁷d
625 3579 734 3608 Scheffel.
752 3577 812 3603 Diss.
831 3575 898 3603 supra
916 3574 945 3598 ad
962 3581 984 3596 n.
1004 3581 1039 3602 ¹3-
1055 3579 1099 3596 cit.
1116 3570 1138 3601 §.
1159 3573 1193 3594 16.

440 3620 456 3647 (
471 3624 486 3646 p
501 3617 515 3644 )
530 3616 544 3644 (
559 3623 572 3643 q
589 3614 603 3643 )
620 3614 656 3635 loc
683 3610 779 3634 indicat.
798 3607 864 3640 supra
882 3604 909 3628 ad
927 3612 950 3631 n.
968 3611 1003 3632 ²3·

441 3650 456 3677 (
473 3654 482 3670 t
497 3647 510 3674 )
526 3644 583 3669 Diis.
602 3642 666 3671 supra
684 3642 711 3664 ad
728 3648 751 3664 n.
770 3641 805 3664 16.
822 3642 865 3662 cit.
883 3634 940 3660 thes.
960 3642 980 3663 9.
1043 3634 1056 3662 (
1072 3641 1087 3656 α
1105 3632 1117 3660 )
1134 3639 1156 3655 n.
1178 3633 1215 3660 38.
1235 3629 1257 3653 ak
1276 3629 1322 3658 seq.

440 3680 449 3707 (
469 3685 487 3704 z
503 3676 512 3706 )
529 3674 586 3702 Eph.
604 3675 627 3696 Ν
655 3674 682 3696 C.
702 3674 772 3695 Cent.
791 3677 811 3699 3.
830 3665 887 3691 Obs.
905 3674 944 3695 45.

443 3708 458 3736 (
474 3707 488 3728 d
506 3709 513 3735 )
531 3707 552 3728 St
571 3712 593 3732 7.
613 3702 670 3726 Obs.
689 3709 726 3730 43.
788 3701 796 3724 s
815 3707 826 3722 e
843 3698 856 3727 )
873 3698 899 3720 S.
920 3703 953 3720 ιι.
971 3695 1029 3719 obs.
1044 3697 1082 3722 46.
1144 3691 1212 3722 (f)
1229 3693 1245 3715 1.
1264 3698 1284 3719 3.
1304 3692 1328 3714 S.
1347 3699 1371 3718 7.
1389 3689 1449 3715 obs,
1467 3698 1505 3719 33,

446 3739 462 3766 (
478 3736 514 3763 i]
533 3734 592 3758 lb'td.
611 3735 633 3757 s.
650 3741 670 3759 7.
691 3732 715 3754 in
733 3728 858 3754 Additam.
878 3725 936 3751 obs.
956 3733 977 3750 ι.
1039 3724 1083 3757 ωε
1105 3724 1112 3751 )
1129 3724 1154 3746 s.
1174 3723 1208 3747 18.
1226 3720 1285 3746 obs.
1300 3722 1323 3744 8.
1344 3721 1366 3750 §.
1382 3730 1397 3750 4

449 3770 461 3806 ξ
477 3774 502 3795 m
517 3770 526 3797 Δ*
543 3764 600 3792 sest.
617 3763 668 3789 ead.
686 3760 745 3789 Obs.
762 3761 786 3784 8.
805 3758 829 3788 §.
850 3764 869 3783 ι.
931 3756 977 3788 (n
994 3756 1003 3787 )
1021 3754 1086 3780 lbid.
1104 3753 1125 3784 §.
1143 3760 1180 3779 10.

1242 3752 1286 3785 (ο
1303 3750 1311 3782 )
1328 3752 1353 3778 S.
1370 3755 1409 3778 16.
1425 3750 1481 3776 obs.
1499 3759 1522 3785 5.

1505 3536 1519 3565 (
1534 3536 1545 3560 1
1560 3536 1574 3565 )
1590 3536 1702 3561 eonsult.
1719 3534 1787 3561 Med.
1807 3542 1858 3565 ¹3⁹·
1875 3533 1899 3559 in
1916 3533 1958 3558 fin.
2037 3563 2043 3567 Ι

1831 3567 1842 3590 (
1858 3573 1871 3599 ιζ
1889 3565 1895 3593 )
1915 3566 2003 3598 Adnot-
2022 3568 2065 3589 cit.
2081 3562 2150 3593 supra
2164 3561 2193 3587 ad
2209 3569 2232 3587 n.
2251 3569 2287 3592 13.

1753 3597 1768 3626 ζ
1779 3595 1799 3625 s
1813 3595 2101 3680 ὶέζέἀὶἰῐίςῗίοὲῗῖυρη
2117 3624 2147 3682 a}
2161 3622 2295 3677 ¹t'i.²:t3.stzit.
2311 3629 2386 3681 :bg-s<-

1565 3689 1609 3719 (ε
1625 3688 1635 3719 )
1651 3690 1675 3714 s.
1698 3661 1809 3721 Rff‘assr.
1827 3674 1877 3720 μ·
1920 3663 1969 3719 “sa
1983 3660 2034 3713 2⁹·s.
2052 3656 2087 3715 ,ᾗ
2103 3662 2218 3715 buxu:
2229 3671 2261 3720 „55
2276 3662 2301 3716 ἑξ·
2373 3661 2428 3687 ·³⁵·

1420 3728 1476 3744 cum
1493 3719 1551 3746 Obs.
1567 3728 1628 3781 aiz-p
1643 3748 1652 3781 )
1671 3718 1705 3775 (Sl
1721 3717 1858 3775 iugis}
1873 3716 1955 3780 Agidgt.
1972 3715 2030 3742 obs.
2050 3719 2073 3741 6.

1690 3766 1697 3775 ι
1715 3757 1724 3775 1
1743 3765 1750 3774 ο
1820 3764 1827 3775 ι
1859 3764 1866 3773 ι
1901 3763 1909 3773 ο
1940 3763 1948 3775 ι
