2498 4075
428 100 524 156 118

975 94 1132 152 Liber
1165 94 1200 147 I.-
1234 93 1318 147 De
1354 91 1559 147 Morbis
1590 90 1794 157 Capitis

362 194 443 216 num
463 182 506 217 est
530 205 540 216 ,
575 178 727 222 scopum,
749 186 801 213 aut
825 189 864 212 ex
886 178 1000 212 Africa
1022 174 1193 210 afferantur
1209 173 1358 221 ,similes
1407 178 1440 210 δι
1462 173 1583 208 ventris
1604 172 1720 207 viscera
1743 172 1926 208 consensum
1947 173 2014 216 jam
2036 175 2129 208 liceat
2147 163 2326 216 explicare,
2348 179 2403 201 ve-

357 228 491 269 quidem
515 224 617 258 forma
632 247 640 261 ‚
664 225 696 255 &
718 222 932 265 quadantenus
955 221 1050 253 etiam
1061 218 1193 260 colore,
1217 218 1267 252 sed
1289 218 1359 250 lon·
1408 220 1457 253 lut
1480 228 1552 252 euin
1573 227 1666 259 quem
1690 218 1723 249 in
1742 219 1868 250 Procere
1881 215 2144 258 Generofiffimo,
2166 227 2227 258 pro
2249 226 2312 257 quo
2323 223 2401 245 con-

356 282 420 311 ge,
446 281 479 302 ut
503 268 586 301 idern
609 265 756 305 dicebat,
778 268 911 308 impares
933 263 1074 296 viribus.

406 317 456 345 26.
481 314 563 346 Dua:
597 321 667 353 quae
690 311 834 342 omnium
869 307 1029 349 postremae
1061 306 1095 338 in
1120 306 1265 338 Sefflone
1297 302 1356 337 hac

361 355 583 398 producuntur
610 375 618 389 ‚
654 352 904 386 Observationes
931 374 943 391 ,
980 349 1079 382 ambae
1103 372 1115 389 ,
1153 358 1187 382 ut
1211 347 1355 386 dicitur,

363 401 477 433 Romae
499 396 644 436 hab-itte,
666 395 824 438 ejusmodi
851 394 921 427 sunt
941 418 950 432 ‚
975 404 1010 426 ut
1034 393 1128 425 altera
1152 403 1221 435 quae
1244 390 1281 423 de
1306 389 1356 423 hi-

359 442 469 476 rudine
492 441 535 474 est
556 451 571 472 e
595 438 721 472 naribus
742 438 781 471 ad
803 437 921 470 cerebri
944 438 1067 470 tunicas
1091 443 1293 477 penetrante,
1317 432 1356 465 {i-

360 486 426 520 mul
453 492 651 528 proponatur
672 505 682 521 ,
714 481 802 514 simul
828 480 895 521 jure
917 503 928 520 ,
961 491 994 512 ac
1019 481 1134 512 merito
1156 477 1320 520 rejiciatur
1343 488 1354 514 ς

362 530 458 561 altera
483 538 586 561 autem
610 525 648 558 de
673 524 789 557 Pistore
814 524 994 558 Suburrano
1017 532 1166 565 tanquam
1190 530 1275 555 certa
1299 530 1354 553 ex-

359 572 506 605 hibeatur
519 594 527 609 ‚
553 571 604 602 cui
625 592 637 609 ,
671 578 740 600 cum
762 566 888 607 vicefies
910 575 1020 608 quater
1035 562 1231 608 sternutaffet
1254 565 1355 596 conti-

361 625 439 651 nue,
459 613 625 655 succedens
646 611 787 653 proxime
803 609 1081 649 sternutamentum
1106 618 1155 648 25.
1182 606 1279 639 exitio
1283 604 1356 648 fuit

356 658 506 701 (hyruptis
539 655 668 688 arteriis
689 655 729 686 (ξφ
760 653 946 686 membranis
985 650 1140 685 cerebrum
1173 649 1356 681 circumcin-

355 700 519 742 gentibus.
654 693 703 730 De
715 697 837 737 magnis
861 708 876 727 a
901 695 1131 728 sternutatione
1151 692 1354 724 detrimentis

354 744 504 785 equidem
528 741 593 783 ipse
617 750 680 772 non
706 739 821 773 dubito
842 761 854 778 ‚
877 750 948 781 quae
972 737 1107 770 Medicce
1131 734 1282 768 testantur
1304 733 1356 767 hi-

355 786 458 819 storiae
483 798 491 818 ε
525 785 602 826 quin
627 784 723 815 etiam
745 781 766 814 fi
791 780 831 813 ab
854 793 887 813 ea
909 781 985 812 velis
1020 782 1054 812 in
1080 778 1197 812 Pistore
1220 778 1279 810 illo
1301 789 1355 810 va-

353 830 437 863 scula
461 827 578 861 cerebri
602 826 745 868 disrupta
771 822 851 862 effe,
874 835 938 856 non
962 823 1047 857 secus
1072 832 1165 865 atque
1188 823 1220 854 in
1245 820 1354 854 Vidua

354 872 392 904 de
416 884 476 915 qua
501 870 596 913 paulo
619 879 690 900 ante
715 867 798 910 (s)
821 865 942 900 dietum
970 866 1033 905 est,
1059 867 1091 898 in
1115 866 1239 898 narium
1261 865 1350 898 tuni-

351 927 388 948 ca
414 924 519 957 aperta
541 912 665 946 fucrant
690 924 700 950 3
734 922 796 944 non
820 909 909 942 valde
934 909 1116 952 repugnabo
1137 933 1145 941 .
1183 907 1268 941 Illud
1293 907 1351 941 du-

355 959 445 992 bium
470 956 533 995 est,
559 968 595 988 an
619 955 735 988 cerebri
759 953 852 994 vasa,
876 957 907 986 δι
931 954 1120 986 membranae
1143 962 1247 984 revera
1270 952 1351 983 ineo

358 1002 479 1035 Pistore
503 997 655 1042 disruptae
673 997 733 1031 sint
749 1022 756 1029 .
783 998 952 1031 Famianus
976 998 1062 1029 enim
1077 996 1186 1028 Strada
1211 995 1353 1037 quiOb-

354 1045 540 1078 servationis
575 1042 660 1085 quasi
684 1041 770 1075 testis
804 1039 992 1082 producitur
1014 1063 1025 1080 ,
1057 1042 1090 1072 in
1114 1051 1146 1071 ea
1172 1036 1354 1071 Prolusione

354 1101 425 1131 quae
450 1086 637 1121 inscribitur
660 1084 760 1123 'Pistor
772 1083 970 1116 Suburranus
993 1086 1006 1122 (
1030 1091 1044 1116 t
1066 1087 1099 1123 )‚
1127 1080 1233 1122 nihil,
1256 1092 1354 1122 quan-

353 1141 422 1165 tum
448 1143 506 1173 ego
530 1132 663 1173 reperire
688 1129 779 1171 potui
802 1151 811 1167 ,
843 1127 882 1159 de
906 1139 943 1159 eo
977 1126 1072 1160 habet
1094 1149 1103 1163 ,
1138 1124 1194 1157 nisi
1221 1124 1353 1157 relatum

357 1174 432 1211 sibi,
455 1173 650 1216 posteaquam
675 1180 723 1205 ter
753 1183 789 1204 ac
811 1171 912 1204 vicies
946 1169 1118 1203 continenti
1134 1168 1252 1211 spiritu
1277 1167 1356 1206 ster-

356 1216 469 1261 nuiffct
484 1242 492 1255 ,
513 1215 657 1258 vigefimo
680 1222 790 1257 quarto
806 1213 1049 1252 sternutamento
1066 1213 1202 1245 animam
1225 1208 1358 1253 efflaffe;

351 1260 393 1294 de
416 1260 504 1294 causa
529 1269 633 1291 autem
657 1257 772 1291 mortis
794 1257 912 1289 intima
936 1281 943 1295 ‚
967 1255 1083 1289 nedum
1106 1253 1143 1287 de
1166 1255 1284 1286 cerebri
1308 1255 1356 1285 in-

351 1305 533 1347 spectione,
557 1314 592 1334 ne
615 1301 750 1334 verbum
772 1299 901 1341 quidem
921 1323 928 1329 .
965 1300 1038 1331 Sine
1062 1298 1121 1331 hac
1159 1309 1234 1330 vero
1256 1298 1290 1329 in
1324 1307 1357 1328 e-

352 1347 488 1390 jusmodi
512 1344 703 1388 conjecturis
727 1355 822 1386 quam
847 1342 990 1385 proclive
1021 1341 1058 1374 fit
1083 1341 1188 1383 decipi
1212 1364 1224 1381 ,
1249 1339 1358 1382 ,subje-

352 1393 402 1425 &a
428 1389 624 1424 Observatio
646 1387 786 1421 ostendet
808 1410 820 1426 ,
858 1386 900 1419 ab
920 1385 1044 1419 duobus·
1069 1397 1131 1418 non
1157 1384 1356 1427 ignobilibus

350 1433 490 1469 Medicis
515 1433 650 1469 Salano,
673 1434 704 1464 δε
730 1431 863 1472 Bigatto
889 1429 1063 1466 Bononiae,
1087 1440 1158 1461 cum
1173 1428 1222 1461 ibi
1246 1427 1358 1465 essem,

357 1476 468 1512 habita
494 1477 549 1510 sub
571 1475 664 1508 finem
689 1475 732 1507 A.
763 1484 854 1515 1705.

396 1533 447 1564 27.
475 1521 559 1554 VlR
585 1519 763 1554 Patricius,
787 1527 884 1549 annos
910 1524 1001 1548 natus
1023 1514 1354 1559 circiterquadragin-

349 1574 381 1597 ta
397 1589 405 1603 ‚
431 1563 646 1606 praepinguis,
671 1560 796 1595 Baccho
820 1583 830 1598 ‚
867 1568 903 1593 ut
928 1558 1052 1601 ajebant
1073 1582 1081 1596 ‚
1106 1559 1293 1601 indulgens,
1318 1557 1354 1589 ab

353 1610 465 1649 aliquo
489 1607 551 1648 jam
576 1616 717 1647 tempore
742 1602 880 1646 spirandi
904 1601 1089 1636 difficultati
1112 1614 1127 1634 a
1150 1603 1225 1635 cibo
1249 1625 1260 1642 ,
1282 1604 1314 1633 δε
1337 1612 1353 1633 a

353 1653 511 1685 italarum
534 1648 657 1682 ascensu
681 1647 843 1681 obnoxius
866 1654 950 1679 erat.
981 1647 1010 1678 15
1032 1646 1146 1678 crebro
1170 1668 1179 1683 ,
1205 1648 1237 1678 δε
1260 1643 1352 1676 vehe-

357 1705 481 1729 menter
504 1693 675 1727 sternutare
703 1690 818 1724 solitus
838 1713 850 1730 ,
886 1688 957 1731 post
980 1690 1104 1732 aliquot
1128 1689 1257 1721 tandem
1280 1687 1353 1720 ster-

357 1740 562 1775 nutationes,
587 1746 699 1777 rragna
726 1742 851 1777 repente
887 1730 1028 1765 thoracis
1051 1733 1192 1774 angustia
1214 1755 1226 1772 ‚
1260 1734 1290 1763 &
1316 1742 1361 1762 re-

359 1781 499 1821 spirandi
523 1780 715 1814 difficultate
739 1778 768 1811 se
791 1776 911 1818 corripi
930 1798 938 1813 ,
963 1775 1043 1808 dicit
1066 1788 1074 1808 .·
1109 1775 1204 1818 idque
1226 1773 1360 1814 dicens,

359 1828 510 1861 sternutat
534 1823 650 1863 iimuI,
675 1824 705 1855 &
729 1822 868 1854 moritui·
892 1843 902 1858 ,
939 1830 993 1850 ore
1014 1843 1025 1858 ,
1058 1830 1095 1853 ut
1120 1820 1218 1861 aliqui
1245 1818 1360 1850 retule-

355 1880 457 1909 runt,
482 1867 636 1901 distorto.
773 1863 976 1897 VENTER
1002 1873 1129 1903 apertus
1154 1863 1222 1895 sana
1247 1861 1357 1894 omnia

358 1914 494 1950 habuit,
518 1911 538 1944 {i
568 1921 714 1952 magnam
738 1905 942 1950 pinguedinis
965 1907 1092 1946 copiam
1112 1929 1123 1945 ,
1160 1907 1193 1937 in
1219 1913 1352 1937 omento

346 1957 548 2002 praesertim,
575 1954 732 1993 excipias.
867 1947 1027 1981 Thoracis
1050 1960 1163 1981 cavum
1184 1971 1196 1988 ,
1229 1957 1358 1989 propte-

350 2013 399 2035 rea
426 2004 438 2039 <
462 2012 481 2033 u
503 2004 517 2039 )
541 1995 689 2037 fortasse,
714 1994 810 2038 paulo
834 1993 938 2025 minus
962 2003 1053 2035 aequo
1067 1992 1170 2025 visum
1194 1991 1258 2024 est.
1285 1992 1358 2024 Pul-

352 2056 461 2079 mones
475 2041 599 2075 lividuli
614 2065 622 2072 .
732 2037 842 2071 Nullae
856 2038 887 2068 in
897 2034 992 2067 corde
1006 2036 1168 2077 polyposre
1178 2036 1358 2067 concretio-

353 2100 425 2121 nes.
560 2085 708 2125 Denique
730 2082 763 2113 in
786 2079 915 2112 Cerebri
942 2079 1128 2111 ventriculis
1163 2089 1241 2121 aqua
1261 2089 1274 2116 ;
1309 2077 1358 2111 secl

352 2143 474 2175 pauca.-
496 2128 565 2163 vasa
590 2137 693 2163 autern
717 2124 782 2168 ejus
807 2122 938 2157 distenta
960 2144 974 2164 9
1006 2125 1037 2155 ἃ
1060 2122 1208 2169 turgida5
1233 2121 1283 2155 sed
1306 2122 1358 2153 in-

351 2187 459 2213 tegra.

387 2214 451 2252 '28.
482 2218 776 2252 Sternutationem,
800 2225 870 2257 quae
895 2210 1058 2246 convulsio
1081 2211 1226 2255 quaedam
1251 2209 1292 2256 est
1317 2220 1355 2242 ex

358 2263 508 2296 instituto
532 2271 674 2300 naturae,
697 2257 850 2301 fiquando
874 2256 1006 2290 modum
1029 2255 1159 2288 excedat
1178 2279 1190 2295 ,
1214 2254 1297 2296 polle
1321 2254 1354 2284 in

349 2317 457 2339 veram
480 2303 718 2338 convulsionem
741 2302 947 2344 degenerare,
974 2298 1068 2332 facile
1091 2299 1250 2339 intelligis
1272 2311 1279 2328 :
1318 2295 1355 2328 ab

354 2349 414 2384 hac
439 2358 544 2383 autem
568 2346 668 2380 afferri
695 2345 778 2387 poffe
802 2344 1030 2386 apoplexiam,
1054 2341 1155 2381 alias(
1179 2352 1200 2375 x
1220 2345 1233 2379 )
1257 2352 1272 2371 a
1296 2351 1354 2371 no-

354 2395 403 2427 bis
427 2391 568 2434 accepisti
584 2403 593 2420 .·
617 2389 651 2422 id
675 2400 749 2420 vero
772 2388 805 2419 in
830 2387 869 2419 iis
893 2386 1068 2428 praesertim
1093 2383 1281 2426 corporibus
1306 2393 1355 2414 ac-

355 2437 460 2477 cidit,
483 2437 518 2468 in
539 2433 655 2476 quibus
680 2443 751 2465 cum
766 2430 888 2471 sanguis
911 2429 952 2461 ob
974 2427 1100 2460 vivendi
1126 2438 1221 2469 genus
1247 2424 1358 2458 redun-

354 2480 408 2514 det
431 2503 441 2519 ‚
477 2489 541 2511 non
566 2475 667 2520 potest
692 2485 797 2508 tamen
818 2496 830 2513 ,
865 2472 1006 2505 obstante
1031 2470 1107 2503 alibi
1143 2470 1358 2512 pinguedine,

360 2525 422 2558 alia
447 2522 548 2565 magis
571 2519 641 2553 vasa
665 2517 834 2551 distendere
858 2539 871 2556 ,
903 2526 997 2558 quarn
1022 2525 1092 2557 quae
1115 2515 1226 2546 cranio
1249 2513 1356 2545 conti-

356 2576 470 2602 nentur
485 2590 492 2596 .
624 2564 774 2604 Qunam
798 2569 904 2593 autem
930 2557 1029 2591 modo
1052 2558 1177 2589 narium
1200 2556 1355 2589 membra-

356 2624 395 2645 na
419 2611 544 2643 irritata
559 2631 567 2644 ‚
593 2607 626 2639 in
650 2604 837 2639 consensum
860 2601 982 2635 trahere
1006 2599 1214 2642 diaphragma
1240 2599 1357 2641 possit,

357 2659 389 2689 ἃ
413 2656 446 2687 in
469 2652 650 2684 violentum
673 2647 912 2682 sternutationis
937 2653 1061 2678 motum
1085 2645 1269 2680 concitare,
1296 2643 1356 2675 mi-

357 2699 419 2732 rari
444 2696 522 2730 adeo
546 2695 648 2727 Viros
671 2691 825 2735 quosdam
842 2686 1108 2723 Praestantnfimos
1131 2686 1227 2719 video
1242 2711 1249 2724 ‚
1273 2696 1308 2718 ut
1320 2698 1358 2718 ex

358 2741 517 2776 notissima
542 2737 600 2770 hac
625 2738 707 2768 inter
734 2733 942 2774 diaphragma
965 2757 972 2771 ,
1008 2734 1039 2764 &
1064 2741 1152 2762 nares
1177 2729 1359 2772 sympathia

357 2792 578 2819 areumenturn
612 2788 722 2822 petant
746 2776 888 2810 adversus
921 2776 996 2809 illos
1019 2775 1073 2815 qui
1108 2774 1252 2806 Partiurn
1276 2774 1360 2804 inter

358 2829 389 2863 se
412 2825 598 2861 consensum
622 2834 676 2864 per
701 2832 811 2853 nervos
835 2829 1017 2859 exponunt.
1044 2816 1140 2850 Nihil
1159 2827 1245 2849 enim
1269 2827 1362 2848 com.-

361 2872 470 2906 mercii
495 2868 559 2907 est,
585 2868 616 2897 in
643 2866 737 2899 uiunt
756 2885 767 2902 ,
799 2865 899 2895 nervis
923 2861 1119 2895 Olfactoriis
1152 2861 1208 2903 qui
1232 2858 1271 2892 ad
1295 2861 1362 2901 pri-

363 2926 452 2949 rnum
481 2915 538 2944 Par
561 2921 629 2942 cere
657 2909 683 2940 ri
710 2907 871 2945 attinent,
894 2917 968 2939 cuin
983 2902 1234 2946 diaphragmatis
1258 2904 1362 2935 nervis

361 2960 417 3003 qui
442 2969 480 2991 ex
503 2951 726 2986 Cei-vicalibus
750 2951 940 2992 proveniunt
965 2961 974 2987 3
1002 2947 1098 2981 obliti
1122 2947 1267 2979 videlicet
1292 2957 1363 2978 ner-

362 3013 476 3036 vorum
499 2998 554 3041 qui
594 3009 609 3029 a
636 2996 704 3027 Pari
727 2993 847 3026 cerebri
880 2993 1015 3034 (μιὶηᾶο
1047 2992 1079 3023 in
1104 2992 1226 3023 narium
1259 3001 1359 3021 ruem-

362 3046 490 3079 branam
515 3041 762 3077 immittuntur‚
787 3045 839 3069 aut
863 3035 945 3068 nihil
960 3036 1067 3077 potius
1089 3036 1256 3077 opinantes
1275 3033 1359 3065 idem

362 3090 424 3123 Par
446 3085 613 3131 quinfftum
635 3081 673 3115 ad
696 3079 905 3114 Intercostales
928 3080 981 3121 qui
1006 3081 1037 3111 &
1060 3088 1131 3111 cum
1141 3077 1360 3109 Cervicalibus

363 3142 415 3167 tot
440 3131 552 3164 habent
576 3124 909 3162 communicationes,
934 3125 1029 3163 &per
1041 3120 1247 3163 diaphragma
1259 3120 1358 3153 trans-

366 3185 439 3209 eunt
455 3197 463 3211 ‚
489 3174 640 3204 attinere.
667 3169 803 3202 AttineT.
845 3176 971 3204 autem,
995 3163 1015 3197 fi
1042 3176 1104 3196 non
1129 3176 1182 3206 per
1216 3163 1281 3197 duo
1302 3163 1357 3195 illa

364 3219 523 3253 filamenta
537 3239 546 3252 ‚
569 3226 637 3258 quae
663 3225 677 3244 a
702 3210 858 3254 plerisque
883 3217 969 3241 antea
988 3208 1208 3249 ponebantur,
1231 3210 1263 3240 &
1285 3206 1357 3240 diu-

364 3272 468 3296 turnae
491 3254 709 3292 controverfiae
740 3253 936 3286 occasionem
961 3250 1108 3284 dederant
1129 3275 1142 3291 ‚
1174 3260 1206 3283 at
1229 3261 1282 3292 per
1314 3261 1362 3283 ra-

366 3307 490 3340 mulum
523 3312 617 3346 quem
652 3296 916 3339 Diligentiffimus
948 3306 1115 3328 nervorum
1150 3293 1362 3327 Perscrutator

367 3348 547 3384 Met-helius
571 3348 623 3384 (y
642 3345 661 3382 ’)
685 3343 849 3384 aliquanto
883 3338 1015 3371 inferius
1040 3350 1055 3370 a
1080 3338 1215 3380 (μιὶηξὶο
1238 3338 1270 3369 in
1295 3335 1363 3369 cos-

370 3393 442 3425 dem
468 3386 686 3424 lntercostales
719 3385 868 3426 utrinque
892 3380 1041 3426 perduxit
1063 3393 1073 3420 3
1107 3391 1143 3414 ut
1167 3391 1230 3414 nou
1262 3379 1361 3413 modo

367 3438 452 3471 inter
475 3444 583 3473 nares,
606 3430 789 3476 septumque
815 3425 1063 3467 Transverlum,
1087 3424 1137 3459 sed
1162 3425 1245 3458 inter
1269 3424 1365 3464 illas,

1408 261 1548 297 suleba1·‚
1571 261 1659 293 annis
1681 259 1895 301 superioribus
1907 259 2138 294 animadverti.
2163 257 2397 293 Insultusenim

1406 304 1525 348 quibus
1546 312 1611 335 erat
1636 303 1818 343 obnoxius,
1840 303 1879 336 de
1902 302 2149 345 epilepticorum
2172 311 2282 345 genere
2300 322 2309 337 ,
2331 297 2399 332 eos-

1404 359 1466 392 que
1488 360 1526 382 ex
1548 344 1804 388 hypochondriis
1826 347 2036 388 incipientes,
2061 346 2162 380 sensus
2185 342 2403 387 praecedebat‚

1405 392 1462 432 ipfi
1490 388 1741 429 molestiffimus,
1764 388 1893 423 foetoris
1909 389 2096 430 cujusdam,
2118 399 2216 432 quem
2240 397 2333 420 nemo
2345 383 2400 418 ad-

1405 433 1555 469 stantium
1578 433 1736 474 percipere
1760 443 1898 475 unquam
1923 435 2033 474 potuit
2057 457 2070 475 ,
2091 444 2130 466 ne
2150 432 2216 465 oris
2239 430 2368 473 quidem
2390 450 2404 468 ‚

1408 481 1441 512 &
1465 479 1590 511 narium
1613 475 1752 509 halitum
1774 487 1812 508 eo
1835 483 1979 516 tempore
2001 475 2039 510 de
2062 474 2215 509 industria
2239 474 2403 516 excipien-

1404 523 1489 555 tium
1512 532 1576 564 quo
1599 519 1656 552 ille
1681 521 1816 553 maxime
1840 520 1877 552 dc
1900 518 2016 553 foetore
2039 518 2246 564 querebatur;
2269 526 2304 549 ut
2328 526 2403 557 pro-

1406 573 1508 607 pterea
1533 562 1614 596 mihi
1639 561 1799 596 videretur
1819 584 1831 602 ,
1866 562 1904 594 ab
1926 563 2055 596 irritato
2077 565 2110 595 in
2144 558 2403 605 hypochondri'is

1407 619 1498 641 ramo
1521 608 1630 651 aliquo
1655 617 1822 640 nervorum
1847 605 2101 647 Intercostalium
2124 616 2195 640 eum
2221 612 2347 636 motum
2370 602 2407 633 in

1407 653 1531 685 narium
1557 649 1774 683 membranam
1793 650 1960 693 propagari
1982 651 2038 693 qui
2063 660 2125 683 non
2157 645 2310 682 absimilis
2333 643 2398 686 ejus

1405 694 1477 728 esset
1501 704 1597 738 quem
1630 703 1676 726 res
1697 693 1878 735 graveolens
1908 693 2061 726 excitaret
2085 717 2094 733 ,
2126 689 2226 725 donec
2249 689 2406 723 crescente

1406 737 1662 772 Intercostaliurn
1686 745 1854 769 nervorum
1877 735 2083 776 irritatione,
2106 735 2213 769 multo
2238 731 2402 776 perturba-

1404 784 1472 815 tior
1495 790 1601 814 motns
1624 778 1787 811 cerebrum
1810 803 1817 817 ‚
1853 781 1884 812 δε
1907 788 2018 812 nervos
2051 789 2160 812 omnes
2191 778 2366 820 corriperet
2395 799 2403 806 .

1536 823 1593 857 Sed
1618 821 1655 855 de
1676 822 1818 855 Narium
1839 819 2017 856 Affec‘tibus
2042 822 2135 855 satis.

1445 879 1496 909 29.
1523 867 1682 900 Seffiones
1705 873 1769 898 tres
1792 864 1964 906 sequuntur
1987 864 2025 898 de
2047 866 2147 902 Oris,
2171 863 2208 897 de
2219 864 2342 902 Vocis,
2368 859 2406 894 de

1403 912 1557 945 Faucium
1583 907 1840 943 Affeffionibus.
1865 907 1920 941 Ad
1942 919 2017 951 quas
2039 907 2060 941 fi
2083 908 2215 945 dixero,
2241 919 2303 939 non
2325 904 2407 944 esse,

1402 966 1458 987 cur
1480 953 1657 990 Valsalvae,
1683 960 1736 985 aut
1760 962 1841 984 meas
1864 951 2116 984 Observationes
2139 960 2329 992 magnopere
2352 960 2408 981 ex-

1404 999 1507 1040 pee'ces
1530 1009 1540 1035 3
1574 995 1703 1029 fortasse
1725 995 1848 1027 mireris
1872 1020 1879 1027 .
1914 993 2030 1028 Mirari
2054 1003 2159 1027 tamen
2180 993 2296 1027 desines
2315 1015 2328 1032 ‚
2351 991 2407 1024 ubi

1405 1040 1663 1073 animadverteris
1690 1060 1699 1076 ‚
1738 1048 1799 1071 non
1823 1037 1882 1072 effe
1915 1048 1993 1071 mete
2024 1036 2263 1072 consuetudinis
2294 1037 2407 1069 iterare

1406 1083 1575 1122 historias,
1599 1092 1652 1116 aut
1675 1093 1746 1124 quae
1771 1083 1927 1124 aptiorem
1952 1082 2029 1114 alibi
2062 1080 2119 1114 (int
2144 1081 2252 1115 locum
2276 1078 2409 1113 habitu-

1406 1139 1446 1160 rae
1462 1151 1471 1167 ,
1495 1128 1527 1158 in
1553 1127 1656 1158 minus
1682 1134 1758 1165 apto
1770 1135 1964 1166 proponere.
1990 1126 2097 1167 Igitur
2118 1136 2187 1167 quae
2203 1124 2264 1157 huc
2289 1133 2327 1155 ex
2337 1132 2410 1164 par-

1407 1180 1438 1203 te
1462 1171 1567 1213 aliqua
1592 1171 1764 1201 attinerent
1779 1190 1791 1206 ,
1814 1167 1928 1201 melius
1951 1170 1984 1201 in
2009 1169 2082 1201 aliis
2106 1167 2264 1210 Epistolis
2288 1167 2371 1207 leges
2395 1187 2405 1195 .

1408 1217 1530 1247 Interea
1563 1211 1730 1245 nonnullas
1754 1209 1790 1242 ad
1823 1212 1983 1244 Seffiones
2005 1211 2093 1244 hasce
2129 1210 2409 1244 animadversiones

1407 1256 1538 1290 habebis
1553 1278 1561 1292 ,
1607 1267 1653 1289 uae
1677 1254 1739 1287 hoc
1761 1254 1825 1287 tibi
1848 1253 2017 1288 consilium
2029 1254 2254 1287 commendent
2278 1263 2384 1286 meum
2399 1276 2411 1292 ,

1407 1311 1461 1334 aut
1483 1300 1581 1341 aliqui
1631 1311 1645 1330 a
1672 1309 1721 1330 me
1745 1297 1933 1330 adnotatum
1956 1298 2119 1331 ostendant
2142 1322 2148 1328 .
2182 1298 2266 1335 Quae
2301 1297 2411 1328 omnia

1407 1355 1479 1377 cum
1506 1341 1617 1384 poffint
1642 1340 1725 1375 haud
1751 1342 1795 1373 ita
1819 1341 1932 1374 multis
1955 1339 2186 1384 comprehendi
2214 1353 2224 1379 3
2258 1349 2321 1373 non
2345 1338 2411 1371 visa

1409 1388 1481 1434 sunt
1506 1384 1645 1419 seorsum
1672 1383 1854 1422 scribendzm
1880 1384 1930 1417 sed
1945 1383 2021 1419 huic
2045 1384 2155 1427 potius
2166 1383 2321 1427 Epistolae
2332 1393 2411 1415 con-

1410 1429 1587 1474 jungenda.

1455 1485 1505 1516 30.
1534 1471 1639 1518 Seffio
1663 1470 1793 1516 quidem
1815 1472 1903 1505 XXI.
1930 1472 2000 1516 plus
2033 1472 2167 1515 triginta
2191 1473 2333 1515 quinque
2355 1480 2410 1503 ex-

1407 1515 1496 1549 hibet
1520 1516 1785 1548 Oblervationes.
1811 1514 1869 1548 Sed
1883 1526 2091 1559 praeterquam
2113 1515 2199 1557 quod
2218 1513 2414 1549 Observatio

1407 1562 1452 1592 ΙΙ.
1477 1558 1520 1593 est
1542 1570 1612 1601 pars
1635 1560 1695 1598 1X;
1720 1560 1778 1591 XI.
1804 1567 1908 1605 autem
1941 1571 2010 1602 pars
2035 1561 2080 1596 V3
2101 1560 2163 1591 VI.
2189 1570 2263 1591 vero
2282 1581 2296 1597 ,
2325 1555 2415 1601 quod

1407 1604 1581 1644 permirum
1605 1601 1646 1634 el‘t
1670 1602 1803 1634 minime
1824 1602 1880 1635 esre
1907 1601 2177 1641 animadversum,
2203 1601 2341 1634 nihilest
2365 1601 2415 1633 ni-

1405 1647 1426 1678 fi
1450 1645 1676 1687 compendium
1711 1644 1777 1687 ejus
1797 1656 1865 1686 quse
1889 1647 2045 1679 continuo
2077 1646 2216 1689 sequitur
2240 1667 2249 1682 ‚
2283 1646 2368 1684 VIJ,·
2391 1643 2414 1681 fi

1411 1699 1515 1722 totam
1540 1689 1719 1721 Sestionem
1745 1688 1904 1731 perlegas,
1933 1689 2051 1722 nullam
2076 1688 2305 1732 propemodum
2327 1689 2416 1720 inve-

1410 1734 1476 1766 nies
1500 1731 1676 1766 Historiam
1701 1742 1770 1773 quae
1802 1742 1864 1763 non
1888 1731 1926 1764 ad
1950 1734 2136 1773 graviorem
2172 1732 2305 1765 alterum
2330 1742 2417 1764 mor-

1410 1776 1486 1809 bum
1511 1777 1645 1809 attineat
1665 1797 1674 1812 ,
1711 1777 1856 1817 interque
1880 1776 1955 1808 alias
1990 1775 2026 1808 ad
2050 1787 2123 1809 eum
2157 1776 2328 1819 speetantes
2351 1786 2417 1808 non

1411 1822 1544 1853 iteretur
1563 1844 1570 1851 .
1704 1817 1855 1861 Idemque
1879 1818 2110 1852 animadvertes
2134 1820 2167 1852 in
2201 1819 2347 1852 sectione
2371 1827 2418 1851 et-

1410 1866 1473 1897 iam
1497 1864 1605 1895 XXII.
1631 1862 1706 1894 Huc
1742 1861 1853 1900 adde3
1887 1871 1923 1895 ut
1946 1861 2131 1896 institutum
2168 1863 2206 1897 de
2239 1862 2328 1894 XXI.
2356 1861 2418 1895 ser-

1409 1918 1534 1940 monem
1560 1905 1744 1943 absolvam5
1768 1905 2038 1939 Obiervationem
2061 1907 2181 1941 XXXI.
2197 1904 2356 1949 aliasque,
2380 1916 2416 1939 ut

1411 1962 1480 1993 cina?
1504 1950 1629 1994 gemina
1653 1947 1840 1990 Appendice
1863 1957 2092 1992 proponuntur
2120 1973 2132 1991 ,
2165 1961 2229 1985 non
2256 1949 2360 1982 morbi
2384 1951 2417 1983 in

1411 1995 1535 2026 denaris
1559 1993 1815 2031 observationes,
1839 1991 1891 2026 sed
1915 1991 2115 2035 conjecturas
2139 1995 2252 2036 potius
2276 1990 2355 2030 effe,
2382 1994 2416 2026 in

1412 2046 1502 2079 parte
1525 2038 1622 2068 etiam
1641 2036 1754 2080 ‚minus
1777 2036 1949 2069 laudabiles
1968 2060 1975 2067 .
2000 2036 2093 2075 Qid
2117 2047 2193 2069 vero
2215 2036 2253 2070 de
2278 2038 2417 2070 nonnul-

1411 2081 1451 2113 lis
1475 2080 1547 2113 aliis
1571 2078 1860 2112 Obiervationibus
1882 2078 2050 2113 dicemus?
2075 2081 2112 2112 In
2136 2082 2233 2113 XIII.
2259 2091 2342 2122 aeger
2365 2080 2419 2114 di-

1410 2124 1496 2157 citur
1520 2121 1676 2156 cerebrum
1699 2120 1799 2162 ipsum
1823 2130 1967 2156 excreatu
1988 2132 2045 2164 per
2067 2134 2099 2156 os
2121 2121 2253 2166 expuisse
2285 2135 2291 2157 :
2326 2123 2415 2167 quod

1409 2167 1463 2200 etii
1488 2166 1603 2208 aliquis
1626 2163 1762 2207 perlecta
1786 2165 1867 2208 apud
1891 2166 2075 2199 Perneliurn
2108 2177 2141 2198 ea
2164 2177 2235 2208 qua:
2259 2167 2292 2198 in
2317 2166 2420 2200 Scho-

1406 2212 1453 2244 lio
1477 2209 1615 2243 strictim
1637 2216 1807 2248 narratur,
1829 2207 1963 2242 historia
1990 2233 2002 2249 ,
2025 2208 2244 2252 quadantenus
2267 2209 2333 2243 fieri
2360 2221 2418 2253 po-

1405 2251 1520 2293 tuisse,
1545 2263 1610 2284 non
1631 2260 1747 2292 neget3
1772 2262 1834 2284 non
1858 2251 1964 2285 credat
1989 2262 2096 2286 tamen
2121 2251 2216 2285 facile
2234 2279 2243 2294 ‚
2266 2253 2324 2286 nisi
2337 2253 2418 2287 baiis

1406 2297 1506 2330 cranii
1531 2296 1577 2327 ita
1602 2293 1766 2336 perforata
1789 2306 1804 2325 a
1828 2297 1911 2327 carie
1935 2297 1968 2327 in
1993 2296 2229 2330 Observatione
2253 2308 2416 2340 propona-

1408 2351 1462 2374 tur
1482 2363 1495 2380 ,
1530 2347 1566 2372 ut
1589 2336 1685 2380 ipfius
1718 2336 1837 2370 cerebri
1862 2337 2041 2372 substantiae
2076 2349 2261 2383 corruptam
2292 2350 2419 2383 partem

1409 2385 1485 2416 illac
1510 2391 1614 2414 revera
1638 2381 1672 2413 in
1697 2380 1803 2414 fauces
1826 2379 2001 2422 transiisse,
2024 2382 2165 2416 constet.
2296 2385 2416 2418 XXIX.

1408 2430 1441 2459 δε
1464 2426 1565 2458 ΧΧΧ.
1592 2423 1883 2470 Obseri'ationibiis
1908 2434 2092 2467 argumenta
2115 2425 2326 2469 praefiguntur
2349 2449 2359 2466 ‚
2384 2429 2420 2461 id

1409 2469 1497 2512 quod
1511 2468 1689 2500 (verisimile
1721 2478 1786 2500 non
1809 2468 1851 2501 est
1874 2491 1887 2508 ,
1922 2467 2146 2502 confirmantia
2170 2493 2179 2501 .
2210 2470 2297 2506 Quis
2333 2471 2420 2504 enim

1405 2510 1514 2545 credat
1531 2534 1543 2551 ,
1567 2508 1768 2553 praegressum
1792 2511 1873 2544 olim
1896 2510 2043 2545 dentium
2066 2510 2238 2553 dolorem,
2262 2514 2295 2546 in
2320 2513 2419 2547 altera

1407 2563 1641 2602 memoratum,
1664 2551 1755 2587 fuisse
1777 2566 1795 2586 a
1814 2552 1884 2597 sero
1901 2553 1986 2594 flavo
2009 2555 2090 2588 circa
2115 2555 2288 2598 lethargici
2303 2568 2417 2600 corpus

1401 2598 1582 2643 falciforme
1603 2620 1612 2635 ,
1644 2598 1713 2630 imo
1737 2597 1822 2630 intra
1854 2597 2071 2635 ventriculum
2097 2599 2224 2632 cerebri
2252 2600 2414 2643 sinistrum

1408 2638 1584 2676 contento?
1615 2650 1668 2674 aut
1692 2641 1762 2683 quis
1796 2640 1941 2674 dentium
1964 2641 2113 2674 dolorem
2143 2664 2152 2678 ‚
2184 2646 2216 2675 δε
2240 2644 2357 2676 cariem
2382 2643 2420 2677 de

1409 2685 1525 2728 quibus
1549 2684 1582 2717 in
1606 2685 1710 2727 prima
1734 2683 1836 2716 sermo
1859 2682 1923 2724 est,
1949 2682 2039 2717 fuisse
2064 2682 2102 2716 ab
2126 2684 2250 2719 humore
2266 2711 2278 2727 ,
2305 2689 2417 2729 ecapi-

1413 2737 1443 2761 re
1463 2738 1520 2773 ser
1542 2736 1677 2761 meatum
1695 2726 1886 2769 peculiarem
1909 2728 1941 2761 in
1977 2725 2157 2769 Highmori
2191 2732 2332 2764 Antrum
2355 2730 2421 2767 fiil-

1413 2772 1518 2804 lame?
1543 2771 1673 2804 Scilicet
1695 2782 1729 2802 ea
1752 2769 1933 2813 Highmori
1956 2769 2174 2805 hallucinatio
2188 2771 2276 2815 fuit,
2299 2784 2335 2807 ut
2347 2766 2417 2807 An-

1413 2816 1457 2847 tri
1483 2814 1624 2847 foramen
1647 2813 1733 2857 quod
1757 2813 1921 2856 conspexit
1943 2837 1955 2853 ,
1988 2816 2020 2847 δε
2045 2815 2158 2852 Figura
2184 2815 2303 2858 adjefia
2325 2821 2339 2856 (
2362 2830 2384 2849 εν
2405 2823 2420 2858 )

1414 2858 1584 2890 delineavit
1599 2880 1608 2896 ‚
1633 2869 1697 2890 non
1721 2868 1779 2899 pro
1803 2856 1984 2896 emissario,
2011 2866 2047 2890 ut
2062 2856 2122 2896 est,
2149 2859 2198 2892 sed
2211 2871 2271 2902 pro
2293 2848 2419 2895 inimii-

1415 2901 1648 2948 sario-haberet
1672 2900 1809 2944 ejusdem
1832 2902 1931 2933 Antri
1946 2925 1953 2933 .
2086 2904 2257 2945 Denique5
2285 2915 2320 2936 ne
2345 2905 2419 2937 lon„

1415 2956 1473 2987 gus
1497 2945 1551 2977 {im
1572 2959 1581 2982 ς
1614 2957 1629 2977 a
1654 2947 1717 2976 veri
1743 2943 1873 2986 quidem
1897 2943 2108 2978 similitudine
2132 2958 2194 2979 non
2221 2946 2303 2979 abest
2326 2947 2415 2990 quod

1414 2990 1446 3020 in
1483 2988 1727 3021 Observationis
1761 2988 1897 3020 XXXII.
1934 2999 2120 3025 argumento
2145 2992 2336 3031 proponitur
2358 3018 2366 3026 .
2399 3003 2418 3024 cz

1411 3030 1521 3073 resefft'o
1543 3032 1630 3065 dente
1650 3029 1824 3073 prominulo
1849 3026 2054 3074 convulsionis
2076 3037 2117 3069 &
2140 3027 2220 3065 mor}
2247 3045 2257 3071 ,-
2281 3033 2333 3067 sed
2357 3035 2417 3068 du-

1412 3075 1502 3107 bium
1525 3075 1567 3108 est
1591 3084 1718 3111 tamen,
1744 3084 1820 3119 num
1844 3074 1930 3120 quod
1956 3074 2052 3117 Casp.
2083 3076 2296 3109 Bartholinus
2321 3078 2354 3110 in
2379 3090 2411 3110 ea

1412 3117 1643 3166 Observatione
1667 3120 1679 3156 (
1701 3130 1718 3150 a
1741 3121 1754 3156 )
1775 3118 1894 3163 1crip11t
1918 3141 1930 3157 ‚
1955 3116 2063 3156 statim
2086 3119 2230 3161 convulsa
2256 3120 2297 3153 Θ
2320 3122 2416 3155 epile-

1408 3169 1498 3202 ptzcci
1521 3163 1654 3199 decidit,
1682 3160 2011 3202 mortcmhgnificet,
2036 3173 2073 3194 an
2097 3163 2306 3205 epilepticum
2321 3158 2417 3197 dum-

1413 3213 1503 3237 taxat
1527 3205 1681 3238 insultum
1698 3229 1705 3233 .

1430 3291 1435 3296 ι
1456 3258 1506 3290 31.
1533 3250 1614 3281 Satis
1638 3246 1957 3293 animadversionum,
1985 3250 2112 3291 inquis,
2137 3251 2304 3292 expefians
2327 3251 2415 3283 vide-

1413 3291 1487 3324 licet
1511 3303 1581 3334 quae
1606 3294 1669 3332 ipse
1693 3291 1938 3332 adnotaverim,
1962 3294 1994 3325 in
2018 3294 2061 3325 iis
2073 3292 2272 3334 praesertim,
2296 3294 2414 3336 quibus

1414 3332 1492 3376 saepe
1516 3335 1593 3367 adeo
1615 3336 1795 3377 torqueris,
1818 3333 1963 3368 dentium
1986 3335 2154 3369 doloribus
2181 3360 2189 3368 .
2230 3339 2352 3371 Verum
2375 3338 2415 3371 ad

1417 3389 1449 3408 ea
1472 3389 1542 3419 quae
1567 3378 1642 3410 alias
1664 3381 1677 3416 (
1700 3377 1718 3410 h
1739 3382 1754 3418 )
1774 3379 1871 3420 attigi
1892 3404 1902 3420 ‚
1932 3381 1987 3412 vix
2020 3378 2123 3412 habeo
2145 3380 2233 3422 quod
2264 3380 2377 3414 addam
2401 3405 2410 3412 .

1420 3422 1568 3456 Omnino
1590 3421 1681 3459 aliis,
1705 3431 1860 3465 quantum
1874 3422 2020 3456 adnotare
2032 3423 2148 3464 licuit,
2171 3424 2256 3457 aliud
2267 3423 2412 3466 prodest,

2301 3478 2370 3499 imo

378 3571 2415 3595 W-fflffl———o-—U———a———ss——w

534 3658 584 3684 ..ις
655 3650 669 3678 ζ
685 3656 695 3672 r
711 3650 725 3678 3
740 3649 757 3673 l.
779 3657 799 3678 3.
817 3646 905 3671 Prolus.
922 3655 944 3674 4.

440 3713 449 3744 ζ
466 3684 513 3742 a&
529 3681 601 3740 clii-ip.
618 3711 683 3734 burn.
701 3709 782 3740 Diiqu.
800 3710 872 3732 Anat.
887 3707 949 3732 Tab,
969 3710 1003 3731 16,
1023 3707 1075 3737 Fig.
1094 3715 1114 3737 3.
1132 3706 1161 3731 ad
1179 3705 1227 3732 litt.
1244 3706 1268 3729 d.

515 3659 541 3705 m:

588 3667 593 3673 ·
1013 3648 1024 3670 (
1039 3656 1053 3670 α
1069 3646 1083 3674 )
1100 3645 1152 3670 vid.
1170 3644 1243 3673 Epist.
1260 3652 1297 3672 27.
1315 3651 1340 3666 n.
1357 3649 1378 3664 2.

575 3699 580 3703 .
598 3679 626 3703 de
645 3679 659 3702 l'
675 3681 750 3703 Acad.
768 3681 798 3702 R.
814 3678 854 3701 des
871 3680 907 3702 Scv
926 3678 955 3701 de
972 3677 1053 3700 Berlin
1071 3679 1089 3699 A
1122 3684 1188 3704 ¹7³¹·
1206 3675 1275 3699 crasi.
1291 3674 1319 3699 de
1338 3673 1426 3696 philos.
1443 3675 1568 3701 Experim-

1331 3705 1344 3732 (
1359 3711 1374 3727 a
1392 3703 1402 3733 )
1418 3703 1497 3728 Instit.
1514 3706 1584 3728 Anat.
1606 3702 1682 3728 libent
1698 3711 1713 3732 4
1739 3711 1761 3728 c.
1781 3711 1818 3728 υ..

1441 3643 1455 3672 (
1472 3651 1486 3666 x
1501 3641 1607 3675 >Epist
1629 3649 1662 3666 Η.
1681 3650 1703 3665 n.
1724 3650 1759 3670 17.

1880 3704 1895 3733 (
1908 3702 1923 3727 b
1938 3705 1949 3729 >
1966 3701 2039 3732 Epist.
2056 3702 2127 3728 Anat.
2146 3708 2179 3731 ¹3·
2199 3709 2220 3725 n.
2239 3705 2259 3725 6.
2277 3711 2300 3732 7.
