2498 4075
343 204 494 268 Epist.
531 203 693 255 Anat.
729 199 946 255 Medica
980 197 1236 253 XLVIII.
1274 200 1397 252 Art.
1423 216 1493 263 51·
1520 201 1663 264 52&
1686 212 1762 269 53.

51 284 233 316 communia
252 307 259 320 ‚
285 283 403 326 quibus
419 305 427 319 ‚
452 292 487 315 ut
501 281 659 322 reliquum
682 292 777 316 omne
788 291 926 323 corpus,
949 280 1052 312 imum

51 338 179 369 quoque
202 327 298 369 caput
323 329 473 368 utrinque
496 324 700 366 operiebatur
716 349 727 365 ,
751 336 813 357 non
840 325 942 357 solum
967 324 1052 356 auri-

51 370 130 402 culis
148 395 160 410 ,
193 381 263 411 quae
287 370 437 403 humeros
472 368 704 409 contingebant
729 394 737 407 ‚
772 369 818 401 ibi
843 368 1016 409 praeditum
1040 388 1053 405 ,

50 411 102 446 sed
135 416 166 445 δι
190 414 314 455 capillis
337 426 346 450 3
381 412 466 454 quasi
490 420 563 445 cute
598 423 669 453 quae
693 410 799 445 suisset
825 411 971 452 proxima
993 432 1005 449 ,
1036 420 1054 442 a

51 460 176 489 summo
201 456 332 496 avulsa,
354 458 384 489 δι
407 456 540 488 lacerata
555 479 563 492 ‚
585 466 656 496 quae
680 456 869 487 remanserat
893 455 976 486 cutis
998 463 1052 485 ca-

51 499 174 542 pillatae
200 511 292 542 pars,
311 512 348 532 ea
372 497 401 531 se
421 497 568 532 deorsum
593 496 820 531 contraxisset.
849 500 960 539 Atque
983 495 1051 530 haec

52 545 190 576 exterius
222 542 533 585 conspiciebantur.
663 540 906 574 AssDOMEN
942 549 1051 573 autem

50 585 253 625 incidendo,
288 587 428 628 primum
454 583 614 626 pinguedo
646 585 745 617 multa
776 584 810 616 in
843 583 1052 624 conspeetum

51 630 140 663 venit
166 653 175 667 ‚
199 641 268 671 quae
295 628 401 669 paffim
426 629 527 660 multa
552 629 672 666 pariter
696 628 880 669 ubicunque
905 636 972 659 erat
997 637 1050 659 cu·

51 675 92 706 tis
108 699 116 713 ,
141 672 216 706 huic
241 671 474 714 subjiciebatur
496 693 505 708 ‚
539 670 652 705 deinde
678 671 809 714 reliquis
833 669 972 702 diduffls
997 681 1050 710 pa-

50 717 187 750 rietibus
205 739 213 753 ‚
238 716 355 749 viscera
378 717 488 747 omnia
513 724 582 747 tum
594 714 750 754 Ventris,
774 723 842 747 turn
868 724 943 746 mox
955 713 1051 746 Tho-

51 761 133 793 racis
167 759 291 800 optime
333 758 537 792 constituta.
672 758 724 791 Ad
755 755 867 797 Caput
911 756 1051 798 denique

52 802 252 842 transeunti,
277 800 333 835 sub
355 802 454 835 incisa
480 801 574 834 rubra
597 801 652 834 illa
666 801 872 836 membrana,
896 810 968 841 quae
983 808 1051 832 erat

52 848 178 884 tenuis,
204 845 285 878 nihil
309 845 395 887 quod
422 857 480 893 pro
503 844 647 883 cerebri,
670 844 840 879 cerebelli,
866 846 896 875 δέ
913 842 1050 876 Oblon-

52 900 135 931 gatae
159 889 304 922 medullae
330 889 474 930 reliquiis
499 891 641 930 accipere
668 886 796 920 fortasse
819 885 937 928 possem
963 908 971 922 ‚
997 898 1052 927 ap-

53 935 160 975 paruit
176 959 183 972 ‚
207 932 264 964 nisi
288 932 353 965 duo
376 932 462 973 quasi
486 932 671 967 cornicula,
696 943 764 971 quae
778 930 873 963 crasla
888 956 896 970 ,
921 929 1054 969 mollia,

54 979 85 1009 δε
110 987 148 1009 ex
171 976 271 1009 rubro
292 974 404 1011 fusca,
427 974 548 1018 fingula
571 977 603 1007 in
617 974 746 1016 fingulis
772 972 1057 1006 anterioribusba-

55 1020 93 1052 sis
114 1020 215 1053 cranii
238 1019 394 1052 lateribus
415 1020 667 1060 prominebant3
691 1017 817 1051 dissecta
841 1019 928 1049 enim
943 1024 1058 1057 praeter

54 1073 240 1105 concretum
254 1061 438 1104 sanguinem
452 1086 460 1100 ‚
486 1061 650 1095 mucosam
666 1060 824 1103 quandam
849 1058 1058 1093 ostendebant

55 1109 243 1140 materiam.
269 1107 313 1139 Iis
336 1107 511 1140 corniculis
533 1106 587 1138 illa
610 1104 678 1138 offis
702 1104 819 1137 frontis
840 1114 909 1146 pars
933 1101 1059 1136 suberat

55 1162 126 1193 quae
150 1149 310 1183 fornicem
333 1150 448 1182 orbitae
472 1146 678 1191 posteriorem
703 1149 783 1180 sacit
805 1172 811 1178 .
845 1146 936 1180 Nam
972 1156 1061 1178 ante-

54 1195 124 1227 rior
144 1194 276 1231 deerat,
300 1193 493 1235 deerantque
517 1191 674 1233 sincipitis
696 1189 760 1224 ossa
775 1216 783 1230 ‚
807 1192 838 1223 &
862 1190 900 1223 de
924 1188 988 1222 osse
1005 1201 1061 1222 oc-

55 1237 166 1279 cipitis
188 1235 350 1278 quidquid
376 1247 439 1269 non
464 1236 504 1268 est
527 1245 599 1268 ante
624 1245 773 1276 magnum
790 1257 797 1270 ,
822 1234 909 1276 quod
935 1233 1061 1268 nullum

57 1290 223 1323 propterea
249 1280 302 1314 hic
327 1289 414 1316 erat,
441 1278 538 1321 ipsius
561 1277 704 1313 foramen
733 1303 739 1310 .
775 1278 980 1319 Temporum
1005 1287 1061 1310 au-

58 1333 126 1357 tem
150 1322 214 1357 ossa
240 1333 326 1356 erant
349 1324 481 1366 quidem
500 1345 508 1360 ‚
536 1321 587 1356 sed
611 1320 761 1355 deorsum
784 1323 817 1353 in
843 1322 941 1353 latera
966 1343 977 1359 ‚
1012 1332 1062 1353 re-

58 1366 265 1409 trorsumque
290 1366 438 1408 protensa
465 1391 471 1398 .
507 1366 560 1399 Ad
584 1364 792 1408 quorumilla
816 1361 975 1397 foramina
990 1374 1062 1406 quae

59 1410 232 1444 Auditorii
256 1410 484 1452 ingrediuntur
507 1412 625 1450 nervi,
650 1407 762 1441 frustra
787 1407 908 1441 horum
924 1430 936 1447 ‚
972 1416 1008 1440 ut
1032 1418 1064 1439 a·

58 1454 178 1487 liorum
215 1456 333 1495 pariter
358 1455 390 1486 in
422 1453 478 1486 hac
502 1454 604 1486 cranii
640 1450 706 1486 basi
729 1476 737 1490 ‚
770 1452 865 1484 initia
898 1449 1032 1493 quaesivi
1058 1474 1066 1482 .

57 1496 237 1539 Minusque
271 1498 394 1531 idcirco
418 1494 550 1529 miratus
574 1496 642 1530 sum
662 1517 671 1532 ‚
707 1506 781 1528 cum
806 1506 881 1537 mox
916 1493 1029 1527 oculos
1056 1519 1064 1533 ‚

55 1542 116 1583 ‘qui
152 1541 214 1574 suis
237 1553 311 1575 curn
346 1540 505 1583 palpebris
538 1542 617 1573 bene
640 1548 730 1572 erant
764 1536 961 1571 conformati
983 1559 992 1574 ,
1014 1539 1065 1569 in-

60 1584 253 1627 spefhndo,
277 1586 423 1627 Opticos
446 1594 561 1616 nervos
584 1595 677 1624 aequo
699 1580 759 1615 effe
783 1581 972 1623 graciliores
996 1602 1005 1617 ‚
1035 1583 1066 1613 δε

57 1629 145 1661 intra
168 1628 315 1665 orbitas,
341 1637 377 1661 ut
402 1626 508 1659 visum
532 1626 597 1666 est,
619 1623 797 1659 desinentes
820 1624 1033 1658 animadverti
1057 1648 1064 1655 .

58 1671 150 1704 Tum
174 1673 319 1713 linguam
344 1669 537 1711 praelongam
562 1668 630 1702 vidi
650 1692 662 1709 ‚
696 1679 753 1701 nec
778 1680 836 1710 pro
860 1667 1066 1709 longitudine

60 1714 134 1747 satis
157 1713 277 1748 latam.
307 1712 534 1755 Respondebat
558 1711 626 1746 haec
650 1712 788 1745 maxillae
806 1710 961 1744 Inferior-i
980 1737 986 1749 ,
1009 1722 1067 1744 cu-

59 1756 109 1799 jus
131 1769 165 1790 ea
189 1767 257 1791 erat
280 1756 458 1799 longitudo
480 1781 488 1796 ‚
511 1765 547 1790 ut
572 1758 657 1789 ultra
680 1756 883 1797 Superiorem
907 1778 915 1792 ,
949 1766 1064 1797 quam-

60 1801 109 1834 vis
133 1799 185 1834 hic
219 1801 305 1833 inter
329 1799 582 1834 descendendum
619 1799 710 1833 valde
733 1800 766 1831 in
802 1799 966 1832 anteriora
990 1809 1066 1839 pro-

61 1842 185 1877 tensam
207 1866 219 1883 ,
240 1843 270 1878 se
293 1842 479 1877 antrorsum
504 1842 712 1878 extenderet·,
737 1854 838 1883 neque
864 1852 970 1875 tamen
996 1839 1066 1883 ejus

60 1895 166 1930 partes
188 1886 319 1921 dextera
342 1909 351 1924 ‚
386 1888 416 1919 &
440 1886 559 1921 sinistra
583 1898 649 1929 quo
683 1887 784 1927 magis
808 1897 824 1918 a
849 1894 960 1919 mento
983 1895 1066 1918 rece·

59 1930 199 1969 debant,
223 1942 262 1963 eo
288 1930 411 1972 magis,
435 1939 471 1963 ut
497 1930 620 1967 solent,
643 1931 728 1963 inter
753 1930 780 1962 se
792 1928 950 1962 distabant
965 1953 974 1960 .
1000 1929 1067 1960 Ita-

59 1985 121 2016 que
146 1973 274 2015 longius
296 1974 449 2015 quidem,
472 1972 526 2013 sed
549 1972 655 2006 multo
679 1983 775 2013 quarn
799 1972 989 2011 consuevit,
1012 1982 1067 2003 an-

60 2016 183 2059 gustius
207 2026 271 2050 erat
294 2018 379 2050 inter
395 2025 572 2058 utramque
595 2016 802 2049 intervallum
818 2039 825 2052 ,
852 2015 939 2057 quod
957 2013 1066 2056 singu-

62 2062 136 2094 laris
160 2060 286 2101 insuper
311 2059 454 2093 aretabat
480 2059 649 2102 utriusque
672 2059 865 2093 craffitudo.
890 2057 943 2091 Ad
968 2059 1067 2091 menti

61 2113 169 2138 autem
192 2103 347 2144 inferiora
369 2124 378 2139 ‚
408 2104 496 2146 nulla
521 2102 740 2136 intercedente
762 2125 770 2139 ‚
790 2105 840 2136 vut
863 2104 897 2134 in
931 2104 1038 2144 pueris
1061 2126 1069 2140 ‚

61 2148 146 2180 linea
166 2169 175 2185 ‚
211 2148 313 2180 ambae
338 2147 371 2179 in
396 2157 496 2180 unum
530 2158 565 2179 os
589 2147 774 2179 coaluerant
797 2171 804 2179 .
834 2146 911 2188 jam
934 2156 1012 2178 vero
1033 2154 1068 2177 ut

60 2190 170 2225 dicam
193 2191 231 2224 de
255 2190 372 2232 Spina3
398 2200 461 2223 non
486 2190 562 2223 huic
585 2200 695 2222 omnes
717 2201 824 2222 revera
848 2189 977 2222 deerant
1000 2188 1069 2221 col-

52 2235 85 2267 ·li
109 2234 287 2271 venebrae,
312 2232 364 2266 sed
386 2242 449 2267 tres
473 2233 642 2266 dumtaxat
665 2255 677 2273 ‚
699 2242 823 2266 caeterae
848 2242 954 2266 autem
979 2241 1067 2264 erant

62 2280 148 2310 inter
173 2277 202 2311 se
225 2276 414 2318 constipatae
432 2299 445 2316 ,
477 2286 513 2308 ut
538 2277 685 2318 quaedam
708 2276 938 2310 nonnullarum
963 2285 1067 2317 partes

62 2333 137 2354 cum
162 2323 384 2361 proximarum
409 2319 555 2361 partibus
577 2329 733 2353 concretae
755 2317 853 2352 essent
868 2344 875 2351 .
898 2318 999 2358 Qod
1022 2327 1069 2351 et-

55 2366 126 2398 'iam
151 2365 185 2397 in
210 2364 354 2400 duabus,
378 2372 433 2396 aut
452 2363 559 2397 tribus
583 2375 622 2397 ex
644 2363 685 2396 iis
706 2374 778 2405 quae
801 2363 834 2394 in
859 2361 991 2395 thorace
1016 2361 1069 2395 su-

63 2418 181 2450 premae
207 2407 302 2446 sunt,
327 2407 538 2444 cernebatur,
562 2417 702 2449 quarum
727 2406 854 2448 velipsa
876 2414 968 2438 erant
980 2406 1067 2438 Cor.

63 2463 141 2494 pora
166 2453 200 2483 in
225 2461 323 2484 unum
346 2450 541 2492 conjunfiia.
564 2451 618 2483 Ab
640 2448 690 2483 his
715 2450 810 2492 Spina
830 2448 1007 2490 incipiebat
1030 2447 1069 2481 si-

62 2496 131 2528 mul
154 2494 331 2527 retrorsum
355 2496 419 2532 ire,
445 2493 537 2527 simul
563 2492 592 2526 se
616 2496 650 2527 in
674 2492 758 2525 latus
779 2491 1068 2526 sinistrumcurva-

62 2549 95 2572 re
121 2550 130 2570 .-
165 2549 236 2579 quae
260 2539 444 2570 incurvatio
468 2538 524 2570 ubi
539 2537 587 2570 *ad
610 2537 797 2570 lumborum
823 2536 982 2569 vertebras
1003 2533 1066 2568 fer-

63 2593 116 2615 me
140 2589 351 2624 pervenerat‚
376 2582 409 2614 in
432 2582 635 2614 contrarium
662 2580 872 2616 mutabatur,
897 2579 1002 2622 sicque
1013 2590 1068 2620 per

64 2626 194 2658 Sacrum
228 2626 324 2657 etiam
355 2635 391 2657 os
422 2624 575 2665 pergebat
603 2649 611 2657 .
653 2623 710 2657 Sed
743 2624 847 2664 prima
879 2623 1068 2656 incurvatio

64 2669 170 2701 multo
193 2677 258 2701 erat
284 2666 386 2708 major
409 2678 507 2710 quam
532 2667 630 2700 altera
649 2680 658 2704 ς,
683 2677 781 2709 quare
804 2666 872 2699 haec
895 2677 971 2699 cum
993 2677 1069 2707 pau-

65 2711 169 2744 lulum
193 2711 356 2745 attolleret
369 2722 406 2744 os
429 2711 521 2744 ilium
533 2709 713 2749 sinistrum,
737 2708 969 2752 illascapulam
992 2709 1068 2741 dex-

65 2764 168 2787 teram
192 2754 283 2787 valde
306 2754 497 2792 attollebat,
522 2756 553 2786 δε
577 2764 614 2787 ut
636 2753 730 2788 costae
756 2754 909 2786 universae
934 2753 1070 2785 aliterin

66 2809 126 2834 eo,
152 2808 248 2838 quam
271 2798 306 2828 in
328 2796 477 2839 opposito
502 2797 618 2836 latere,
643 2797 820 2839 prostarent
845 2818 853 2833 ‚
879 2795 1035 2829 efficiebat
1060 2820 1068 2827 .

66 2841 171 2873 Erant
195 2848 302 2873 autem
324 2841 413 2874 costae
437 2853 453 2873 a
476 2839 599 2873 dextris
611 2841 781 2879 undecim,
805 2852 820 2872 a
845 2837 975 2873 sinistris
988 2839 1071 2872 duo-

65 2882 173 2917 decim
195 2908 204 2922 ,
239 2894 313 2916 cum
335 2882 478 2917 thoracis
503 2884 657 2917 vertebrae
693 2882 789 2916 essent
813 2884 949 2916 omnino
972 2882 1071 2915 unde-

66 2929 131 2960 cim
153 2950 162 2965 ,
198 2927 358 2960 lumbares
379 2927 451 2960 sex.
479 2926 582 2970 Quod
606 2938 683 2960 vero
707 2928 918 2960 adnotatione
941 2925 1071 2967 dignius

66 2970 130 3004 fuit
154 2992 164 3007 ,
198 2969 296 3003 bifida
320 2970 422 3011 reapse
455 2980 521 3004 erat
544 2971 638 3012 Spina
658 2995 665 3000 .
699 2969 853 3012 Namque
877 2979 914 3003 ut
947 2969 1070 3002 summa

54 3014 202 3048 ‘cervicis
226 3012 394 3050 vertebra,
416 3015 463 3047 ita
486 3025 597 3047 omnes
621 3013 768 3055 deinceps
781 3013 935 3055 reliquae,
961 3013 1070 3055 siquae

68 3055 157 3090 infra
182 3056 391 3097 penultimam
415 3056 487 3090 sunt
511 3058 699 3091 lumborum
721 3057 880 3097 excipias,
905 3055 1066 3098 quidquid

67 3100 140 3134 offis
162 3100 368 3142 Corporibus
391 3100 526 3142 ipsarum
552 3100 704 3137 additur,
727 3109 763 3133 ut
787 3111 844 3140 pro
869 3099 991 3141 Spinali
1016 3102 1067 3132 in-

67 3144 226 3177 cludenda
251 3143 387 3176 medulla
421 3145 536 3178 tubum
561 3143 702 3177 efficiant
726 3166 734 3180 ‚
761 3143 794 3176 id
817 3154 913 3175 omne
938 3143 1013 3176 hinc
1037 3147 1067 3177 &

67 3187 146 3221 hinc
169 3189 360 3221 reclinatum
393 3187 430 3220 ad
454 3188 551 3221 latera
571 3210 579 3223 ,
612 3186 850 3229 expansumque
874 3185 1035 3219 habebant
1058 3199 1068 3222 ;

69 3240 106 3265 ut
129 3230 199 3266 duae
222 3230 284 3264 illae
308 3231 447 3264 exterius
479 3230 589 3264 fierent
614 3231 866 3273 protuberantiae
889 3228 927 3262 de
951 3230 1070 3271 quibus

70 3273 165 3316 supra
187 3274 312 3308 dietum
335 3274 378 3306 est
400 3297 407 3305 .
443 3273 557 3316 Itaque
581 3285 647 3306 non
670 3275 756 3308 secus
778 3283 873 3315 atque
895 3273 927 3305 in
952 3273 1069 3306 celebri

69 3319 186 3351 Littrii
210 3321 223 3357 (
246 3325 259 3350 r
278 3317 294 3358 )
317 3317 552 3351 Observatione
568 3342 576 3356 ‚
599 3327 635 3351 ut
660 3318 764 3352 nullus
787 3319 883 3349 tubus
898 3341 907 3356 ‚
932 3315 975 3349 fic
997 3316 1070 3349 nul-

70 3362 100 3395 la
124 3371 189 3395 erat
212 3361 266 3394 hic
293 3361 428 3401 Spinalis
450 3360 604 3394 medulla.
631 3362 771 3395 Videbis
792 3383 802 3399 ‚
834 3358 989 3401 siquando
1014 3363 1070 3391 Pa-

70 3408 195 3439 tavium
217 3404 356 3441 venem,
381 3404 562 3437 universum
587 3404 739 3438 sceletum
760 3428 770 3444 ‚
793 3403 986 3436 aMediavia
1012 3415 1072 3435 no-

70 3449 135 3483 stro
158 3449 329 3490 diligenter
353 3457 541 3488 apparatum
557 3471 569 3487 ,
591 3459 689 3489 eaque
711 3449 821 3480 omnia
844 3459 916 3488 qua:
940 3448 972 3478 in
998 3446 1071 3478 oss-

69 3492 130 3526 bus
152 3491 321 3534 descripsi,
346 3490 690 3533 praeclareostendens.
718 3489 922 3524 Essetautem
947 3489 1072 3533 aspeffitu

71 3536 178 3569 multo
203 3534 366 3578 pulchrius
386 3557 399 3572 ,
432 3534 453 3567 si
479 3546 512 3568 nt
547 3538 578 3566 in
604 3536 727 3568 caeteris
757 3547 828 3575 qua:
853 3535 991 3575 plurima
1017 3533 1071 3566 ha-

71 3580 156 3620 beo,
178 3579 318 3614 foetuum
344 3578 483 3614 sceleris,
508 3579 552 3611 ita
578 3580 609 3610 in
636 3577 695 3611 hoc
721 3590 849 3619 quoque
872 3578 937 3611 osla
961 3577 1070 3610 omnia

70 3626 117 3668 ad·
135 3624 315 3657 albedinem
333 3621 468 3671 ‘perduci
481 3622 655 3664 potuissent
668 3645 675 3652 .
702 3621 786 3664 Quae
800 3620 856 3654 etii
881 3622 959 3655 dura
977 3622 1048 3654 sunt
1063 3645 1071 3659 ,

130 3815 144 3844 ζ
157 3822 168 3840 3
184 3816 196 3844 )
214 3818 290 3841 Mem.
306 3815 335 3840 de
351 3816 367 3839 i'
381 3814 453 3839 Acad.
472 3818 502 3839 R.
520 3816 561 3839 des
577 3817 615 3840 Se.
632 3816 662 3839 A.
682 3823 750 3845 1701.
768 3833 771 3836 -
811 3816 825 3845 (
841 3824 857 3840 u
873 3815 887 3844 ¹)
903 3823 926 3839 n.
944 3817 981 3844 48.

1943 214 2038 264 ²45

1104 290 1204 322 neque
1229 280 1292 313 ulla
1316 282 1354 313 ab
1378 292 1415 313 eo
1437 291 1511 313 cura
1537 278 1743 319 praetermiisa
1767 277 1834 318 est,·
1855 285 1962 311 tamen
1983 300 1992 316 ,
2015 275 2105 320 quod

1103 324 1323 358 omittendum
1348 335 1412 356 non
1435 322 1555 356 credidi
1581 321 1620 354 ad
1639 321 1889 355 observationis
1911 320 2109 362 hujuscom-

1105 368 1321 411 plementum‚
1347 366 1452 400 fuscus
1478 364 1630 408 quidam,
1654 368 1685 398 ὅ(
1710 365 1862 407 subniger
1884 364 1978 396 color
2001 376 2016 396 a
2039 374 2108 396 cer-

1105 415 1147 445 tis
1172 411 1349 452 praesertim
1371 409 1488 444 offibus
1508 421 1517 446 5
1551 412 1581 441 &
1605 409 1799 442 nominatim
1824 420 1839 440 a
1872 405 2028 449 plerisque
2051 418 2107 439 eo-

1103 466 1175 490 rum
1201 466 1273 496 quae
1304 455 1338 487 in
1361 454 1493 486 artubus
1526 453 1674 493 longiora
1699 451 1772 485 sunt
1795 474 1803 489 ,
1839 453 1964 494 penitus
1987 448 2107 482 auferri

1102 509 1166 532 non
1202 498 1310 539 potuit
1333 522 1340 529 .
1377 499 1425 530 De
1449 496 1569 538 quibus
1601 495 1805 537 longioribus
1827 505 1958 528 artuum
1989 492 2107 526 offibus

1102 553 1158 576 nec
1181 542 1263 575 illud
1288 540 1444 574 silendum
1468 539 1532 576 est,
1559 540 1680 571 minori
1703 536 1762 573 esse
1787 538 1991 571 crassitudine
2007 546 2107 579 quarn

1101 588 1136 620 in
1161 584 1297 619 foetibus
1332 585 1415 625 paris
1440 582 1516 617 huic
1548 581 1730 616 altitudinis
1754 582 1856 615 solent
1876 604 1886 619 ‚
1913 580 2031 623 majori
2055 589 2110 614 au,-

1102 640 1167 664 tem
1193 626 1401 670 longitudine
1415 650 1422 657 .

1149 682 1199 714 51.
1234 675 1333 704 Anno
1365 668 1476 703 eodem
1512 671 1604 710 1746.
1643 679 1719 702 curn
1752 667 1839 702 forte
1886 667 2110 711 Septembrem

1104 715 1242 751 mensem
1268 717 1300 747 in
1327 714 1434 747 Patria
1458 711 1658 746 traducerem
1682 723 1751 746 mea
1772 734 1783 751 ,
1817 711 1983 754 Ph=1ippus
2012 712 2110 743 Baro-

1103 763 1195 796 nius,
1221 758 1357 793 Baronii
1381 757 1468 790 illius
1491 756 1548 797 qui
1571 755 1609 789 de
1632 755 1943 796 Pleuropneumonia
1968 752 2112 793 scripsit,

1104 813 1265 847 pronepos
1289 827 1298 840 ,
1335 812 1422 833 meus
1445 799 1527 832 olim
1559 807 1669 841 gratus
1705 799 1835 832 auditor
1860 824 1869 838 ,
1904 808 1982 831 tunc
2007 804 2115 829 autem

1109 846 1191 888 apud
1223 843 1436 877 Meldulenses
1466 842 1537 875 suos
1561 843 1617 883 qui
1649 841 1754 883 ipsum
1779 851 1852 875 ante
1881 842 1967 875 diem
2003 837 2117 873 amise-

1110 899 1209 928 runt,
1234 888 1383 921 Medicus
1405 885 1706 921 exercitatissimus,
1731 885 1768 918 ad
1792 897 1841 918 me
1865 897 1938 918 cum
1963 882 2120 918 leonibus

1111 931 1385 965 Observationem
1410 929 1493 962 misit
1509 954 1516 967 ‚
1543 929 1606 961 illis
1619 929 1659 962 ab
1684 928 1712 962 se
1724 928 1835 963 diebus
1859 928 2021 965 habitam,
2046 935 2118 968 quae

1108 987 1182 1009 cum
1206 975 1366 1008 Valsalvae
1391 972 1646 1012 observationi,
1673 972 1768 1012 paulo
1788 979 1860 1005 ante
1884 972 1939 1015 (u
1964 975 1974 1010 )
2000 979 2121 1012 propo-

1110 1019 1199 1057 sitae,
1225 1030 1289 1050 non
1313 1028 1375 1051 una
1399 1018 1434 1049 in
1457 1026 1489 1049 re
1514 1015 1690 1050 confimilis
1715 1013 1752 1048 sit
1778 1037 1787 1052 ‚
1811 1014 1872 1049 hoc
1898 1016 1972 1048 loco
1996 1024 2060 1047 non
2081 1020 2121 1043 0-

1114 1070 1266 1096 mittetur
1283 1086 1290 1094 .
1644 1094 1648 1096 ,

1158 1115 1211 1147 52.
1237 1102 1575 1148 MONSTROSAM
1596 1124 1608 1141 ,
1639 1102 1774 1143 quinfio
1797 1100 1984 1143 gestationis
2016 1097 2122 1134 mense

1113 1149 1178 1192 jam
1201 1148 1335 1184 exasio,
1361 1146 1500 1188 puellam
1525 1146 1620 1186 ejecit
1646 1146 1761 1179 mulier
1785 1156 1903 1178 annum
1927 1144 2061 1186 quidem
2094 1153 2128 1174 a-

1111 1204 1188 1235 gens
1211 1190 1413 1233 trigesimum
1439 1187 1583 1225 sextum,
1610 1188 1660 1221 sed
1684 1188 1814 1221 decolor
1836 1212 1845 1228 ,
1869 1187 2017 1230 gracilis,
2043 1199 2059 1220 a
2083 1185 2131 1217 la-

1111 1236 1248 1270 boribus
1280 1245 1361 1274 quos
1386 1234 1477 1274 supra
1513 1233 1595 1265 vires
1619 1231 1792 1272 pertulerat
1813 1254 1823 1269 ,
1850 1230 2019 1273 pravisque
2042 1228 2126 1263 cibis

1112 1280 1169 1313 diu
1191 1301 1200 1316 ‚
1235 1278 1440 1315 multumque
1464 1285 1633 1309 extenuata
1658 1299 1664 1307 .
1691 1275 1775 1317 Qae
1801 1284 2013 1317 praeterquam
2038 1270 2128 1316 quod

1114 1324 1223 1357 minus
1245 1319 1339 1354 firma
1362 1318 1436 1354 esset
1449 1319 1658 1358 valetudine,
1682 1320 1754 1351 viro
1777 1329 1906 1361 quoque
1931 1317 2039 1359 jundiza
2063 1325 2132 1349 erat

1116 1378 1182 1400 non
1207 1364 1339 1398 robusto
1364 1386 1373 1401 ‚
1410 1373 1504 1406 atque
1542 1361 1621 1395 adeo
1644 1361 1778 1403 torpido
1800 1374 1808 1395 .·
1842 1360 2033 1403 ultimisque
2056 1367 2131 1393 ante

1117 1410 1322 1443 abortionem
1346 1406 1426 1441 hanc
1453 1406 1611 1439 mensibus
1635 1407 1783 1440 territam
1807 1405 1838 1438 se
1868 1406 1901 1439 in
1927 1405 2060 1439 somniis
2083 1400 2136 1435 fa-

1116 1455 1164 1486 cie
1188 1450 1342 1494 persimili
1376 1451 1465 1485 istius
1488 1450 1560 1493 q'uae
1593 1451 1627 1481 in
1653 1449 1759 1490 puella
1782 1457 1851 1482 erat
1876 1472 1887 1489 ‚
1922 1449 2100 1482 testabatur
2125 1451 2136 1479 .’

1116 1497 1250 1531 Scilicet
1275 1495 1360 1527 ultra
1397 1492 1567 1534 supercilia
1591 1491 1676 1524 nihil
1700 1502 1766 1526 erat
1790 1491 1910 1525 frontis
1937 1518 1944 1531 ‚
1966 1505 2021 1526 auc
2047 1489 2136 1533 capi-

1117 1543 1178 1574 tis:
1205 1537 1295 1571 nasus
1318 1537 1499 1580 depressus,
1521 1547 1558 1569 os
1572 1534 1664 1568 hians
1678 1558 1689 1574 ,
1713 1536 1863 1569 auriculae
1876 1535 2030 1570 humeros
2051 1543 2136 1568 con-

1117 1587 1281 1625 tingentes
1300 1603 1315 1620 ,
1348 1582 1540 1621 dexteraque
1576 1589 1685 1612 earum
1707 1578 1857 1612 deorsum
1881 1581 1972 1612 valde
1996 1579 2137 1612 inclina«a

1119 1637 1152 1661 ta
1177 1640 1185 1659 ι
1223 1624 1348 1658 nullum
1373 1624 1496 1657 collum
1516 1645 1525 1660 ,
1560 1622 1686 1655 nullum
1713 1631 1859 1656 mentum
1875 1644 1882 1657 ‚
1906 1624 2030 1665 quippe
2056 1620 2140 1654 facie

1117 1670 1204 1704 infra
1229 1668 1388 1703 auriculas
1409 1691 1415 1703 ‚
1443 1670 1474 1700 δι’
1498 1678 1533 1700 os
1557 1668 1719 1699 continuo
1743 1668 1775 1699 in
1801 1666 1911 1708 pestus
1934 1666 2098 1700 desinente
2124 1686 2139 1703 2

1117 1725 1153 1748 ut
1180 1713 1274 1746 sicuti
1300 1711 1481 1753 superiore,
1507 1710 1553 1742 ita
1578 1708 1733 1742 inferiore
1757 1721 1886 1752 quoque
1922 1719 2046 1744 careret
2083 1708 2138 1741 sua

1118 1766 1228 1800 parte.
1255 1755 1453 1788 Abdominis
1479 1753 1639 1789 musculi,
1663 1755 1693 1785 &
1717 1753 1906 1786 communia
1930 1780 1939 1794 ‚
1974 1754 2051 1794 ipsis
2074 1752 2142 1784 im-

1118 1800 1221 1844 posita
1235 1821 1244 1836 ‚
1266 1800 1417 1840 corporis
1431 1800 1657 1839 integumenta
1670 1819 1680 1834 ,
1705 1800 1898 1830 anteriorem
1914 1798 2037 1829 ventris
2053 1792 2142 1829 mui-

1117 1854 1154 1878 to
1178 1843 1351 1877 maximam
1376 1850 1501 1882 partem
1525 1850 1589 1872 non
1613 1838 1854 1874 convestiebant
1879 1852 1889 1879 3
1923 1839 1973 1874 sed
1996 1851 2070 1873 eam·
2092 1839 2146 1873 sa-

1117 1899 1156 1921 xa
1182 1912 1189 1926 ,
1224 1889 1255 1918 &
1280 1888 1313 1918 in
1338 1884 1522 1926 ampliffimi
1545 1882 1697 1923 marsupii
1722 1883 1855 1917 modum
1879 1884 2004 1917 extensa
2034 1895 2142 1916 mem.»

1121 1932 1217 1964 brana
1242 1929 1411 1970 operiebat
1436 1951 1444 1965 ‚
1484 1938 1517 1960 in
1541 1938 1638 1969 quam
1665 1926 1797 1960 musculi
1819 1949 1832 1967 ‚
1855 1930 1886 1960 δι
1910 1930 2140 1969 integumenta

1120 1976 1199 2013 illa,
1222 1973 1380 2013 paulatim
1404 1970 1580 2012 sensimque
1604 1979 1798 2010 extenuata,
1819 1970 1951 2004 demum
1977 1971 2065 2005 abire
2091 1973 2141 2004 vi-

1118 2018 1295 2052 debantur.
1323 2017 1411 2050 Intra
1436 2015 1517 2048 hanc
1544 2016 1761 2048 memb-ranam
1778 2040 1785 2053 ‚
1810 2016 1970 2049 tenuitate
1996 2015 2138 2055 pellaci-2

1120 2063 1194 2096 darn
1210 2085 1221 2100 ,
1244 2059 1355 2101 jecur,
1379 2062 1411 2092 δε
1435 2059 1584 2092 intestina
1608 2057 1896 2100 conspiciebantur
1918 2081 1928 2096 ‚
1950 2058 2137 2092 extrorsum

1122 2103 1358 2148 propendentia
1383 2127 1389 2134 .
1426 2102 1535 2135 Pollex
1559 2102 1683 2144 digitus
1718 2103 1751 2134 in
1776 2101 1903 2136 dextera
1939 2100 2141 2136 desideraba-

1121 2159 1199 2181 tur:
1221 2158 1293 2190 quae
1318 2157 1429 2180 manus
1454 2148 1499 2179 ita
1523 2145 1645 2179 sursum
1669 2155 1788 2179 retorta
1811 2156 1901 2182 erat,
1923 2147 2060 2180 u-tinter
2085 2145 2138 2183 se,

1120 2195 1152 2226 &
1175 2190 1346 2225 brachium
1369 2188 1652 2231 comprehenderet
1685 2190 1843 2231 angulum
1866 2189 1968 2224 ferme
2003 2200 2132 2224 norma-

1120 2235 1202 2269 lem.
1230 2234 1311 2267 Haec
1335 2247 1350 2267 a
1376 2232 1502 2266 fronte.
1528 2234 1558 2265 A
1585 2243 1675 2274 tergo
1700 2243 1807 2267 autem
1833 2233 1939 2267 videre
1962 2243 2030 2267 erat
2056 2234 2135 2268 dor-

1118 2279 1139 2311 si
1166 2279 1331 2321 regionem
1355 2276 1481 2318 capillis
1505 2275 1691 2310 instruet-arn
1716 2288 1724 2309 :
1759 2275 1796 2309 ad
1822 2275 1954 2319 ejusque
1991 2278 2142 2319 regionis

1120 2322 1279 2355 summum
1316 2320 1424 2354 medio
1448 2321 1532 2352 inter
1567 2319 1708 2361 scapulas
1732 2319 1806 2353 loco
1831 2321 1971 2363 amplam
1997 2320 2137 2362 profun-

1117 2365 1256 2407 damque
1281 2366 1397 2398 rimam
1418 2387 1427 2402 ,
1451 2363 1583 2397 alterius
1606 2365 1673 2396 oris
1699 2363 1798 2396 instar
1824 2363 1968 2398 hiantem
1998 2390 2004 2402 ,
2037 2375 2138 2408 quarn

1118 2410 1298 2447 vertebrae‚
1321 2409 1367 2441 ibi
1391 2406 1611 2445 dehiscentes,
1633 2404 1793 2439 faciebant
1814 2433 1821 2438 .
1857 2409 1929 2441 Nec
1957 2407 2062 2442 multo
2086 2407 2142 2442 su-

1120 2464 1177 2494 pra
1200 2463 1268 2485 eam
1294 2453 1410 2484 rimam
1433 2470 1445 2488 ‚
1468 2452 1507 2483 ab
1531 2450 1671 2491 occipite
1695 2450 1760 2483 lata
1783 2451 1948 2486 oriebatur
1973 2451 2039 2485 basi
2066 2451 2139 2494 pla-

1119 2507 1177 2529 nus
1200 2494 1336 2538 quidam
1359 2493 1448 2536 quasi
1473 2493 1656 2529 musculus,
1680 2495 1758 2535 qui,
1786 2503 1820 2526 ut
1846 2506 1914 2529 erat
1938 2506 2054 2530 caetera
2081 2495 2138 2529 so-

1119 2539 1224 2574 lutus,
1252 2537 1273 2570 si
1299 2537 1483 2571 antrorsurn
1509 2537 1613 2570 versus
1638 2536 1885 2579 extenderetur,
1909 2540 2023 2573 oculos
2043 2562 2055 2579 ‚
2078 2550 2135 2571 na-

1119 2582 1254 2623 sumque
1285 2593 1325 2614 ex
1348 2591 1436 2623 parte
1466 2582 1644 2622 obtegebat
1667 2591 1676 2617 ς
1703 2581 1751 2613 fin
1777 2580 1814 2614 ad
1839 2581 2015 2624 posteriora
2042 2582 2138 2615 recli-

1120 2633 1274 2664 naretur,
1297 2625 1334 2657 ad
1358 2625 1486 2658 lumbos
1509 2624 1609 2666 usque
1631 2623 1798 2666 operiebat
1811 2625 1960 2659 dorsum.
1988 2627 2067 2660 Erat
2078 2639 2139 2660 au-

1121 2679 1188 2702 tem
1218 2670 1244 2701 is
1268 2668 1372 2702 adulti
1406 2667 1547 2701 hominis
1572 2668 1690 2709 linguae
1723 2666 1905 2702 simillimus
1933 2669 2034 2711 figura
2058 2692 2067 2706 ‚
2103 2673 2135 2703 &

1120 2711 1368 2753 magnitudine.
1397 2713 1447 2745 Ex
1470 2724 1537 2754 quo
1562 2711 1674 2755 puellae
1699 2709 1794 2752 hujus
1818 2714 2013 2754 parvitatem
2037 2712 2134 2746 facile

1124 2756 1245 2799 poteris
1269 2756 1470 2797 intelligere.
1534 2788 1545 2796 a&
1606 2755 1753 2786 Tametsi
1779 2754 1812 2785 in
1836 2754 1895 2788 hac
1919 2756 2135 2795 descriptione

1125 2798 1276 2832 nonnulla
1299 2798 1410 2832 desunt
1425 2822 1436 2838 ‚
1459 2809 1557 2840 eaque
1581 2795 1759 2837 praesertim
1783 2808 1854 2838 quae
1889 2810 1944 2838 per
1965 2798 2136 2833 diffeffio-

1122 2853 1215 2879 nem,
1239 2841 1260 2873 fi
1285 2839 1420 2874 licuisset
1442 2865 1451 2878 ,
1476 2842 1597 2883 inquiri
1621 2839 1779 2874 debebant
1804 2854 1812 2876 3
1850 2850 1955 2874 tamen
1982 2853 2019 2875 ex
2041 2841 2138 2876 fron-

1122 2887 1185 2925 tis,
1208 2888 1238 2918 &
1262 2885 1400 2927 reliqui,
1424 2896 1458 2917 ut
1483 2896 1523 2917 ex
1546 2883 1701 2916 Iconibus
1724 2882 1884 2922 adjunctis
1895 2886 2040 2929 colligO,
2063 2898 2136 2920 cra-

1121 2931 1168 2962 nii
1194 2928 1332 2962 fornicis
1357 2927 1508 2966 defectu,
1533 2929 1675 2968 itemque
1697 2937 1735 2958 ex
1759 2925 1921 2962 foramine
1945 2953 1954 2968 ,
1988 2930 2039 2962 seu
2065 2941 2134 2964 ma-

1121 2973 1169 3006 vis
1193 2973 1273 3004 rima
1296 2982 1359 3014 qua
1383 2971 1536 3013 supremae
1561 2970 1694 3003 hiabant
1717 2971 1896 3011 vertebrae,
1920 2974 2131 3007 latisintelli-

1121 3027 1194 3058 gere
1220 3016 1299 3047 mihi
1326 3013 1461 3053 videor,
1485 3024 1549 3046 non
1574 3016 1680 3046 minus
1702 3013 1734 3045 in
1762 3014 1824 3046 hoc
1846 3038 1859 3054 ,
1893 3027 1990 3055 Quam
2013 3019 2046 3050 in
2072 3018 2136 3051 Fo„

1117 3058 1281 3092 roliviensi
1306 3056 1392 3090 foetu
1413 3062 1427 3097 (
1450 3068 1470 3090 x
1493 3060 1529 3095 )‚
1551 3067 1697 3098 quocum
1721 3055 1806 3090 hunc
1832 3058 1976 3093 conferes
1995 3083 2007 3099 ‚
2043 3072 2132 3095 cere-

1117 3103 1212 3136 brum
1235 3099 1384 3134 defuisse.
1519 3100 1685 3134 Caeterurn
1708 3104 1739 3134 δι
1764 3101 1845 3134 mihi
1870 3104 1910 3135 A.
1940 3113 2035 3146 17³5.
2063 3103 2130 3137 foe-

1121 3156 1194 3179 tum
1220 3145 1346 3178 Patavii
1372 3143 1528 3186 inspicere
1552 3144 1646 3176 licuit
1667 3169 1674 3182 ‚
1699 3143 1800 3178 secare
1824 3156 1888 3177 non
1912 3146 2006 3180 licuit
2028 3170 2040 3186 ‚
2073 3158 2132 3182 cu..

1122 3189 1171 3231 jus
1196 3188 1257 3222 huc
1283 3210 1292 3224 ‚
1329 3197 1476 3221 accurate
1502 3198 1517 3218 a
1543 3198 1591 3219 me
1623 3197 1700 3221 tunc
1722 3189 1893 3221 colleetam
1916 3212 1928 3229 ‚
1960 3189 2128 3224 historiam

1123 3232 1238 3265 addam
1261 3241 1335 3264 cum
1357 3231 1401 3263 ob
1425 3231 1485 3264 alia
1507 3230 1544 3262 ad
1569 3241 1703 3263 matrem
1724 3231 1894 3273 ipsumque
1917 3234 2090 3267 attinentia
2116 3260 2125 3273 ‚

1120 3286 1190 3309 tum
1214 3278 1289 3317 quia
1315 3276 1348 3306 in
1373 3286 1410 3307 eo
1434 3282 1520 3308 certe
1543 3273 1631 3315 quod
1655 3273 1694 3306 ad
1729 3275 1888 3308 abdomen
1911 3278 2027 3310 attinet
2054 3300 2063 3316 ,
2096 3280 2129 3311 ὃς
2166 3273 2168 3275 ’

1119 3320 1182 3352 sine
1205 3318 1393 3351 disseffione
1416 3318 1558 3357 conspici
1584 3318 1692 3357 potuit
1713 3339 1724 3355 ‚
1748 3318 1786 3350 ad
1811 3319 1988 3360 propositas
2003 3319 2129 3354 Valsalu

1121 3374 1190 3399 vce,
1219 3365 1248 3394 &
1276 3362 1405 3394 Bironii
1431 3359 1685 3393 Observationes
1710 3361 1856 3402 proxime
1879 3362 2024 3396 accedit.

1167 3416 1216 3448 53.
1246 3403 1593 3437 MONSTROSUM
1627 3402 1789 3437 infantem
1812 3404 1964 3439 Matrona
2000 3407 2127 3448 peperit

1124 3459 1199 3481 nata
1223 3458 1320 3480 annos
1345 3458 1443 3481 unum
1466 3450 1497 3480 &
1520 3446 1734 3488 quadraginta
1749 3473 1758 3489 ‚
1783 3445 1824 3480 sic
1847 3447 1921 3481 satis
1933 3449 2003 3482 sana
2019 3471 2029 3487 ‚
2056 3450 2129 3490 plu-

1123 3493 1280 3525 rimorum
1302 3500 1386 3524 certe
1409 3490 1591 3523 ,liberorum
1614 3500 1749 3531 parens,
1772 3501 1853 3533 quos
1865 3491 2005 3526 feliciter
2027 3493 2128 3535 gesta-

1122 3546 1173 3568 tos
1196 3560 1204 3574 ,
1241 3535 1427 3576 optimeque
1450 3545 1560 3566 omnes
1582 3533 1802 3568 conformatos
1826 3534 1972 3569 ediderat
1996 3560 2003 3569 .
2038 3537 2129 3570 Huic

1121 3578 1291 3611 noviffimo
1321 3577 1459 3611 onobri
1495 3577 1597 3610 mense
1621 3602 1630 3616 ,
1674 3580 1706 3610 &
1739 3578 1888 3619 deinceps
1920 3580 2043 3614 caeteris
2089 3580 2132 3614 ad

1122 3622 1207 3656 diem
1231 3621 1330 3663 usque
1355 3622 1411 3653 XI.
1438 3619 1511 3653 Kal.
1534 3620 1619 3664 julii
1643 3632 1699 3655 nec
1711 3619 1889 3657 menstruus
1913 3623 2041 3665 sanguis
2053 3634 2128 3664 pro-

1993 3677 2089 3700 vene-

1044 3816 1059 3844 (
1075 3822 1089 3838 x
1105 3817 1115 3848 )
1131 3817 1186 3842 Vid,
1203 3814 1276 3844 Epist.
1294 3817 1364 3840 Anax.
1383 3821 1420 3839 ιο.
1439 3823 1464 3839 n.
1485 3819 1522 3845 56.
1543 3817 1564 3841 δι
1583 3817 1630 3846 seq.
