2498 4075
461 236 611 303 Epist.
648 234 811 287 Anat.
845 230 1061 287 Medica
1095 234 1163 287 V.
1197 230 1322 281 Art.
1357 231 1435 284 28.
1469 245 1549 295 29.
1576 230 1635 284 ὄε
1674 244 1754 294 30.

90 316 128 351 nd
173 315 280 357 aliqua
323 312 509 357 respondere
541 311 651 356 poffim
683 322 795 345 eorum
828 324 898 355 quae
930 311 1090 355 objiciun-

89 370 144 393 tur
169 370 179 397 3
213 357 251 393 ad
286 357 407 400 reliqua
431 357 558 402 spa-riter
603 354 787 396 respondere
819 355 903 397 posse
946 356 1057 392 vjideor
1081 377 1089 385 .

91 400 191 444 Qod
206 401 236 434 fs!
261 410 297 434 tu
320 410 412 443 potes
433 412 444 438 3
477 410 541 432 non
564 398 664 432 solum
697 398 761 440 jam
784 398 857 433 satis
871 398 975 433 *habes
1010 396 1091 432 unde

89 456 165 480 cum
188 445 313 478 Littrio
334 443 516 486 intelligas,
541 454 600 484 qua
624 444 747 475 ratione
770 453 835 475 aere
847 443 972 485 languis
995 442 1092 475 abuu-

89 489 143 523 det
167 487 236 530 post
257 498 384 529 magnas
415 485 659 527 haemorrhagias
680 499 690 525 ς
724 485 774 518 sed
798 490 829 519 &
862 484 989 520 fortasse
1011 484 1092 519 unde

87 531 268 574 conjicias,
289 528 536 569 curinterdum,
559 527 609 561 his
626 531 724 563 etiarn
747 539 811 562 non
822 528 1092 573 praecedentibus,

90 577 178 611 idem
200 575 386 616 contingat.

129 619 181 652 28.
207 619 240 652 Si
263 618 348 650 enim
370 623 477 649 tenues
499 615 549 648 illi
574 623 693 648 meatus
717 625 772 656 per
792 627 875 659 quos
897 616 960 649 aeri
986 627 1003 648 e
1026 614 1094 648 san-

86 664 185 708 guine
207 659 384 695 exeundum
407 657 469 696 est,
492 669 680 702 quacunque
703 657 743 692 de
764 658 854 692 causa
875 658 1094 702 constringan-

88 718 167 746 tur,
190 713 242 738 aut
265 710 465 736 occoecentur
484 726 497 742 ,
521 703 639 744 perviis
661 702 786 735 caeteris
809 703 1016 745 perstantibus
1037 703 1093 745 qui

89 761 192 785 aerem
214 750 246 781 in
270 745 451 787 sanguinem
474 745 675 786 admittunt,
707 746 826 788 quippe
849 743 912 780 non
946 755 983 779 ut
1005 746 1055 779 illi
1079 769 1092 786 ‚

87 796 122 828 in
146 792 314 829 arteriam,
337 788 390 822 sed
413 790 447 821 in
470 800 580 822 venam
604 789 825 823 Pulmonarern
837 789 1091 832 pertinentibus;

87 836 174 871 vides
196 832 369 876 profecto,
392 832 525 865 nimiam
550 834 628 866 aeris
650 833 684 865 in
707 831 854 874 sanguine
886 833 1012 876 copiam
1036 844 1093 867 cu-

90 880 247 916 mulatum
270 877 336 916 iri,
359 879 391 910 8<
412 887 509 919 quarn
533 887 631 918 prope
641 875 680 909 ad
703 874 783 909 hanc
797 875 1017 919 conjecturam
1039 887 1091 909 ac-

88 921 208 957 cesserit
232 919 379 953 Thomas
403 918 610 953 Bar-tholiuus
634 922 648 958 (
669 918 690 952 h
711 923 746 960 ),
769 930 843 953 cum
866 919 1018 962 perillam
1041 931 1091 952 ar-

91 967 227 1002 teriam,
252 962 376 1006 scripfit
390 988 398 1000 ‚
421 964 453 997 in
469 962 560 1005 sanis
575 961 732 1006 fuligines
755 964 878 996 excerni
902 964 935 996 in
958 963 1019 1004 exs
1032 963 1096 996 ira-

91 1011 176 1045 tione
193 1031 202 1045 ,
239 1018 304 1049 quae
326 1005 408 1040 nihil
433 1004 511 1047 sunt
533 1005 621 1040 aliud
642 1016 734 1048 quam
758 1016 850 1039 aereae
877 1008 1003 1048 partica
1017 1017 1040 1039 ae
1062 1007 1096 1039 in

89 1052 242 1097 sanguine
264 1050 388 1090 cordis,
413 1051 456 1082 ξφ
478 1049 591 1092 reliqui
602 1049 741 1091 corporis
762 1049 905 1083 excitatae
925 1047 1012 1088 (sive
1024 1072 1036 1089 ‚
1058 1058 1095 1082 ut

93 1104 183 1128 antea
206 1093 351 1131 dixerat,
376 1104 473 1136 quam
496 1103 548 1126 aer
562 1115 572 1130 ‚
591 1091 746 1136 flatusque
762 1089 939 1135 superfluus
950 1093 983 1126 in
1006 1092 1099 1126 crudo

87 1138 240 1182 sanguine
260 1139 275 1176 >
298 1137 375 1170 unde
390 1133 494 1179 flatus
517 1137 549 1169 in
570 1135 660 1169 venis
682 1145 799 1178 quoque
815 1157 825 1173 ‚
862 1146 900 1169 ex
923 1135 1100 1177 Hippocra-

90 1190 142 1220 te,
169 1182 211 1214 ἔγ
233 1179 370 1220 Galeno,
390 1178 509 1219 molesti
521 1203 531 1219 ‚
556 1178 611 1221 qui
632 1177 688 1221 nisi
710 1189 780 1212 cum
805 1176 1001 1222 fuliginibus
1024 1190 1098 1213 era-

86 1232 219 1258 cuentur
239 1233 297 1266 per
321 1233 480 1256 commune
503 1222 641 1264 corporis
661 1220 874 1256 ventilabrum
888 1246 901 1263 ‚
923 1233 982 1255 non
1003 1223 1095 1256 varia

86 1274 213 1301 tantum
230 1267 447 1310 symptomata
480 1265 632 1299 inducunt
667 1264 783 1299 doloris
816 1264 908 1307 plena
929 1288 942 1306 ,
965 1264 1022 1308 sed
1043 1264 1094 1298 vel

84 1320 182 1344 venas
208 1319 371 1352 rumpere,
392 1307 445 1342 vel
466 1306 644 1349 universum
664 1317 775 1349 corpus
805 1310 838 1342 in
861 1316 1014 1342 tumorem
1036 1308 1094 1342 ele-

87 1364 164 1387 vare
183 1351 327 1397 possunt,
346 1351 375 1394 fi
397 1350 587 1393 restagnent.
612 1350 672 1384 Sed
695 1354 726 1384 &
750 1351 843 1385 Plato
863 1352 913 1390 (ι’
932 1355 947 1391 )
970 1361 1034 1384 non
1047 1350 1098 1384 so-

85 1398 154 1431 lum
177 1406 284 1429 totam
307 1395 388 1428 hanc
411 1393 627 1437 conjecturam
645 1420 653 1434 ‚
674 1405 785 1428 verum
809 1395 907 1427 etiam
926 1405 1022 1438 quam
1042 1405 1101 1437 po-

86 1440 149 1474 stea
174 1439 397 1482 subjiciemus,
423 1436 561 1480 attigisse
582 1437 687 1471 videri
709 1436 835 1480 potest.-
857 1436 948 1480 cujus
974 1448 1100 1471 menon

85 1485 177 1527 piget
201 1483 256 1517 hic
279 1481 374 1515 verba
397 1480 591 1515 describere.
616 1484 692 1515 Cum
707 1481 846 1524 spiritus
870 1480 965 1523 ipsius
988 1480 1097 1521 custos,

84 1528 213 1571 inquit,
236 1529 279 1561 &-
302 1524 388 1568 quasi
406 1526 576 1566 penuarius
596 1524 704 1566 pulmo
725 1549 734 1565 ‚
765 1523 964 1563 distillatione
997 1523 1101 1557 occlu-

82 1571 141 1615 sus
158 1594 172 1612 ,
202 1569 299 1604 libera
323 1567 531 1609 &expedita
545 1566 709 1609 spiracula
731 1567 817 1600 nobis
848 1577 906 1600 non
937 1566 1064 1602 exhibet
1089 1592 1101 1608 ‚

91 1617 134 1649 eff
158 1614 229 1648 hinc
251 1612 373 1654 quidem
403 1608 510 1658 nullu-r
537 1610 685 1657 *mittitur
707 1609 849 1652 spiritus
869 1632 879 1647 ,
915 1610 1003 1646 illinc
1025 1620 1100 1644 vero

81 1657 142 1701 plu
159 1666 250 1699 quam
272 1660 416 1697 oportet,
441 1660 619 1694 accipitur,
643 1661 718 1687 tunc
741 1664 806 1696 quae
829 1653 1099 1696 respiratione&

85 1712 118 1735 re
137 1700 248 1743 rigerio
271 1704 400 1736 carent,
423 1694 635 1737 marcescunt,
658 1698 751 1741 Qod
773 1707 847 1730 vero
869 1698 1026 1740 accipitur
1048 1698 1100 1731 ni-

85 1745 205 1783 mium,
225 1752 282 1785 per
304 1750 401 1774 venas
426 1738 606 1772 traduetum
617 1763 630 1779 ,
653 1751 707 1773 eas
730 1746 937 1781 contorquet,
960 1739 1098 1784 liquefa-

85 1787 190 1829 citque
211 1794 320 1826 corpus
343 1806 351 1815 .
386 1783 431 1815 Et
455 1782 552 1825 paulo
574 1781 666 1825 post:
692 1786 774 1824 Saepe
790 1784 893 1817 ‘etiam
925 1787 1010 1818 intra
1032 1795 1099 1818 cor-

82 1840 146 1873 pus
168 1827 303 1871 discreta
334 1826 377 1861 (T
409 1822 564 1868 rarefat't'a
597 1837 689 1860 carne
721 1825 897 1868 innascitur
923 1827 1061 1870 spiritus
1087 1841 1097 1861 :

85 1873 139 1916 qai
160 1883 231 1906 cum
247 1868 339 1914 foras
370 1869 473 1912 egredi
509 1877 640 1911 nequeat
662 1891 671 1907 ,
707 1867 815 1911 iisdem
849 1869 962 1913 quibus
985 1873 1027 1905 Θ
1051 1872 1098 1904 in-

82 1915 172 1960 greffi
195 1914 320 1949 aliunde
336 1912 493 1956 spiritus,
518 1911 674 1952 doloribus
698 1911 814 1956 afficit.
837 1914 898 1947 Sed
920 1913 1099 1956 ingentibus

85 1968 161 1993 tunc
183 1956 301 2001 affligit
323 1954 503 1997 doloribus,
527 1956 648 1998 quando
672 1954 779 1990 nervis
796 1957 1011 2001 proximisque
1043 1967 1100 1992 ve·-

85 2002 171 2037 vulis
192 1998 411 2044 circunfusus,
433 1998 493 2032 haec
515 1997 606 2042 inflat
619 2024 627 2031 .

129 2057 181 2087 29.
207 2046 331 2079 Verum
363 2051 399 2076 ut
421 2040 471 2076 hae
495 2054 606 2077 omnes
642 2040 772 2078 fortasse
792 2068 805 2085 ‚
840 2052 1025 2087 caeteraeque
1048 2042 1101 2079 his

85 2089 202 2123 similes
225 2088 455 2131 explicationes
475 2087 546 2120 aliae
570 2086 648 2120 alias
671 2085 798 2130 possunt
820 2087 927 2121 locum
950 2087 1066 2121 habere
1088 2112 1102 2130 ,

85 2133 128 2167 fic
152 2143 262 2166 vereor
278 2140 321 2166 ut
344 2132 379 2164 in
402 2129 576 2174 propositis
600 2142 616 2164 a
638 2141 687 2163 me
711 2129 856 2165 historiis
879 2130 1017 2164 habeant
1031 2154 1044 2172 ,
1067 2131 1102 2169 in

87 2177 203 2220 quibus
227 2186 283 2209 nec
304 2173 429 2210 denfior
452 2174 601 2216 sanguis,
622 2184 680 2207 nec
703 2174 786 2207 lente
810 2183 980 2216 promotus
1003 2197 1016 2215 ,
1047 2184 1104 2207 nec

87 2220 280 2254 imminutus
292 2228 383 2252 antea
397 2217 501 2251 fuerat
513 2241 526 2258 ‚
547 2228 648 2259 neque
660 2217 763 2251 ullum
775 2216 980 2251 occlusorurn
992 2240 1006 2258 ‚
1026 2227 1104 2251 con-

87 2263 310 2298 strictorumve
341 2263 377 2294 in
400 2260 610 2303 pulmonibus
642 2262 722 2294 aeris
754 2268 917 2294 meatuum
949 2260 1106 2295 indicium

88 2304 284 2351 praecefferat
311 2329 319 2336 .
357 2301 573 2337 Praecefferant
596 2312 702 2336 autem
724 2301 811 2346 figna
834 2304 957 2337 vitiatae
978 2305 1105 2337 coffio-

89 2352 161 2391 nis,
181 2348 244 2382 five
267 2348 367 2382 mavis
390 2346 560 2381 solutionis
583 2346 672 2380 illius
694 2358 767 2389 quae
790 2345 873 2379 fitin
896 2347 1100 2388 ventriculo,

90 2398 124 2429 δε
146 2392 326 2430 intestinis3
350 2401 423 2424 nam
445 2391 592 2432 languori
614 2388 971 2433 ventriculiAEthiops,
996 2390 1101 2425 Pisca-

90 2448 145 2472 tor
168 2447 246 2470 vero
267 2435 446 2470 flatulentis
470 2434 589 2467 ventris
613 2430 839 2468 affectionibus
861 2433 1021 2468 obnoxius
1032 2433 1100 2469 fue-

89 2489 158 2517 rat.
183 2481 275 2514 Num
297 2479 399 2520 igitur
421 2488 459 2511 ex
479 2477 562 2510 male
585 2473 722 2510 subaffis
745 2475 827 2512 cibis
859 2488 953 2520 aequo
976 2478 1079 2520 plures
1093 2501 1105 2517 ‚

91 2525 136 2559 ob
159 2522 333 2557 indicatam
365 2533 382 2554 a
405 2521 570 2554 Brunnero
592 2522 606 2560 <
627 2520 646 2561 l<
666 2523 681 2560 )
703 2543 715 2561 ,
749 2520 887 2558 aliamve
907 2521 1069 2555 rationem
1093 2545 1107 2564 ,

91 2566 281 2613 prodeuntes
307 2575 400 2598 aereae
423 2564 519 2598 bullae
533 2587 547 2604 ,
569 2562 731 2606 chyloque
754 2562 900 2598 immistae
920 2588 934 2605 ‚
967 2565 1100 2599 Lafiea-

66 2624 165 2652 stum
186 2620 336 2643 venarum
358 2606 466 2642 oscula
489 2606 600 2641 sensim
620 2618 712 2642 antea
721 2607 934 2644 dilataverant
945 2632 958 2650 ,
980 2617 1019 2642 ut
1028 2618 1102 2643 tan-

92 2656 166 2692 dem
188 2654 335 2698 plurimae
348 2676 362 2693 ,
383 2649 470 2696 quafi
493 2653 620 2694 agmine
641 2651 731 2685 fasto
750 2673 761 2690 ‚
792 2650 885 2686 simul
908 2654 942 2686 in
974 2652 1101 2695 sangui-

93 2711 168 2734 nem
190 2709 262 2731 cum
285 2695 384 2739 chylo
408 2694 609 2739 irruperint?
630 2696 684 2729 An
708 2697 863 2739 quoniam
882 2715 896 2737 5
918 2705 954 2730 ut
978 2697 1011 2729 in
1034 2696 1103 2731 san-

94 2741 229 2787 guiferis
250 2738 326 2774 vasis
347 2738 488 2774 diximus
511 2742 525 2779 (
547 2738 560 2773 l
579 2742 594 2780 )
617 2738 659 2773 fic
682 2739 787 2773 liberae
804 2764 814 2779 ,
845 2742 878 2773 &
899 2740 1067 2783 explicatae
1089 2763 1103 2780 ,

94 2787 155 2822 fibi
178 2792 325 2828 poterant
346 2781 437 2817 ven‘as
460 2783 532 2817 illas
554 2782 713 2818 obstruere
734 2805 744 2821 ,
774 2792 869 2826 atque
893 2783 1018 2817 aditum
1050 2795 1105 2827 per

96 2829 321 2875 glandularum
342 2826 520 2868 mesenterii
541 2826 930 2873 angustiasintercludere
952 2849 966 2867 ,
997 2827 1106 2862 crede-

2003 246 2072 293 45

1139 319 1211 342 mus
1234 308 1342 351 potius
1364 310 1480 343 intime
1501 307 1631 352 quidem
1653 305 1816 349 permistas
1837 303 1964 347 chylo,
1997 304 2048 339 sed
2070 315 2140 339 tan-

1126 361 1177 397 vto
1199 350 1304 393 plures
1319 373 1328 389 ‚
1353 362 1473 396 quanto
1494 352 1618 386 diutius
1640 351 1682 383 ob
1712 350 1898 392 languorem
1930 350 2100 386 ventriculi
2123 371 2135 388 ,

1142 398 1175 429 &
1191 394 1597 437 inte‘stffiornmmateria
1619 392 1708 435 chyli
1732 394 1766 426 in
1792 392 1843 425 his
1867 390 2045 426 subsistebat
2067 415 2081 433 ‚
2102 393 2137 425 in

1140 440 1208 471 vias
1232 438 1393 481 sanguinis
1416 437 1583 481 pervenisse
1601 460 1610 475 ,
1641 438 1675 469 in
1709 435 1810 479 iisque
1843 434 1972 469 demum
1995 434 2140 478 expedire

1142 482 1194 519 se,
1218 491 1312 524 at-que
1332 483 1485 516 extricare
1509 480 1654 525 coepisse,
1676 479 1806 512 insolita
1829 479 1920 511 causa
1942 480 2049 522 aliqua
2060 489 2142 521 prae-

1143 535 1191 559 ter
1213 534 1361 559 naturam
1393 525 1559 569 adjuvante
1585 523 1599 558 ?
1632 522 1731 563 Qod
1766 522 1851 569 enim
1884 521 2026 557 videmus
2050 530 2141 555 extra

1141 580 1278 612 corpus,
1300 567 1432 602 eundem
1455 569 1622 603 humorem
1642 590 1652 605 ‚
1683 567 1748 600 alio
1772 564 1872 598 astuso
1906 565 2007 598 nullas
2030 577 2040 603 3
2075 565 2142 598 alio

1141 623 1268 654 autem,
1291 613 1396 646 multo
1429 613 1581 655 plurimas
1613 611 1714 646 bullas
1745 610 1889 643 emittere
1916 632 1924 642 .
1956 608 1991 641 id
2013 619 2140 651 quoque

1143 659 1228 690 intra
1248 667 1342 689 venas
1365 667 1421 689 cur
1454 653 1626 699 aliquando
1648 665 1713 688 non
1746 653 1912 693 contingat
1935 649 1948 684 ?
1982 650 2140 685 Videmus

1143 701 1261 743 pariter
1282 698 1320 733 de
1343 700 1415 733 aliis
1437 708 1524 733 extra
1547 709 1663 741 corpus
1686 697 1807 737 succis,
1828 696 1906 729 dum
1928 706 2143 737 corrumpun-

1144 754 1197 778 tur
1219 766 1232 784 ,
1262 746 1294 777 &
1320 742 1504 785 putrescunt
1527 767 1536 783 ,
1569 752 1632 774 non
1657 742 1762 774 minus
1784 737 2015 783 propemodum
2038 738 2143 771 bulla-

1145 798 1240 826 rum,
1262 798 1360 830 quam
1383 785 1534 827 foetoris,
1556 786 1661 819 exire.
1687 785 1794 825 Qam
1818 783 1921 826 gravis
1933 791 2037 815 autem
2061 780 2144 814 odor

1144 843 1182 864 ex
1206 830 1376 863 Piscatoris
1397 841 1532 872 corpore
1554 828 1698 862 existeret
1718 851 1731 868 ,
1764 837 1844 870 quor
1881 825 1993 863 subitae
2032 835 2147 858 corru-

1143 875 1292 916 ptionis,
1317 883 1411 917 atque
1436 872 1515 907 adeo
1540 871 1719 915 putredinis
1751 868 1916 904 manifesta
1941 867 2027 910 signa
2051 878 2147 910 appa-

1144 927 1246 951 rerent
1262 945 1270 958 ‚
1296 916 1369 950 satis
1391 917 1543 960 superque
1565 915 1630 958 ipsa
1655 926 1708 958 per
1731 913 1759 947 se
1782 914 1876 947 docet
1893 911 2040 946 historia.
2067 913 2150 945 Cer-

1146 971 1178 993 te
1202 959 1256 994 sub
1278 960 1445 997 manibus,
1470 964 1503 994 &
1525 960 1629 993 oculis
1653 958 1766 992 nostris
1797 956 1827 991 se
1849 955 1957 998 paffim
1980 956 2071 993 aliae,
2097 963 2149 988 at-

1145 1016 1205 1047 que
1227 1004 1296 1038 aliae
1319 1004 1483 1046 particulae
1513 1014 1605 1036 aereae
1634 1003 1775 1035 evolvere
1798 999 1969 1043 pergebant
1989 1023 2001 1039 ‚
2034 998 2150 1032 solutis

1148 1046 1340 1091 quibusdam
1362 1045 1448 1090 quasi
1480 1046 1617 1080 vinculis
1639 1071 1648 1084 ,
1679 1057 1748 1088 quae
1780 1043 1880 1076 donec
1914 1042 1999 1076 suam
2024 1042 2150 1084 sanguis

1149 1100 1297 1125 naturam
1320 1092 1454 1126 retinet,
1481 1089 1552 1123 illas
1577 1087 1725 1121 videntur
1754 1097 1917 1120 coercere:
1943 1083 2070 1127 possunt
2095 1096 2152 1118 au·

1149 1144 1214 1167 tem
1240 1131 1369 1168 fortasse
1393 1142 1464 1166 ante
1487 1141 1622 1165 mortem
1647 1132 1753 1174 aliqua
1775 1127 1948 1172 aliquando
1969 1152 1983 1169 ,
2014 1138 2069 1162 aut
2085 1128 2152 1161 *ali-

1147 1177 1223 1211 cubi
1243 1201 1257 1219 ,
1284 1176 1310 1210 fi
1343 1187 1408 1210 non
1441 1176 1523 1209 solvi
1557 1176 1683 1219 penitus
1700 1198 1713 1215 ‚
1747 1183 1779 1208 at
1802 1172 1843 1207 fic
1868 1172 1941 1206 satis
1965 1170 2048 1205 solvi
2071 1171 2153 1205 inci-

1169 1232 1236 1254 ere.

1146 1232 1167 1264 p
1188 1275 1241 1308 30.
1263 1263 1323 1296 Sed
1345 1264 1379 1296 in
1400 1262 1555 1305 AEthiope
1577 1271 1613 1295 ut
1637 1260 1822 1296 obscuriora
1832 1258 2011 1303 putredinis
2033 1257 2154 1292 indicia

1146 1318 1259 1347 erant,
1280 1305 1321 1340 sic
1344 1310 1376 1340 &
1400 1307 1495 1340 bullae
1519 1306 1705 1348 pauciores,
1727 1302 1887 1348 nullisque
1909 1303 1943 1336 in
1963 1300 2042 1336 vasis
2060 1324 2073 1342 ,
2095 1300 2154 1335 nisi

1150 1363 1221 1393 quae
1245 1349 1284 1384 ad
1305 1349 1467 1383 cerebrum
1491 1351 1684 1389 attinerent,
1707 1347 1889 1390 conspicuae
1913 1371 1919 1376 .
1953 1348 2022 1380 Cur
2047 1353 2154 1379 autern

1153 1395 1188 1428 in
1210 1393 1262 1428 his
1283 1392 1451 1428 dumtaxat
1473 1390 1574 1426 vafis?
1597 1393 1690 1426 Num
1712 1390 1801 1434 quod
1814 1401 1868 1434 per
1891 1388 2036 1432 ipsorum
2049 1390 2155 1431 parie-

1154 1448 1223 1475 tes,
1246 1438 1367 1481 quippe
1390 1447 1428 1470 ex
1452 1435 1636 1470 tenuissimis
1659 1437 1743 1469 inter
1769 1432 1946 1477 sanguifera
1972 1432 2080 1466 omnia
2103 1440 2157 1466 tu-

1152 1483 1233 1515 nicis
1244 1480 1443 1514 constructos
1454 1504 1467 1521 ,
1491 1480 1591 1521 magis
1603 1491 1698 1523 quarn
1713 1489 1767 1520 per
1780 1486 1969 1511 caeterorum
1985 1498 1999 1516 ,
2020 1474 2159 1518 transpi-

1151 1526 1182 1560 ci
1207 1522 1362 1568 possent?
1395 1533 1433 1556 an
1469 1525 1580 1566 potius
1614 1534 1653 1555 ex
1684 1522 1836 1564 peculiari
1870 1519 2009 1563 quadam
2041 1518 2159 1551 iniis-

1151 1570 1226 1603 dem
1247 1566 1337 1601 causa
1359 1592 1368 1606 ,
1391 1575 1426 1600 ut
1450 1577 1526 1609 puta
1553 1577 1592 1599 ex
1614 1566 1735 1599 summa
1759 1562 1901 1606 angustia
1923 1573 2005 1606 quae-
2019 1562 2161 1596 bullulas

1150 1613 1201 1646 vel
1233 1612 1338 1654 perexi
1363 1620 1418 1644 uas
1441 1610 1608 1643 retinendo
1629 1632 1642 1650 ‚
1672 1616 1800 1651 cogeret
1818 1620 1830 1646 3
1863 1616 1900 1642 ut
1923 1617 1998 1640 curn
2033 1606 2105 1639 aliis
2129 1605 2160 1639 se

1151 1654 1330 1699 conjungen
1355 1665 1396 1690 o,
1419 1651 1578 1695 majores,
1601 1655 1634 1686 &
1656 1651 1838 1695 conspicuae
1862 1650 1971 1684 fierent
1992 1675 2001 1691 ,
2028 1652 2061 1683 δε
2084 1659 2167 1693 pro--

1149 1701 1253 1734 xlmas
1275 1697 1424 1731 vasorum
1449 1707 1552 1739 partes
1574 1693 1815 1730 distenderent?
1848 1705 1886 1727 an
1920 1694 2055 1737 denique
2087 1692 2161 1728 casu

1151 1744 1262 1785 aliquo
1284 1739 1319 1774 id
1345 1739 1518 1781 acciderit,
1541 1751 1605 1773 non
1631 1738 1727 1773 facile
1745 1737 1932 1772 affirmabo.
1957 1737 2060 1779 Qod
2084 1736 2163 1770 fiex

1149 1798 1199 1820 me
1223 1785 1256 1818 id
1279 1785 1360 1818 olim
1383 1794 1520 1827 quaerere
1536 1782 1715 1827 potuisses,
1741 1793 1814 1816 curn
1839 1781 1939 1824 vulgo
1961 1780 2108 1815 doetrina
2118 1779 2159 1814 de

1149 1829 1321 1873 vaporibus
1344 1830 1378 1861 in
1402 1828 1527 1862 honore
1550 1836 1640 1868 erat,
1662 1837 1757 1868 caput
1784 1838 1821 1860 ue
1843 1835 1918 1858 cum
1933 1822 2086 1858 alembico
2107 1823 2160 1857 so-

1149 1874 1237 1908 lebat
1259 1874 1439 1915 comparari
1452 1884 1462 1911 3
1486 1872 1629 1914 proclive
1652 1870 1735 1905 mihi
1755 1896 1759 1899 .
1777 1867 1867 1903 uiffet
1891 1879 1957 1901 rem
1979 1867 2128 1910 expedire
2149 1891 2163 1909 ,

1150 1921 1182 1952 &
1205 1928 1280 1950 cum
1303 1917 1344 1949 iis
1366 1927 1438 1959 quae
1463 1917 1498 1948 in
1520 1914 1677 1957 AEthiope
1700 1912 1844 1947 videram
1871 1936 1882 1952 ,
1918 1909 2156 1952 conferendo,

1152 1960 1308 1995 saniorem
1339 1957 1467 1992 fortasse
1489 1959 1522 1991 in
1558 1957 1692 1992 modum
1715 1958 1888 1992 Avicennae
1920 1958 1935 1995 (
1957 1966 1989 1989 m
2010 1958 2025 1995 )
2046 1955 2166 1999 dogma

1153 2003 1382 2046 interpretari,
1402 2001 1556 2048 censeqtis
1571 2025 1581 2040 ‚
1608 2002 1755 2035 dolorem
1777 2000 1894 2043 capitis
1904 1998 2080 2042 plurimum
2100 1998 2163 2041 fie-

1152 2049 1182 2082 ri
1200 2055 1364 2090 propterea
1388 2046 1466 2088 quod
1488 2046 1608 2080 arteria
1632 2043 1781 2089 afferrent
1800 2042 1898 2085 capiti
1919 2052 2051 2084 vapores
2067 2040 2165 2086 frau-

1154 2091 1318 2124 dulentos.
1339 2089 1441 2123 Nunc
1464 2098 1571 2123 autern
1592 2088 1706 2127 video,
1730 2086 1817 2132 quod
1828 2097 1865 2122 tu
1888 2097 2017 2129 quoque
2041 2087 2167 2129 poteris

1155 2145 1194 2168 ex
1226 2131 1439 2177 Sepulchreto
1470 2135 1527 2172 (n
1550 2136 1563 2172 J
1592 2131 1783 2176 cognoscere
1806 2155 1818 2172 ‚
1849 2131 1974 2165 Virum
2007 2128 2165 2164 Doctiss-

1154 2188 1266 2217 mum,
1288 2177 1346 2219 qui
1370 2185 1445 2209 ante
1467 2187 1518 2210 me
1538 2177 1575 2210 in
1599 2187 1666 2209 rem
1690 2174 1823 2209 eandem
1845 2186 1885 2208 ex
1909 2182 1997 2217 parte
2020 2172 2167 2214 incidit,

1156 2222 1357 2254 Brunnerum
1379 2220 1610 2262 inexplicatam
1623 2217 1780 2262 reliquisse
1795 2244 1803 2253 .
1828 2220 1915 2252 Cum
1925 2218 2012 2251 enim
2034 2218 2068 2250 in
2082 2216 2167 2251 duo-

1155 2275 1248 2304 rum,
1271 2265 1305 2297 &
1327 2263 1606 2306 apoplefflcorum
1628 2262 1764 2306 quidem
1786 2284 1796 2301 ,
1820 2260 2028 2296 cadaveribus
2049 2260 2089 2295 ad
2112 2272 2166 2297 ce-

1155 2308 1240 2341 rebri
1263 2306 1391 2340 alterius
1412 2307 1509 2340 later-a
1531 2307 1667 2340 arterias
1688 2316 1798 2349 peram
1821 2304 1871 2339 las
1888 2327 1898 2344 ‚
1920 2314 1998 2346 pene
2022 2305 2129 2340 inanes
2154 2332 2165 2347 ,

1154 2362 1251 2386 venas
1273 2360 1393 2393 quoque
1415 2349 1570 2392 infignes,
1593 2354 1637 2384 w·
1660 2350 1693 2383 in
1716 2349 1767 2383 his
1811 2357 1886 2382 atus
1907 2346 2074 2382 invenisset
2091 2372 2105 2390 ,
2130 2349 2164 2384 in

1152 2395 1284 2428 alterius
1306 2403 1412 2427 autem
1433 2393 1525 2426 venis
1547 2393 1587 2427 ad
1602 2393 1705 2436 finum
1736 2390 1998 2434 longitudinalem
2021 2390 2166 2433 spefinn-

1158 2437 1243 2472 tibus
1258 2435 1375 2478 flatum
1397 2436 1517 2478 pariter
1538 2433 1788 2479 deprehendisset
1811 2458 1824 2475 ‚
1861 2434 1904 2468 ψ
1926 2433 1999 2469 hinc
2021 2435 2090 2469 inde
2108 2446 2166 2478 pe-

1155 2477 1282 2524 puliffiet
1301 2480 1399 2527 digiti
1424 2479 1509 2520 apice
1517 2490 1532 2519 ,·
1553 2481 1587 2512 in
1610 2480 1651 2513 iis
1676 2477 1816 2512 Scholiis
1850 2489 1918 2521 quae
1944 2478 2074 2522 utrique
2097 2480 2163 2514 dis.

1159 2524 1292 2559 sectioni
1316 2522 1450 2566 subjecit
1473 2544 1483 2561 ,
1514 2534 1588 2557 cum
1610 2523 1649 2557 de
1673 2523 1745 2556 aliis
1768 2533 1839 2565 quae
1871 2523 1904 2554 in
1928 2521 1996 2554 illis
2019 2522 2165 2567 viderat,

1152 2568 1242 2612 plura
1259 2566 1357 2614 yerba
1379 2564 1498 2600 faceret
1516 2590 1529 2607 ‚
1552 2566 1591 2600 de
1613 2579 1651 2601 eo
1676 2566 1755 2601 flatu
1776 2577 1815 2599 ue
1837 2575 1937 2599 unum
1958 2564 2091 2610 quidem
2115 2567 2163 2603 fe-

1152 2613 1224 2653 cit,
1246 2610 1308 2643 sive
1332 2609 1428 2654 quod·
1446 2609 1515 2643 aliae
1538 2621 1602 2644 non
1625 2611 1754 2645 deerant
1776 2610 1811 2642 in
1833 2608 1964 2642 cerebro
1985 2609 2165 2646 evidentio-

1153 2667 1201 2690 res
1224 2654 1403 2698 apoplexiae
1423 2653 1521 2688 causae
1543 2678 1556 2694 ,
1590 2653 1653 2688 five
1674 2651 1764 2698 quod
1795 2663 1834 2686 ex
1856 2652 1908 2686 his
1929 2651 2004 2696 ipsis
2037 2652 2164 2691 facilius

1152 2698 1322 2733 videbatur
1346 2695 1431 2741 posse
1453 2697 1607 2740 explicari
1629 2722 1644 2740 ,
1674 2708 1733 2732 cur
1753 2698 1789 2730 in
1823 2696 1984 2738 proximis
2006 2697 2087 2731 vasis
2109 2711 2163 2733 aer

1155 2741 1228 2777 esset
1248 2766 1261 2783 ‚
1289 2740 1352 2775 five
1375 2742 1474 2775 etiam
1505 2741 1593 2783 quod
1615 2744 1650 2776 in
1684 2752 1716 2775 re
1739 2740 1780 2775 ab
1810 2739 1883 2773 aliis
1904 2739 1944 2774 ad
1977 2738 2012 2774 id
2035 2749 2163 2787 tempus

1154 2798 1220 2820 non
1243 2785 1363 2830 agitata
1387 2785 1472 2819 nihil
1494 2793 1611 2820 temere
1634 2784 1813 2820 audendum
1836 2783 2011 2827 putabatur
2031 2809 2041 2818 .
2065 2787 2161 2822 Nolo

1156 2831 1259 2874 igitur
1280 2829 1486 2864 audaciorem
1509 2839 1560 2862 me
1582 2829 1712 2863 credas.
1737 2827 1842 2864 Vale.

160 2989 173 3022 (
187 2991 202 3015 b
218 2987 227 3018 )
242 2986 345 3013 Diatrib.
360 2988 391 3014 de
406 2988 489 3015 Pulm.
504 2988 572 3015 subst-
588 2989 613 3014 S.
629 2995 652 3014 2.-
715 2989 732 3020 (
745 2989 756 3015 a·
771 2989 787 3020 )
802 2988 829 3014 in
843 2988 954 3015 Timaeo.

161 3023 174 3053 (
190 3029 215 3047 m
230 3021 242 3047 >
257 3020 352 3045 canon.
367 3019 387 3046 le
399 3021 502 3051 setta·
521 3027 546 3048 ι.
560 3024 596 3046 tr.
612 3025 637 3046 ι.
652 3026 677 3047 e.
694 3026 718 3046 1.

102 3074 111 3091 l

1013 2989 1025 3021 (
1039 2989 1057 3016 k
1075 2989 1085 3021 )
1100 2989 1189 3016 Gland-
1205 2990 1317 3016 Duoden.
1333 2995 1356 3014 c:
1373 2995 1411 3013 ιο.

778 3020 795 3051 ζ
809 3028 826 3046 n
840 3019 856 3050 )
869 3021 890 3047 1.
907 3027 928 3047 1.
945 3021 972 3047 S.
986 3027 1010 3047 τι.
1025 3021 1052 3047 in
1067 3021 1193 3049 Additam.
1208 3021 1270 3048 obs.
1293 3028 1330 3048 u·
1346 3018 1371 3044 ὅ(
1387 3026 1426 3047 12.

1475 2988 1490 3019 (
1505 2988 1516 3015 l
1532 2988 1542 3020 l
1557 2988 1640 3021 supra,
1656 2995 1681 3014 n.
1699 2988 1737 3015 18.

1911 3809 2104 3865 EPI-
