2498 4075
403 90 499 141 262

338 179 530 212 magnopere
554 167 730 201 consentiat
755 170 767 209 )
789 169 822 201 in
845 177 906 211 qua
932 165 1125 207 Spermatica
1150 176 1226 198 vena
1246 168 1342 199 Cavae

307 229 311 233 ·
335 213 570 246 craffitudinem
593 211 736 254 aequabat
759 235 772 251 ,
810 211 891 245 hanc
915 218 1019 241 totam
1042 220 1060 241 a
1082 208 1199 241 coalitu
1222 209 1342 242 obstru-

337 257 423 290 &am
446 254 555 289 vidisse
579 254 608 287 se
629 272 641 294 5
675 254 737 298 ajat
757 266 767 293 5
800 253 957 297 conjicere
981 252 1121 294 proclive
1143 251 1185 285 est
1206 275 1218 291 ,
1240 253 1341 284 coali-

336 308 431 339 tum,
454 297 520 341 ejus
543 297 635 331 facile
660 297 814 335 similem,
837 307 932 341 quem
958 307 973 327 a
998 307 1046 328 me
1070 294 1171 328 visum
1194 296 1252 327 alia
1277 296 1340 327 tibi

337 343 481 385 Epistola
504 345 518 380 (
540 352 560 375 u
581 345 594 380 >
618 340 811 379 describam,
834 340 936 382 ipsum
960 339 1087 381 quidem
1110 348 1179 371 ante
1201 347 1338 371 mortem

334 386 400 430 itm
424 385 514 419 fuisse
533 409 546 425 ,
576 386 814 419 concretionem
844 395 921 416 vero
954 381 1144 424 polyposam
1179 381 1235 415 sub
1266 382 1338 423 ipso

331 431 470 462 coalitus
493 429 568 461 loco
591 429 675 461 intra
698 439 809 461 venam
831 426 876 459 ibi
900 426 1122 464 contradam,
1146 426 1220 458 vitre
1234 435 1336 458 extre-

334 486 388 506 mo
413 483 575 514 tempore,
600 481 635 505 ut
650 481 699 504 tot
722 472 817 509 alias,
843 467 1118 512 produftamess‘e.
1252 469 1336 509 εἶρξε

330 528 404 550 cum
427 519 474 549 ita
498 515 557 548 sint
577 538 589 554 ,
622 526 676 547 nec
697 514 874 557 quidquam
908 512 1043 553 proferri
1068 512 1192 545 videam
1212 535 1224 550 ,
1254 512 1337 544 unde

331 559 421 603 quod
444 558 578 592 deducas
594 581 602 595 ,
626 567 713 591 extra
728 569 791 590 non
814 555 943 599 injustas
954 556 1172 590 dubitationes
1196 556 1335 596 positum

332 605 394 641 fit3
419 604 473 636 vix
497 613 664 644 perpaucas
688 601 726 634 de
750 610 842 633 tanto
864 611 998 633 numero
1022 598 1104 641 posse
1127 599 1234 640 excipi
1256 610 1335 632 con-

328 649 514 686 cretiones,
537 645 748 682 crediderim,
772 655 908 688 quarum
929 645 963 675 in
985 642 1165 675 viventibus
1188 642 1263 676 alias
1283 644 1337 675 in-

330 689 483 729 choatas,
508 689 583 721 alias
608 686 763 730 perfectas
787 688 879 721 fuisse
901 711 913 726 ,
946 697 1010 719 non
1034 685 1215 718 inficiemur
1237 710 1244 716 .
1284 689 1337 719 In-

329 734 460 767 choatas
484 734 517 764 in
541 730 762 767 moribundis,
787 740 840 764 aut
864 731 897 762 in
920 728 1095 771 longiffirna
1119 728 1282 771 syncope,
1306 731 1338 762 δε

329 777 372 810 ob
398 776 624 819 frigescentem
646 774 710 816 jam
738 774 918 816 sanguinem
942 772 1110 805 insanabili
1133 794 1143 809 ,
1178 773 1256 805 adeo
1280 784 1338 814 op-

331 820 436 862 preffis
457 843 465 857 ,
491 827 527 852 ut
551 828 754 852 mortuorum
778 818 880 858 magis
902 828 997 859 quam
1029 816 1210 850 viventium
1233 817 1340 848 omni-

329 874 372 896 no
394 862 509 895 similes
532 862 700 895 videantur
715 886 722 898 ‚
746 860 768 893 fi
793 860 918 902 sanguis
941 859 1072 902 quidem
1095 858 1253 902 ejusmodi
1275 859 1334 899 fit,

326 907 430 948 qualis
453 906 533 940 solet
556 906 582 938 is
606 905 664 947 qui
688 902 726 937 ad
749 904 884 938 crustam
907 902 1098 947 gignendam
1122 902 1164 936 est
1197 904 1335 936 maxime

325 950 458 983 idoneus
482 975 488 981 .
522 948 679 982 Perfectas
702 956 809 981 autem
841 948 875 980 in
898 946 1170 989 aneurysmatibus
1192 947 1232 979 iis
1256 958 1335 989 prae-

326 994 434 1027 sertim
449 1018 462 1034 ‚
484 1005 555 1037 quae
581 993 660 1025 sacci
686 991 823 1025 formam
847 989 970 1034 appensi
985 988 1146 1024 referunt.
1174 990 1224 1022 lbi
1248 992 1334 1024 enim

324 1037 390 1071 vidi
414 1036 480 1079 ipse
499 1059 512 1077 ,
548 1048 614 1069 non
639 1034 728 1069 illius
753 1035 855 1068 carnis
877 1045 1014 1067 concavae
1030 1034 1133 1075 specie
1155 1045 1250 1077 quarn
1273 1046 1333 1076 po-

323 1081 393 1123 lypi
427 1079 566 1123 praebent
592 1078 764 1122 aliquando
795 1081 829 1111 in
852 1078 1038 1111 ventriculis
1059 1101 1071 1117 ,
1105 1087 1158 1110 aut
1182 1079 1332 1110 auriculis

324 1122 455 1164 cordis,
477 1123 646 1165 multoque
670 1123 775 1155 minus
794 1146 806 1161 ,
839 1131 874 1154 ut
899 1122 969 1154 ullo
994 1120 1090 1153 modo
1123 1131 1183 1162 pro
1206 1123 1330 1153 tunica-

325 1178 395 1200 rum
419 1166 645 1208 aneurysmatis
669 1166 884 1208 excrescentiis
897 1163 1017 1206 possent
1035 1163 1141 1196 haberi
1158 1175 1168 1201 ,-
1190 1163 1240 1197 sed
1253 1176 1331 1206 qua-

324 1212 370 1243 les
395 1210 458 1242 tibi
482 1208 628 1250 descripsi
656 1209 789 1242 Litteris
812 1209 884 1241 aliis
907 1210 920 1246 (
941 1219 962 1241 x
984 1212 998 1247 >
1018 1231 1028 1247 ,
1051 1207 1107 1240 ubi
1131 1209 1329 1248 exceptionis

319 1252 416 1296 hujus
440 1265 517 1286 meae
541 1252 648 1286 causas
672 1252 713 1284 fic
736 1251 875 1284 indicavi
903 1276 911 1291 ,
949 1261 984 1285 ut
1010 1250 1063 1284 hic
1086 1251 1243 1284 iterandas
1266 1263 1332 1285 non

321 1297 523 1333 existimem.
660 1294 870 1338 Nequeillud
894 1306 909 1327 a
933 1306 1009 1327 vero
1032 1294 1169 1327 alienum
1183 1295 1332 1337 putabo,

319 1350 355 1376 ut
381 1340 403 1373 fi
428 1351 589 1374 ramorum
613 1351 686 1374 cum
702 1338 918 1380 aneurysmate
941 1339 1250 1371 communicantium
1262 1341 1330 1372 ori-

320 1384 433 1418 ficium
458 1385 590 1428 aliquod
615 1396 629 1415 a
655 1382 818 1425 polyposis
851 1382 918 1415 illis
942 1394 1011 1424 quae
1035 1383 1120 1414 intra
1145 1383 1328 1424 aneurysma

317 1427 379 1461 sint
396 1450 404 1465 ‚
428 1427 691 1462 concretionibus
715 1438 753 1459 ex
776 1434 865 1468 parte
889 1427 1083 1468 operiatur,
1108 1434 1144 1459 ut
1169 1428 1272 1459 minus
1295 1429 1329 1460 in

319 1472 426 1515 ipsum
450 1472 563 1507 influat
587 1470 778 1515 sanguinis«,
804 1468 917 1511 possint
941 1469 1005 1502 illae
1028 1470 1167 1512 incipere
1184 1493 1196 1509 ,
1221 1473 1328 1503 viven-

320 1526 351 1548 te
376 1514 536 1554 homine,
561 1516 593 1547 in
618 1525 689 1548 eum
710 1524 832 1545 ramum
855 1512 883 1544 se
906 1511 1093 1553 extendere,
1117 1522 1215 1555 utque
1240 1521 1328 1546 acce-

315 1558 408 1592 dente
448 1560 487 1593 ad
513 1558 650 1592 debilem
673 1568 711 1590 ex
735 1555 953 1597 aneurysmate
985 1556 1146 1599 sanguinis
1169 1567 1294 1590 motum
1319 1580 1328 1594 ‚

316 1612 461 1635 extremo
484 1603 518 1635 in
542 1599 746 1635 moribundis
769 1598 1040 1642 cordislanguore
1065 1600 1249 1641 sanguinem
1263 1599 1328 1643 jam

316 1648 446 1684 minus,
470 1644 639 1688 minusque
663 1644 894 1687 propellentis,
919 1645 1084 1676 concretio
1108 1646 1141 1676 in
1157 1655 1245 1677 ramo
1269 1656 1325 1678 au-

314 1698 445 1732 geatur,
472 1692 505 1723 <Sc
527 1689 665 1730 denique
686 1698 726 1720 ex
749 1684 932 1719 subsistente
957 1686 1026 1727 post
1049 1696 1210 1726 mortem,
1234 1687 1324 1720 refri-

314 1743 485 1777 geratoque
508 1731 630 1765 ibidem
654 1728 778 1763 viscido
801 1755 809 1768 ,
841 1740 875 1762 ac
902 1729 1062 1773 polyposo
1093 1730 1242 1771 sanguine
1266 1742 1325 1764 un-

313 1778 412 1821 dique
435 1776 633 1818 compleatur
656 1774 696 1807 fic
726 1800 735 1813 ,
769 1783 804 1807 ut
827 1774 895 1806 cavi
933 1783 1092 1818 remaneat
1115 1773 1198 1807 nihil
1223 1787 1230 1805 τ
1263 1786 1325 1816 qua

315 1822 441 1855 ratione
477 1821 608 1854 alteram
630 1818 758 1851 Halleri
783 1820 838 1859 (y
862 1821 875 1856 >
899 1817 1172 1850 Observationem
1196 1817 1324 1851 facilius

312 1865 495 1907 intelliges.
631 1863 715 1895 Noli
742 1871 847 1894 tamen
869 1859 1017 1900 credere,
1040 1860 1095 1892 etsi
1121 1862 1155 1893 in
1179 1860 1323 1894 dilatatis

313 1909 435 1943 arteriis
457 1909 597 1951 polypos
621 1906 669 1938 vel
694 1905 751 1938 diu
775 1913 846 1937 ante
871 1913 1008 1936 mortem
1032 1903 1224 1946 agnoscam,
1247 1904 1324 1937 hinc

313 1954 402 1996 sequi
428 1977 438 1991 ‚
470 1961 507 1986 ut
531 1953 563 1983 in
597 1949 736 1983 dilatato
758 1948 856 1980 etiarn
885 1946 979 1980 corde
1012 1959 1028 1979 a
1052 1958 1102 1980 me
1128 1958 1191 1980 non
1216 1949 1321 1980 minus

313 1996 443 2040 agnosci
467 1995 621 2028 debeant.
649 1991 749 2026 Fibrae
772 1993 858 2024 enim
883 1991 1011 2025 dilatati
1036 1989 1142 2024 cordis
1164 1990 1228 2023 fere
1252 2003 1321 2032 age-

312 2053 345 2074 re
370 2040 471 2080 solent
493 2038 631 2071 validius
654 2059 663 2073 ,
697 2035 790 2068 sicuti
814 2046 852 2067 ex
876 2034 1130 2077 palpitationum
1164 2035 1321 2067 violentia

310 2084 448 2117 ostendit
482 2082 630 2115 Senicius
652 2082 666 2119 (
688 2090 712 2122 z
734 2082 747 2117 )
766 2101 777 2117 ,
809 2089 861 2111 aut
884 2077 1038 2120 siquando
1070 2077 1199 2111 tandem
1222 2087 1321 2119 agunt

313 2128 486 2165 debilius,
529 2135 692 2167 nunquam
726 2131 833 2155 tamen
879 2132 954 2154 cum
985 2131 1093 2154 earum
1127 2121 1250 2154 viribus
1284 2122 1318 2154 in

310 2172 463 2214 sanguine
496 2165 748 2202 comminuendo
772 2190 781 2205 ,
815 2164 1068 2207 expellendoque
1101 2163 1317 2198 infirmiffimae

311 2217 345 2249 in
390 2214 523 2248 dilatata
557 2212 670 2246 arteria
716 2207 869 2250 fibrarum
900 2209 978 2241 vires
1025 2207 1098 2242 sunt
1129 2218 1317 2252 comparan-

312 2258 379 2293 dae.

354 2314 406 2346 31.
429 2302 494 2335 Hic
517 2300 601 2337 illud
625 2311 641 2332 a
665 2307 695 2330 te
719 2297 911 2340 interrogari
936 2308 986 2330 me
1010 2294 1094 2339 poss‘e
1118 2319 1130 2336 ,
1165 2296 1231 2330 scio
1253 2321 1263 2337 ‚
1296 2294 1320 2329 fi

313 2347 407 2389 pauci
432 2345 508 2378 adeo
531 2345 564 2376 in
589 2341 772 2375 viventibus
797 2340 868 2374 sunt
893 2341 1029 2382 polypi,
1053 2339 1246 2382 quidigitur
1271 2350 1321 2372 at-

313 2391 417 2423 tineat
441 2399 506 2421 non
529 2396 594 2420 tam
619 2386 651 2417 in
675 2383 832 2416 Valsalvae
856 2382 1148 2416 Observationibus
1163 2406 1174 2422 ,
1198 2395 1237 2416 ex
1248 2385 1321 2424 qui-

311 2434 370 2467 bus
396 2432 477 2465 mihi
501 2428 665 2464 detrahere
686 2425 769 2459 nihil
795 2426 871 2458 licet
899 2448 908 2463 ‚
941 2436 1036 2468 quam
1061 2426 1094 2457 in
1119 2426 1197 2458 meis
1222 2447 1231 2463 ‚
1255 2425 1320 2458 sere

313 2477 432 2519 semper
456 2475 652 2508 mentionem
674 2469 776 2502 facere
799 2481 907 2502 earum
931 2469 1176 2514 con-cretionum
1199 2492 1211 2508 ,
1249 2481 1320 2512 qua:

312 2521 433 2555 mortis
463 2518 561 2552 causae
585 2526 648 2548 non
683 2512 804 2546 fuerint
825 2535 833 2549 ‚
870 2511 919 2545 sed
952 2510 1116 2547 estestus?
1148 2513 1223 2555 Ego
1245 2523 1321 2545 vero

313 2566 454 2607 primum
488 2561 531 2594 ob
567 2559 629 2593 hoc
663 2556 768 2599 ipsum
806 2567 1029 2589 commemoro
1050 2579 1063 2596 ,
1096 2556 1253 2589 nimirum
1285 2565 1322 2589 ut

313 2606 418 2649 reapse
444 2605 550 2639 videas
573 2627 582 2641 ‚
615 2611 724 2634 verum
748 2597 804 2632 esse
836 2602 870 2633 in
895 2599 991 2632 Italia
1024 2610 1151 2642 quoque
1176 2599 1210 2632 id
1234 2599 1321 2642 quod

314 2647 515 2685 Zollicofferi
538 2650 552 2685 (
573 2658 591 2679 a
614 2649 629 2684 )
651 2652 829 2687 praeceptor
854 2641 1040 2677 Schachtius
1064 2641 1165 2685 ajebat
1189 2666 1201 2683 ,
1245 2644 1319 2676 adeo

312 2694 371 2729 n'bn
394 2703 501 2727 rarum
523 2692 557 2724 in
580 2688 685 2731 Belgio
708 2686 763 2731 esse
782 2687 956 2728 polypum,
979 2693 1015 2719 ut
1039 2687 1142 2719 rarius
1166 2687 1240 2727 quid
1263 2685 1321 2727 ipsi

317 2739 501 2776 videretur,
518 2734 547 2777 fi
569 2733 602 2766 in
625 2730 728 2777 mor-bo
751 2728 906 2773 defunCZis
929 2728 1050 2762 nullum
1073 2730 1223 2771 reperirer
1237 2755 1244 2768 ‚
1270 2728 1321 2762 id-

314 2793 375 2825 que
397 2791 471 2814 cum
493 2776 613 2812 videris
635 2797 647 2814 ,
680 2774 809 2807 facilius
833 2772 938 2808 credas
963 2796 974 2812 ‚
998 2780 1069 2806 eum
1092 2771 1160 2813 post
1184 2783 1321 2806 mortem

314 2822 487 2863 coaluisse,
508 2819 600 2861 cujus
622 2817 687 2851 'ulla
709 2818 744 2849 in
765 2826 816 2850 tot
840 2817 1021 2850 viventibus
1042 2814 1164 2849 indicia
1188 2827 1252 2849 non
1278 2816 1322 2849 es-

316 2867 401 2901 sent.
535 2862 663 2897 Deinde
694 2860 749 2892 etii
773 2861 807 2893 in
831 2861 967 2894 mortuis
1000 2860 1156 2893 coaluerit
1176 2883 1189 2900 ,
1220 2861 1325 2903 qualis

315 2921 419 2944 tamen
445 2906 518 2942 esset
550 2907 585 2938 in
609 2903 791 2937 viventibus
827 2914 938 2937 natura
976 2902 1138 2944 sanguinis
1161 2926 1173 2943 ,
1209 2904 1324 2946 polypi

316 2953 479 2992 absentia,
503 2959 558 2984 aut
583 2947 774 2991 praesentia,
798 2950 830 2980 ὃ(
853 2950 938 2980 varia
960 2947 1109 2980 conditio
1121 2946 1300 2989 significant
1315 2972 1322 2978 .

318 2998 469 3040 Denique
503 2993 575 3027 sunt
598 2990 785 3024 discrimina
817 2990 963 3033 quaedam
987 2992 1073 3023 inter
1108 3002 1161 3023 eos
1185 2991 1324 3032 polypos

314 3043 372 3084 qui
397 3053 412 3073 a
436 3038 580 3077 dextris,
604 3038 633 3068 δέ
659 3046 711 3068 eos
734 3035 791 3076 qui
815 3045 830 3066 a
854 3034 983 3068 sinistris
1006 3036 1041 3067 in
1064 3033 1159 3067 corde
1181 3034 1286 3067 insunt
1313 3058 1324 3074 ,

317 3097 333 3117 a
357 3081 546 3125 Malpighio
568 3083 582 3119 (
604 3077 622 3111 b
647 3082 657 3117 )
682 3076 832 3111 adnotata
854 3101 865 3117 ,
897 3090 913 3109 a
938 3077 1023 3111 Pasta
1048 3087 1152 3111 autem
1174 3080 1187 3116 (
1209 3090 1225 3110 c
1249 3082 1262 3118 )
1285 3089 1323 3110 cx

316 3136 405 3171 parte
429 3128 463 3160 in
486 3123 623 3158 dubium
646 3130 779 3154 vocata.
808 3121 936 3154 Scilicet
962 3121 1233 3164 plerumqueillos
1250 3121 1321 3154 sub-

316 3171 407 3208 albo,
433 3170 493 3202 hos
519 3178 625 3201 autem
648 3176 719 3198 atro
742 3165 872 3204 colore,
896 3165 1030 3208 illosque
1063 3165 1196 3206 majores
1216 3188 1225 3202 ‚
1263 3163 1321 3197 hos

316 3216 456 3249 minores
479 3211 535 3245 esse
556 3234 564 3248 ‚
594 3208 799 3252 Malpighius
833 3207 998 3250 scripserat
1023 3233 1028 3238 .
1068 3207 1153 3241 Pasta
1187 3219 1260 3241 vero
1284 3208 1321 3240 de

317 3259 426 3292 colore
450 3256 600 3292 dubitat;
624 3252 662 3286 de
685 3250 906 3293 magnitudine
930 3263 991 3284 non
1015 3251 1158 3285 dissentit
1182 3277 1190 3285 .
1216 3252 1248 3284 Si
1273 3263 1320 3283 ra·-

317 3303 439 3335 tionem
462 3299 580 3342 spectes
603 3309 618 3329 a
645 3295 833 3338 Nialpighio
857 3294 1227 3329 indicatamaddirorum
1251 3307 1320 3327 mo-

318 3345 361 3378 do
384 3343 499 3386 chyli,
525 3345 556 3375 &
579 3339 721 3382 lymphae
745 3339 785 3372 ad
810 3339 993 3380 sanguinem
1014 3364 1026 3380 ,
1059 3340 1226 3372 dexterum
1249 3349 1320 3370 cor-

317 3389 368 3421 dis
391 3388 493 3420 finum
517 3393 696 3428 petentem,
720 3387 751 3417 ὃ.-
776 3382 1002 3424 amplitudinis
1028 3382 1120 3425 hujus
1144 3380 1227 3414 finus
1248 3394 1258 3420 3
1283 3394 1321 3414 eo

319 3431 488 3465 inclinabit
513 3430 660 3469 animus,
684 3437 721 3461 ut
744 3426 933 3469 Malpigbio
956 3436 1126 3470 utrumque
1145 3424 1321 3465 concedas,

1365 1946 1439 1997 sirit
1462 1948 1494 1980 in
1512 1947 1604 1990 pulsu
1616 1946 1832 1988 deprehensum
1847 1971 1856 1980 .

927 87 1085 140 Liber
1119 87 1182 138 ΙΙ.
1217 87 1302 139 De
1337 88 1545 140 Morbis
1579 86 1833 140 Thoracis

1396 166 1447 213 sed
1470 168 1595 208 tnagis,
1617 176 1652 198 nt
1666 165 1816 209 majorem
1840 178 1855 199 a
1878 164 2001 200 dextris
2016 169 2129 211 polypi
2153 168 2297 208 molem,
2320 179 2395 204 curn

1394 210 1485 242 simul
1510 208 1703 248 attenderis,
1727 209 1940 242 infirmiorem
1953 208 2077 245 sinistro
2099 211 2156 244 effe
2181 213 2397 246 ventriculum

1392 252 1578 290 dexterum,
1605 261 1641 285 ut
1664 263 1727 285 non
1750 251 1806 285 nisi
1831 253 1946 284 minori
1971 255 2003 285 vi
2029 265 2166 295 premere
2189 278 2201 294 ,
2234 258 2266 288 &
2291 257 2397 298 expel-

1391 298 1453 329 lere
1477 296 1662 338 sanguinem
1687 295 1799 337 poffit,
1824 298 1856 328 &
1882 296 2009 330 facilius
2033 308 2110 331 mox
2133 298 2259 338 laxari,
2282 310 2318 331 ac
2342 298 2395 332 di-

1390 339 1489 373 stendi
1509 363 1521 380 ,
1544 351 1617 372 cum
1642 347 1772 380 propter
1793 338 1992 373 deficientem
2018 342 2141 384 magis,
2163 342 2327 384 magisque
2341 354 2395 375 ex-

1389 393 1493 416 tremo
1516 392 1659 424 tempore
1682 381 1923 423 respirationem
1949 384 2052 417 minus
2083 383 2173 427 ejicit
2199 384 2356 427 sanguinis
2382 409 2392 424 ,

1388 438 1484 470 quam
1508 426 1685 470 accipiat„
1799 425 1858 458 Sed
1882 436 1987 459 tamen
2010 438 2118 461 verum
2139 437 2175 461 ut
2198 438 2279 460 certe
2294 428 2394 467 scias,

1390 470 1637 504 Observationes
1670 470 1741 502 sunt
1764 469 1952 511 colligenda?
1977 494 1984 500 .
2021 472 2110 504 Fecit
2134 471 2168 503 id
2205 471 2289 504 Pasta
2312 494 2322 509 ‚
2357 482 2394 506 ut

1390 514 1483 557 supra
1505 516 1519 552 (
1541 514 1560 546 d
1581 516 1594 552 )
1615 511 1827 545 indicavimus
1850 536 1862 552 ,
1894 512 1981 555 quod
2006 513 2045 547 ad
2074 514 2215 547 colorem
2240 515 2359 547 attinet
2381 538 2392 554 ‚

1385 566 1612 604 proptereaque
1637 555 1775 589 assentiri
1799 556 1988 598 Malpighio
2011 568 2074 590 non
2094 559 2223 600 potuit.
2249 559 2392 593 Fecimus

1385 613 1442 636 nos
1457 625 1469 642 ,
1491 599 1578 643 quod
1602 598 1722 641 speetat
1746 598 1784 631 ad
1809 599 2062 641 magnitudinem
2080 623 2092 640 ,
2126 604 2158 634 δε
2181 612 2290 635 omnes
2322 613 2392 644 quae

1388 649 1421 680 in
1446 655 1515 687 tota
1538 644 1626 676 illius
1649 641 1793 684 Epistola
1816 641 1885 676 sane
1908 644 2055 685 plurimae
2079 643 2328 678 Observationes
2361 655 2392 678 a-

1388 692 1439 724 liae
1463 689 1558 721 aliam
1582 685 1625 718 ob
1649 685 1772 719 causam
1797 685 2020 728 proferuntur,
2044 687 2248 729 inspicientes
2269 711 2282 728 ,
2305 699 2392 721 reve-

1389 746 1420 767 ra
1446 731 1557 774 saepius
1590 730 1623 762 in
1646 729 1779 762 dextero
1800 751 1809 765 ‚
1839 729 1986 763 rarislime
2010 732 2043 763 in
2079 730 2203 765 finistro
2234 731 2390 773 majorem

1390 777 1548 820 polypum
1571 772 1686 810 fuisse,
1710 772 1874 811 vidimus3
1899 773 1968 806 imo
1990 774 2176 807 creberrime
2200 776 2232 807 in
2257 774 2391 808 dextero

1389 830 1537 858 tantum,
1561 827 1689 860 perraro
1712 817 1746 849 in
1770 816 1840 849 solo
1870 814 1994 850 sinistro
2016 820 2184 851 memorari
2205 842 2214 856 ,
2248 818 2391 852 animad-

1387 864 1541 897 vertimus
1562 887 1569 893 .
1604 861 1676 893 Nec
1700 871 1773 893 vero
1809 859 1899 892 aliter
1921 860 2105 895 Valsalvam
2127 862 2291 895 observare
2314 862 2391 895 soli-

1386 917 1457 941 tum
1480 907 1617 940 invenies
1640 904 1705 946 ejus
1727 903 1874 946 perleffitis
1900 901 2041 937 historiis
2063 906 2211 939 omnibus
2231 929 2243 945 ,
2267 907 2392 949 praeser-

1385 953 1448 984 tim
1478 962 1553 993 quas
1578 947 1722 991 Epistola
1745 948 1814 980 XX.
1838 947 2000 989 complexi
2024 947 2128 982 sumus
2150 974 2157 980 .
2228 960 2266 982 ua
2289 949 2390 984 fretus

1385 995 1479 1037 longa
1503 993 1763 1037 observationum
1786 991 1887 1031 ierie,
1909 1001 1973 1024 non
1996 990 2156 1026 dubitavit
2181 1016 2189 1029 ,
2214 1002 2249 1025 ut
2272 1004 2310 1025 ex
2332 1004 2391 1025 no-

1383 1037 1442 1070 stra
1466 1039 1524 1069 XI.
1549 1036 1719 1078 cognosces
1742 1033 1887 1075 Epistola
1911 1038 1925 1074 (
1946 1045 1961 1067 e
1983 1038 2019 1074 ),
2041 1046 2115 1068 cum
2139 1047 2155 1068 a
2177 1035 2308 1069 sinistris
2330 1047 2390 1078 po-

1384 1082 1499 1124 lypum
1521 1093 1536 1113 a
1561 1079 1654 1112 nobis
1685 1078 1811 1111 extrahi
1836 1076 1922 1111 forte
1952 1077 2150 1121 conspiceret
2172 1102 2181 1116 ‚
2214 1080 2349 1113 alterurn
2373 1091 2390 1113 a

1382 1124 1503 1157 dextris
1526 1126 1689 1156 inventum
1714 1122 1779 1160 iri,
1803 1133 1858 1154 nec
1883 1120 1963 1154 falso
1986 1143 1995 1159 ,
2020 1125 2253 1165 praenunciare.

1380 1167 1432 1201 Ad
1455 1167 1640 1201 discrimina
1663 1166 1764 1206 igitur
1788 1164 1967 1198 istiusmodi
1989 1189 1998 1204 ,
2026 1176 2120 1208 atque
2144 1168 2204 1199 alia
2228 1167 2355 1210 insuper
2377 1190 2390 1207 ,

1380 1221 1417 1244 ut
1441 1210 1527 1253 quod
1555 1207 1758 1255 Malpighius
1781 1206 1868 1249 (f)
1890 1208 1928 1241 de
1962 1209 2133 1243 substantia
2158 1211 2274 1253 polypi
2310 1223 2326 1243 a
2348 1210 2389 1243 fi-

1382 1254 1488 1289 nistris
1521 1251 1662 1288 denfiore
1685 1252 1801 1294 adjecit
1823 1273 1833 1288 ,
1867 1262 1927 1301 pro
1948 1262 2036 1285 certo
2070 1253 2284 1295 dignoscenda
2308 1276 2316 1290 ,
2352 1263 2389 1287 ut

1359 1292 1495 1332 vdeinde
1527 1308 1637 1331 eorum
1660 1295 1758 1329 causae
1794 1306 1862 1337 quae
1887 1306 1921 1327 in
1954 1295 2133 1337 graviffima
2166 1308 2262 1339 quarn
2297 1296 2389 1340 supra

1380 1342 1605 1385 exposuimus,
1629 1339 1666 1373 de
1691 1339 1823 1380 Polypis
1845 1338 2055 1372 controversia
2077 1338 2134 1373 effe
2158 1339 2330 1383 aliquando
2353 1352 2390 1374 u-

1380 1387 1452 1419 tiles
1478 1384 1604 1428 possunt
1631 1407 1638 1420 ‚
1671 1383 1875 1425 inquirantur
1898 1407 1907 1422 ,
1942 1381 2090 1424 profecero
2112 1383 2271 1425 intelligis
2291 1405 2300 1420 ‚
2324 1394 2388 1416 non

1380 1429 1494 1462 frustra
1518 1440 1589 1472 quae
1614 1426 1652 1461 de
1668 1426 1749 1469 *ipsis
1774 1426 1808 1458 in
1830 1424 1961 1468 lingulis
1994 1425 2234 1461 diss‘effionibus
2257 1427 2389 1469 conspe-

1358 1474 1432 1506 st‘ta
1455 1472 1554 1512 sunt,
1577 1470 1747 1504 adnotari:
1771 1469 1863 1511 quod
1886 1470 2013 1503 utinam
2035 1471 2084 1505 vel
2108 1470 2297 1523 diligentius
2320 1470 2389 1513 ple-

1380 1526 1513 1559 rumque
1538 1514 1641 1548 facere
1667 1512 1876 1557 potuissemus
1891 1538 1898 1546 .

1425 1570 1477 1600 32.
1504 1560 1627 1592 Verum
1652 1570 1662 1596 3
1692 1566 1727 1591 ut
1752 1557 1879 1590 tandem
1903 1556 1943 1590 ad
1966 1557 2074 1600 pulsus
2098 1558 2352 1601 inaequalitatem
2378 1582 2387 1598 ‚

1380 1606 1411 1636 δι
1435 1602 1694 1635 intermiffionem
1718 1609 1941 1647 reve-rtarnur3
1974 1599 2035 1633 sive
2059 1602 2173 1643 polypi
2205 1612 2278 1635 ante
2302 1613 2388 1634 mor-

1379 1655 1445 1679 tem
1469 1646 1532 1678 fint
1554 1668 1563 1683 ‚
1599 1645 1659 1677 sive
1682 1656 1747 1677 non
1770 1645 1830 1675 sint
1855 1645 1887 1676 in
1912 1643 2005 1676 corde
2029 1644 2217 1686 agnoscendi
2239 1668 2250 1685 ,
2284 1657 2321 1678 ex
2346 1646 2387 1677 iis

1378 1701 1448 1731 quae
1473 1688 1604 1722 subinde
1627 1687 1866 1729 interjecimus‚
1888 1687 2080 1721 veriffimum
2102 1686 2159 1721 esse
2179 1714 2188 1728 ,
2222 1698 2351 1732 apparet
2375 1711 2388 1727 ,

1378 1731 1442 1765 hoc
1463 1733 1516 1765 Cl.
1542 1733 1682 1765 Pantoni
1705 1733 1720 1770 (
1737 1741 1760 1773 g
1781 1734 1794 1770 )
1819 1731 2002 1762 monitum:
2028 1731 2142 1763 iterum
2163 1732 2253 1764 dico:
2277 1742 2316 1766 ex
2337 1733 2388 1765 νί-

1378 1776 1435 1808 tiis
1456 1775 1566 1818 pulsus
1600 1786 1636 1809 ne
1660 1783 1775 1809 temere
1808 1774 1844 1807 de
1864 1773 1989 1815 polypis
2019 1773 2176 1814 judicium
2201 1772 2348 1817 feramus
2373 1798 2382 1813 ‚

1376 1821 1567 1853 cavendum⁴
1593 1817 1717 1851 Multos
1734 1816 1809 1859 scine
1820 1817 1960 1859 decepit.
1988 1815 2089 1849 Seciio
2099 1818 2285 1851 cadaverum
2313 1829 2388 1851 cast-

1376 1864 1472 1895 tiores
1497 1861 1631 1905 efficiat.
1654 1861 1791 1902 'Polypos
1812 1861 1894 1893 enim
1918 1860 2075 1900 reperia53
2100 1861 2144 1894 (θ’
2170 1862 2321 1902 aeqaalfs,
2345 1865 2387 1896 (φ

1376 1905 1511 1944 constans
1526 1903 1599 1947 fuit
1619 1904 1753 1946 pulsus.-
1775 1902 1890 1945 Polypi
1914 1901 2022 1943 desunt
2042 1914 2053 1941 5
2088 1905 2131 1937 &
2159 1914 2245 1937 omne
2268 1905 2388 1938 vitium

1989 1946 2153 1979 Caeterum
2178 1947 2324 1989 pulsuum
2336 1950 2389 1980 vi-

1373 2001 1419 2023 tia
1444 1993 1575 2029 omnia,
1601 1999 1655 2024 aut
1679 1990 1784 2032 plures
1801 2011 1809 2026 ‚
1833 1998 1869 2022 ut
1893 1988 1974 2024 nosti
1997 2012 2009 2029 ,
2042 1998 2096 2023 aut
2119 1989 2255 2032 singulas
2279 1992 2386 2034 pulsa-

1371 2036 1476 2067 tiones
1501 2031 1694 2068 attendendo
1715 2058 1723 2072 ‚
1746 2031 2026 2074 deprehenduntur
2050 2058 2059 2066 .
2091 2033 2198 2067 Plures
2220 2035 2385 2069 attenden-

1372 2077 1439 2117 εἷο,
1465 2079 1498 2110 &
1521 2088 1631 2111 omnes
1654 2078 1741 2109 inter
1764 2075 1813 2117 se,
1835 2075 1923 2119 quod
1946 2075 1985 2109 ad
2000 2078 2110 2110 omnia
2133 2078 2272 2119 attinet,
2292 2090 2385 2113 com-

1372 2120 1538 2164 parando,
1562 2120 1787 2163 inaequalitas,
1811 2122 1843 2152 &
1863 2120 1951 2162 quod
1975 2120 2193 2154 adnumerum
2216 2122 2299 2155 intra
2315 2134 2386 2157 cer-

1371 2174 1442 2198 tum
1466 2173 1591 2207 tempus
1615 2188 1628 2204 ,
1661 2162 1848 2196 intermissio
1871 2188 1881 2203 ‚
1915 2166 1947 2196 &
1970 2161 1991 2195 fi
2017 2163 2086 2196 haec
2109 2164 2215 2198 multo
2239 2166 2385 2208 longiffi-

1369 2219 1458 2241 mum
1481 2217 1607 2250 tempus
1630 2206 1722 2240 duret
1747 2204 1902 2250 asphyxia
1924 2206 2182 2249 cognoscuntur,
2204 2207 2242 2241 de
2265 2209 2385 2252 quibus

1373 2252 1524 2285 ha&enus
1547 2250 1672 2284 dicium
1695 2250 1761 2288 est,
1785 2260 1935 2292 praeterea
1959 2259 2067 2283 autem
2091 2250 2271 2294 frequentia
2290 2276 2303 2294 ,
2328 2264 2382 2287 aut

1373 2296 1504 2327 raritas.
1532 2294 1681 2336 Singulas
1704 2303 1810 2327 autem
1833 2293 2027 2335 pulsationes
2052 2295 2246 2329 attendendo
2271 2320 2283 2337 ,
2305 2297 2387 2330 cele-

1372 2341 1474 2379 ritas,
1499 2348 1553 2372 aut
1577 2337 1729 2375 tarditas,
1753 2336 1914 2376 durities,
1937 2347 1991 2371 aut
2014 2338 2196 2376 mollities,
2220 2342 2387 2383 magnitu-

1371 2381 1441 2422 do,
1463 2391 1516 2415 aut
1540 2381 1700 2423 parvitas,
1723 2380 1945 2419 vehementia,
1971 2391 2025 2414 aut
2037 2381 2188 2416 debilitas
2203 2405 2213 2421 ‚
2240 2387 2272 2417 &
2296 2383 2386 2427 siqua

1372 2426 1443 2458 sunt
1468 2426 1528 2457 alia
1552 2426 1614 2458 huc
1639 2423 1800 2470 addenda3
1825 2422 1929 2457 fateor
1951 2426 2062 2466 enim,
2085 2424 2145 2458 hac
2171 2428 2206 2458 in
2231 2438 2320 2469 parte
2334 2429 2387 2460 ni-

1372 2471 1432 2501 mis
1457 2469 1562 2510 largos
1586 2468 1677 2500 fuisse
1701 2468 1864 2509 Maiores.
1889 2468 1960 2501 Nec
1983 2477 2092 2501 tamen
2115 2468 2136 2501 fi
2161 2470 2296 2504 vicissim
2320 2473 2386 2505 Re-

1372 2513 1529 2545 centiores
1563 2509 1718 2554 quosdam
1749 2513 1907 2552 parciores
1939 2510 2070 2545 fortaffe
2102 2512 2214 2545 dixero
2237 2537 2246 2551 ‚
2281 2525 2379 2557 quarn

1374 2566 1500 2598 aequum
1524 2553 1584 2592 fit,
1608 2552 1641 2586 id
1666 2555 1834 2587 immerito
1858 2567 1873 2586 a
1897 2564 1946 2586 me
1969 2553 2095 2587 dietum
2128 2556 2256 2596 putabis
2281 2581 2288 2588 .
2316 2559 2386 2591 Ne-

1375 2611 1435 2642 que
1460 2602 1543 2631 enim
1583 2596 1730 2640 profeeto
1752 2595 1867 2631 necesse
1892 2596 1935 2630 est
1955 2621 1965 2637 ,
2002 2606 2037 2631 ut
2061 2596 2241 2639 frequentes
2274 2612 2385 2635 omnes

1371 2642 1478 2688 pulsus
1502 2642 1561 2675 sint
1584 2641 1696 2674 celeres
1714 2664 1727 2681 ‚
1749 2652 1849 2684 neque
1872 2650 1907 2674 ut
1931 2652 2040 2675 omnes
2064 2641 2137 2675 duri
2165 2668 2173 2681 ‚
2198 2654 2251 2676 aut
2275 2655 2386 2678 omnes

1371 2688 1478 2728 magni
1503 2685 1562 2719 sint
1584 2684 1785 2717 vehementes
1803 2707 1812 2722 ‚
1848 2683 1937 2725 quod
1962 2686 2067 2719 minus
2093 2686 2257 2720 attendisse
2281 2688 2387 2721 videri

1373 2729 1501 2773 poisunt
1525 2730 1579 2772 qui
1604 2729 1823 2768 celeritatem,
1845 2727 2021 2769 duritiem,
2044 2733 2075 2762 δέ
2099 2730 2236 2764 nimiam
2260 2733 2387 2774 magni-

1374 2773 1543 2813 tudinem,
1568 2775 1599 2806 &
1623 2773 1673 2805 his
1697 2772 1858 2804 contraria
1880 2773 1959 2805 vitia
1981 2772 2159 2806 omiserunt
2182 2799 2189 2804 .
2226 2775 2274 2808 At
2299 2776 2386 2809 enirn

1376 2819 1546 2856 celeritas,
1570 2824 1622 2849 aut
1647 2815 1780 2849 tarditas
1805 2816 1926 2858 punfto
1949 2818 2105 2859 temporis
2120 2817 2212 2858 quod
2236 2820 2385 2860 unapul-

1378 2861 1463 2894 satio
1487 2862 1543 2892 vix
1566 2859 1660 2893 durat
1686 2884 1694 2898 ,
1729 2858 1814 2891 tastu
1837 2857 1981 2904 restingui
2005 2871 2062 2893 non
2081 2859 2209 2905 possunt
2231 2886 2238 2893 .
2276 2862 2385 2895 Facile

1376 2916 1451 2938 curn
1478 2904 1604 2937 Bellino
1629 2907 1642 2943 (
1664 2902 1684 2935 h
1705 2907 1719 2942 )
1752 2901 1815 2935 hoc
1838 2903 1941 2936 fateor
1966 2904 1998 2936 in
2013 2903 2100 2943 statie
2123 2917 2141 2937 a
2164 2904 2304 2938 naturali
2322 2915 2384 2948 pa-

1377 2959 1447 2981 rum
1471 2949 1626 2980 recedente
1648 2971 1655 2977 .
1698 2945 1755 2978 Sed
1779 2956 1853 2979 cum
1885 2946 2024 2980 multum
2058 2947 2096 2980 ab
2128 2948 2191 2981 hoc
2226 2947 2347 2982 recedit
2371 2961 2384 2987 5

1376 3002 1576 3034 nunquamne
1599 2989 1752 3032 distingui
1777 2998 1927 3031 poterunt
1953 2988 1965 3022 ?
1998 2991 2030 3023 Si
2055 3000 2161 3025 autem
2196 3000 2348 3033 poterunt
2372 3004 2384 3030 ;

1377 3046 1442 3077 quo
1465 3034 1593 3068 tandem
1617 3036 1749 3066 nomine
1772 3042 1848 3065 tunc
1872 3034 1980 3066 volent
2003 3034 2038 3068 id
2060 3036 2136 3068 vitii
2157 3046 2255 3078 genus
2278 3035 2386 3078 appel-

1378 3077 1464 3111 lari?
1487 3076 1747 3120 quandoquidem
1766 3097 1776 3113 ‚
1800 3075 1834 3109 id
1858 3077 1944 3118 quod
1969 3078 2127 3112 necessitas
2151 3079 2287 3120 cogebat
2312 3078 2385 3112 nul-

1376 3123 1428 3162 la,
1451 3121 1642 3159 celeritatis,
1665 3122 1697 3152 δε
1721 3118 1910 3162 frequentiae
1931 3146 1939 3159 ,
1973 3121 2136 3156 tarditatis
2158 3145 2167 3159 ‚
2190 3126 2221 3156 &
2245 3123 2385 3156 raritatis

1373 3166 1528 3199 vocabula
1550 3189 1563 3206 ,
1596 3162 1679 3206 apud
1703 3164 1832 3197 Veteres
1868 3163 2023 3206 sapienter
2046 3164 2176 3198 discreta
2194 3189 2206 3206 ,
2241 3165 2305 3208 jam
2329 3165 2385 3199 usu

1374 3209 1559 3251 promiscuo
1575 3231 1584 3245 ,
1609 3218 1674 3239 non
1700 3206 1854 3249 probante
1878 3208 2005 3241 Sthalio
2027 3210 2041 3246 (
2062 3210 2076 3243 i
2096 3213 2110 3249 )
2132 3209 2349 3243 confuderunt
2373 3233 2383 3241 .

1372 3254 1468 3285 Certe
1493 3251 1575 3295 apud
1593 3262 1652 3298 ,eos
1676 3249 1858 3284 videbimur
1882 3254 2056 3294 pugnantia
2090 3253 2181 3296 loqui
2205 3277 2217 3293 ,
2250 3252 2272 3285 si
2300 3252 2384 3284 cele-

1370 3298 1500 3329 ritatem
1524 3294 1729 3337 εοημιηὲἰῖεῐῐι
1751 3305 1824 3327 cum
1848 3298 1979 3328 raritate
2002 3297 2035 3328 in
2060 3307 2221 3338 aegrorum
2244 3294 2384 3339 pulsibus

1374 3351 1431 3372 nos
1455 3339 1620 3375 invenisse,
1647 3336 1806 3371 dicemus.
1832 3340 1953 3373 Incidit
1977 3339 2010 3372 id
2034 3340 2111 3373 alias
2134 3351 2261 3383 quoque
2283 3352 2294 3376 3
2332 3338 2383 3372 sed

1373 3393 1536 3426 nunquam
1562 3382 1660 3423 magis
1683 3391 1783 3424 quam
1806 3382 1840 3414 in
1863 3382 2058 3415 adolescente
2082 3385 2115 3415 in
2139 3395 2205 3426 quo
2228 3393 2292 3415 non
2316 3393 2384 3415 ma-

1372 3437 1468 3467 gnam
1499 3425 1648 3469 pulsuum
1682 3426 1844 3458 raritatem
1866 3449 1879 3467 ,
1910 3428 2079 3459 maximam
2103 3438 2206 3461 autem
2237 3426 2385 3459 celerita-

2276 3479 2341 3501 tem

381 3639 395 3666 (
414 3636 507 3666 1⁶)56,
525 3645 548 3659 n.
567 3645 604 3660 10.
668 3639 679 3661 (
696 3645 710 3659 κ
725 3636 739 3664 )
757 3635 830 3669 Epist.
849 3643 884 3664 ¹7·
902 3643 924 3658 n.
942 3642 980 3662 ιο,
1031 3635 1056 3669 η(
1072 3645 1087 3663 y
1108 3635 1115 3664 )
1133 3634 1222 3664 Opusc.
1240 3633 1281 3657 cit.
1299 3634 1356 3658 obs.
1375 3643 1413 3664 19.
1476 3637 1487 3659 (
1504 3643 1521 3663 z
1537 3634 1550 3662 )
1566 3633 1604 3658 ch.
1622 3636 1643 3658 8.
1660 3635 1699 3659 cit.
1722 3643 1745 3658 n.
1765 3645 1784 3665 ς.
1846 3635 1888 3665 (a
1907 3636 1915 3665 )
1931 3635 2022 3661 Differt.
2044 3637 2087 3660 cit.
2107 3637 2126 3666 §.
2147 3646 2169 3666 3.

381 3668 395 3696 (
411 3667 425 3690 b
442 3669 455 3695 )
473 3668 565 3690 Dissert.
584 3669 612 3691 de
629 3668 721 3695 Polypo
738 3666 823 3690 Cordis
837 3684 843 3689 .
908 3666 916 3693 (
936 3674 947 3688 c
963 3667 975 3694 )
993 3666 1064 3693 Epist.
1084 3666 1127 3693 saep
1153 3672 1194 3688 czt.
1213 3673 1235 3688 n.
1256 3673 1290 3691 14·
1305 3665 1325 3688 a<
1344 3673 1381 3695 ²3·
1444 3664 1454 3694 (
1471 3666 1487 3690 d
1505 3665 1511 3695 )
1530 3672 1553 3687 n⁴
1572 3672 1598 3686 22
1626 3666 1650 3688 in
1668 3666 1707 3689 fin.
1771 3668 1811 3696 (e
1827 3666 1840 3693 )
1859 3675 1881 3689 n.
1901 3675 1937 3689 22.
2000 3666 2068 3696 (f)
2085 3667 2180 3691 Drisert.
2201 3668 2245 3693 cit.

380 3699 388 3729 (
405 3698 448 3728 g)
468 3697 492 3721 in
510 3698 587 3721 Schol.
606 3698 634 3721 ad
652 3698 730 3721 Patris
745 3696 802 3720 ΟΜ.
821 3696 890 3721 Μεά,
908 3698 980 3721 Anat.
998 3704 1038 3726 ²7·
1100 3696 1107 3726 (
1125 3697 1139 3719 h
1159 3705 1168 3727 )
1186 3698 1220 3720 De
1238 3694 1363 3721 Pulsibus.
1424 3697 1437 3725 (
1453 3697 1462 3719 i
1477 3702 1486 3724 >
1508 3695 1592 3720 Excus.
1613 3698 1669 3726 reip.
1686 3698 1773 3721 Exam,
1794 3697 1858 3721 Puls.
1876 3698 1945 3722 celer.
1963 3697 1985 3722 ἃ
2003 3699 2081 3727 frequ.
2098 3706 2119 3722 c.
2136 3708 2161 3729 4.
