2498 4075
303 207 490 262 diffieuiffi,
501 204 604 257 postea
617 237 627 254 ‚
648 210 881 256 quod‘minime
895 212 1022 254 ignoras
1034 234 1046 251 ‚
1068 208 1207 245 ostendit
1218 210 1232 248 (
1243 208 1285 258 d.)
1298 232 1307 239 .

304 259 428 295 Sed-ut
440 256 650 294 Blancardum
671 266 746 290 cum
758 255 820 289 suis
842 253 910 289 istis
930 254 1053 288 artibus
1075 252 1202 290 missum
1213 250 1311 298 facia-

302 314 402 343 mus3
425 301 505 345 quid
528 300 685 338 attinebat
708 298 843 342 denique
866 297 1159 331 Observationibus
1179 307 1218 329 ex
1239 305 1307 337 ejus

302 346 390 381 libro
401 345 569 387 descriptis
586 366 596 382 ‚
618 354 690 387 quae
700 341 834 382 saltem,
855 341 962 384 quales
972 352 1015 374 eae
1025 352 1148 384 cunque
1161 339 1221 372 (int
1231 361 1251 387 3-
1268 337 1307 371 ad

302 389 551 433 palpitationem
574 387 715 430 spet'stant
726 409 739 425 ‚
761 385 1031 422 Observationem
1056 385 1150 418 illam
1172 381 1307 424 subjice-

301 444 356 473 re,
375 443 448 475 quae
471 442 546 466 cum
566 428 746 473 Asphyxiae
768 436 895 463 tanturn
917 429 957 464 sit
976 452 989 469 ‚
1022 440 1088 462 non
1109 427 1151 461 ad
1183 424 1308 474 istam)

304 475 355 509 sed
379 476 417 509 ad
439 475 623 517 proximam
646 473 824 510 Sectionem
846 472 983 505 omnino
1005 470 1183 513 pertinebat
1205 466 1218 501 ?
1241 468 1309 500 Ni-

303 518 352 555 hil
376 518 532 561 ejusmodi
556 517 640 555 mihi
666 516 766 558 placet
777 515 923 548 imitari.
948 515 1109 549 Historias
1133 510 1310 547 nullasite-

304 563 405 603 rabo,
428 565 461 596 &
483 573 555 606 quaa
579 560 618 594 ad
642 560 722 597 alias
745 559 846 600 magis
868 557 1005 600 spec0mre
1027 557 1186 600 Epistolas
1212 553 1306 604 ‘vide-

306 608 454 646 buntur,
477 617 514 639 eo
537 603 706 641 differam:
731 601 908 645 praesertim
930 612 1006 635 vero
1034 599 1093 634 nifi
1116 611 1187 643 quaa
1209 596 1274 640 ipse
1297 622 1306 638 ,

305 658 360 684 aut
383 650 495 686 Amici
517 659 598 692 quos
622 646 786 682 nominare
811 644 947 687 poffim,
965 643 1165 680 dissecuerint
1177 666 1189 683 ,
1219 640 1310 674 cada.

303 704 375 727 vera
411 703 476 726 non
510 690 687 728 describam
709 713 717 721 .
750 689 910 731 Incipiam
935 688 973 721 ab
995 699 1033 722 eo
1056 686 1147 732 quod
1171 686 1310 735 Mutinae

304 736 424 773 incidit
441 737 496 779 Jo.
521 732 705 769 Franciscus
730 730 967 768 Bernardonius
980 755 992 772 ‚
1015 733 1041 765 is
1063 732 1120 773 qui
1143 727 1248 778 postea
1270 729 1312 765 11-

304 780 334 815 la
365 780 399 813 in
421 778 507 813 Aula
528 776 702 811 Archiater
738 774 804 808 fuit
824 797 834 812 ‚
869 783 946 808 tunc
969 785 1095 813 mecum
1118 773 1275 806 Bononiae
1298 796 1311 812 ‚

304 834 379 858 cum
402 830 560 859 recentem
582 818 803 854 diffeffionern
824 827 966 855 narraret
984 842 998 861 ,
1019 816 1200 856 studiorum
1222 815 1312 854 causa

306 877 323 900 v
346 865 391 901 rsa
417 874 510 901 atur.

327 878 377 945 ez.
394 865 678 947 bMULIEREM
710 917 782 949 quae
815 904 938 942 nobiles
972 916 1086 949 pueros
1126 902 1278 943 educabat
1301 927 1314 943 ‚

308 952 415 988 cordis
438 951 619 995 palpitatio
638 949 803 992 corripuit
817 973 824 980 .
850 947 964 984 Missus
988 960 1004 981 e
1027 949 1162 986 brachio
1186 947 1314 989 sanguis

309 1007 429 1041 magno
452 995 578 1032 auxilio
600 992 667 1030 fuit
690 992 729 1026 ad
752 991 820 1028 dies
830 993 962 1030 circiter
982 992 1082 1027 duos.
1106 992 1237 1035 Qibus
1250 990 1312 1023 ela-

306 1040 392 1084 piis,
415 1038 592 1083 palpitatio
614 1035 713 1074 rediit
737 1047 771 1074 ea
794 1035 994 1074 vehementia
1014 1060 1027 1077 ,
1058 1045 1095 1071 ut
1119 1036 1230 1079 pefflrs
1262 1043 1312 1067 at-

305 1083 384 1117 tolli
407 1082 446 1117 ad
468 1081 609 1125 singulos
632 1081 714 1114 iftus
737 1090 936 1116 cerneretur.
960 1081 1062 1118 Simul
1073 1088 1160 1115 erant
1183 1079 1212 1112 is
1234 1076 1313 1113 tho-

304 1128 388 1161 racis
408 1125 527 1167 dolor,
550 1137 585 1163 ea
609 1123 750 1167 spirandi
772 1123 947 1161 difficultas
961 1147 974 1164 ,
996 1136 1030 1157 ea
1042 1124 1161 1160 febris,
1184 1131 1221 1155 ut
1240 1132 1311 1157 *ma—

302 1181 399 1214 gnam
422 1169 565 1207 facerent
588 1168 859 1211 peripneumonia:
869 1166 1098 1209 suspicionem.
1124 1163 1312 1201 Missusite-

305 1225 377 1248 rum
400 1225 415 1246 e
431 1211 568 1247 brachio
590 1210 719 1254 sanguis
750 1209 834 1248 nihil
871 1210 998 1252 profuit
1012 1235 1020 1247 2
1044 1208 1180 1246 Miffum
1203 1218 1310 1243 autem

305 1268 322 1291 e
344 1257 423 1300 pede
447 1267 533 1289 mors
557 1256 643 1288 intra
667 1254 781 1291 horam
794 1254 927 1287 circiter
948 1254 991 1293 est
1000 1253 1167 1290 consecuta
1179 1276 1192 1293 ‚
1214 1262 1310 1294 quam

301 1300 409 1344 pulsus
433 1299 594 1338 indicavit
618 1296 729 1335 sensim
753 1296 827 1334 inde
850 1298 979 1339 minor,
1001 1298 1173 1339 minorque
1184 1295 1310 1334 factus,

302 1342 471 1387 minusque
505 1340 642 1381 resistens
676 1340 968 1384 comprimentibus
1001 1339 1126 1375 Medici
1160 1339 1275 1381 digitis
1298 1362 1308 1378 ,

303 1388 407 1430 magis
425 1389 545 1427 ‘autem
579 1385 742 1428 frequens.
872 1383 1149 1421 CADAVERIS
1184 1394 1223 1416 ex
1255 1393 1311 1417 ore

304 1432 448 1468 multum
471 1429 642 1475 sanguinis*
658 1426 788 1465 effluxit
812 1453 819 1463 ,
855 1427 981 1466 Tamen
1004 1428 1038 1461 in
1063 1426 1214 1464 Thorace
1237 1449 1250 1466 ,
1279 1429 1313 1460 δε

301 1476 425 1514 Ventre
449 1474 520 1513 sana
543 1473 669 1510 omnia.
802 1472 912 1515 Caput
933 1495 941 1510 ‚
976 1481 1012 1506 ut
1036 1472 1070 1506 in
1101 1480 1168 1514 quo
1188 1469 1315 1506 nullum

306 1528 493 1563 apparuerat
517 1516 622 1553 morbi
647 1514 771 1559 signum
784 1538 797 1556 ‚
819 1525 884 1549 non
909 1517 1044 1557 attigere
1062 1539 1070 1547 .

345 1574 379 1606 3.
406 1560 477 1596 Etsi
525 1558 661 1603 ropofiti
687 1558 819 1592 morbus
831 1581 843 1598 ‚
867 1561 900 1592 &
922 1559 1031 1595 obitus
1053 1583 1064 1599 ‚
1087 1568 1161 1591 cum
1183 1556 1238 1591 ista
1263 1569 1315 1591 ca„

303 1604 427 1642 daveris
448 1605 491 1644 ob
506 1604 672 1639 e-rvatione
694 1601 863 1644 conjuncti
882 1625 896 1643 ,
928 1613 1116 1646 quacunque
1141 1602 1190 1635 uti
1224 1601 1316 1634 mali-

305 1661 377 1685 mus
400 1650 476 1690 via,
500 1651 531 1681 &
545 1647 688 1685 ratione,
714 1644 863 1682 difficiles
887 1644 1008 1679 habent
1023 1646 1224 1690 explicatus5
1247 1656 1315 1677 cre-

305 1693 446 1728 diderim
468 1700 598 1731 tamen,
621 1691 761 1726 internas
782 1687 1004 1723 convulfiones
1034 1700 1072 1723 ex
1095 1697 1183 1730 parte
1207 1689 1316 1722 saltem

305 1736 412 1781 aliqua
439 1738 478 1773 ad
501 1736 596 1770 illurn
619 1731 804 1768 faciendum
825 1731 1006 1768 convenisse
1028 1758 1037 1770 „
1061 1732 1214 1774 Namque
1237 1744 1247 1770 3
1281 1740 1318 1764 ut

302 1780 465 1817 cerebrum
489 1777 710 1816 absolvamuss
733 1776 840 1811 nervei
863 1775 973 1818 plexus
995 1800 1009 1817 ‚
1031 1776 1180 1818 nervique
1204 1774 1317 1808 restant

302 1824 342 1858 de
364 1822 481 1868 quibus
515 1820 708 1862 suspicemur
730 1843 738 1852 .
772 1820 906 1857 Horum
928 1828 1034 1855 autem
1068 1818 1211 1855 laesiones
1244 1818 1319 1860 quis

306 1867 382 1901 tatis
404 1865 497 1909 poffit
509 1889 521 1907 ,
545 1864 725 1906 ubicunque
749 1871 938 1904 oporteret.
964 1862 1126 1906 inquirere
1148 1860 1162 1893 ?
1185 1871 1239 1895 aut
1263 1864 1316 1894 in-

305 1909 465 1954 quirendo
479 1933 491 1950 ,
512 1908 699 1951 plerumque
723 1904 931 1947 dignoscere?
954 1918 1025 1949 quae
1048 1906 1202 1938 nimitum
1224 1903 1315 1939 causa

304 1954 348 1993 est
365 1977 378 1995 ‚
409 1963 446 1992 ut
469 1949 692 1996 in‘ejusmodi
712 1943 900 1983 cadaverum
932 1949 1186 1997 impe-<itionibus
1218 1959 1315 1991 quam

306 1995 458 2035 rariffime
477 2005 662 2040 quae-rantur
682 2019 690 2027 .
722 1994 876 2028 Attamen
901 1990 931 2029 ii
946 1994 1042 2032 certis
1066 1990 1258 2036 quibusdam
1282 1993 1317 2027 in

304 2040 433 2078 cerebro
456 2039 599 2073 motibus
622 2035 730 2071 cordis
754 2037 929 2080 palpitatio
960 2037 1120 2074 continuo
1142 2035 1281 2073 succedit
1306 2057 1316 2073 ‚

306 2094 342 2118 ut
377 2085 425 2117 vel
460 2082 541 2117 sanis
575 2080 692 2116 accidit
725 2081 759 2119 in
790 2079 955 2118 nonnullis
988 2081 1087 2115 animi
1123 2079 1318 2118 affeffibu53

306 2130 381 2171 quis
405 2137 515 2169 neget,
539 2124 563 2159 fi
587 2126 621 2160 in
644 2124 747 2161 nervis
770 2122 848 2159 fiant
871 2132 1002 2164 motus,
1023 2124 1080 2167 qui
1104 2123 1317 2166 proportione

307 2173 374 2208 illis
397 2170 518 2206 cerebri
541 2167 685 2206 motibus.
705 2166 939 2213 respondeant,
963 2167 1059 2210 quis,
1084 2169 1240 2209 inquam,
1262 2176 1318 2197 ne-

307 2224 388 2258 get,
411 2211 481 2252 fore
503 2220 539 2247 ut
564 2222 641 2251 tune
665 2211 771 2247 eadem
794 2211 967 2254 palpitatio
989 2210 1160 2253 contingat
1182 2208 1194 2242 ?
1228 2209 1317 2244 Nam

307 2256 470 2302 quidquid
493 2256 654 2293 cerebrum
678 2255 712 2291 in
734 2253 830 2288 corde
853 2253 978 2298 potest,
1002 2265 1057 2296 per
1082 2265 1195 2290 nervos.
1216 2252 1319 2296 potest

311 2304 397 2337 inter
422 2300 552 2343 ipsum,
576 2302 607 2333 δε
631 2309 689 2332 cor
704 2321 712 2335 ,
736 2307 789 2332 aut
803 2300 950 2341 proxima
971 2297 1042 2334 vasa
1053 2297 1242 2337 traductos,
1265 2307 1319 2338 per

308 2357 391 2390 quos
413 2343 563 2381 videlicet
585 2344 611 2378 ii
637 2351 745 2376 motus
768 2341 808 2378 ad
829 2340 936 2379 cordis
956 2365 969 2382 ‚
1003 2350 1057 2375 aut
1080 2341 1226 2376 vasorum
1249 2351 1320 2373 car-

313 2400 387 2422 neas
410 2387 504 2421 fibras
527 2387 738 2428 perveniant,
761 2393 817 2418 aut
841 2384 982 2423 horum,
1004 2383 1028 2417 fi
1048 2385 1170 2422 mavis,
1193 2384 1319 2417 tunicas

313 2432 452 2468 exterius
463 2429 708 2471 constringant3
731 2437 766 2462 ut
786 2426 850 2470 jam
874 2427 1037 2473 perspicue
1052 2435 1220 2469 appareat,
1243 2437 1320 2476 eun-

314 2477 387 2511 dem
411 2474 593 2513 secuturum
616 2471 672 2509 esse
695 2470 842 2507 effectum
861 2494 873 2511 ,
906 2469 927 2504 fi
952 2469 1051 2504 iidem
1084 2479 1192 2505 motus
1222 2480 1278 2512 qui
1302 2479 1320 2501 a

314 2519 443 2557 cerebro
466 2519 542 2555 alias
564 2517 748 2559 incipiunt,
771 2512 946 2557 aliquando
958 2513 998 2550 ab
1020 2512 1217 2557 interpositis
1239 2513 1322 2545 inci·

315 2565 406 2609 piant
431 2563 535 2598 nervis
555 2584 568 2601 ‚
600 2558 687 2596 haud
711 2558 796 2593 secus
825 2568 860 2590 ac
884 2558 925 2591 iis
947 2558 1004 2602 qui
1027 2557 1097 2601 post
1121 2564 1322 2600 amputatum

316 2607 429 2652 pedem
445 2628 453 2643 ‚
475 2605 513 2639 de
536 2602 633 2646 hujus
656 2611 792 2645 pergunt
813 2601 925 2636 dolore
947 2603 1039 2645 queri
1055 2625 1068 2643 ‚
1090 2601 1176 2635 idern
1189 2597 1320 2634 effectus

316 2652 360 2686 est
383 2662 398 2684 a
422 2658 516 2686 motu
545 2648 602 2691 qui
628 2645 823 2689 interpofitis
857 2646 892 2677 in
915 2646 1019 2681 nervis
1051 2646 1159 2680 oritur
1181 2669 1189 2682 ‚
1225 2653 1321 2686 atque

315 2703 381 2729 erat
407 2706 423 2727 a
445 2701 537 2727 motu
560 2689 741 2729 consimili,
762 2689 818 2732 qui
842 2699 859 2721 a
879 2690 1000 2724 vitiato
1022 2688 1118 2732 usque
1141 2687 1217 2730 pede
1238 2689 1324 2720 orie-

315 2739 433 2776 batur.
459 2736 561 2774 Reste
584 2734 688 2779 igitur
710 2730 760 2766 vel
783 2733 865 2766 olim
879 2732 1015 2767 saxonia
1039 2732 1151 2781 noster·
1162 2731 1298 2766 docebat
1311 2753 1324 2770 ‚

317 2793 383 2818 non
404 2779 506 2817 modo
528 2789 566 2817 ex,
597 2777 720 2814 cerebro
742 2784 846 2813 orcum
869 2776 975 2813 ducere
993 2775 1236 2818 palpitatzonem
1259 2785 1325 2807 cor-

318 2827 366 2860 dis
388 2847 401 2866 ‚
433 2823 485 2858 sed
508 2826 540 2859 δε
572 2820 702 2857 eandem
732 2819 902 2862 aliquando
916 2818 991 2862 fieri
1013 2829 1051 2852 ex
1068 2817 1137 2861 solo
1158 2828 1325 2852 nervorum

318 2869 404 2903 ‘vitio
415 2891 429 2908 ,
451 2865 539 2901 nulla
562 2871 729 2906 apparente
760 2862 874 2906 laesione
897 2863 930 2898 in
952 2860 1072 2895 cerebro
1097 2873 1105 2894 z
1138 2873 1208 2904 quae
1232 2859 1325 2893 verba

322 2913 358 2945 in
381 2911 530 2945 Sectione
542 2907 600 2941 hac
623 2917 751 2950 quoque
761 2905 962 2949 Sepulchrcti
974 2928 986 2945 ,
1010 2904 1243 2948 subjeetaleges
1253 2903 1329 2937 Ob..

321 2953 495 2991 servationi
517 2953 625 2989 XLII.
650 2961 688 2983 ex
710 2961 773 2992 qua
796 2951 993 2993 caeteroquin
1015 2948 1096 2983 illud
1118 2947 1331 2983 confirmatur

320 2997 407 3043 quod
430 2997 528 3043 paulo
548 3004 620 3033 ante
645 2993 858 3036 ponebamus,
881 3004 898 3025 a
920 3001 1005 3028 certa
1025 2992 1059 3025 in
1071 2992 1200 3028 cerebro
1222 2999 1330 3024 muta-

326 3045 416 3078 tione
440 3052 474 3076 ac
497 3048 614 3078 motu,
637 3037 732 3071 illico
754 3044 879 3071 motum
904 3035 1080 3073 naturalem
1102 3035 1208 3069 cordis
1221 3043 1328 3069 muta-

323 3088 351 3120 ri
374 3112 381 3120 .
417 3082 519 3123 Quod
542 3081 567 3117 s1
588 3083 622 3116 in
654 3079 769 3114 tenella
791 3078 914 3115 infante
939 3103 952 3120 ,
981 3091 1053 3125 quae
1084 3081 1120 3114 in
1142 3078 1328 3115 commercio

323 3127 495 3164 Litterario
518 3126 581 3172 (e)
604 3132 779 3159 memorata
800 3122 864 3163 est,
889 3122 971 3158 nihil
995 3133 1100 3159 revera
1123 3131 1237 3165 praeter
1255 3121 1327 3154 illas

325 3170 496 3217 polyposas
518 3169 740 3204 concretiones
763 3167 901 3200 inveniri
925 3174 1052 3209 poterat
1074 3165 1163 3209 quod
1185 3164 1328 3213 culpare*

325 3226 401 3256 tur,
425 3214 655 3258 palpitationes
677 3209 788 3249 cordis
811 3209 915 3253 ipsam
937 3210 1173 3253 inquietantes,
1197 3219 1235 3242 eo
1248 3206 1328 3240 faci..

327 3261 389 3296 lius
412 3269 467 3302 per
489 3256 708 3291 convulfiones
730 3253 894 3289 undelibet
916 3262 1005 3286 ortas
1016 3253 1193 3297 explicabis
1206 3275 1217 3292 ‚
1239 3249 1328 3294 quod.

328 3315 367 3338 ex
378 3299 624 3344 convulfionibus
646 3306 771 3335 mortua
781 3296 844 3331 est.
868 3299 1031 3331 Caeterum
1041 3307 1111 3340 quae
1133 3295 1219 3329 dista
1234 3294 1328 3333 sunt,

330 3346 369 3381 ad
390 3355 502 3380 nervos
533 3354 661 3386 quoque
681 3339 854 3377 transferre
885 3341 1006 3384 poteris
1036 3351 1110 3375 cum
1133 3339 1331 3387 Magnorum

330 3389 500 3429 vasorum,
521 3395 575 3420 aut
596 3385 702 3421 cordis
725 3385 1112 3420 nerviscommunicantes
1122 3406 1135 3424 ,
1158 3392 1274 3425 utquae
1295 3392 1329 3414 in

332 3430 626 3477 hypochondriacis
651 3428 848 3472 praesertim,
871 3425 1079 3470 &hystericis
1103 3425 1330 3475 palpitationes

333 3475 417 3509 haud
441 3486 514 3510 raro
538 3473 707 3513 accidunt,
731 3470 804 3506 inde
827 3473 924 3504 etiam
949 3480 1003 3505 aut
1025 3473 1163 3505 omnino
1185 3492 1198 3510 ,
1219 3477 1275 3503 aut
1298 3479 1332 3502 in

334 3529 420 3561 parte
443 3519 602 3561 originem
625 3517 758 3554 ducere,
780 3514 960 3558 intelligas.
983 3515 1087 3549 Nervi
1110 3514 1195 3548 enirn
1219 3511 1333 3545 suntin

333 3561 489 3606 ejusmodi
519 3561 711 3606 corporibus
734 3559 840 3595 multo
877 3558 1085 3602 procliviores
1109 3556 1147 3591 ad
1169 3558 1334 3591 abnormes

333 3698 392 3705 εκ..-
1149 3691 1271 3697 ψ-μκ-«μβ-

396 3750 404 3781 <
423 3752 438 3776 d
455 3752 467 3780 )
485 3751 542 3775 Obs.
561 3753 633 3776 Anat.
652 3749 719 3775 chit.
737 3752 775 3780 69.

876 130 1034 185 Liber
1070 128 1137 181 ΙΙ.
1171 128 1257 181 De
1293 126 1502 181 Morbis
1534 125 1795 192 Thoracis

1361 204 1545 247 repentinos
1567 212 1676 237 motus
1701 201 1936 245 suscipiendum
1960 202 2167 247 quamobrem
2177 202 2263 248 [iqua
2282 203 2369 243 aliar,

1360 248 1418 280 illa
1440 255 1523 280 certe
1545 247 1594 280 vel
1618 247 1657 279 ab
1668 247 1843 282 levioribus
1866 248 1965 281 animi
1990 245 2273 282 affeffibusstatim
2294 257 2376 281 cor--

1359 291 1425 334 ripi
1449 290 1717 332 palpitationibus
1739 289 1845 325 cordis
1865 313 1878 330 ,
1913 289 2056 325 videmus
2074 314 2083 322 .
2117 291 2164 325 Et
2185 301 2370 334 quanquam

1358 335 1392 367 in
1416 333 1603 368 mulieribus
1625 333 1728 367 tribus
1746 356 1760 374 ,
1781 344 1918 378 quarum
1941 334 2097 376 protinus
2125 332 2291 376 subjiciam
2317 334 2372 367 hi-

1357 376 1493 417 storias,
1517 376 1593 413 alias
1615 376 1737 420 aliquas
1760 377 1985 419 palpitationis
2006 376 2099 412 fuisse
2119 377 2246 416 causas,
2271 388 2373 420 agno·

1358 419 1420 456 sees
1441 431 1454 460 ;
1485 430 1591 456 tamen
1613 422 1693 463 quin
1725 419 1782 454 illa
1803 431 1931 463 quoque
1953 431 2027 457 cum
2049 421 2174 455 caeteris
2206 420 2371 456 interdum

1357 464 1544 498 convenerit
1557 487 1569 503 ,
1593 464 1727 497 minime
1751 460 1915 510 dubitabis
1929 488 1937 496 .

1400 518 1431 550 4.
1460 507 1595 544 UXOR
1618 506 1767 540 Patavini
1790 506 1955 549 cujusdam
1981 508 2122 544 Pictoris
2139 531 2152 550 ‚
2175 517 2273 541 annos
2297 516 2371 542 nata

1358 549 1569 593 quadraginta
1583 572 1593 587 ‚
1616 549 1796 585 liberorum
1819 560 1962 595 quatuor
1985 560 2090 586 mater
2108 576 2121 594 ‚
2144 561 2245 595 neque
2267 552 2300 584 in
2323 552 2375 584 ci·

1359 593 1426 635 bo,
1449 604 1548 637 neque
1571 594 1606 628 in
1626 602 1708 635 potu
1732 603 1857 635 peccare
1881 594 1975 627 solita
1998 620 2007 634 ‚
2045 593 2097 629 sed
2119 606 2232 630 natura
2254 594 2377 629 delica-

1361 645 1394 670 ta
1409 660 1421 677 ‚
1444 647 1544 679 eoque
1569 635 1778 678 iracundior,
1801 647 1856 671 nec
1880 636 1950 672 sane
1972 638 2028 672 irae
2052 638 2174 680 causis,
2196 641 2229 672 &
2253 637 2376 672 moestis-

1362 682 1417 714 tiae
1440 690 1546 713 carens
1568 703 1581 720 ,
1614 691 1630 713 a
1653 680 1752 722 longo
1784 678 1849 725 jam
1873 688 2018 723 tempore
2050 684 2199 725 appetitu
2221 681 2372 717 ciborum

1360 722 1503 765 dejecto,
1526 722 1691 759 menstruis
1715 733 1820 757 tamen
1845 724 2091 765 purgationibus
2113 737 2179 763 non
2201 724 2376 761 deficieba-

1360 778 1414 803 tur
1432 791 1446 808 ‚
1479 777 1553 801 cum
1578 765 1630 803 sex
1661 775 1733 800 ante
1756 766 1911 804 mensibus
1942 767 1980 801 de
2013 768 2122 803 cordis
2157 768 2374 812 palpitatione

1384 813 1451 845 ueri
1473 810 1596 852 coepit,
1620 821 1682 853 qua
1719 809 1761 845 ad
1785 820 1924 844 mortem
1948 810 2044 854 usque
2066 811 2177 847 affidue
2200 811 2334 854 quidem
2356 835 2366 850 ‚

1361 822 1414 889 ped
1436 853 1597 890 interdum
1619 855 1744 896 magis,
1768 854 1846 887 alias
1867 855 1973 889 minus
1983 865 2093 891 vexata
2118 856 2160 890 est
2175 879 2183 888 .
2209 856 2286 890 Huc
2301 855 2373 889 aliae

1366 897 1555 932 accedebant
1577 897 1709 942 querelae
1731 896 1770 932 de
1794 896 1881 933 sensu
1902 897 2058 933 erolionis
2082 900 2165 933 intra
2182 897 2375 939 thoracem,

1365 945 1398 980 δε
1423 941 1462 976 ad
1486 940 1579 984 hujus
1604 940 1728 983 spinam
1745 964 1758 982 ‚
1793 944 1825 975 &
1850 939 2075 983 palpitationis
2098 942 2136 976 ad
2161 944 2266 984 Spinae
2290 942 2375 978 latus

1365 985 1554 1028 produces,
1576 993 1646 1019 tum
1667 984 1706 1020 de
1731 984 1913 1029 perdifficili
1938 984 2169 1020 alimentorum
2193 987 2226 1019 in
2248 986 2375 1021 ventri-

1363 1029 1470 1066 culum
1494 1026 1629 1074 tranfitu
1651 1027 1818 1071 postquam
1842 1039 1896 1071 per
1917 1028 2025 1071 gulam
2049 1027 2113 1070 jam
2147 1040 2248 1072 prope
2271 1030 2374 1072 ipsum

1362 1071 1586 1108 descendissent
1597 1094 1609 1112 ‚
1633 1072 1761 1107 tandem
1783 1070 1821 1105 de
1843 1082 2012 1106 nervorum
2025 1097 2034 1112 ,
2057 1080 2093 1106 ut
2105 1071 2232 1106 dicebat
2247 1096 2257 1111 ,
2278 1072 2375 1106 dolo-

1361 1127 1394 1152 re
1417 1117 1451 1148 in
1475 1114 1615 1151 brachiis
1626 1115 1824 1158 praesertim:
1849 1127 1915 1158 quo
1926 1114 1965 1150 ad
1986 1124 2098 1149 caetera
2119 1116 2176 1149 illa
2200 1114 2376 1160 adjuncto,

1361 1170 1433 1192 cum
1457 1158 1485 1191 se
1507 1158 1631 1193 oedema
1656 1170 1783 1202 quoque
1816 1158 1930 1192 addere
1953 1152 2094 1203 coepisset
2117 1181 2126 1196 ‚
2159 1161 2318 1202 praecipue
2340 1160 2376 1193 in

1360 1202 1493 1238 dextero
1515 1211 1586 1236 artu
1608 1199 1759 1235 inferiore
1783 1202 2013 1244 conspicuum2·
2038 1202 2076 1239 de
2100 1204 2212 1237 Aortae
2225 1202 2375 1245 aneurys-

1361 1256 1446 1283 mate
1478 1248 1595 1288 opinio
1630 1244 1716 1288 apud
1748 1246 1904 1288 quosdam
1936 1256 2001 1278 non
2033 1247 2196 1287 ignobiles
2221 1246 2376 1282 Medicos

1361 1289 1551 1325 confirmata
1575 1289 1634 1323 est.
1657 1290 1784 1323 Contra
1806 1289 1887 1330 alii,
1909 1300 1981 1323 cum
1994 1288 2125 1323 facilem
2149 1290 2182 1323 in
2208 1289 2378 1325 utrumli-

1361 1334 1448 1370 beret
1471 1333 1552 1370 latus
1574 1332 1761 1368 decubitum
1783 1332 2067 1369 animadverterent
2091 1357 2104 1374 ‚
2137 1332 2244 1376 pulsus
2269 1342 2380 1370 autem

1364 1388 1429 1412 non
1453 1377 1594 1411 vibratos
1608 1399 1615 1413 ‚
1638 1387 1703 1411 non
1725 1376 1975 1412 intermittentes
1995 1401 2008 1417 ,
2031 1380 2063 1410 ὃς
2087 1378 2120 1410 in
2143 1378 2282 1420 utroque
2305 1377 2377 1410 bra-

1364 1421 1444 1457 chio
1467 1420 1647 1455 consimiles
1658 1443 1671 1461 ,
1690 1418 1730 1454 ad
1754 1418 1945 1462 hystericam
1969 1418 2178 1458 affectionem·
2196 1421 2251 1455 illa
2266 1421 2380 1454 omnia

1365 1464 1539 1501 referebant
1562 1476 1600 1497 eo
1624 1465 1724 1507 magis
1756 1463 1843 1507 quod
1867 1465 1986 1498 interea
2010 1475 2203 1507 paroxyntno
2235 1463 2380 1507 quodam

1365 1518 1544 1550 correptam
1567 1507 1683 1545 scirent
1707 1530 1717 1546 ‚
1748 1509 1782 1540 in
1805 1519 1872 1550 quo
1903 1508 1993 1541 illam
2015 1507 2163 1541 dentibus
2188 1508 2271 1543 arcte
2294 1508 2380 1541 inter

1367 1553 1396 1585 se
1419 1551 1601 1587 constrictis
1612 1551 1758 1586 mulieres
1782 1551 1988 1589 invenerant,
2015 1564 2086 1594 quae
2100 1551 2379 1586 etiaminterdum

1365 1596 1478 1630 multis
1501 1596 1536 1628 in
1559 1596 1640 1630 locis
1664 1594 1817 1637 frigidam
1841 1607 1856 1627 a
1881 1595 1910 1629 se
1921 1604 2104 1638 perceptam
2125 1595 2297 1629 dicebant.
2323 1597 2380 1628 In-

1366 1649 1414 1675 ter
1447 1639 1502 1673 has
1523 1637 1749 1674 controversias
1773 1638 1886 1672 mulier
1919 1638 2053 1680 denique
2071 1662 2084 1679 ‚
2114 1639 2291 1674 contractis
2313 1637 2379 1680 jam

1369 1681 1507 1726 pulsibus
1520 1704 1530 1720 ‚
1553 1683 1637 1714 inter
1659 1681 1853 1724 loquendum
1866 1691 1993 1715 mortua
2003 1681 2045 1716 est
2062 1708 2069 1715 .
2206 1683 2290 1720 Quae
2301 1693 2379 1715 cum

1369 1726 1453 1759 mihi
1476 1726 1586 1760 omnia
1607 1724 1743 1767 Collega
1767 1735 1855 1760 meus
1880 1724 2170 1764 Praestantiffimus‚
2194 1727 2251 1769 qui
2267 1725 2380 1769 saepius

1369 1769 1536 1804 mulierem
1558 1767 1708 1803 inviserat
1727 1793 1736 1809 ‚
1766 1769 1932 1803 Antonius
1956 1768 2168 1804 Vallisnerius
2203 1769 2380 1810 diligenter

1369 1812 1516 1848 narrasset
1530 1836 1541 1853 ‚
1563 1812 1690 1854 duoque
1713 1824 1728 1846 a
1751 1822 1802 1844 me
1825 1821 1962 1854 peteret,
1985 1813 2145 1853 alterum,
2168 1823 2205 1847 ut
2229 1824 2299 1856 quae
2316 1813 2380 1846 rni-

1369 1857 1406 1893 hi
1428 1854 1467 1890 de
1488 1868 1528 1890 eo
1551 1855 1665 1889 morbo
1688 1855 1840 1888 sententia
1851 1854 1924 1890 esset
1936 1879 1949 1896 ,
1971 1855 2132 1896 dicerem,
2156 1857 2319 1897 alterum,
2342 1865 2383 1890 ut

1367 1900 1472 1936 secum
1481 1898 1644 1934 cadaveris
1666 1896 1845 1932 diffeffloni
1859 1896 2039 1941 praeessem
2063 1899 2127 1935 hoc
2138 1903 2296 1936 continuo
2307 1900 2381 1944 pol-

1367 1945 1478 1978 licitus
1502 1943 1598 1983 sum;
1622 1941 1659 1975 ad
1683 1943 1765 1978 illud
1789 1942 1871 1978 nihil
1896 1943 1984 1978 aliud
2007 1952 2084 1978 tunc
2106 1943 2254 1986 respondi
2275 1966 2288 1984 ,
2322 1942 2381 1977 nisi

1368 1986 1438 2030 post
1464 1986 1593 2025 multa,
1617 1987 1714 2019 etiam
1737 1987 1905 2030 graviora,
1930 1986 2014 2022 mihi
2038 1997 2104 2022 non
2129 1987 2218 2024 semel
2244 1986 2381 2022 accidis-

1368 2030 1421 2071 se,
1446 2038 1482 2063 ut
1504 2032 1538 2064 in
1563 2030 1681 2070 Magna
1706 2030 1817 2064 arteria
1843 2040 1907 2063 non
1921 2030 2127 2073 aneulysma,
2151 2031 2201 2064 sed
2214 2031 2380 2066 interioris

1367 2072 1463 2107 faciei
1475 2073 1555 2108 vitia
1565 2071 1712 2115 quaedam
1723 2073 1950 2107 tantummodo
1962 2072 2225 2115 deprehenderem
2239 2098 2246 2106 .

1367 2117 1604 2152 CADAVER
1634 2126 1699 2148 non
1724 2117 1830 2158 paucis
1864 2116 2044 2158 interjectis
2076 2129 2091 2150 a
2127 2127 2228 2152 morte
2266 2118 2381 2158 horis,

1369 2158 1551 2203 tempestate
1575 2157 1745 2201 frigidiore
1767 2171 1863 2202 quam
1885 2162 1961 2193 anni
1996 2163 2134 2203 tempori
2159 2169 2345 2195 conveniret
2368 2173 2380 2201 ς

1370 2214 1436 2240 erat
1458 2205 1544 2238 enim
1567 2203 1610 2238 A,
1634 2204 1678 2237 D.
1703 2203 1781 2236 XII.
1810 2203 1885 2237 Kal.
1910 2203 2041 2245 Apriles
2070 2208 2164 2244 17265
2190 2204 2293 2239 adhuc
2330 2215 2382 2237 ca-

1370 2249 1456 2282 lebat
1471 2272 1480 2287 ,
1505 2245 1658 2281 laudabili
1683 2245 1821 2286 habitu,
1846 2245 1895 2280 sed
1918 2247 2007 2279 collo
2029 2247 2250 2289 craffiusculo,
2274 2258 2382 2282 ventre

1371 2300 1477 2328 autem
1500 2290 1667 2332 turgidulo
1690 2288 1730 2324 sic
1753 2299 1859 2325 tamen
1885 2300 1920 2325 ut
1945 2290 2031 2326 nulla
2057 2292 2090 2324 in
2115 2301 2188 2328 cute
2212 2301 2379 2334 appareret

1370 2344 1448 2368 nota
1460 2342 1599 2377 quatuor
1611 2333 1696 2366 uteri
1706 2333 1920 2374 gestationum
1934 2357 1940 2364 .
2079 2335 2243 2371 Thoracis
2253 2344 2384 2371 utrum-

1369 2391 1429 2422 que
1450 2387 1565 2410 cavum
1586 2399 1595 2415 ,
1622 2375 1672 2411 sed
1697 2377 1872 2418 praesertim
1894 2376 2061 2412 dexterum
2089 2399 2098 2414 ‚
2131 2391 2244 2423 aquam
2269 2378 2384 2413 habuit

1369 2432 1436 2457 non
1459 2431 1592 2466 paucam
1608 2443 1620 2459 ,
1643 2419 1777 2455 minime
1800 2420 2056 2463 graveolentem:
2081 2422 2250 2463 pulmones
2268 2423 2384 2463 sanos,

1371 2465 1517 2509 quamvis
1539 2462 1654 2499 sinistri
1678 2461 1776 2496 facies
1799 2465 1863 2497 ima
1880 2485 1888 2499 ‚
1912 2465 2056 2506 itemque
2102 2464 2237 2501 osterior
2260 2478 2299 2499 ex
2311 2476 2385 2507 par-

1371 2518 1404 2542 te
1425 2508 1533 2550 aliqua
1548 2528 1556 2542 ‚
1581 2507 1666 2540 arete
1687 2506 1743 2538 illa
1766 2505 1807 2543 ad
1831 2506 1955 2548 septum
1979 2508 2070 2542 Tran
2086 2508 2209 2543 versum
2224 2531 2233 2547 2
2255 2509 2322 2544 haec
2343 2507 2384 2542 ad

1372 2552 1504 2587 dorsum
1526 2549 1721 2585 adhaereret:
1744 2547 1881 2595 denique
1894 2551 1926 2582 in
1951 2549 2071 2591 Aspera
2083 2555 2199 2585 arteria
2217 2576 2229 2593 ‚
2253 2554 2286 2586 in
2297 2551 2385 2586 oeso—

1373 2595 1501 2640 phago,
1526 2593 1565 2630 ad
1587 2593 1801 2627 ventriculum
1825 2596 1921 2640 usque
1948 2602 2078 2635 aperto,
2101 2595 2135 2630 in
2162 2595 2352 2630 mediastino
2371 2617 2386 2636 ‚

1374 2638 1553 2683 pericardio
1566 2661 1579 2678 ‚
1603 2637 1776 2677 auriculis,
1801 2636 1880 2671 vasis
1889 2636 2040 2671 omnibus
2053 2635 2233 2680 majoribus
2244 2640 2386 2681 diligen-

1374 2693 1423 2718 ter
1445 2683 1532 2716 intus
1553 2705 1565 2725 2
1597 2689 1748 2723 extraque
1772 2679 1966 2723 perlustratis
1988 2705 1997 2720 ‚
2030 2680 2113 2715 nihil
2135 2682 2224 2724 quod
2256 2683 2386 2726 culpare

1376 2724 1474 2769 posses
1490 2749 1501 2766 ,
1525 2725 1547 2758 fi
1572 2737 1605 2758 ea
1627 2725 1770 2766 excipias
1786 2735 1855 2766 quae
1879 2724 1912 2757 in
1934 2722 2031 2758 corde
2054 2734 2185 2766 tamen,
2207 2730 2240 2760 &
2265 2727 2386 2769 Magna

1376 2771 1489 2803 arteria
1512 2768 1619 2802 censui
1641 2767 1700 2803 effe
1724 2765 2003 2803 animadvertenda
2019 2792 2026 2799 .
2051 2769 2180 2803 Arteria
2192 2771 2278 2805 enim
2297 2770 2388 2809 haec,

1376 2816 1408 2849 δε
1431 2824 1488 2847 cor
1511 2813 1647 2847 exterius
1672 2810 1838 2854 aspicienti
1866 2808 1972 2856 mihi,
1995 2813 2027 2844 &
2050 2812 2135 2846 inter
2158 2813 2186 2847 se
2206 2836 2218 2854 ,
2250 2825 2287 2847 ac
2311 2823 2388 2847 cum

1376 2865 1449 2890 toto
1471 2867 1604 2899 corpore
1626 2856 1829 2898 comparanti
1853 2854 1916 2888 visa
1942 2853 2013 2887 sunt
2035 2866 2092 2891 cor
2102 2855 2234 2899 quidem
2259 2856 2361 2900 majus
2378 2879 2388 2894 ‚

1379 2902 1495 2935 arteria
1528 2908 1632 2933 autem
1655 2899 1853 2933 contractior
1882 2909 1980 2940 quam
2002 2908 2166 2941 oporteret
2189 2912 2199 2939 3
2234 2910 2387 2935 neutrum

1378 2953 1484 2978 tamen
1507 2943 1630 2978 multo.
1656 2942 1765 2976 Corde
1791 2952 1867 2975 mox
1888 2939 2043 2980 dimasto,
2065 2945 2098 2976 &
2122 2944 2246 2986 exiguis
2268 2943 2388 2978 duabus

1368 2987 1543 3031 ‘polypofis
1567 2985 1848 3024 concretionibus,
1870 2995 2005 3027 quarum
2029 2986 2128 3020 altera
2152 2988 2190 3021 ad
2213 2987 2389 3030 Tricuspi-

1379 3029 1433 3065 des
1457 3030 1621 3069 valvulas,
1644 3029 1742 3063 altera
1767 3026 1805 3062 ad
1828 3029 1942 3062 Aortae
1966 3030 2099 3063 initium
2123 3040 2214 3071 erat,
2236 3041 2310 3065 cum
2322 3030 2390 3064 san-

1379 3074 1475 3116 guine
1500 3074 1683 3116 ademptis,
1704 3072 1761 3114 qui
1784 3072 1818 3105 in
1841 3073 2029 3107 ventriculis
2053 3075 2110 3109 vix
2124 3075 2220 3116 paulo
2235 3097 2245 3113 ,
2271 3079 2301 3110 ‹Sc
2315 3086 2390 3108 rno-

1378 3117 1448 3151 dica
1472 3117 1507 3150 in
1531 3127 1619 3160 parte
1638 3139 1652 3158 ‚
1682 3117 1787 3150 minus
1810 3125 1875 3148 erat
1898 3127 1995 3158 quam
2029 3117 2157 3160 reliquo
2185 3119 2222 3151 in
2255 3128 2391 3160 corpore

1379 3159 1496 3198 fluidus
1511 3185 1525 3202 ,
1546 3157 1733 3204 corpuscula
1745 3158 1786 3192 ad
1808 3157 1949 3193 medium
1961 3160 2157 3195 valvularum
2180 3173 2251 3205 quae
2266 3162 2390 3194 arteriis

1378 3203 1624 3247 praeficiuntur‚
1647 3203 1786 3238 limbum
1809 3203 2019 3237 animadverti
2042 3202 2171 3238 duriora
2191 3228 2203 3245 ‚
2239 3208 2271 3238 &
2296 3203 2390 3238 simul

1379 3248 1558 3289 ampliora,
1581 3259 1679 3284 unum
1703 3246 1877 3290 praesertim
1899 3272 1907 3284 ,
1929 3258 2027 3292 quam
2051 3247 2170 3281 soleant
2192 3273 2200 3279 .
2238 3246 2296 3281 Sed
2320 3247 2390 3281 haec

1380 3292 1482 3324 levia.
1508 3292 1591 3332 Qae
1614 3292 1647 3326 in
1672 3292 1775 3323 Aorta
1798 3300 1905 3329 autem
1927 3290 2098 3334 conspecta
2121 3290 2192 3325 sunt
2208 3315 2219 3330 ‚
2241 3293 2390 3332 quamvis

1380 3335 1449 3378 ipsa
1472 3346 1600 3378 quoque
1625 3335 1734 3376 primo
1762 3333 1890 3376 aspefitu
1914 3334 1994 3367 levia
2026 3333 2125 3367 videri
2159 3335 2280 3376 possent
2301 3358 2313 3378 ,
2344 3344 2393 3368 ta-

1382 3389 1452 3413 men
1486 3377 1631 3412 universo
1652 3376 1719 3420 ejus
1752 3385 1868 3412 trunco
1891 3388 1955 3411 non
1991 3388 2044 3419 per
2064 3377 2228 3413 thoracem
2260 3377 2357 3412 modo
2381 3401 2393 3418 ,

1383 3420 1435 3455 sed
1458 3433 1533 3456 mox
1561 3421 1659 3454 etiam
1682 3431 1736 3464 per
1767 3431 1911 3455 ventrem
1946 3419 2118 3454 secundum
2153 3420 2394 3463 longitudinem

1384 3474 1496 3507 aperto
1520 3489 1529 3504 ,
1554 3467 1686 3507 cognita
1717 3463 1790 3499 sunt
1823 3465 1926 3498 multo
1968 3465 2115 3506 graviora
2136 3488 2144 3496 .
2189 3467 2279 3499 Tota
2307 3465 2394 3498 enim

1385 3519 1450 3551 eius
1491 3509 1627 3542 interior
1659 3508 1756 3543 facies
1795 3519 1812 3542 a
1842 3507 1937 3542 corde
1974 3507 2012 3541 ad
2054 3519 2122 3540 earn
2152 3507 2247 3551 usque
2290 3507 2394 3541 sedem

1385 3563 1456 3595 quae
1511 3551 1645 3584 orificiis
1687 3550 1788 3590 subest
1826 3553 2013 3587 arteriarum
2052 3550 2298 3593 Emulgentium
2318 3575 2331 3592 ,
2373 3552 2394 3586 li

2277 3605 2352 3629 cum

1739 3688 1859 3696 ...Μ

840 3750 854 3780 (
869 3758 881 3774 0
895 3749 909 3779 )
925 3750 955 3774 Α.
974 3756 1042 3779 1744.
1063 3750 1140 3774 Hebri.
1157 3756 1196 3778 4²-
1218 3757 1239 3771 n.
1264 3755 1286 3773 Ξ.
1303 3748 1332 3773 ad
1349 3754 1391 3774 art.
1414 3756 1451 3778 ις.
