2498 4075
344 210 449 247 multo
470 208 573 252 magis
594 206 722 244 cavebis
744 229 753 245 ,
787 206 811 243 fi
834 204 920 240 forte
943 214 1010 237 rem
1045 205 1204 247 explicare
1226 218 1314 240 aveas
1337 229 1348 246 ,

341 264 383 287 ne
406 263 505 295 ponas
527 252 707 294 quidquam
729 262 805 284 cum
817 248 1111 284 Observationibus
1135 259 1200 283 non
1214 251 1348 284 consen-

343 298 449 334 tiens,
473 294 565 338 quas}
587 297 621 327 in
638 294 823 335 plerisque,
846 302 901 326 aut
912 290 977 325 sete
994 290 1136 334 semper,
1160 303 1236 333 aut,
1258 292 1347 336 quod

341 351 459 383 ponere
483 339 653 373 Barbettus
678 335 762 380 (f)
786 347 850 371 non
874 334 1024 371 dubitat,
1049 336 1083 368 in
1100 334 1202 377 solum
1224 336 1347 379 hepare

339 385 447 425 capite
471 394 529 425 pus
552 379 779 414 transferretur
803 405 811 413 .
846 378 969 415 Vidisti
992 378 1078 411 enim
1108 381 1168 420 qui
1192 383 1290 418 etiam
1314 382 1348 414 in

339 438 420 464 cor,
445 426 632 468 pulmones,
657 423 774 461 ‚lienem
787 422 978 462 translatum
991 420 1237 464 conspexerint:
1260 423 1347 465 quod

340 471 496 504 ultimum
521 467 626 504 viscus
649 466 746 500 scribi
771 467 810 503 ab
833 465 893 498 illo
917 467 1042 505 miror,
1064 475 1130 498 non
1142 466 1218 500 dico
1241 468 1275 500 in
1299 467 1349 500 his

339 513 482 548 casibus,
509 511 559 545 sed
583 511 618 544 in
641 509 826 543 universum
842 508 989 551 rariffime
1012 508 1045 541 in
1068 508 1268 543 cadaveribus
1282 521 1350 544 nm-

339 556 369 590 le
390 554 590 593 constitutum
612 552 828 596 deprehendi.
855 551 979 590 Verum
1003 551 1042 585 acl
1065 550 1132 585 haec
1157 550 1236 595 saepe
1259 555 1349 596 cogit

341 597 446 640 major
469 599 504 630 in
528 597 726 640 explicandis
749 619 761 638 ‚
794 606 891 639 quam
916 596 951 628 in
975 594 1186 629 observandis
1216 597 1350 639 quibus·

337 643 411 676 dam
434 641 527 676 rebus
552 640 723 675 solicitudo
737 665 744 673 .
769 640 851 684 Quo
863 641 966 681 magis
987 640 1073 671 inter
1096 649 1149 672 eos
1171 641 1228 681 qui
1251 641 1288 674 de
1300 639 1350 674 his

339 684 449 728 postea
461 684 678 727 scripserunt,
701 683 878 718 laudandus
892 683 938 716 est
961 683 1014 716 Cl.
1030 681 1236 717 Molinellius
1257 685 1322 726 (g)
1338 707 1347 722 ‚

338 731 421 772 qui,
448 738 486 763 ut
510 740 565 771 par
587 728 633 761 est
657 750 666 765 ‚
699 738 767 761 rem
790 727 848 761 sibi
873 727 961 768 prius
997 734 1146 759 accurate
1176 725 1349 760 observan-

338 775 435 810 dam,
457 783 558 815 quarn
582 771 808 814 explicandam
830 770 915 809 esse,
937 768 1063 805 censuit
1087 780 1095 801 .·
1129 769 1277 813 viditque
1301 775 1349 803 jn-

338 817 469 851 terdum
493 826 553 859 pus
585 817 621 848 in
646 815 721 848 alias
743 814 876 857 quidem
902 823 1007 855 partes
1029 835 1041 853 ,
1075 812 1128 846 sed
1151 824 1218 847 non
1249 818 1282 847 in
1307 814 1349 855 je·

336 872 395 893 cur
418 871 429 898 ;
460 860 496 892 in
520 869 586 892 non
611 861 722 900 paucis
746 867 853 891 autern
877 867 979 898 neque
1002 857 1036 889 in
1061 854 1125 891 hoc
1148 879 1161 896 ,
1193 869 1292 900 neque
1316 859 1349 891 in

337 903 408 937 illas
432 901 649 941 translatum3
673 903 706 934 in
731 901 800 934 aliis
825 911 901 935 vero
925 902 958 932 in
992 899 1082 942 jecur
1116 900 1232 943 utique
1251 925 1265 942 ,
1300 901 1352 935 sed

336 957 403 980 non
427 946 513 980 secus
537 956 554 979 a
593 946 795 982 vulneratis,
819 954 873 978 aut
897 943 1089 978 exulceratis
1113 942 1184 978 aliis
1207 945 1353 987 partibus

337 1001 438 1033 quarn
461 1002 478 1023 a
500 988 628 1031 capite.
655 990 686 1022 A
707 1000 776 1032 quo
797 997 834 1021 ut
855 989 957 1030 magis
981 987 1147 1029 intelligas
1169 998 1234 1022 non
1269 988 1351 1029 saepe

335 1034 414 1067 adeo
436 1035 470 1067 in
492 1032 583 1075 jecur
616 1032 774 1070 traducis
807 1030 849 1065 sic
882 1030 1002 1066 habeto
1034 1032 1169 1064 necdum
1204 1032 1350 1065 accidisie

335 1077 438 1114 mihi,
461 1076 550 1120 quod
574 1077 801 1111 meminerim,
837 1084 875 1109 ut
912 1074 944 1109 id
977 1073 1150 1112 viderem;
1184 1074 1348 1110 Valsalvae

336 1131 445 1156 autem
469 1122 503 1154 in
527 1129 578 1154 tot
601 1117 845 1154 dissectionibus
868 1120 925 1152 vix
949 1118 1061 1157 semel,
1087 1117 1182 1161 idque
1205 1130 1280 1153 curn
1315 1122 1348 1152 in

332 1166 505 1209 pulmones
527 1174 680 1208 quoque,
706 1164 951 1206 plurimumque
975 1162 1010 1195 in
1035 1161 1118 1203 ipsas
1141 1161 1284 1199 thoracis
1297 1175 1350 1195 ca-

334 1219 406 1242 veas
432 1207 508 1242 esset
531 1208 746 1242 translatum.
771 1207 860 1241 Fieri
886 1214 992 1239 tamen
1006 1203 1133 1252 potest,
1149 1215 1185 1238 nt
1200 1207 1348 1249 aliquan-

329 1252 375 1286 do
397 1251 472 1285 ideo
497 1262 563 1285 non
588 1252 731 1288 viderit,
754 1248 844 1292 quod
867 1259 932 1282 non
954 1249 1141 1295 quaesiverit
1157 1271 1166 1285 ,
1186 1252 1220 1287 i&
1242 1252 1347 1285 nomi.

329 1295 437 1331 natim
461 1296 495 1327 in
515 1306 553 1328 eo
579 1294 794 1330 Adolescente
818 1291 884 1332 (h)
907 1303 998 1335 cnjus
1021 1290 1118 1325 facies
1152 1301 1227 1326 ante
1260 1305 1347 1327 rnor-

329 1349 396 1374 tem
419 1338 503 1372 faeta
526 1346 595 1372 erat
618 1336 722 1377 flava,
745 1335 881 1370 cadaver
903 1335 1348 1373 autemuniversumffiierici

334 1382 531 1421 videbamn
555 1392 630 1416 nam
655 1390 691 1414 ut
715 1383 748 1414 in
773 1377 984 1421 Sepulchreto
1007 1379 1068 1421 (i)
1091 1381 1347 1422 exemplumha—

331 1427 387 1460 bes
413 1426 521 1459 morbi
545 1425 629 1468 regii
652 1435 726 1458 curn
749 1423 895 1463 duritie,
924 1426 956 1456 &
988 1420 1099 1457 dolore
1133 1424 1167 1456 in
1215 1426 1346 1467 regione

331 1470 483 1512 hepatis,
506 1468 667 1512 hujusque
692 1466 1014 1511 putredine,capitis
1031 1467 1145 1500 vulnus
1155 1467 1322 1502 consecuti
1337 1493 1344 1500 .

331 1515 389 1548 Sed
414 1514 459 1549 ob
481 1525 552 1547 eam
575 1511 677 1555 ipsam
701 1520 806 1554 quam*
825 1509 978 1545 Valsalva
1002 1510 1252 1549 animadvertit,
1288 1512 1347 1545 fla-

328 1558 478 1591 vedinem
494 1582 502 1597 ,
526 1567 591 1590 non
616 1554 711 1589 facile
733 1553 862 1588 creditu
887 1554 954 1595 est,
987 1553 1157 1594 quomodo
1189 1554 1277 1597 jecur
1317 1555 1345 1588 se

330 1600 490 1641 haberet,
513 1611 580 1634 non
604 1595 802 1642 quaesivisse:
827 1601 859 1631 δι
883 1597 1010 1631 tametsi
1034 1598 1069 1630 in
1091 1599 1134 1632 iis
1167 1598 1343 1641 praesertirn

328 1646 449 1683 quibus
472 1643 552 1682 ista,
579 1643 706 1685 aliaque
728 1639 790 1675 laesi
815 1639 942 1682 hepatis
964 1640 1083 1675 indicia
1110 1640 1196 1680 sint,
1231 1643 1346 1678 vulnus

332 1699 439 1723 autem
464 1688 582 1730 capitis
606 1686 723 1721 siccum
747 1684 829 1722 fiat,
854 1694 914 1717 aut·
934 1694 1085 1726 repente,
1100 1688 1131 1718 &
1154 1695 1272 1727 praeter
1296 1697 1346 1720 ra-

328 1735 451 1766 tionem
474 1732 580 1764 minus
602 1729 658 1764 det
670 1728 781 1770 puris,
802 1726 953 1769 suspicari
966 1729 1062 1768 licet,
1081 1728 1345 1772 plurimis,quas

331 1776 421 1818 legi,
444 1772 744 1808 Observationibus
768 1770 1061 1809 confirmantibus,
1095 1781 1153 1813 pus
1187 1773 1221 1805 in
1254 1772 1345 1815 jecur

334 1819 394 1853 esse
418 1819 662 1856 transvec‘tum5
686 1827 740 1855 res,
757 1824 866 1851 tamen
891 1826 956 1858 pro,
983 1824 1070 1849 certa
1105 1825 1170 1848 non
1194 1815 1235 1848 est
1259 1827 1343 1857 prae-

332 1862 468 1897 dicenda
480 1886 488 1894 .
513 1860 644 1896 Subesse
658 1861 742 1894 enim
756 1869 991 1902 nonnunquam
1001 1857 1104 1900 potest
1116 1858 1225 1901 aliqua
1238 1857 1346 1900 siguo-

330 1918 404 1941 rum
427 1906 578 1946 fallacia‚
601 1904 664 1940 sive
690 1902 758 1938 haec
782 1902 885 1938 multa
907 1911 1080 1937 occurrant
1103 1924 1113 1940 ‚
1148 1901 1211 1936 five
1244 1904 1341 1937 etiam

328 1961 465 1987 omnia.

377 2006 431 2039 23.·
454 1994 545 2029 Nam
566 1992 589 2027 si
613 1992 792 2027 Molinellii
817 1990 884 2032 (lq)
909 1988 1187 2029 Observationem
1211 1989 1296 2032 legas
1306 1990 1340 2024 in

327 2038 414 2073 Viro
437 2040 491 2072 cui
514 2037 609 2073 simul
633 2047 730 2080 atque
754 2037 853 2071 sanies
877 2044 1005 2068 manare
1027 2032 1161 2068 desierat
1184 2044 1202 2066 e
1224 2035 1340 2076 capitis

327 2083 486 2120 vulnere,
509 2092 633 2117 tumere
655 2088 824 2124 coeperat‚
849 2081 879 2112 δι
904 2077 1030 2115 intendi
1055 2077 1214 2111 abdomen
1236 2100 1250 2117 ,
1269 2089 1339 2126 ⁴nec

329 2128 446 2160 vitium
471 2135 579 2160 tamen
603 2128 638 2158 in
660 2123 803 2167 jecinore
826 2131 894 2157 erat
919 2122 1022 2155 ullum
1037 2143 1047 2159 ‚
1081 2120 1133 2155 sed
1167 2121 1340 2154 intestino-

331 2182 404 2205 rum
437 2169 639 2213 superficiem
674 2168 822 2212 quaedam
853 2164 941 2208 quasi
975 2163 1137 2201 ulcuscula
1169 2163 1338 2199 foedabant

328 2226 403 2249 cum
426 2214 530 2248 multa
554 2213 638 2247 sanie
654 2238 663 2253 ,
687 2210 991 2254 &quamplurimis
1024 2208 1167 2250 disjeffis
1199 2207 1263 2242 huc
1299 2208 1344 2241 il-

329 2258 447 2301 lucque
470 2257 669 2294 tuberculis;
692 2254 789 2290 facile
811 2253 1001 2295 intelliges,
1023 2252 1046 2286 si
1071 2253 1151 2285 vitia
1175 2251 1244 2298 haec
1274 2263 1344 2286 eam

329 2302 530 2346 potiffirnum
554 2297 748 2335 obsedissent
771 2296 945 2342 quatietur
957 2297 1104 2339 proxime
1115 2294 1255 2337 sublesta
1266 2307 1347 2329 con-

330 2347 453 2389 tingit,
475 2343 712 2379 intestiniColi
736 2353 882 2385 partem3
907 2338 1057 2374 futurum
1071 2337 1187 2379 fuisse,
1209 2349 1346 2373 utcom—

330 2390 421 2434 plura
444 2389 583 2424 traduffi
608 2389 641 2421 in
665 2386 752 2428 jecur
776 2387 886 2428 puris,
909 2383 1037 2418 fallacia
1061 2392 1192 2419 tamen,
1226 2394 1342 2417 conve-

330 2432 447 2468 nissent
471 2432 613 2466 indicia:
638 2431 730 2472 Qiin
756 2431 853 2462 etiam
878 2426 1138 2469 fierialiquando
1162 2426 1267 2467 potest
1283 2435 1346 2466 ,ut

333 2478 530 2512 conveniant
554 2476 726 2510 universa,
751 2476 780 2506 &
813 2471 1026 2506 nihilominus
1059 2467 1193 2503 fallatur
1225 2472 1252 2503 is
1286 2471 1345 2511 qui

332 2532 389 2564 pus
413 2521 448 2554 in
472 2520 619 2562 jecinore
643 2516 795 2559 praedicat
818 2518 988 2548 inventum
1010 2514 1073 2546 iri.
1097 2514 1159 2546 Fac
1184 2514 1270 2546 enim
1295 2525 1345 2546 ie-

331 2567 417 2608 legas
441 2574 521 2606 quas
545 2562 607 2595 tibi
634 2559 800 2594 noviffime
823 2558 992 2600 descripsi,
1026 2556 1185 2606 Valsalvae
1213 2555 1344 2589 'Obser-

333 2610 482 2642 vationes
506 2633 513 2639 .
548 2605 676 2647 Nempe
711 2603 878 2636 tubercula
901 2603 1089 2646 plerumque
1113 2601 1255 2633 invenies
1280 2598 1344 2633 five

331 2654 366 2686 in
391 2649 601 2692 pulmonibus
618 2670 626 2685 ,
642 2647 712 2686 *five
736 2647 770 2679 in
794 2646 867 2690 ipso
891 2646 991 2678 etiam
1015 2654 1121 2685 Jecore
1145 2654 1210 2676 non
1233 2644 1344 2675 omnia

333 2695 425 2730 fuisse
448 2694 645 2736 suppurata,
669 2691 751 2733 quiri
773 2690 863 2733 plura
889 2687 1054 2721 interdum
1094 2690 1104 2726 (
1124 2686 1177 2729 l)
1210 2686 1343 2734 glandu-

332 2739 389 2774 losi
413 2737 558 2781 corporis
581 2733 815 2770 firmitudinem
839 2731 941 2766 adhuc
975 2729 1149 2764 referentia
1170 2755 1178 2761 .
1211 2729 1305 2773 Quid
1333 2734 1343 2762 ?

280 2809 282 2811 »
333 2783 356 2818 fi
380 2792 468 2825 aegro
492 2780 676 2819 moriente,
698 2779 835 2812 necdum
859 2776 923 2810 ulla
946 2772 1042 2808 essent
1064 2785 1137 2816 quae
1160 2784 1218 2816 pus
1228 2773 1344 2807 habere

332 2827 532 2870 inciperent.
556 2822 700 2856 Videtur
724 2829 831 2855 autem
856 2818 1029 2853 secundum
1053 2829 1104 2852 eas
1128 2818 1345 2864 Observatio-

333 2882 412 2910 nes,
433 2867 627 2912 quibuscum
642 2890 651 2907 ‚
675 2875 711 2899 ut
735 2873 838 2907 puto,
863 2862 1040 2897 Molinellii
1064 2862 1221 2902 conjungi
1244 2861 1347 2903 potest

336 2912 539 2948 Observatio
555 2936 564 2951 ,
587 2921 646 2952 pus
667 2910 701 2942 in
726 2907 845 2944 viscera
882 2905 1010 2940 aliunde
1043 2906 1211 2940 ιἠνεᾶιιῐῃ
1230 2926 1239 2942 ,
1279 2915 1343 2937 non

335 2957 425 3000 puris
447 2954 553 2989 forma
577 2954 698 2995 semper
732 2951 875 2993 deponi,
910 2950 961 2996 sed
996 2949 1081 2983 haud
1113 2959 1187 2982 raro
1232 2947 1345 2982 saltem

335 2999 508 3035 nonnullas
533 2997 599 3039 ejus
622 2996 797 3038 particulas
820 3006 894 3029 curn
921 2995 1072 3035 sanguine
1096 2992 1280 3034 permistas,
1315 2993 1347 3024 δε

336 3042 464 3088 prorsus
488 3040 687 3084 disjunRas,
709 3040 743 3071 in
768 3039 920 3080 angustiis
954 3034 1149 3079 quibusdam
1168 3058 1178 3074 ,
1213 3033 1345 3069 fortasse

337 3085 564 3130 glandularum
587 3082 863 3126 lymphaticarum
881 3104 890 3119 ,
914 3081 1054 3118 haerere,
1080 3078 1212 3121 easque,
1245 3087 1281 3111 ut
1311 3079 1345 3111 in

338 3140 551 3165 venereorum
573 3127 746 3162 bubonum
771 3125 984 3168 produfflone
1006 3123 1044 3157 fit
1072 3147 1082 3162 ,
1118 3121 1315 3157 obstruendo
1337 3143 1348 3158 ‚

337 3184 392 3209 aut
416 3171 602 3211 irritando,
625 3181 728 3212 eoque
751 3168 906 3203 humores
928 3169 1150 3211 praeterituros
1173 3163 1348 3200 retinendo

337 3216 513 3251 distendere
533 3239 546 3256 ,
579 3217 612 3249 &
635 3214 742 3249 multo
771 3211 964 3254 copiosioris
1001 3222 1099 3254 quarn
1130 3209 1220 3252 quod
1253 3210 1348 3242 adve-

338 3262 427 3295 &um
450 3258 513 3296 est,
537 3261 624 3301 puris
646 3256 877 3301 generationi,
901 3267 917 3288 a
941 3255 1104 3298 rigoribus
1116 3253 1202 3293 illis,
1226 3255 1257 3286 δε
1273 3251 1348 3286 hor-

340 3305 470 3338 roribus
491 3305 558 3342 (vm
580 3306 595 3342 )
617 3299 823 3344 significatae,
846 3299 974 3333 causam
996 3297 1156 3339 praebere.
1181 3297 1257 3335 Qua
1296 3307 1349 3328 ra-

340 3349 430 3381 tione
453 3345 533 3379 illud
557 3357 687 3388 quoque
710 3344 931 3385 intelligitur,
956 3340 1125 3383 quomodo
1149 3340 1256 3373 multo
1278 3339 1350 3380 plus

342 3393 430 3434 puris
451 3390 486 3422 in
510 3388 736 3429 visceribus‚&
759 3389 863 3421 caveis
887 3385 1030 3427 corporis
1043 3384 1122 3434 saepe
1133 3382 1351 3425 deprehenda-

342 3443 394 3467 tur
411 3456 420 3471 ,
440 3444 538 3476 quam
562 3432 728 3471 modicum
752 3430 868 3465 vulnus
889 3429 966 3463 dare
988 3426 1142 3471 potuisset
1157 3451 1167 3459 .
1191 3426 1271 3466 Quo
1294 3437 1349 3475 au-

342 3488 406 3511 tem
431 3477 529 3510 modo
552 3487 615 3510 non
639 3486 747 3517 paucae
770 3474 895 3511 solum,
919 3472 971 3506 sed
994 3469 1352 3520 &quamplurimae-in-

343 3521 470 3554 terdurn
494 3520 674 3563 purulentae
698 3517 866 3560 particulae
888 3526 954 3549 non
976 3524 1104 3548 tantum
1126 3525 1165 3547 ex
1197 3523 1314 3556 capitis
1341 3534 1350 3549 ‚

345 3565 395 3601 scd
417 3567 448 3598 &
472 3563 615 3606 partium
640 3562 774 3595 aliarum
799 3559 987 3594 vulneribus
1006 3581 1019 3597 ‚
1050 3557 1214 3592 ulceribus
1234 3578 1247 3595 ‚
1285 3555 1354 3589 abs-

639 126 799 180 Liber
830 126 923 179 IV.
955 124 1042 183 De
1076 126 1282 185 Morbis
1315 127 1674 195 ChirurgiciS,
1707 124 2193 186 &-⁴Universalibus

1396 205 1530 241 ceffibus
1552 207 1617 241 alio
1644 206 1824 246 transeant,
1852 217 1887 246 ut
1909 217 1984 240 curn
2009 218 2047 246 ex
2060 208 2319 257 'pleuriticorum
2333 207 2409 251 pul·
2456 216 2496 251 ,ῒ,

1397 250 1572 290 monibus,
1594 250 1664 283 imo
1686 261 1724 283 ex
1747 250 1878 285 artubus
1900 249 2083 291 suppuratis
2107 250 2144 285 ad
2167 251 2405 293 intestinorum,

1399 304 1453 326 aut
1477 304 1591 327 renum
1614 296 1682 326 vias
1707 295 2029 335 pus'nonnunquam
2056 303 2121 328 tam
2145 292 2315 336 manifesto
2338 304 2410 336 tra-

1398 337 1551 375 ducitur,
1576 336 1612 370 u't
1637 337 1747 375 tandiu
1771 335 1884 376 faeces,
1908 339 1938 369 ὅ(
1964 340 2063 374 urinae
2098 338 2277 380 purulentae
2305 337 2370 379 sint
2396 360 2407 377 ‚

1398 390 1474 414 cum
1497 391 1535 413 ex
1557 379 1688 414 artubus
1713 379 1796 413 nihil
1820 378 1954 420 effluit,
1977 382 2008 413 ἃ
2032 380 2168 414 viciffim
2191 382 2304 424 tandiu
2328 393 2408 425 pura

1399 424 1455 457 illa
1479 433 1704 461 excrementa,
1728 434 1800 457 cum
1824 422 1858 456 hi
1882 434 1959 467 pure
1983 434 2136 463 manant,
2160 426 2192 464 δι
2215 423 2319 466 sanie,
2336 436 2409 468 quae

1401 468 1500 500 Paraei
1521 469 1535 506 ζ
1557 467 1610 510 n)
1635 467 1830 501 Observatio
1854 466 1939 503 fuit;
1964 465 2040 505 sati—s
2064 467 2130 504 haec
2141 469 2328 510 circumitio
2341 472 2411 510 san.

1400 510 1508 551 guinis
1530 510 1718 551 docet(*)‚
1743 520 1815 554 quae
1839 510 1971 544 alteram
1995 522 2126 553 quoque
2150 510 2292 551 ejusdem
2325 516 2412 555 (o),

1402 563 1519 596 atque3
1544 564 1578 587 ut
1605 554 1681 586 alias
1705 553 1843 595 aliorum
1866 555 2046 593 omittam5
2072 557 2255 596 praeclaram
2274 582 2283 596 ,
2309 567 2409 598 nuper

1402 597 1442 629 ab
1464 596 1734 638 experientiffimo
1758 597 1921 630 Benevvlo
1947 599 2012 639 (p)
2035 597 2179 639 additam
2195 598 2409 638 Observatio-

1402 651 1474 673 nem
1496 640 1654 675 illustrat.
1680 640 1745 685 His
1768 648 1876 674 autem
1900 641 2178 687 explicationibus
2200 651 2266 681 non
2290 642 2337 681 est
2359 645 2408 677 lo.

1400 696 1454 717 cus
1467 707 1475 721 ,
1500 682 1673 726 fiquando‚
1697 683 1919 721 satiscentibus
1934 694 2054 723 naturae
2072 683 2209 724 viribus,
2225 685 2340 725 vulnus
2351 687 2411 727 fig-

1400 737 1515 761 catur:
1538 728 1628 769 quod
1651 737 1873 764 commemoro
1888 752 1896 765 ,
1921 736 1955 760 ut
1992 727 2085 769 hujus
2116 740 2248 771 quoque
2269 754 2281 770 ,
2324 732 2410 771 inter

1402 773 1570 813 superiora
1593 770 1773 814 propositi,
1799 769 1913 804 indicii
1938 770 2101 804 fallaciam
2125 782 2255 811 caveas·
2350 804 2353 805 γ

1447 825 1497 856 24.
1524 814 1614 856 Qas
1637 814 1802 847 novissime
1826 813 1964 856 produxi
1998 814 2158 853 Valsalvae
2173 826 2312 857 quatuor
2335 818 2412 852 Ob-

1404 857 1653 895 servationes5s1
1678 869 1775 891 unam
1800 860 1939 897 excipias
1962 869 2033 900 quae
2050 880 2058 894 ,
2081 867 2116 892 ut
2141 867 2213 892 ante
2237 860 2308 893 illas
2332 872 2412 903 pro-

1407 902 1502 942 latae,
1524 901 1646 934 nullam
1668 899 1765 934 offert
1788 902 1890 934 cranii
1915 901 2072 936 laesionem
2098 901 2135 935 ad
2162 901 2315 937 interiora
2340 916 2412 947 per-

1407 948 1591 984 tinentem;
1616 943 1722 986 spsnm
1748 954 1801 977 aut
1825 944 1991 983 laxatum,
2019 955 2074 978 aut
2110 945 2285 984 deffeffum
2311 968 2321 985 ‚
2354 958 2410 983 aut

1404 988 1702 1026 fiffumffraetum,
1726 987 1851 1021 erosum
1875 987 2028 1021 exhibent
2056 1013 2063 1021 .
2102 989 2272 1029 Pergamus
2307 992 2411 1033 igitur

1402 1034 1479 1068 alias
1502 1031 1681 1065 describere
1705 1032 1882 1074 speffiantes
1920 1032 1957 1065 ad
1993 1030 2117 1073 singula
2151 1033 2206 1066 ista
2241 1031 2407 1072 laesionum

1426 1086 1540 1110 enesa-

1401 1087 1421 1119 ἓ
1444 1130 1495 1160 25.
1522 1119 1710 1155 MULIER
1736 1119 1977 1161 quinquaginta
2003 1129 2162 1156 annorum
2184 1118 2311 1159 dumin
2334 1123 2408 1165 ripa

1400 1162 1544 1196 fluminis
1568 1161 1690 1197 indusia
1714 1162 1822 1197 lavat,
1847 1161 1961 1200 baculo
1989 1163 2027 1197 ab
2041 1163 2100 1195 alia
2125 1165 2305 1203 mulierein
2331 1165 2402 1203 dex.

1400 1216 1467 1239 tera
1491 1215 1581 1248 parte
1606 1209 1722 1249 capitis
1748 1219 1762 1239 a
1788 1214 1880 1247 tergo
1904 1202 2068 1247 percussa,
2092 1207 2125 1238 in
2151 1219 2264 1248 aquam
2294 1208 2407 1243 cadit.

1400 1250 1485 1283 Cito
1509 1251 1672 1291 extraeca,
1695 1249 1940 1293 quodammodo
1964 1249 2085 1291 stupida
2110 1249 2194 1291 jacet
2217 1275 2224 1282 .
2261 1252 2410 1289 Discusso

1402 1303 1508 1329 autem
1531 1291 1681 1335 stupore,
1716 1304 1788 1326 cum
1824 1293 2010 1334 symptoma
2043 1293 2166 1331 nullum
2204 1305 2375 1336 appareret
2397 1317 2409 1333 ‚

1399 1337 1528 1379 spesque
1553 1338 1584 1368 in
1609 1337 1675 1370 dies
1700 1339 1802 1380 magis
1825 1339 2011 1372 consiiniari
2037 1337 2223 1374 videretur;
2249 1349 2321 1376 ecce
2343 1339 2410 1372 cir-

1397 1392 1435 1413 ca
1452 1381 1544 1417 ¹diem
1569 1380 1729 1417 decimum
1753 1391 1904 1423 quartum
1928 1378 2027 1419 febris
2051 1383 2262 1423 ingruitcum
2274 1392 2405 1424 rigore:

1398 1436 1461 1466 qua
1486 1436 1524 1457 ex
1548 1422 1634 1457 febre
1659 1425 1747 1458 obiit
1772 1427 1856 1457 circa
1883 1424 2071 1466 vigesimum
2101 1424 2293 1458 secundum.
2329 1435 2331 1438 ’

1398 1467 1596 1510 CRANIO
1619 1470 1853 1510 integumentis
1878 1469 2036 1510 spoliato,
2061 1467 2321 1506 animadversum
2343 1470 2410 1511 est,

1399 1523 1484 1553 pone
1508 1522 1615 1545 aurem
1638 1511 1824 1547 dexteram,
1846 1524 1908 1553 qua
1935 1516 2000 1544 ieta·
2020 1510 2127 1549 fuerat
2151 1538 2158 1551 ,
2195 1511 2411 1554 Lambdoidis

1400 1556 1514 1589 suturae
1538 1555 1648 1588 dentes
1671 1557 1756 1587 inter
1783 1556 1811 1588 se
1835 1556 1894 1589 esse
1916 1554 2097 1595 disjunctos
2118 1578 2127 1593 ‚
2160 1567 2198 1589 ex
2232 1567 2411 1599 eorumque

1397 1598 1582 1631 interstitiis
1608 1599 1672 1632 levi
1698 1597 1850 1640 pressione
1876 1599 2042 1630 tantillum
2061 1598 2310 1639 ierofihumoris
2335 1612 2410 1641 pro·
2454 1618 2459 1621 ⁴

1397 1643 1486 1675 dire.
1514 1643 1604 1676 Intra
1627 1645 1773 1675 cranium
1799 1652 1904 1675 autem
1929 1641 1966 1674 ad
1992 1643 2129 1675 eundem
2150 1642 2259 1676 locum
2289 1644 2409 1686 paulu-

1396 1686 1463 1719 lum
1489 1684 1653 1727 sanguinis
1675 1685 1864 1727 stagnabat.
1891 1687 2060 1722 Caeterum
2081 1689 2219 1719 omnino
2233 1686 2343 1720 sanum
2356 1698 2411 1720 ce·

1397 1729 1531 1762 februm
1555 1727 1642 1762 fuit.

1439 1774 1489 1804 26.
1521 1771 1731 1815 JUVENIS
1771 1772 1888 1808 baculo
1934 1769 2092 1812 percussus
2137 1771 2176 1805 ad
2210 1773 2401 1814 Sag-ittalem

1397 1815 1539 1851 suturam
1564 1826 1664 1858 prope
1686 1816 1906 1850 Coronalem,
1929 1815 2003 1856 sex,
2031 1814 2187 1856 septemve
2211 1816 2279 1853 dies
2303 1817 2407 1850 trans-

1394 1861 1466 1901 egit
1489 1858 1552 1891 fine
1576 1859 1646 1893 ullo
1681 1858 1923 1901 symptomate,
1950 1868 1984 1892 ut
2010 1869 2074 1891 non
2097 1858 2330 1899 decumberet,
2356 1858 2408 1896 sed

1395 1914 1451 1944 per
1474 1901 1718 1936 Nosocomium
1744 1903 1941 1936 ambularet.
1967 1902 2094 1936 Verum
2117 1905 2202 1936 circa
2236 1904 2410 1945 septimum

1395 1945 1485 1978 diem
1510 1946 1626 1980 vulnus
1647 1945 1788 1979 multum
1812 1944 1931 1979 foetet:
1957 1955 2022 1979 uno
2046 1954 2156 1982 autem
2177 1945 2251 1981 die.
2276 1956 2331 1980 aut
2364 1947 2411 1981 al-

1396 1999 1467 2022 tero
1488 1988 1688 2032 interjeffto,
1710 2000 1774 2023 orae
1799 1990 1941 2025 vulneris
1972 1988 2193 2023 intumescunt
2219 2002 2228 2022 ι
2269 1992 2297 2022 δι
2333 1993 2411 2033 (μὶ,-

1394 2033 1470 2067 dam
1495 2032 1533 2066 ad
1556 2042 1672 2075 guttur
1697 2034 1791 2065 ardor
1815 2033 1993 2074 percipitur
2017 2056 2027 2066 .
2066 2032 2273 2068 Postmodum
2309 2034 2409 2069 febris

1393 2087 1469 2110 cuin
1493 2077 1601 2118 rigore
1625 2076 1777 2109 invaditr
1801 2077 1959 2112 invadunt
1989 2077 2019 2107 &
2055 2085 2162 2109 motus
2196 2078 2373 2112 convsuliivi
2399 2090 2409 2113 :

1394 2131 1482 2154 mors
1506 2118 1646 2162 denique
1668 2121 1801 2161 ineunte
1813 2119 1866 2153 die
1876 2120 2004 2154 decimo
2028 2120 2149 2152 tertio.
2289 2122 2408 2157 LRA.

1392 2163 1649 2202 NIUMintus‚
1672 2173 1827 2206 extraque
1853 2164 2054 2206 speciatum,
2079 2164 2202 2197 nullam
2215 2164 2411 2206 prorsuslae-

1393 2207 1514 2241 fionem
1538 2206 1698 2245 ostendit,
1724 2206 1780 2240 nisi
1806 2208 1894 2248 quod
1918 2205 2028 2241 sutura
2045 2232 2054 2248 ‚
2076 2218 2139 2249 qua
2166 2207 2289 2241 vulneri
2303 2207 2412 2249 {ubje-

1396 2252 1448 2285 &a
1471 2249 1599 2288 fuerat,
1624 2250 1798 2284 flexuosam
1822 2251 1999 2287 lineolam,
2025 2251 2111 2283 inter
2136 2250 2207 2285 suos
2229 2250 2411 2287 denticulos

1398 2298 1689 2331 intercurrentem,
1714 2293 1863 2328 subfusco
1886 2293 2025 2337 quodam
2051 2293 2159 2328 colore
2175 2295 2411 2331 evidentiorem

1396 2337 1538 2372 habebat
1554 2363 1562 2371 .
1586 2338 1638 2371 Ad
1664 2340 1769 2379 ipsum
1796 2348 1902 2372 autem
1929 2338 2045 2371 suturae
2070 2337 2317 2374 latusnonnulla
2340 2340 2414 2374 Du-

1397 2394 1439 2416 rae
1465 2383 1625 2424 meningis
1650 2383 1761 2423 portio
1784 2384 1896 2414 cranio
1932 2381 2089 2423 peculiari
2135 2383 2279 2424 quodam
2315 2384 2413 2418 modo

1398 2425 1605 2459 adhaerebat:
1630 2437 1701 2466 quae
1725 2423 1819 2459 facile
1844 2436 1950 2458 tamen
1983 2423 2124 2465 separata
2147 2449 2160 2465 ,
2192 2428 2247 2460 vix
2280 2426 2413 2468 aliquod

1397 2469 1549 2505 exhibuit
1573 2467 1730 2504 indicium
1758 2468 1881 2506 saniei,
1907 2469 2072 2511 superficie
2098 2478 2190 2502 tenus
2214 2468 2273 2503 fibi
2311 2468 2414 2505 inhae-

1396 2513 1516 2545 rentis.
1556 2513 1608 2544 Pia
1658 2522 1763 2545 autern
1797 2512 1936 2553 subjefia
1974 2515 2104 2545 meninx
2136 2512 2257 2554 pallida
2297 2523 2364 2547 erat
2402 2539 2412 2548 .

1399 2557 1517 2589 Praeter
1540 2554 1628 2592 lime,
1653 2555 1733 2588 nihil
1760 2557 1952 2590 adnotatum
1975 2556 2044 2593 ests·
2077 2567 2151 2588 narn
2196 2565 2308 2590 caetera
2330 2578 2340 2593 ,
2376 2565 2413 2592 ut

1398 2609 1507 2632 totum
1532 2599 1727 2637 cerebrum,
1752 2599 1927 2635 secundum
1951 2608 2102 2631 naturam
2127 2599 2158 2631 se
2181 2598 2343 2634 habebant
2359 2624 2366 2633 .

1440 2652 1491 2683 27.
1517 2643 1604 2676 VIR
1631 2653 1729 2676 annos
1753 2644 1890 2684 amplius
1914 2645 2050 2683 triginta
2074 2652 2167 2676 natus
2182 2667 2189 2680 ‚
2204 2644 2412 2678 contunden-

1395 2695 1427 2719 te
1452 2685 1540 2719 fen-0
1567 2686 1605 2718 ad
1631 2685 1783 2719 sinistram
1812 2686 2005 2730 superiorem
2042 2685 2256 2720 Lambdoidis
2295 2692 2413 2722 suturae

1395 2740 1523 2772 partem
1548 2728 1704 2772 perculsus
1732 2756 1739 2769 ‚
1770 2732 1847 2764 dum
1879 2740 1950 2762 rure
1975 2751 1984 2766 ‚
2019 2730 2075 2762 ubi
2109 2739 2201 2770 erat,
2228 2732 2413 2765 Bononiam

1395 2772 1504 2814 redit,
1529 2774 1672 2807 concidit
1706 2776 1839 2816 quidem
1864 2787 1874 2810 ς
1900 2772 1948 2806 sed
1973 2772 2062 2805 illico
2082 2772 2209 2814 surgit,
2229 2784 2326 2817 atque
2349 2778 2414 2809 iter

1395 2819 1555 2854 continuo
1580 2816 1766 2859 persequens
1815 2816 1960 2860 passuum
2005 2825 2053 2850 ter
2078 2818 2249 2858 millium,
2274 2822 2307 2850 in
2335 2820 2414 2854 No-

1398 2860 1582 2894 socomium
1629 2860 1658 2893 se
1705 2863 1845 2903 recipit.
1870 2862 1957 2893 Cum
1981 2859 2027 2893 ibi
2053 2860 2260 2895 decumberet
2286 2883 2295 2898 ‚
2339 2865 2413 2897 ani-

1398 2904 1602 2938 madversum
1648 2903 1691 2936 est
1717 2927 1725 2941 ‚
1763 2905 1879 2939 vulnus
1925 2904 2008 2936 baud
2056 2902 2130 2937 satis
2178 2904 2335 2939 laudabili
2358 2917 2414 2940 co-

1396 2948 1463 2982 lore
1510 2947 1602 2985 esse,
1649 2950 1680 2980 &
1704 2949 1830 2992 aliquot
1876 2946 2050 2986 interjectis
2094 2948 2207 2982 diebus
2234 2972 2243 2986 ‚
2291 2949 2412 2984 absces-

1397 2990 1467 3026 sum
1513 2992 1550 3026 ad
1596 2991 1661 3033 ejus
1703 2993 1785 3026 latus
1830 2990 1963 3035 produ-ci
1992 3002 2002 3019 .-
2047 3002 2115 3032 quo
2148 2993 2257 3034 postea
2285 3005 2327 3026 ex
2360 3005 2411 3028 ar-

1399 3046 1429 3069 te
1476 3046 1588 3078 aperto
1612 3059 1623 3075 ‚
1658 3035 1813 3077 brevique
1838 3044 1999 3076 pingam,
2022 3035 2135 3068 melius
2160 3035 2333 3078 procedere
2344 3037 2415 3070 vul.

1399 3081 1484 3113 neris
1507 3081 1633 3112 curatio
1660 3080 1720 3112 visa
1745 3079 1806 3113 est.
1831 3077 1889 3110 Sed
1916 3077 2026 3111 multis
2051 3078 2082 3110 in
2105 3078 2182 3111 cibo
2205 3079 2346 3120 admissis
2365 3091 2416 3114 er..

1400 3124 1551 3160 roribus,
1573 3123 1703 3165 jamque
1728 3123 1853 3165 aliquot
1869 3120 1976 3154 sebris
2000 3121 2227 3161 accessionibus
2240 3123 2416 3166 praegreslis

1400 3177 1441 3199 ex
1486 3166 1667 3207 improviso
1709 3167 1794 3199 circa
1839 3165 2045 3199 undecimum
2090 3165 2178 3200 diem
2225 3168 2414 3208 graviffirha

1402 3210 1575 3253 epileptica
1622 3207 1789 3244 convulsio
1822 3209 1946 3249 ingruit
1971 3221 1988 3241 :-
2026 3220 2088 3250 qua
2137 3210 2261 3243 remissa
2288 3232 2298 3248 ‚
2349 3221 2415 3245 non

1401 3262 1508 3286 tamen
1533 3263 1616 3296 oeger
1661 3254 1807 3295 loquitur
1832 3265 1840 3284 :
1885 3251 1941 3285 etsi
1965 3263 2036 3295 quae
2080 3253 2143 3286 alii
2160 3253 2362 3295 loquuntur,
2385 3252 2414 3287 se

1401 3297 1581 3339 intelligere
1604 3320 1612 3333 ‚
1659 3294 1816 3338 fignificat
1840 3322 1847 3329 .
1895 3299 1966 3330 Post
1989 3297 2056 3329 liaec
2090 3299 2123 3329 in
2149 3294 2271 3330 sinistra
2296 3308 2414 3340 corpo-

1402 3340 1445 3374 ris
1468 3350 1558 3383 parte
1581 3338 1760 3382 convulsivi
1785 3339 1982 3373 adnotantur
2016 3348 2125 3374 motus
2152 3354 2161 3378 3
2205 3342 2238 3373 in
2283 3341 2414 3375 dextera

1402 3392 1508 3417 autem
1554 3384 1706 3425 paralysis
1738 3393 1749 3420 3
1810 3382 1890 3417 facie
1934 3382 2037 3417 risum
2081 3382 2170 3426 quasi
2219 3383 2406 3418 sardonium

1402 3427 1566 3461 interdurn
1611 3425 1857 3468 repraesentante
1880 3452 1888 3460 .
1950 3427 2121 3460 Naturalis
2175 3429 2295 3462 interea
2340 3425 2411 3469 pul-

1403 3470 1453 3503 sus
1477 3481 1543 3503 erat
1569 3482 1578 3502 .·
1624 3480 1691 3512 quo
1716 3468 1822 3508 postea
1844 3471 1964 3511 celeri,
1989 3476 2162 3512 turgente,
2187 3468 2412 3514 &impetuoso

1405 3512 1512 3550 ἷεᾶο,
1537 3515 1647 3556 paucis
1672 3512 1743 3554 post
1767 3513 1879 3547 diebus
1904 3525 1990 3546 mors
2012 3512 2117 3547 secuta
2140 3515 2182 3547 est
2206 3515 2258 3548 die
2282 3513 2412 3547 undevi-

1405 3556 1547 3598 gefimo.
1636 3559 1665 3589 A
1681 3556 1857 3590 CAPITE
1881 3568 1987 3591 cutem
2007 3557 2227 3596 detrahendo,
2252 3555 2379 3603 subhac
2393 3569 2409 3590 a

2293 3602 2367 3632 sini-

489 3698 570 3721 Schol.
586 3697 615 3721 ad
634 3696 657 3727 §.
674 3699 700 3721 6.

494 3726 548 3751 loto
563 3728 638 3756 paule
653 3733 707 3752 ante
724 3726 846 3751 indicato.
895 3727 902 3754 (
921 3725 930 3748 Ι
945 3725 960 3753 )
974 3732 997 3749 n.
1019 3731 1054 3754 17.

405 3698 420 3725 (
432 3696 450 3725 f

401 3726 450 3790 ,ἐξ
724 3758 738 3786 (
751 3763 768 3788 ρ
786 3759 795 3788 )
812 3755 903 3782 Ossexv.
921 3762 958 3781 ²2.

465 3696 473 3725 )

461 3728 507 3786 ,il-
525 3764 563 3782 ιο.
581 3764 604 3782 c.
624 3764 660 3782 u.

762 3698 804 3726 (g
823 3696 832 3725 )
848 3697 990 3720 comment.
1008 3693 1037 3718 de
1053 3695 1148 3719 Bonon-
1165 3696 1201 3719 Sc.
1219 3692 1274 3716 lnst.
1292 3694 1323 3716 T.
1339 3702 1364 3717 2.
1380 3696 1406 3717 Ρ.
1425 3701 1446 3718 ι.
1463 3694 1527 3719 inter
1544 3694 1659 3719 Medica.

1119 3725 1133 3754 (
1147 3731 1170 3749 m
1189 3726 1198 3756 J
1214 3723 1282 3752 supra
1299 3731 1323 3747 n.
1342 3733 1377 3753 17.

1718 3695 1725 3723 (
1745 3696 1758 3718 h
1774 3696 1787 3723 )
1804 3696 1872 3724 supra
1890 3704 1913 3720 n.
1932 3704 1969 3723 14-

2035 3697 2103 3726 (ι’)
2119 3696 2309 3725 oss.15§.5.

1551 3725 1727 3754 (n)Oper.l.
1750 3730 1821 3750 16.c.
1841 3735 1879 3755 49·

1395 3732 1431 3754 19·
1450 3733 1488 3749 ²0-
1942 3728 1954 3754 (
1970 3726 1983 3737 Ἢ
2000 3728 2009 3756 )
2026 3727 2082 3752 Vid.
2099 3726 2256 3755 etiaanpist.
2274 3733 2311 3754 ²5-
2323 3733 2345 3750 η,
2358 3733 2394 3749 20.
