2498 4075
541 210 694 274 Epist.
734 210 894 260 Anat.
932 203 1151 258 Medica
1188 201 1396 254 XXIV.
1429 201 1553 253 Art.
1591 199 1672 251 28.

87 298 158 323 tum
180 287 316 329 denique
341 286 516 320 maximam
539 284 699 327 sanguinis
722 293 845 326 partem
868 285 902 315 in
937 294 985 315 eas
1019 293 1096 314 con-

88 332 244 366 cretiones
290 329 381 363 fuisse
427 331 569 363 coactam
592 353 599 359 .
635 328 749 370 Neque
783 327 874 360 aliter
898 325 1039 359 accidisse
1064 327 1097 356 in

89 378 152 410 iis,
178 372 381 415 suspicabar,
415 385 495 415 quos
530 374 682 404 Loxverus
726 373 817 410 (o)
861 369 983 411 scripfit
1018 380 1035 400 a
1070 368 1097 400 se

89 415 235 452 dissectos
259 439 268 453 ‚
291 418 425 449 miratus
450 437 458 452 ,
489 414 581 448 corde
606 437 618 453 ,
651 416 682 446 ἃ,
707 412 783 447 valis
808 413 886 447 adeo
918 411 1064 445 insarc'tis
1086 436 1095 451 ,

90 472 141 495 cor
164 459 228 493 ullo
249 460 336 492 modo
357 458 522 501 constringi
544 480 553 495 ,
587 464 643 489 aut
666 455 820 499 reliquum
836 456 1017 499 fhnguinem
1039 455 1095 487 ad—

90 504 150 538 huc
171 503 302 545 fluidum
325 526 337 542 ,
369 504 407 536 ad
428 503 530 535 vitam
552 502 593 534 Θ
617 499 749 533 calorem
783 501 816 532 in
846 498 990 541 partibus
1023 509 1095 530 con-

85 547 275 590 fiervana'urn
298 546 329 578 in
352 545 431 587 nafis
454 543 521 583 istis
539 542 720 585 praeterlabi
739 542 870 586 potuisse
899 555 910 581 5
945 553 983 574 ne
1015 540 1094 582 quid

92 590 130 623 de
154 601 192 621 eo
215 589 342 628 dicam,
365 589 398 620 in
433 599 498 628 quo
532 589 570 619 ab
604 587 644 618 iis
677 586 936 619 concretionibus
966 585 1096 618 alterius

90 633 261 666 ventriculi
286 632 390 666 cordis
413 631 527 663 ostium
551 632 596 662 ita
620 638 685 662 erat
709 630 915 668 obturatum,
938 637 973 661 ut
994 638 1098 670 pennae

60 704 63 705 γ
91 677 235 719 anserinae
258 677 363 708 aditus
386 676 417 707 in
439 672 651 707 ventriculum
676 697 688 713 ‚
730 684 787 714 pro
821 671 940 714 influxu
966 671 1094 713 sangui-

91 722 140 754 nis
183 722 242 753 vix
284 719 410 758 restaret
434 742 441 756 ‚
476 717 605 749 alterius
652 726 757 749 autem
803 715 918 749 ostium
951 725 1026 756 aegre
1048 713 1094 746 di-

89 765 170 807 gitis
209 762 323 800 recludi
349 761 520 803 potuerit.
557 759 768 802 Adjuvabant-
800 759 992 801 suspiciones
1037 756 1094 790 has

93 818 165 840 tum
211 805 350 839 historiae
383 802 500 836 slmiles
526 829 534 841 ,
568 812 636 837 tum
668 803 728 835 alia
753 828 761 842 ‚
795 813 933 844 quorum
978 801 1098 843 partim

93 851 188 893 paulo
212 860 282 881 ante
306 848 400 887 attigi
426 872 438 887 ‚
472 848 589 888 partim
614 846 697 879 infra
720 845 902 878 memorabo
925 869 937 885 ,
970 854 1040 877 tum
1064 854 1098 875 ea

93 905 165 936 quae
189 892 269 934 apud
294 891 445 933 quosdam
469 891 628 923 Aue-“mres
652 889 792 932 legebam
815 913 828 929 ,
862 899 896 921 ut
920 897 996 931 puta
1022 886 1105 928 apud

92 937 264 970 Coiterum
289 958 301 973 ⁷,
333 944 427 975 atque
449 935 619 969 Riveriutn
646 957 652 964 .
688 934 840 970 Quorum
863 931 916 964 ille
939 943 1011 965 cum
1048 942 1105 971 po-

92 981 188 1022 lypos
211 977 433 1011 vermisormes
456 1000 469 1017 ,
509 986 544 1009 ut
569 978 660 1018 supra
706 980 761 1019 (p
783 980 797 1016 )
843 976 978 1008 relatum
1023 973 1066 1006 est
1089 995 1102 1013 ‚

91 1034 157 1056 non
206 1022 293 1055 secus
336 1022 370 1052 in
416 1022 456 1053 iis
478 1022 535 1063 qui
561 1019 730 1062 suspendio
752 1044 765 1061 ,
798 1031 894 1063 quam
915 1020 948 1050 in
972 1028 1007 1050 ea
1030 1027 1101 1059 quae

90 1064 274 1109 phrenitide
297 1073 405 1097 necata
430 1063 533 1098 fuerat
556 1088 570 1105 ,
601 1063 766 1097 invenisset
790 1088 800 1102 ,
835 1073 890 1095 nec
927 1062 1012 1094 ratio
1045 1071 1099 1101 ap-

89 1118 212 1153 pareret
235 1133 247 1148 ,
284 1120 342 1141 cur
364 1110 397 1140 in
422 1109 535 1150 primis
558 1108 624 1140 illis
646 1105 704 1140 esse
728 1116 799 1140 ante
821 1107 951 1138 obitum
974 1103 1100 1137 debuis-

91 1153 159 1186 sent
185 1166 195 1190 3
228 1154 261 1185 in
285 1152 379 1184 altera
403 1163 529 1194 quoque
552 1150 620 1193 post
643 1160 782 1184 mortem
805 1149 933 1184 demum
967 1148 1100 1181 formari

91 1196 231 1240 potuisse
252 1195 441 1228 videbantur
464 1219 473 1225 .
504 1195 656 1227 Riverius
679 1205 785 1228 autem
808 1217 821 1234 ,
855 1202 890 1226 ut
923 1194 956 1225 in
992 1191 1101 1234 Sepul-

90 1239 205 1273 chreto
249 1240 337 1281 (q)
383 1238 499 1279 leges,
546 1237 810 1271 Observationem
855 1237 971 1269 litteris
1004 1234 1104 1267 tradi-

91 1284 142 1316 dit
186 1282 427 1316 caruncularum
451 1307 460 1321 ‚
504 1294 635 1324 quarum
661 1283 761 1324 major
793 1281 832 1314 ad
853 1279 1003 1314 avellam
1035 1289 1103 1311 ma-

88 1327 288 1370 gnitudinem
333 1327 477 1359 accedens
510 1348 521 1364 ,
567 1337 640 1358 cum
689 1325 812 1358 arteriae
856 1332 949 1356 aortae
993 1322 1101 1361 ostium

85 1370 289 1412 praecluderet
335 1370 396 1402 viri
427 1392 440 1409 ,
484 1370 540 1411 qui
590 1367 696 1411 pulsus.
739 1368 990 1410 inaequalitatem
1038 1365 1103 1406 pri-

91 1424 181 1446 mum
206 1437 218 1452 ,
264 1412 378 1445 deinde
422 1411 609 1454 asphyxiam
654 1411 753 1453 passus
798 1410 921 1443 obierat
944 1433 954 1448 ‚
999 1407 1103 1441 credi-

93 1467 128 1489 ta
173 1456 214 1488 ab
256 1456 394 1490 Riverio
442 1455 483 1488 est
533 1457 599 1489 hasc
643 1452 771 1489 effecisse
795 1478 807 1495 ,
850 1465 924 1487 cum
956 1453 1014 1485 alia
1039 1462 1103 1484 non

90 1498 226 1533 deessent
270 1511 342 1542 quae
388 1499 524 1531 accusari
549 1500 682 1540 'possent
704 1522 716 1538 ,
761 1509 816 1531 nec
848 1497 1015 1530 caruncula
1039 1493 1105 1537 ejus

90 1543 262 1577 dumtaxat
286 1543 521 1584 magnitudinis
554 1541 747 1585 praecludere
791 1543 824 1574 in
872 1542 944 1572 viro
978 1538 1107 1581 potuis-

90 1587 122 1620 se
154 1597 307 1628 magnum
332 1585 416 1619 illud
437 1586 553 1618 ostium
585 1585 729 1618 videatur
751 1607 763 1624 ,
808 1584 984 1626 praesertim
1029 1592 1104 1615 cum

90 1630 125 1663 in
150 1629 282 1663 Scholio
307 1651 315 1665 ,
361 1629 400 1661 ab
423 1629 534 1661 eodem
560 1629 706 1661 Aufftore
730 1636 926 1661 memoretur
951 1636 1106 1658 caruncu-

93 1673 126 1707 la
164 1672 281 1716 similis
325 1674 367 1706 ὅ)
412 1671 512 1704 multo
556 1671 656 1712 major
689 1672 721 1703 in
753 1671 848 1704 corde
873 1670 989 1703 militis
1021 1669 1109 1702 occi-

90 1715 115 1750 si
140 1738 149 1752 ‚
181 1717 238 1758 qui
263 1722 367 1748 tamen
389 1723 461 1748 ante
482 1713 560 1747 bona
575 1711 748 1756 fruebatur
769 1715 949 1747 valetudine
974 1738 981 1745 .
1005 1712 1109 1745 Vides

89 1768 173 1793 certe
196 1780 206 1795 ‚
241 1757 321 1800 quid
345 1757 420 1791 hinc
445 1758 565 1800 pariter
589 1758 820 1801 consequatur:
843 1767 1024 1800 quanquam
1048 1757 1109 1789 Ri-

89 1803 195 1837 verius
239 1812 401 1835 occurrere
446 1800 646 1834 dubitationi
691 1813 756 1835 non
800 1801 908 1834 omisit
933 1822 941 1836 ‚
989 1799 1107 1832 discri-

92 1847 179 1879 mine
221 1844 282 1877 illo
327 1845 454 1888 prolato
479 1866 487 1881 ‚
532 1857 601 1887 quo
644 1844 749 1887 plures
772 1856 899 1888 quoque
932 1843 1012 1876 alios
1035 1844 1107 1876 usos

91 1887 152 1923 effe
186 1886 334 1930 deinceps
358 1912 371 1929 ,
404 1888 473 1922 vidi
500 1910 509 1924 ‚
543 1889 722 1923 carunculae
746 1889 779 1921 in
803 1889 909 1921 milite
932 1887 1107 1929 parietibus

90 1932 264 1966 ventriculi
291 1933 325 1964 in
350 1939 439 1976 parte
462 1931 602 1974 alligatae
628 1956 640 1972 ,
672 1932 705 1964 in
731 1932 832 1965 altero
879 1931 990 1965 solutae
1013 1953 1022 1967 ‚
1069 1939 1107 1963 ut

91 1977 127 2009 in
152 1974 214 2008 hoc
240 1973 339 2017 posset
362 1975 514 2017 compelli
538 1976 572 2008 in
596 1974 743 2007 vasorum
767 1976 844 2008 ostia
861 2000 871 2015 ,
898 1976 931 2007 in
954 1975 1015 2007 illo
1040 1984 1105 2006 non

96 2016 197 2062 posset
223 2043 230 2050 .
364 2020 455 2051 Meas
476 2028 584 2051 tamen
608 2030 717 2051 omncs
749 2017 943 2062 suspiciones
968 2042 980 2057 ,
1027 2017 1106 2050 duni

92 2074 142 2096 res
165 2060 248 2094 mihi
274 2062 375 2104 magis
409 2061 613 2095 dilucesceret
635 2085 649 2102 ,
681 2062 796 2096 tacitus
829 2060 993 2105 compreffi
1015 2085 1027 2102 ,
1074 2064 1107 2093 δε

90 2106 187 2140 facile
210 2103 314 2138 adhuc
338 2105 610 2147 comprimerem,
634 2105 812 2139 rationibus
837 2118 906 2149 quae
932 2116 993 2148 pro
1016 2104 1112 2146 poly-

97 2162 141 2193 po
166 2149 303 2192 proponi
327 2172 340 2188 ,
372 2158 428 2182 aut
455 2150 569 2191 reponi
602 2148 743 2181 solebant
768 2172 781 2189 ,
813 2161 862 2181 me
885 2172 897 2189 ‚
931 2158 968 2181 ut
1002 2158 1111 2180 verum

97 2193 199 2228 fatear
231 2214 240 2229 ‚
288 2192 488 2225 morantibus
519 2215 528 2229 ‚
577 2192 634 2225 nisi
681 2191 736 2224 has
782 2192 879 2225 Pastae
933 2192 1065 2232 ingenio
1100 2212 1109 2226 ‚

97 2240 131 2313 ἷζε
169 2236 348 2278 ‘diligentia
390 2235 569 2279 plurimum
617 2234 754 2277 denique
798 2234 976 2267 infirmatas
1011 2231 1111 2266 vidis-

114 2291 164 2314 em
191 2305 199 2312 .

146 2324 196 2355 28.
221 2323 267 2355 Et
290 2323 433 2365 primum
456 2322 576 2355 obstare
599 2321 684 2354 mihi
708 2319 898 2355 videbantur
923 2321 1037 2363 polypi
1073 2318 1112 2351 fi-

102 2377 188 2408 gna,
210 2377 281 2407 quae
306 2377 369 2398 non
393 2363 456 2397 fine
479 2374 628 2399 accurato
643 2389 651 2403 ,
686 2367 718 2398 ὃ(
749 2373 846 2397 cauto
889 2365 1111 2406 plerarumque

96 2408 242 2443 omnium
271 2434 279 2447 ,
325 2420 394 2452 quae
419 2409 509 2442 illius
532 2417 674 2441 extarent
697 2432 710 2448 ,
743 2407 1017 2440 Observationum
1042 2417 1113 2438 exa-

99 2454 186 2486 mine
210 2450 301 2485 fuiss‘e
324 2463 340 2485 a
367 2453 505 2486 Summis
530 2452 621 2484 Viris
645 2449 807 2493 proposita
830 2474 843 2490 ,
866 2450 1087 2484 existimabam
1103 2473 1110 2480 .

102 2498 148 2530 Et
171 2506 355 2538 quanquam
378 2505 477 2528 unum
512 2494 646 2536 aliquod
692 2492 1027 2536 pathognomonicum
1073 2491 1113 2525 si-

95 2550 195 2582 gnum
217 2549 288 2570 raro
311 2539 344 2571 in
367 2537 487 2571 morbis
511 2537 621 2571 haberi
646 2537 731 2580 posse
756 2561 765 2575 ‚
810 2548 874 2570 non
898 2537 1113 2579 ignorabam,

96 2583 299 2624 mirabarque
343 2605 356 2622 ,
408 2592 474 2614 non
519 2580 650 2615 defuisse
696 2582 852 2615 memoria
898 2580 1002 2614 nostra
1054 2581 1113 2623 qui

96 2625 253 2668 ejusmodi
278 2626 311 2657 in
337 2625 461 2667 polypo
484 2624 608 2668 iignum
632 2624 689 2657 esse
713 2647 722 2662 ‚
768 2623 896 2658 doceret
922 2650 931 2663 ,
977 2625 1114 2656 Caroti-

96 2669 176 2703 dum
198 2692 211 2709 ,
256 2671 289 2700 &
313 2668 554 2702 Subclaviarum
580 2670 767 2702 arteriarum
802 2668 1016 2711 pulsationem
1062 2678 1114 2698 ve-

99 2713 338 2747 hementiorem
360 2736 373 2752 ,
419 2721 455 2745 ut
491 2724 587 2755 quam
631 2710 694 2744 fine
726 2711 852 2754 polypo
898 2711 1115 2755 saepenumero

100 2756 297 2789 observatam
322 2754 457 2789 sciebam
480 2779 491 2795 ,
537 2755 626 2799 quod
650 2758 682 2789 δε
708 2756 822 2798 aliquae
846 2754 883 2788 ad
919 2764 952 2788 te
985 2755 1112 2797 scriptae

99 2798 292 2833 confirmant
316 2798 455 2833 historiae
481 2800 531 2843 (r
553 2802 567 2839 )
591 2812 602 2838 3
636 2800 799 2833 neminem
821 2808 926 2839 tamen
949 2798 1047 2832 ferme
1071 2798 1116 2830 le-

101 2844 214 2887 gebam
237 2854 347 2876 eorum
372 2843 513 2885 aquibus
538 2844 654 2887 polypi
679 2843 796 2875 indicia
822 2842 893 2877 sunt
916 2852 1117 2876 commemo—

101 2896 169 2920 rata
194 2908 203 2922 ,
235 2888 292 2929 qui
326 2887 410 2919 inter
453 2884 521 2919 haec
566 2887 835 2919 intermittentem
858 2910 870 2926 ,
903 2895 956 2919 aut
1001 2885 1114 2918 saltem

102 2930 291 2972 inaequalem
315 2928 440 2971 pulsum
462 2940 526 2963 non
552 2941 681 2973 poneret
705 2951 715 2967 ‚
738 2941 834 2973 quem
858 2929 937 2972 saepe
959 2930 1056 2962 etiam
1079 2930 1113 2960 in

105 2973 290 3008 adumbrata
316 2984 330 3005 a
355 2973 446 3006 nobis
470 2974 585 3016 polypi
608 2973 741 3007 historia
765 2972 850 3014 (s)
873 2973 1009 3006 relatum
1045 2973 1113 3004 ani-

104 3017 301 3051 madvertere
328 3015 461 3059 potuisti
483 3039 493 3054 ‚
540 3020 573 3050 δε
597 3017 777 3051 indicatum
801 3015 859 3049 scis
885 3016 923 3049 ab
946 3017 1114 3050 nonnemi-

105 3072 144 3094 ne
166 3070 316 3104 tanquam
341 3057 465 3102 signum
491 3061 604 3103 polypi
629 3061 965 3103 pathognomonicum
981 3085 988 3091 .
1003 3060 1113 3101 Qem

107 3116 167 3147 ego
190 3104 356 3137 hominem
379 3104 427 3136 vel
452 3102 492 3137 ab
523 3103 697 3139 senioribus
729 3104 791 3138 suae
824 3105 921 3137 Sectae
956 3103 1115 3138 Doffiliri-

105 3149 166 3183 bus
189 3146 363 3181 refutatum
387 3157 451 3179 non
474 3147 645 3188 mirabar,
679 3159 753 3182 cum
789 3145 872 3180 mihi
905 3158 1012 3180 earum
1044 3146 1118 3179 Ob-

109 3192 326 3225 servationum
371 3189 514 3223 veniebat
560 3193 592 3224 in
618 3203 781 3232 mentem,
803 3192 837 3224 in
860 3190 977 3234 quibus
999 3199 1055 3223 aut
1077 3189 1117 3223 si-

107 3246 144 3269 ne
192 3234 253 3269 hoc
298 3235 386 3277 tigno
428 3235 605 3268 inveneram
651 3237 791 3278 polypos
816 3261 824 3274 ‚
871 3245 924 3269 aut
956 3245 1031 3267 cum
1054 3232 1117 3266 hoc

108 3278 198 3321 figno
221 3288 285 3311 non
309 3280 513 3312 inveneram:
535 3278 716 3321 cujusmodi
740 3291 783 3312 eae
806 3279 877 3312 sunt
901 3303 910 3318 ‚
955 3276 1043 3321 quod
1079 3277 1118 3310 ad

107 3322 252 3366 primum
276 3323 392 3355 attinet
415 3333 512 3365 genus
527 3347 537 3362 ‚
560 3334 636 3365 quas
659 3324 692 3357 in
716 3322 861 3363 Epistola
899 3322 995 3355 habes
1031 3322 1115 3353 VII.

112 3377 145 3399 n.
173 3376 220 3398 11.
247 3368 278 3399 &
306 3377 354 3410 13.
379 3368 411 3398 δε
436 3367 470 3399 in
495 3365 554 3399 hac
578 3366 644 3407 ipsa
668 3366 793 3400 XXIV.
819 3377 850 3399 n.
874 3369 907 3404 6;
931 3363 1019 3408 quod
1043 3375 1118 3397 vero

112 3409 151 3443 ad
175 3410 337 3451 alterum,
359 3420 436 3451 quas
459 3411 493 3442 in
517 3409 672 3452 Epistolis
696 3410 769 3443 aliis
792 3408 922 3443 habebis
947 3423 958 3442 :
1002 3407 1117 3451 quibus

112 3461 188 3487 tunc
222 3453 314 3487 addes
346 3464 417 3497 quae
451 3454 483 3485 in
517 3452 662 3494 Epistola
686 3454 757 3488 sunt
780 3455 869 3487 XXI.
896 3465 926 3485 n.
952 3463 1004 3496 34.
1028 3453 1060 3483 δι
1086 3453 1119 3484 in

197 3498 362 3541 Morgagni
374 3498 409 3530 de
422 3497 491 3530 Sed.
507 3498 547 3530 (ᾕ-
558 3498 580 3527 C
581 3496 645 3539 aus.
656 3497 757 3532 Morb.
774 3498 872 3530 Tom.
887 3498 915 3530 I.

1145 280 1275 315 XXIII.
1299 288 1330 308 n.
1355 278 1385 307 6.
1519 273 1576 308 Sed
1601 278 1631 308 &
1657 271 1833 313 Epistolam
1857 270 1995 312 relegens
2009 272 2066 303 IX.
2078 280 2151 302 cum

1147 327 1179 358 in
1204 322 1294 354 illam
1317 318 1485 352 historiam
1508 322 1522 358 (
1544 326 1560 351 t
1582 321 1596 357 )
1619 314 1762 354 incides,
1795 327 1855 356 qua
1887 313 2008 347 constat
2034 336 2046 352 ,
2080 312 2152 354 pul-

1148 368 1240 401 suum
1263 362 1511 404 inaequalitatcm
1537 372 1656 403 parco,
1680 358 1729 391 sed
1755 360 1969 398 continuato,
1991 357 2059 398 opii
2096 354 2152 387 usu

1149 407 1239 444 misse
1263 407 1422 444 solutam,-
1451 406 1560 443 illam,
1586 403 1605 436 fi
1633 404 1709 436 bene
1736 410 1766 433 te
1790 403 1891 441 novi,
1915 413 1930 433 a
1957 401 2078 442 polypo
2099 408 2153 429 or-

1149 464 1215 488 tam
1241 461 1303 483 non
1327 448 1452 482 credes.
1586 449 1709 480 Verum
1734 443 1789 477 etfi
1814 444 1880 477 haec
1913 454 1988 478 tunc
2021 441 2152 484 cognita

1147 509 1185 529 ex
1209 502 1296 537 parte
1320 503 1354 524 ac
1380 492 1536 534 perspecta
1560 489 1737 526 habebam3
1770 489 1920 530 putabam
1952 497 2056 520 tamen
2075 508 2088 525 ,
2121 495 2156 516 ea

1148 549 1261 583 paucas
1292 536 1349 569 effe
1372 536 1591 578 exceptiones,
1616 533 1722 576 quales
1754 532 1788 564 in
1825 531 1987 564 Medicina
2021 528 2156 572 persaepe

1150 589 1346 619 occurrunt,
1370 590 1427 611 nec
1451 578 1525 611 satis
1548 578 1661 619 dignas
1685 586 1761 617 quas
1785 574 1928 616 diagnoli
1959 582 2156 615 opponerem

1151 640 1164 659 a
1190 626 1279 657 Viris
1304 622 1590 664 Experientnsimis
1603 619 1806 658 constitutae,
1829 617 2000 660 praesertim
2024 627 2097 648 cum
2110 625 2159 647 me

1150 681 1213 703 non
1237 667 1388 709 fugeret,
1411 666 1574 708 signorum
1600 666 1664 697 vim
1688 673 1752 695 non
1775 673 1861 698 uno,
1885 672 1938 694 aut
1963 660 2159 692 altcroseor-

1146 714 1215 747 sum
1236 719 1388 753 accepto,
1411 707 1461 742 sed
1484 708 1629 749 pluribus
1651 704 1832 747 conjunffis
1856 703 1911 737 esse
1935 702 2159 745 spectandam.

1149 756 1209 789 Sed
1231 766 1302 788 ecce
1324 753 1385 786 tibi
1410 752 1558 795 Epistola
1584 749 1766 785 Doffiffimi
1794 748 1912 787 Pastae,
1936 749 1971 779 in
1993 758 2057 788 qua
2090 748 2159 783 (u)

1151 809 1202 832 tot
1226 798 1369 831 colleetae
1395 795 1466 829 sunt
1490 796 1685 837 polyporum
1697 791 1967 831 Observationes,
1991 790 2089 822 etiam
2100 798 2159 820 nu-

1157 854 1267 880 mero,
1294 850 1346 874 aut
1370 839 1455 871 mole
1476 838 1568 871 valde
1592 834 1838 879 spectabilium.
1864 834 1932 877 post
1956 832 2040 867 nulla
2064 831 2160 873 poly-

1158 888 1190 929 pi
1214 885 1336 917 indicia
1360 883 1571 915 aClariffimis
1594 879 1789 913 Auctoribus
1812 877 2102 921 deprehensorum,
2124 881 2162 907 ut

1157 927 1318 972 proposita
1345 927 1475 960 illorum
1500 922 1658 967 diagnofis
1680 922 1745 965 jam
1770 923 1880 965 saepius
1905 921 2032 954 inutilis
2055 917 2163 951 videa-

1157 983 1233 1012 tur,
1258 980 1311 1004 aut
1334 970 1356 1003 si
1381 971 1505 1002 ratione
1529 968 1608 1001 duce
1631 968 1814 1009 excogitata
1838 965 1902 1006 est,
1928 964 2074 998 dubitare
2106 973 2163 994 co·

1154 1026 1208 1058 gat
1232 1041 1240 1054 ‚
1277 1025 1341 1046 non
1365 1012 1455 1046 fuisse
1479 1013 1583 1055 igitur
1606 1020 1678 1043 ante
1703 1019 1840 1043 mortem
1877 1009 2013 1051 polypos
2037 1030 2045 1045 ,
2082 1017 2164 1049 quo-

1154 1070 1225 1092 rum
1250 1059 1283 1090 in
1305 1056 1488 1089 viventibus
1514 1054 1639 1088 nullum
1663 1053 1787 1094 prorsus
1833 1051 1956 1094 signum
2001 1050 2127 1083 extabat
2151 1073 2161 1080 .

1151 1105 1242 1139 Quas
1264 1101 1341 1134 dum
1370 1100 1474 1142 relego
1498 1098 1770 1136 Observationes,
1793 1096 1923 1128 invenio
1947 1094 2042 1133 duas,
2087 1093 2166 1126 alte-

1157 1158 1225 1179 ram
1247 1144 1433 1183 Wincleri,
1457 1141 1620 1175 Borrichii
1645 1141 1800 1177 alteram,
1823 1150 1899 1181 quas
1922 1135 2166 1172 discriminiilli

1159 1189 1313 1231 objiciam
1339 1187 1460 1220 Riverii
1484 1189 1497 1224 (
1520 1185 1596 1226 x),
1620 1184 1659 1216 ab
1684 1183 1837 1225 alligata,
1862 1190 1914 1214 aut
1940 1181 2042 1214 soluta
2054 1190 2167 1212 carun-

1159 1235 1231 1267 cula
1256 1232 1403 1274 sumptO.
1428 1231 1531 1262 Erant
1556 1229 1641 1261 enim
1665 1226 1778 1269 polypi
1801 1226 1834 1257 in
1858 1234 1990 1267 utraque
2014 1224 2068 1257 illa
2093 1223 2168 1255 Ob-

1154 1277 1332 1312 servatione
1356 1273 1442 1307 nulla
1461 1280 1553 1314 parte
1576 1271 1703 1308 adnati,
1729 1268 1877 1311 nusquam
1901 1269 2038 1307 annexi,
2057 1266 2112 1309 scd
2127 1265 2169 1311 li-

1155 1322 1222 1355 beri
1237 1343 1249 1359 ,
1273 1329 1365 1361 atque
1389 1317 1513 1353 soluti3
1537 1314 1622 1348 nihil
1647 1323 1753 1347 tamen
1775 1313 1812 1345 de
1838 1312 1984 1353 pulsuum
2008 1312 2171 1343 imm-mii-

1155 1365 1266 1403 fione,
1290 1371 1343 1396 aut
1366 1359 1583 1403 inaequalitate
1627 1357 1818 1391 adnotatur.
1840 1355 1938 1399 Juvat
1961 1354 2023 1388 huc
2058 1353 2171 1400 addere

1157 1408 1319 1441 observata
1342 1417 1358 1438 a
1382 1401 1642 1449 Cl.Joerdens10
1667 1400 1719 1476 {y
1743 1404 1780 1440 ),
1802 1402 1857 1441 qui
1882 1399 2018 1441 ingenue
2043 1397 2136 1431 fassus
2158 1418 2168 1432 ‚

1160 1451 1264 1484 omnia
1288 1449 1344 1483 illa
1360 1447 1449 1491 figna
1472 1446 1510 1479 ab
1545 1445 1666 1480 aufiori
1688 1455 1725 1477 us
1758 1442 1890 1477 adduc‘ia
1923 1444 1961 1475 ad
1994 1440 2174 1485 cognoscen-

1162 1497 1236 1528 dum
1257 1493 1407 1535 polypum
1429 1492 1494 1531 jam
1510 1486 1635 1531 fabium
1647 1512 1658 1528 ,
1691 1487 1789 1520 etiam
1832 1485 1991 1531 colleffiive
2029 1485 2174 1530 fiimta,

1163 1549 1223 1571 non
1241 1535 1302 1579 fibi
1318 1533 1456 1579 sufficere
1471 1560 1479 1573 ,
1506 1541 1542 1566 ut
1565 1532 1634 1565 inde
1656 1531 1735 1563 certi
1757 1530 1831 1571 quid
1853 1530 1888 1561 de
1910 1539 1979 1570 esus
2008 1526 2172 1570 praesentia

1153 1582 1253 1622 flatui
1276 1588 1388 1622 queat,
1413 1588 1489 1610 mox
1512 1576 1546 1608 in
1570 1574 1766 1616 singulorum
1790 1573 1955 1607 examine,
1978 1571 2033 1605 ubi
2049 1570 2087 1604 ad
2103 1569 2175 1612 pul-

1162 1625 1232 1658 sum
1256 1625 1343 1656 venit
1368 1621 1663 1658 intermittentem,
1687 1614 1771 1650 hunc
1797 1615 1825 1648 se
1860 1625 2013 1657 nunquam
2049 1616 2081 1647 in
2114 1615 2178 1645 Po-

1164 1666 1303 1710 lyposis‚
1328 1665 1385 1707 nisi
1407 1662 1625 1701 moribundis,
1647 1656 1843 1698 observasse,
1865 1658 2017 1693 testatur:
2047 1662 2080 1692 ὃς
2126 1666 2177 1690 ta-

1163 1706 1237 1745 men
1258 1713 1292 1743 in
1317 1719 1390 1748 tot,
1415 1717 1554 1749 quorum
1577 1705 1731 1743 morbos,
1755 1706 1787 1736 δε.
1811 1701 2030 1736 dissectionem
2055 1710 2108 1734 aut
2121 1711 2176 1742 pe-

1162 1756 1329 1789 culiariter
1351 1751 1524 1786 describit,
1549 1757 1602 1782 aut
1626 1748 1812 1782 summatim
1835 1745 1983 1786 indicat,
2009 1746 2066 1788 ipsi
2093 1745 2176 1777 acci·-

1161 1799 1212 1833 dit
1226 1823 1236 1838 ,
1261 1808 1297 1831 ut
1321 1806 1423 1830 omnes
1447 1794 1575 1836 ptiirpOs
1594 1800 1705 1833 prater
1715 1794 1842 1823 unicum
1855 1813 1868 1830 ,
1893 1800 2021 1832 eumque
2036 1788 2175 1822 omnium

1162 1843 1336 1877 maximum
1350 1863 1363 1879 ,
1385 1836 1529 1872 trabibus
1552 1842 1593 1870 (φ
1628 1833 1817 1868 columnulis
1851 1834 1952 1866 cordis
1985 1829 2178 1867 ventriculo-

1161 1898 1231 1919 rum
1277 1894 1335 1917 non
1381 1880 1554 1923 alligatos,
1571 1879 1626 1921 scd
1650 1876 1763 1911 liberos
1786 1876 2042 1918 deprehenderet„

1160 1931 1232 1971 Iam
1257 1939 1334 1959 vero
1357 1923 1486 1968 quando
1511 1922 1592 1956 illud
1617 1922 1758 1964 primum
1775 1943 1784 1959 ‚
1807 1919 1956 1954 videlicet
1980 1918 2044 1954 fine
2068 1917 2177 1963 pulsus

1153 1968 1414 2008 intermissione,
1438 1977 1491 2000 aut
1515 1967 1575 2000 alia
1599 1966 1819 2008 inaequalitate
1844 1964 2003 2007 polypum
2025 1964 2102 2007 saepe
2125 1964 2179 1996 inm

1159 2025 1293 2050 ventum
1316 2010 1430 2051 fuisse,
1454 2011 1527 2044 latis
1551 2008 1708 2043 ostensum
1732 2008 1794 2047 est3
1818 2007 1938 2041 omiffia
1962 2008 2032 2040 aliis
2055 2019 2123 2051 quae
2142 2008 2182 2039 iniv

1164 2068 1322 2104 promptu
1348 2054 1468 2095 essent,
1491 2058 1523 2087 8(
1548 2054 1744 2087 nominatim
1768 2052 1962 2085 CLTrevrii
1985 2054 1998 2090 (
2022 2063 2046 2094 z
2067 2055 2080 2091 )
2105 2050 2180 2083 Ob-

1164 2100 1420 2137 suffitionibus,
1445 2099 1579 2133 alterum
1603 2099 1742 2140 pariter,
1766 2095 1923 2129 nimirum
1948 2094 2057 2138 pulsus·
2079 2096 2182 2127 inters

1165 2146 1367 2183 miffionem,
1390 2143 1553 2185 aliasque,
1577 2142 1674 2175 etiam
1699 2142 1778 2173 mire
1801 2140 1982 2177 variantes,
2005 2139 2178 2180 inaequalis

1164 2198 1249 2222 tates
1269 2187 1332 2221 fine
1358 2185 1425 2220 ullo
1448 2187 1570 2228 polypo
1592 2183 1822 2218 animadversas
1847 2181 1963 2223 fuisse,
1987 2193 2052 2215 non
2076 2193 2145 2216 una
2162 2203 2183 2222 9„

1164 2232 1219 2266 sed
1240 2231 1409 2274 pluribus,
1432 2238 1468 2262 ut
1492 2227 1613 2275 ρει-,ὤς
1632 2252 1645 2268 ,
1670 2225 1995 2261 Praestantiffimorum
2020 2226 2183 2259 Virorum}

1166 2274 1459 2310 Observationibus
1481 2272 1729 2311 confirmemus,
1751 2282 1806 2303 nec
1839 2279 1945 2303 tamen
1990 2269 2141 2303 omnibus
2165 2292 2174 2306 ,

1165 2319 1283 2362 quibus
1306 2319 1417 2351 liceret
1445 2341 1452 2348 .
1488 2318 1601 2359 Itaque
1623 2317 1767 2357 primum
1790 2325 1829 2346 ex
1854 2313 2066 2355 Sepulchreto
2100 2312 2176 2346 satis

1167 2364 1207 2397 fit
1231 2363 1269 2396 de
1294 2362 1405 2396 multis
1428 2360 1546 2402 septem
1563 2385 1571 2399 ,
1597 2358 1683 2392 haud
1707 2358 1865 2401 amplius,
1888 2354 2037 2390 indicasse
2055 2381 2068 2398 ,
2093 2358 2176 2392 (irea

1167 2408 1253 2449 gorii
1277 2404 1406 2439 Horstii
1430 2407 1443 2443 <
1464 2416 1482 2435 a
1506 2407 1544 2442 )‚
1571 2402 1707 2436 Nicolai
1747 2401 1866 2443 Tulpii
1899 2403 1912 2440 (
1935 2399 1954 2433 b
1976 2404 1990 2441 )
2014 2424 2022 2439 ,
2061 2404 2174 2436 Lazari

1167 2451 1294 2484 Riverii
1318 2453 1331 2488 (
1354 2460 1369 2480 c
1390 2452 1430 2488 ),
1455 2448 1549 2479 Laelii
1574 2458 1589 2478 a
1614 2448 1715 2478 Fonte
1740 2450 1751 2485 (
1774 2446 1794 2478 d
1816 2449 1851 2484 ),
1869 2444 2008 2488 Joannis
2021 2447 2175 2481 Praevotii

1168 2495 1218 2535 (e
1240 2498 1254 2532 )
1276 2491 1474 2534 singulorum
1498 2489 1634 2531 singulas
1648 2512 1659 2529 ,
1680 2490 1878 2531 Hieronymi
1903 2498 2008 2522 autem
2030 2490 2175 2524 Cardani

1167 2534 1253 2579 (f)
1276 2536 1384 2568 binas.
1412 2534 1502 2574 Quas
1525 2531 1546 2564 fi
1571 2533 1705 2575 legeris5
1731 2532 1856 2575 pulsum
1890 2530 1982 2566 fuisse
2014 2533 2176 2569 intermit-

1168 2587 1285 2614 tentem
1310 2578 1464 2620 reperies,
1488 2577 1751 2610 intermittentem
1774 2588 1904 2619 quoque
1947 2577 2143 2619 inaequaliter
2166 2602 2174 2617 ,

1168 2621 1259 2656 fuisse
1281 2620 1482 2665 inaeqnalem‚
1507 2621 1603 2652 etiam
1627 2620 1705 2653 mire
1729 2620 1909 2663 inequalem
1921 2643 1933 2661 ‚
1956 2622 2093 2655 maxime
2105 2623 2176 2656 inm-

1168 2666 1315 2709 qualem,
1343 2665 1427 2698 omni
1449 2663 1678 2706 inaequalitatis
1697 2674 1805 2706 genere
1823 2664 2072 2707 perturbatum,
2101 2666 2176 2708 plu-

1168 2711 1343 2751 rimumque
1388 2709 1421 2741 in
1460 2706 1596 2749 fingulis
1620 2703 1810 2751 differentiis
1834 2708 2035 2749 variantem,
2070 2710 2176 2744 ordine

1168 2754 1292 2787 omnino
1314 2751 1421 2785 nullo:
1446 2750 1496 2784 sed
1521 2761 1594 2784 curn
1617 2751 1650 2782 in
1674 2761 1868 2793 unoquoque
1902 2763 1943 2785 ex
1974 2751 2024 2786 his
2056 2752 2177 2795 septem

1168 2798 1261 2839 aegris
1287 2805 1340 2829 aut
1365 2793 1557 2838 pericardii,
1580 2803 1633 2828 aut
1656 2793 1789 2835 cordis,
1809 2794 1896 2836 quod
1910 2797 1943 2827 in
1969 2797 2093 2838 aliquot
2107 2808 2176 2829 ma..

1169 2851 1269 2883 gnum
1296 2839 1382 2876 fuit,
1409 2848 1461 2872 aut
1486 2839 1668 2879 pulmonis,
1693 2847 1729 2870 ut
1753 2838 1785 2870 in
1798 2837 1976 2880 plerisque,
2001 2840 2175 2873 aliarumve

1171 2886 1313 2926 partium
1336 2885 1416 2917 vitia
1439 2882 1594 2924 descripta
1618 2882 1780 2920 invenies,
1804 2883 1838 2914 in
1862 2883 1956 2914 nullo
1985 2884 2141 2925 polypum
2164 2908 2176 2925 ‚

1172 2937 1227 2961 aut
1250 2929 1484 2960 concretionem
1509 2925 1698 2969 polyposam
1720 2935 2005 2959 commemoratam
2029 2928 2152 2960 videbis
2168 2953 2175 2960 ,

1170 2971 1233 3005 Sed
1256 2983 1355 3014 neque
1377 2971 1411 3002 in
1435 2970 1505 3002 aliis
1531 2969 1677 3008 videbis,
1702 2979 1778 3010 quas
1800 2967 1863 3003 huc
1888 2968 2039 3012 adjicies,
2075 2970 2177 3005 histo-

1165 3016 1247 3055 riis,
1272 3015 1428 3048 Brunneri
1453 3016 1465 3051 (
1485 3013 1565 3055 g),
1589 3013 1781 3046 Gullmanni
1808 3016 1821 3052 (
1843 3012 1863 3045 h
1884 3017 1922 3053 )‚
1946 3012 2085 3047 Lancifii
2120 3017 2179 3056 (i)

1167 3059 1293 3102 pulsum
1316 3058 1563 3101 proponentium
1587 3055 1780 3099 inaequaliter
1800 3056 2084 3099 inter-mittentem,
2109 3061 2181 3093 inae-

1169 3103 1305 3145 qualiter
1327 3100 1531 3143 inaequalem,
1554 3099 1753 3143 irregularem
1787 3101 1829 3132 Θ
1860 3100 2039 3142 inaequalem
2059 3125 2071 3143 ,-
2105 3104 2179 3136 inae..

1171 3145 1293 3189 qualem
1304 3154 1398 3187 atque
1409 3144 1671 3177 intermittentem
1682 3166 1691 3181 ‚
1703 3154 1776 3176 cum
1788 3143 1947 3186 quidquid
1959 3144 2097 3178 morbosi
2110 3145 2179 3188 post

1170 3202 1223 3224 eos
1247 3189 1352 3232 pulsus
1376 3186 1649 3230 deprehenderunt
1672 3188 1705 3219 in
1729 3187 1823 3220 corde
1847 3186 2041 3228 praesertim,
2066 3191 2179 3222 arteria

1169 3234 1313 3274 Magna,
1336 3236 1366 3265 &c
1389 3243 1465 3264 vena
1488 3232 1596 3268 Cava,
1619 3242 1682 3263 non
1706 3231 1909 3264 reticuerint.
1923 3231 2180 3274 Quid?quodin

1169 3277 1276 3319 puella
1301 3284 1467 3319 quatuor,
1491 3284 1545 3308 aut
1568 3276 1709 3317 quinque
1733 3284 1830 3307 annos
1856 3282 1950 3314 nata,
1974 3274 2065 3318 cujus
2088 3287 2178 3309 mor-

1169 3321 1267 3359 bum,
1290 3318 1556 3352 &disseffitionem
1567 3320 1710 3360 egregius
1722 3318 1785 3350 Vir
1808 3316 1929 3359 scripsit
1942 3319 2107 3357 Verneyus
2130 3319 2180 3361 ju·-

1171 3366 1245 3397 nior
1267 3362 1349 3402 (k),
1375 3374 1446 3395 cum
1472 3362 1578 3404 pulsus
1603 3361 1704 3395 modo
1727 3361 1862 3401 celeres,
1885 3360 1984 3394 modo
2008 3357 2113 3405 taidi,
2147 3366 2180 3397 &

1172 3417 1320 3450 praeterea
1343 3406 1592 3439 intermittentes
1611 3430 1624 3446 ,
1670 3405 1738 3437 imo
1785 3404 1823 3437 ad
1865 3414 1990 3446 tempus
2022 3418 2088 3449 sper
2130 3408 2182 3440 in-

1359 3448 1376 3482 s
1373 3448 1493 3492 uspenli
1989 3450 2028 3483 de
2072 3450 2183 3484 cordis

2047 3495 2146 3537 poly-

1547 3453 1700 3483 timorem
1753 3448 1932 3481 incuterent

1694 3491 1837 3526 Kkz

1172 3451 1302 3486 tervalla

257 3695 338 3720 Tra&
354 3694 384 3718 de
400 3692 480 3717 Corde
495 3701 516 3718 c.
534 3701 556 3717 2.
621 3694 635 3722 (
646 3698 663 3722 p
675 3692 689 3721 )
706 3701 731 3718 n.
747 3700 785 3723 ²3·

263 3733 288 3750 n.
324 3743 330 3749 .
391 3723 401 3751 (
419 3731 435 3746 α
460 3724 466 3751 )
482 3731 507 3748 n.
524 3733 546 3753 4·
609 3722 618 3751 (
635 3731 649 3746 x
663 3723 677 3751 >
692 3724 749 3749 Vid.
765 3724 846 3752 supra,
863 3732 887 3748 n.
904 3733 942 3756 ²7-
959 3725 1023 3749 circa
1040 3723 1082 3747 fin.

265 3755 372 3780 Eorund.
388 3755 442 3778 Ati.
461 3756 536 3778 Tom.
553 3762 576 3777 2.
594 3754 652 3778 obs.
672 3762 708 3784 53.

263 3786 280 3810 lA
296 3795 319 3815 4.
336 3787 358 3809 S.
376 3793 397 3810 x.
416 3785 475 3808 obs.
492 3793 531 3814 45.
552 3784 574 3815 §.
593 3788 615 3808 6.
678 3790 683 3813 (
704 3794 715 3809 e
732 3785 746 3814 )
764 3783 827 3808 Ibid.
843 3786 902 3810 Obs.
919 3794 940 3816 3.
959 3786 980 3816 ὃ.
999 3795 1033 3811 10.

266 3817 372 3843 Eorund.
390 3816 443 3841 Αᾶ.
460 3817 532 3839 Tom-
551 3823 570 3838 ¹-
588 3815 645 3841 Obs.
661 3824 686 3845 4.
749 3816 763 3844 (
780 3815 789 3837 ἱ
805 3815 819 3843 )
835 3817 871 3840 De
886 3819 977 3842 Aneur.
997 3816 1094 3845 propos.
1113 3824 1148 3846 33.

844 3694 858 3722 (
874 3702 890 3723 q
906 3695 920 3724 )
935 3694 952 3718 1.
971 3701 993 3718 ².
1012 3695 1035 3719 S.
1052 3693 1076 3716 8.
1092 3692 1152 3717 Obs.

767 3755 781 3783 (
796 3755 837 3783 a)
855 3757 873 3779 ι.
892 3763 913 3780 2.
929 3758 952 3781 s.
970 3758 994 3780 8.
1012 3754 1074 3779 Obs.
1092 3762 1131 3784 35.
1152 3753 1176 3783 §.
1197 3762 1216 3779 1.

1098 3785 1314 3815 (f)l-2-S›9
1341 3784 1394 3807 obs
1418 3783 1550 3812 33-&22.

1170 3699 1207 3721 14,
1272 3694 1312 3722 (r
1330 3692 1343 3721 )
1358 3690 1432 3720 Epist.
1451 3698 1489 3719 ¹7·
1508 3699 1532 3715 n.
1550 3698 1588 3719 23-
1607 3692 1629 3714 ἃ
1647 3690 1719 3718 Epist.
1737 3698 1775 3719 23-
1798 3697 1822 3713 n.
1842 3692 1865 3713 6.
1927 3688 1996 3719 (s)
2012 3697 2036 3713 Π·
2053 3701 2092 3719 22.
2109 3693 2132 3717 ec
2148 3700 2188 3722 24,

1705 3754 1719 3782 (
1740 3761 1752 3775 c
1766 3753 1780 3781 )
1797 3751 1857 3776 See‘ti
1878 3760 1897 3780 ς.
1916 3750 1974 3775 Obs.
1991 3758 2028 3777 21.

1614 3784 1660 3812 (g
1680 3782 1687 3811 )
1705 3784 1766 3811 Ερει.
1786 3785 1816 3807 Ν.
1837 3784 1865 3806 c.
1884 3784 1955 3806 cent.
1973 3787 1995 3807 ⁶.
2014 3784 2074 3809 obs.
2092 3792 2115 3809 1·

1211 3820 1218 3848 (
1237 3815 1254 3839 le
1271 3817 1283 3844 )
1304 3817 1380 3839 Mem.
1399 3815 1426 3839 de
1443 3814 1540 3841 l'Acad.
1559 3818 1587 3839 R.
1607 3814 1650 3838 des
1666 3817 1700 3839 Sc.
1721 3819 1750 3840 A.
1766 3822 1837 3844 '¹704-

1143 3724 1183 3752 (γ
1198 3724 1210 3754 )
1227 3724 1278 3748 Αξὶ.
1298 3726 1332 3748 N.
1351 3724 1378 3746 C.
1397 3724 1471 3745 Torn-
1489 3730 1510 3749 4.
1529 3723 1638 3750 append.
1658 3729 1682 3744 n.
1702 3729 1722 3750 ς.
1742 3722 1764 3751 §.
1784 3729 1802 3749 ς.
1820 3722 1842 3743 8:
1859 3724 1882 3744 6.

1280 3754 1319 3782 (b
1335 3754 1348 3781 )
1367 3752 1505 3776 1bid.0bs.
1523 3761 1560 3783 23.
1581 3753 1605 3782 ς.
1625 3760 1643 3776 ι.
