2498 4075
428 152 527 206 334

359 220 485 254 moravi
508 216 648 251 scabiem
671 213 851 247 consecutis
874 211 1120 246 inunfflonibus
1141 214 1308 255 abaetam,
1322 227 1360 250 eo

360 274 391 298 te
415 262 509 296 facile
533 259 712 294 adducent,
736 265 772 289 ut
784 268 824 289 ex
848 267 897 289 me
909 263 1053 297 quaeras,
1076 256 1157 297 quid
1179 258 1281 300 igitur
1292 262 1359 292 sen-

360 310 441 341 tiam
462 306 500 340 de
512 300 728 338 minutiffimis
741 299 958 335 animalculis,
982 308 1054 341 quae
1066 307 1160 332 aetate
1172 301 1274 335 nostra
1285 313 1360 336 cum

361 345 657 385 animadvertissent
680 342 891 384 perindustrii
915 342 1016 381 Viri,
1035 343 1068 374 ὃ(
1092 343 1221 376 unicam
1244 344 1359 379 scabiei

359 394 486 428 causam
511 389 568 423 esse
582 410 594 427 ‚
616 383 826 424 docuissent,
847 385 1028 420 docuerunt
1049 395 1181 427 quoque
1195 411 1204 425 ,
1229 397 1360 429 praeter.

359 435 453 472 missa
476 437 602 467 interna
625 429 795 463 curatione
817 449 826 464 ,
860 438 1055 469 quocunque
1081 429 1156 461 anni
1180 438 1324 473 tempore
1348 455 1358 471 ‚

359 478 559 522 sulphureis,
582 472 694 507 aliisve
706 481 777 513 quae
800 469 866 512 ipsa
879 471 1128 511 interimerent,
1152 476 1294 509 exterius
1306 475 1361 509 ad-

356 524 472 561 hibitis
495 517 553 553 esse
576 512 840 550 exterminanda3
865 511 906 547 fic
929 514 1018 550 enim
1041 514 1164 548 sublata
1185 519 1274 551 caus,
1288 542 1298 557 ‚
1312 520 1360 552 ci,

356 578 414 605 to,
438 567 469 598 &
493 571 567 596 tuto
590 559 727 593 scabiem
751 556 933 590 evanescere
955 579 967 596 ,
1001 556 1091 591 nullo
1114 559 1325 596 incommodo
1348 584 1359 600 ,

358 610 475 645 nedum
500 605 639 640 morbo,
662 602 869 647 insequente.
895 601 968 647 Ego
991 612 1067 635 vero
1089 613 1099 639 3
1122 610 1158 635 ut
1182 604 1318 646 ingenue
1341 628 1353 643 ‚

355 648 632 698 quemadmodum
656 646 768 679 solitus
791 644 859 678 sum
880 667 894 684 ,
915 654 1022 678 tecum
1046 645 1160 687 loquar
1180 659 1190 683 3
1213 649 1355 689 primum

357 694 560 733 admonebo,
585 703 622 725 ne
645 689 779 724 eruditis
802 688 893 721 Viris
916 688 987 730 plus
1010 688 1154 729 tribuas,
1177 701 1272 732 quam
1297 693 1355 726 sibi

356 742 509 776 sumunt.
535 736 624 771 Nam
646 732 735 777 quod
759 731 798 766 ad
819 733 988 765 inventum
1012 733 1148 769 attinet,
1172 732 1255 767 nihil
1278 734 1359 769 faci-

358 786 422 819 lius
446 783 508 822 est,
531 791 628 823 quam
652 776 843 815 ostendere,
867 775 1059 809 animalcula
1084 776 1139 808 illa
1178 776 1226 824 vel
1250 780 1357 813 multo

358 825 624 868 antiquioribus,
646 831 744 863 quam
769 818 828 859 ipsi
852 817 1050 860 agnoscunt,
1074 818 1164 852 fuisse
1189 831 1253 860 jam
1264 832 1358 856 nota.

355 870 439 904 'Non
463 870 502 900 iis
525 864 745 908 scriptoribus
768 861 844 897 dico
868 872 950 904 quos
975 862 1014 896 ab
1038 864 1234 898 rfonnemine
1266 866 1358 909 obje-

357 915 427 947 &os
451 909 510 945 effe
534 908 634 942 video
657 918 695 941 ex
706 905 843 940 Daniele
855 906 1013 938 Sennerto
1033 906 1126 950 (z),
1149 907 1206 940 ubi
1228 907 1267 942 de
1278 910 1363 943 Ver-

356 957 464 990 mibus
482 951 583 988 Dorfi
607 950 705 985 verba
729 949 830 986 facit,
852 950 883 981 &
908 951 1014 982 multo
1037 951 1143 983 minus
1165 951 1205 983 iis
1228 953 1285 994 qui
1297 953 1366 987 Ve-

356 1011 432 1033 nam
447 1020 456 1037 ,
482 1007 518 1031 ut
530 1005 652 1030 vocant
664 1017 676 1035 ‚
702 991 926 1026 Medinensem
939 992 1021 1026 olim
1031 1003 1251 1028 memorarunt
1264 1020 1274 1036 ,
1292 998 1363 1038 post

356 1040 552 1077 Velschium
577 1040 646 1082 (a)
669 1050 686 1072 a
712 1035 872 1078 Wepfero
893 1046 1025 1078 qnoque
1047 1035 1299 1076 confirmatam,
1325 1049 1362 1074 ut

356 1097 397 1122 ex
417 1085 577 1127 superiore
601 1083 664 1115 ΙΙΙ.
689 1078 890 1121 Sepulchreti
913 1079 1064 1113 Sefflone
1086 1079 1140 1123 (b
1163 1084 1174 1119 )
1198 1082 1362 1117 intellexe-

357 1132 423 1164 ris.
451 1127 512 1162 Sed
536 1128 576 1160 iis
600 1125 675 1160 dico
698 1124 756 1165 qui
778 1123 874 1165 longe
897 1122 1044 1164 minora,
1067 1125 1099 1156 δε
1123 1133 1206 1158 certe
1230 1125 1360 1159 brevio-

356 1186 393 1210 ra
416 1170 606 1207 animalcula
621 1191 629 1206 ,
656 1165 814 1211 ejusmodi
836 1164 941 1199 verbis
964 1177 1218 1201 memmoravere
1241 1169 1360 1211 quibus

355 1217 527 1252 „Abinzoar
572 1211 655 1256 apud
697 1211 857 1255 Joannem
888 1209 1050 1251 Langium
1081 1213 1096 1249 (
1126 1221 1143 1243 c
1174 1213 1189 1249 )
1221 1234 1231 1243 .
1276 1215 1359 1246 Sunt

355 1262 445 1295 enim
469 1262 622 1300 Syrones,
644 1254 754 1297 inquit
777 1254 948 1286 Abinzoar
961 1274 973 1292 ,
992 1251 1165 1294 pedecelli,
1187 1253 1358 1289 Arabibus

356 1300 493 1347 affoabat
515 1299 591 1333 die'c'i
605 1324 614 1339 ‚
658 1299 692 1330 ui
707 1294 818 1338 subter
841 1303 944 1328 cutem
966 1295 1061 1328 &ad
1081 1306 1212 1337 manus,
1236 1297 1358 1332 &cru-

360 1358 394 1381 ra
411 1344 563 1387 serpunt:
583 1309 722 1385 puffulas
745 1349 860 1381 quoque
883 1349 963 1385 aqua
982 1337 1093 1379 plenas
1107 1338 1171 1380 sub
1192 1348 1284 1378 cute,
1307 1342 1362 1376 ubi

356 1388 562 1431 delitescunt,
584 1384 748 1419 excitant:
773 1392 831 1423 qua
855 1381 999 1425 distensa,
1017 1391 1191 1425 prorepunt
1223 1384 1358 1418 animal-

354 1432 428 1468 cula
453 1440 519 1464 tam
537 1438 640 1471 parva
656 1448 666 1464 ,
688 1433 723 1459 ut
749 1426 806 1460 vix
827 1424 922 1467 visu,
944 1425 1089 1466 quamvis
1109 1425 1287 1468 perspicaci
1301 1440 1362 1468 ‚ae-

353 1487 408 1521 gre
430 1472 610 1517 deprehendi
630 1469 738 1512 poffint
760 1491 769 1500 .
796 1470 946 1517 Formam
970 1479 1101 1517 quoque
1124 1469 1268 1512 ipsorum
1292 1472 1363 1506 aliis

353 1529 451 1555 antea
475 1515 565 1552 fuiffe
589 1512 799 1555 microscopii
823 1511 946 1545 auxilio
958 1521 1022 1543 non
1036 1513 1262 1554 incognitam,
1285 1527 1361 1549 cum

354 1562 484 1599 Borelli
506 1558 760 1593 Observationes
781 1554 928 1588 indicant
951 1565 969 1588 a
991 1554 1149 1589 'Velschio
1172 1557 1238 1599 (d)
1270 1570 1362 1593 com-

352 1613 546 1644 memoratae
560 1627 569 1643 ,
592 1600 764 1636 secundum
786 1610 864 1642 quas
887 1599 1015 1633 Sitones
1038 1598 1222 1638 testudinum
1246 1601 1360 1645 effigies

352 1648 633 1693 repraesentarunt,
655 1654 724 1678 turn
748 1641 925 1685 praesertim
950 1642 1139 1675 Ettmulleri
1164 1644 1218 1677 illa
1241 1644 1362 1679 confir-

356 1703 426 1728 mat
452 1692 603 1725 Sitonum
626 1686 825 1722 Observatio
846 1696 918 1732 quae
942 1683 1057 1726 Lipfiae
1082 1687 1109 1718 Ι.
1133 1686 1251 1721 Αᾶοῐ.
1274 1689 1359 1722 Eru-

357 1737 421 1771 dit.
441 1734 622 1769 Volumine
642 1733 709 1770 (e)
733 1728 900 1771 proposita
913 1748 923 1765 ‚
947 1735 1164 1770 praeterquam
1187 1730 1269 1764 alios
1300 1743 1360 1765 no-

358 1783 466 1816 minat
488 1777 547 1820 qui
569 1776 657 1819 prius
681 1771 822 1806 viderint
838 1792 848 1810 ,
873 1770 1065 1804 animalcula
1089 1771 1155 1813 ipsa
1179 1771 1221 1806 sic
1244 1773 1361 1808 deseri-

353 1835 415 1869 pta
438 1821 569 1857 exhibet
586 1844 596 1861 ,
617 1820 648 1851 ἃ
671 1815 830 1851 delineata
843 1836 852 1852 ‚
873 1823 909 1848 ut
932 1813 1110 1855 descriptio
1130 1838 1140 1854 ‚
1172 1817 1204 1847 δε
1236 1818 1359 1859 pirama

355 1866 569 1914 persefflores
592 1859 725 1906 quidem
748 1859 855 1902 paucis
878 1858 949 1900 post
972 1859 1061 1891 annis
1073 1856 1161 1892 reddi
1172 1862 1359 1901 potuerint,

353 1911 413 1947 {ed
435 1919 591 1953 tanquam
623 1915 715 1939 novae
738 1901 871 1945 prorsus
894 1901 928 1934 in
950 1901 1094 1936 medium
1126 1901 1263 1944 proferri
1295 1914 1360 1938 non

357 1954 550 2001 potuerint.
578 1953 755 1984 Potuerunt
778 1956 908 1989 quoque
920 1944 1077 1987 praeclaris
1087 1945 1359 1987 explicationibus

354 2001 454 2045 plura
477 1994 631 2031 illustrari
654 2002 725 2036 quae
749 1989 788 2023 ad
811 1988 926 2022 scabiei
949 1989 1131 2031 originem,
1157 1990 1360 2032 multiplica-

356 2045 504 2080 tionem,
531 2038 723 2079 facilemque
745 2043 816 2067 tum
839 2044 893 2076 per
915 2032 1103 2066 contaaum
1136 2035 1359 2068 communica-

356 2089 512 2124 aionem,
534 2093 606 2123 tum
629 2090 683 2124 per
704 2085 813 2117 certa,
835 2076 972 2110 exterius
1006 2074 1153 2109 adhibita
1175 2098 1188 2116 ,
1219 2079 1359 2111 remedia

357 2131 562 2168 curationem
580 2151 590 2168 ,
613 2124 651 2159 ad
674 2122 799 2165 aliaque
824 2120 964 2154 attinent
987 2119 1026 2153 de
1050 2118 1112 2153 hoc
1135 2130 1249 2161 genere
1265 2146 1274 2154 .
1299 2120 1361 2156 Sed

360 2177 442 2211 dum
465 2173 591 2208 curatio
614 2168 673 2203 ista
685 2165 848 2202 exterior,
872 2163 1028 2196 interiore
1039 2161 1173 2200 omissa,
1196 2175 1363 2198 commen..

359 2220 479 2256 datur,
506 2216 634 2249 videtur
657 2210 708 2245 his
729 2208 834 2243 doffis
857 2206 948 2240 Viris
971 2206 1056 2247 idem
1083 2206 1238 2242 accidisse
1270 2208 1362 2250 quod

360 2260 561 2298 Helmontio
586 2253 666 2299 (f)
689 2253 777 2286 illam
800 2251 921 2294 pariter
943 2250 1110 2291 laudanti,
1132 2249 1214 2284 hanc
1237 2252 1362 2294 impro-

364 2307 478 2342 banti.
502 2299 715 2338 Helmontius
738 2298 825 2330 enim
847 2292 904 2328 etsi
929 2305 1045 2336 praeter
1069 2293 1205 2328 scabiem
1230 2295 1270 2329 ab
1281 2304 1362 2329 atta-

363 2351 442 2391 ἃιι,
466 2359 535 2382 eam
558 2354 689 2388 quoque
712 2339 891 2384 agnosceret
914 2349 985 2381 quae
1008 2338 1120 2381 sponte
1133 2339 1271 2373 oriretur
1285 2341 1363 2382 (g);

363 2403 471 2428 tamen
495 2388 659 2431 utriusque
681 2393 718 2418 ut
742 2383 872 2417 eandem
896 2381 1062 2419 indolem,
1087 2380 1228 2416 ficidem
1241 2382 1359 2424 semen,

364 2437 429 2472 five
451 2434 646 2469 fermentum
670 2431 703 2462 in
726 2436 800 2461 cute
821 2425 989 2459 dumtaxat
1012 2425 1168 2459 statuebat
1191 2448 1199 2458 .
1235 2428 1272 2459 In
1294 2438 1359 2468 qua

361 2492 429 2517 una
451 2488 542 2513 tanto
566 2475 667 2517 magis
690 2471 726 2505 hi
750 2471 867 2504 haerere
890 2469 1041 2502 morbum
1065 2479 1195 2502 omnem
1232 2491 1244 2508 ‚
1279 2481 1358 2503 con-

362 2526 506 2560 stituunt
529 2545 539 2562 ‚
594 2518 658 2553 uod
694 2516 727 2548 in
752 2513 807 2547 illa
830 2523 893 2546 una
915 2510 976 2546 ista
999 2511 1191 2546 nidulantur
1224 2513 1361 2546 animal-

362 2569 458 2604 cula,
480 2531 600 2607 quaecsi
624 2559 711 2594 nulla
734 2558 768 2590 in
791 2556 913 2590 mundo
936 2555 1054 2596 essent,
1076 2556 1197 2590 nullam
1230 2567 1360 2599 quoque

364 2611 503 2647 scabiem
526 2606 617 2643 fore,
643 2600 837 2640 asseverant,
862 2607 898 2633 ut
920 2610 991 2642 quae
1024 2610 1188 2642 nunquam
1209 2601 1365 2641 corripiat

361 2662 547 2700 quenquam
562 2672 574 2689 ,
598 2647 656 2681 nisi
681 2644 807 2679 aliunde
830 2644 960 2676 naffitum
982 2640 1041 2676 ista
1053 2643 1246 2676 animalcula
1261 2666 1268 2674 .
1295 2644 1364 2685 Igi-

364 2711 420 2735 tur
441 2708 482 2730 ex
504 2690 682 2729 istiusmodi
703 2687 910 2730 dogmatibus
941 2685 1021 2728 quid
1052 2695 1269 2728 utrorumque
1293 2688 1365 2721 Au-

363 2741 512 2776 fioribus
535 2738 656 2780 partim
678 2732 768 2769 veri,
792 2731 825 2763 &
849 2730 965 2768 utilis,
989 2730 1108 2771 partim
1133 2732 1238 2763 minus
1261 2731 1328 2763 veri
1351 2752 1362 2769 ,

365 2784 536 2825 minusque
549 2781 616 2815 tuti
630 2781 663 2811 in
673 2776 841 2810 curatione
852 2774 968 2807 docere
976 2774 1164 2815 contigerit,
1177 2773 1339 2807 videamus
1353 2799 1361 2806 .

414 2838 443 2871 ς,
471 2826 618 2859 Medicus
629 2816 909 2864 prudentiffimus,
920 2815 1070 2857 idemque
1082 2816 1281 2850 doffiffimns
1291 2817 1365 2850 Bal-

366 2874 477 2907 lonius
501 2869 565 2910 (h)
588 2876 664 2901 cum
687 2864 779 2904 super
800 2861 885 2895 cutis
908 2859 1133 2894 affeffionibus
1154 2862 1188 2893 in
1212 2860 1364 2903 dogmata

368 2912 572 2959 quorundam
596 2906 755 2943 incidisset
776 2915 851 2938 cum
873 2904 938 2937 illis
960 2903 1195 2938 consentientia
1218 2905 1257 2938 de
1288 2905 1362 2946 qui-

368 2960 428 2993 bus
451 2955 549 2990 modo
573 2953 777 2987 dicebamus,
802 2949 948 2987 ratione,
972 2949 1197 2989 experientia,
1219 2950 1250 2980 δι
1273 2948 1362 2990 Hip-

353 2998 511 3048 ponatis
532 2997 680 3031 dostrina
703 2992 824 3032 fretus,
846 2993 910 3025 tria
934 2993 1018 3024 cutis
1041 2990 1247 3025 affeftionum
1269 3002 1363 3033 gene-

363 3058 403 3081 ra
427 3053 518 3079 caute
540 3043 626 3073 inter
648 3038 679 3071 se
704 3037 749 3069 ita
772 3033 996 3082 distinguenda
1019 3033 1100 3075 effe,
1123 3035 1320 3075 censuitfflt
1331 3047 1363 3068 a-

365 3080 424 3125 liae'
446 3086 508 3121 sint
529 3092 695 3125 tamquam
717 3080 801 3113 cutis
824 3079 919 3120 ipsius
944 3077 1051 3111 morbi
1070 3101 1083 3117 ,
1117 3080 1186 3112 aliae
1209 3084 1362 3121 tanquam

365 3133 561 3168 interiorum
586 3126 728 3167 partium
754 3120 926 3161 abscessuS,
949 3122 1018 3155 aliae
1041 3130 1197 3165 tanquam
1218 3122 1303 3155 inter
1325 3133 1362 3156 u-

366 3177 494 3219 trasque
517 3163 734 3213 ambigentes.
760 3165 877 3208 Neque
900 3165 986 3206 figna
1007 3177 1062 3207 per
1074 3177 1144 3207 quae
1168 3164 1362 3208 singulasin-

363 3217 606 3254 ternoscamus,
633 3209 832 3253 praetermifit
850 3222 859 3241 .·
885 3219 986 3250 neque
1008 3209 1174 3243 dubitavit
1188 3231 1202 3249 ,
1225 3209 1281 3243 ubi
1305 3220 1363 3242 cu-

369 3267 413 3298 tis
436 3257 667 3295 tantummodo
690 3254 796 3287 morbi
820 3251 880 3285 fint
903 3274 912 3290 ,
946 3260 1022 3290 tunc
1044 3254 1077 3286 in
1099 3260 1260 3286 externum
1283 3251 1362 3285 illud

367 3306 488 3340 vitium
511 3299 685 3335 incumbere
708 3305 845 3339 oportere
866 3321 876 3335 ,
908 3305 966 3327 non
989 3293 1132 3338 laceffitis
1150 3305 1206 3337 per
1229 3296 1362 3328 medica-

366 3357 472 3384 menta
490 3343 661 3388 purgantia
679 3339 826 3382 partibus
847 3338 998 3379 intestinis
1021 3361 1031 3371 .
1064 3339 1155 3376 Quin
1180 3338 1242 3373 huc
1267 3337 1361 3371 facile

364 3395 525 3435 pertinere
543 3412 552 3426 ,
567 3385 747 3423 indicavit,
769 3382 932 3416 latasillas
942 3381 1084 3415 Simonis
1093 3381 1254 3423 pustulas,
1268 3392 1364 3424 quem

362 3436 585 3478 Hippocrates
608 3430 684 3469 (i),
710 3425 763 3459 ubi
784 3427 823 3458 aci
846 3426 947 3468 ignem
969 3425 1186 3467 inungeretur,
1209 3433 1265 3459 aut
1286 3424 1365 3458 cali-

366 3482 401 3513 da
425 3478 609 3514 lavaretur,
633 3481 719 3512 opem
735 3467 875 3512 senfisse‚
900 3466 1048 3511 scripsit5
1072 3469 1232 3503 vomitum
1254 3477 1364 3501 autem

661 135 818 188 Liber
856 133 948 187 IV·
982 135 1062 187 De
1095 133 1303 190 Morbis
1339 135 1689 204 ChirurgiCiS,
1719 138 1774 191 &
1811 134 2203 192 Universalibus

1412 226 1470 249 non
1488 213 1653 259 profuisse.
1677 216 1715 248 In
1739 216 1851 257 primis
1875 227 1951 250 vero
1962 215 1999 250 ad
2011 217 2212 258 propositum
2225 217 2305 254 facit
2318 221 2408 264 quod

1413 259 1451 292 ad
1474 259 1571 293 verba
1594 260 1649 293 illa
1660 259 1802 292 Ballonii
1823 259 2016 294 adnotatum
2028 260 2111 301 leges
2134 260 2218 302 UO:
2241 266 2324 297 Dum
2336 267 2407 307 quis

1411 300 1635 344 cumfiabioso
1657 301 1853 343 concumbit,
1874 305 1918 337 &-
1939 303 2022 336 cutis
2035 302 2176 345 inficitur
2189 327 2199 343 ,
2221 306 2337 340 malum
2348 308 2404 342 hoc

1410 355 1481 378 vere
1503 352 1664 379 cutaceum
1687 343 1748 385 est,
1771 345 1813 378 &-
1836 344 2053 388 superficiaria
2077 346 2199 379 curatio
2219 347 2273 391 effe
2294 350 2404 384 debet,

1410 388 1512 421 Vides
1534 389 1657 431 igitur,
1682 386 1761 431 quid
1785 390 1874 427 veri,
1897 391 1928 421 &
1952 388 2044 421 utilis
2065 388 2105 421 sit
2126 390 2160 421 in
2183 400 2244 423 una
2267 392 2320 426 illa
2345 405 2402 427 ex-

1411 438 1501 464 terna
1522 433 1712 470 curatione,
1737 433 1863 465 interna
1887 430 2015 474 prorsus
2037 430 2151 465 omissa
2174 453 2185 469 ,
2214 444 2289 467 cum
2314 436 2407 472 sanus

1412 475 1526 517 aliquis
1552 486 1568 508 a
1592 473 1745 510 scabiosi,
1771 483 1826 508 aut
1850 475 2028 508 linteorum
2051 474 2140 516 ejus,
2162 475 2335 512 vestiumve
2354 490 2409 516 at.

1414 518 1500 552 tadu
1526 517 1660 553 scabiem
1684 517 1782 560 paulo
1804 527 1877 551 ante
1900 518 2086 552 contraxit.
2110 517 2172 553 Sed
2194 519 2281 554 vides
2305 520 2411 564 simul,

1414 561 1492 603 quid
1515 562 1622 594 minus
1646 562 1712 594 veri
1731 584 1742 601 ,
1776 561 1947 604 minusque
1970 561 2036 594 tuti
2061 559 2120 595 ista
2143 562 2251 597 eadem
2273 564 2407 600 haberet

1413 603 1546 638 curandi
1568 604 1715 638 dofirina
1730 629 1739 644 ‚
1761 605 1784 637 si
1810 603 1928 639 scabies
1950 614 2016 637 non
2040 606 2124 637 cutis
2146 607 2241 641 unius
2275 609 2408 643 morbus

1410 647 1511 687 esset,
1536 646 1585 680 sed
1610 657 1664 681 aut
1689 647 1864 685 abscessus,
1887 656 1942 682 aut
1966 645 2120 681 absceffus
2143 649 2259 691 simul,
2282 653 2409 686 &cutis

1410 690 1560 725 morbus.
1586 690 1702 734 Neque
1725 692 1810 724 enim
1822 690 1915 724 facile
1926 689 2155 725 assentiendum
2168 692 2211 726 est
2225 714 2235 730 ,
2258 704 2332 728 cum
2344 694 2411 728 sca..

1409 734 1476 767 bies
1499 745 1686 777 nunquam,
1711 733 1768 767 nisi
1787 733 1945 768 ascabiosi
1968 735 2146 772 σοιπειᾶιι,
2170 736 2212 769 ab
2223 735 2330 778 ejusve
2341 740 2410 771 ani-

1411 777 1558 811 malculis
1581 777 1667 810 nasci
1689 778 1833 811 dicitur.
1860 777 1952 811 Num
1975 778 2014 812 ab
2037 778 2177 812 illuvie?
2202 790 2281 813 num
2303 793 2320 814 a
2359 792 2372 814 r
2395 801 2429 813 «ἶ

1410 824 1458 854 vis
1480 821 1584 860 cibis,
1608 820 1836 862 potionibusve
1858 831 2022 863 nunquam
2044 821 2212 857 nascitur?
2237 824 2336 857 Certe
2350 825 2411 858 ali·

1409 874 1457 898 tet
1468 864 1626 907 plerisque
1637 864 1764 899 videtur
1775 863 1913 898 Medicis
1925 888 1934 905 ,
1958 865 2033 897 &in
2046 862 2095 898 his
2118 866 2270 900 Sennerto
2283 887 2295 904 ‚
2312 878 2409 910 quem

1416 907 1562 950 Epistola
1587 910 1621 941 in
1637 909 1908 941 -SamonicumIL
1933 907 2084 946 laudavi,
2107 907 2228 951 ipsique
2239 910 2412 945 Samonico

1416 950 1537 1028 {lbsfi
1551 951 1696 994 quodibi
1707 950 1891 992 ostendere,
1913 952 1943 984 δε
1966 952 2126 993 explicare
2149 951 2278 994 studui,
2301 965 2411 989 revera

1433 1002 1562 1037 erip-it,

1505 1036 1619 1071 Illotus
1635 1037 1747 1080 sudor,
1772 1037 1823 1072 vel
1844 1038 1930 1080 copia
1952 1038 2080 1071 inutilis
2103 1037 2175 1080 escae

1504 1082 1585 1123 Saepe
1604 1081 1699 1124 gravi
1713 1080 1818 1123 scabie
1839 1088 1991 1122 correptos
2013 1081 2134 1123 asperat
2157 1091 2247 1117 artus
2260 1108 2268 1115 .

1409 1123 1505 1157 Num
1528 1136 1545 1157 a
1569 1124 1692 1158 morbis
1716 1136 1779 1158 non
1802 1126 1907 1158 oritur
1929 1125 2118 1166 quibusdam
2143 1128 2311 1169 gravibus,
2337 1127 2412 1163 diu-

1410 1166 1554 1200 turnisve
1564 1192 1573 1208 ,
1584 1167 1669 1201 crisis
1679 1166 1791 1201 instar?
1804 1167 1897 1200 Num
1908 1180 1917 1206 ;
1928 1176 1964 1200 ut
1975 1178 2101 1202 caeteras
2111 1173 2265 1204 omittam
2278 1170 2410 1211 causas,-

1410 1211 1449 1243 ab
1472 1211 1619 1246 lanarum
1642 1211 1896 1245 contreetatione
1919 1212 2142 1246 morbidarum
2165 1215 2401 1249 ovium?Sane

1408 1254 1501 1301 quod
1509 1255 1659 1288 Venetiae
1668 1255 1761 1294 olim,
1775 1263 1828 1288 aut
1841 1255 1996 1297 proximae
2006 1255 2082 1290 huic
2094 1258 2220 1298 regioni
2236 1259 2409 1298 acciderat,

1409 1298 1449 1331 de
1472 1296 1628 1340 ejusmodi
1652 1297 1823 1331 velleribus
1837 1298 1971 1340 loquens
1984 1321 1992 1335 ‚
2004 1299 2150 1333 narrabat
2163 1301 2411 1343 Virgilius(m)‚

1671 1363 1680 1373 .
1694 1364 1702 1376 .
1715 1365 1723 1372 .
1736 1365 1743 1374 .
1756 1340 1874 1383 invisos
1888 1339 1916 1381 fi
1938 1342 2007 1382 quis
2019 1350 2156 1376 tentarat
2167 1344 2301 1377 amifius
2313 1358 2322 1382 3

1496 1383 1659 1418 ,Ardentes
1677 1383 1822 1426 papulae,
1841 1392 1932 1426 atque
1955 1384 2132 1419 immundus
2156 1386 2272 1422 olentia
2288 1387 2382 1431 sudor

1498 1426 1640 1461 Membra
1654 1426 1864 1469 sequebatur.

1413 1469 1472 1505 Sed
1497 1481 1561 1504 non
1583 1470 1649 1504 fuit
1670 1472 1725 1504 illa
1740 1472 1869 1513 proprie
1883 1470 2018 1506 scabies.
2044 1473 2180 1506 Fateor.
2205 1474 2352 1509 Cutanea
2362 1483 2413 1509 ta-

1412 1525 1485 1548 men
1512 1523 1578 1547 erat
1601 1513 1738 1547 infeffio
1758 1539 1767 1547 .
1799 1514 1877 1551 Quo
1901 1525 2006 1549 autem
2033 1517 2132 1550 modo
2154 1517 2413 1560 illalgraviffima

1412 1557 1741 1598 communicabatur;
1762 1568 1819 1591 cur
1844 1568 1908 1591 non
1931 1562 1962 1592 δι
1984 1559 2087 1592 levior
2109 1559 2228 1601 poffit?
2252 1561 2346 1603 Qin
2357 1563 2411 1595 Cl.

1413 1600 1616 1638 Werlhofius
1641 1604 1731 1641 (n),
1754 1601 1850 1635 variis
1874 1601 2169 1636 Observationibus
2192 1604 2411 1643 addu6tus,se

1413 1645 1548 1678 libenter
1571 1646 1770 1678 crediturum
1785 1665 1795 1681 ‚
1818 1643 1951 1686 scribit,
1967 1643 2104 1687 scabiem
2125 1644 2407 1682 humanamveram

1411 1699 1450 1722 ex
1473 1689 1545 1721 lana
1568 1689 1695 1728 ovium,
1715 1686 1828 1730 quibus
1847 1698 1962 1730 parum
1983 1687 2119 1731 absimile
2143 1689 2261 1724 malum
2279 1700 2336 1733 per
2353 1701 2413 1733 pa-

1408 1730 1500 1771 siurce
1521 1731 1605 1764 vitia
1629 1730 1735 1763 ubivis
1749 1728 2031 1773 frequentiffimum
2053 1730 2092 1771 est
2103 1754 2116 1771 ,
2137 1732 2289 1773 primario
2294 1733 2413 1777 subna-

1405 1774 1476 1818 sci,
1499 1785 1573 1807 cum
1596 1775 1682 1806 enim
1704 1773 1801 1806 laneis
1823 1773 2021 1807 indumentis
2045 1772 2111 1807 fere
2134 1786 2244 1809 omnes
2268 1802 2279 1816 ,
2302 1779 2333 1810 δι
2354 1777 2414 1811 diu

1412 1827 1542 1851 utamur
1560 1839 1567 1854 ,
1583 1816 1694 1859 forsan
1717 1816 1776 1849 vix
1793 1825 1896 1863 pauca
1918 1815 1972 1859 effe
1994 1815 2105 1858 quibus
2127 1828 2188 1851 non
2210 1817 2414 1861 abimpurio-

1411 1860 1499 1894 ribus
1521 1860 1652 1900 ovibus,
1678 1867 1735 1892 aut
1756 1859 1935 1902 imperfebie
1951 1858 2076 1901 sanatis
2098 1859 2220 1903 aliquid
2241 1862 2412 1903 immistum

1404 1903 1472 1946 sit:
1496 1905 1528 1936 ὃς
1541 1901 1681 1946 fortaffis
1702 1900 1826 1944 opifices
1849 1901 1999 1944 lanificiis
2022 1911 2186 1945 occupatos
2206 1904 2274 1938 ideo
2306 1906 2411 1940 maxi-

1409 1956 1457 1980 me
1480 1946 1530 1980 his
1553 1946 1646 1982 malis
1668 1944 1805 1978 laborare
1819 1969 1827 1976 .
1853 1946 2069 1979 Ettmullerus
2091 1956 2198 1981 autem
2221 1947 2308 1982 filius
2333 1950 2413 1983 Pro-

1408 1997 1554 2032 gramma
1576 1989 1719 2023 ediderat
1736 1987 1852 2029 Lipsiae
1875 1991 1917 2021 A.
1934 1998 2027 2031 1731.
2051 1988 2086 2021 de
2103 1989 2208 2031 scabie
2229 1991 2353 2034 ejusque
2363 2002 2413 2026 or-

1409 2041 1447 2066 tu
1469 2034 1507 2068 ab
1526 2034 1649 2074 impura
1672 2031 1743 2064 lan-z
1767 2032 1851 2073 (o),
1873 2043 1940 2074 quo
1962 2031 2073 2066 eadem
2084 2031 2253 2075 scripsisse,
2279 2035 2414 2077 opinor,

1412 2088 1486 2118 quae
1511 2086 1594 2109 anno
1617 2076 1730 2108 eodem
1756 2074 1845 2116 super
1868 2076 1980 2108 eodem
2005 2085 2196 2116 argumento
2221 2077 2338 2112 edenda
2348 2081 2415 2112 mi-

1413 2122 1453 2153 1it
1476 2119 1514 2153 ad
1537 2117 1716 2152 Caesaream
1740 2117 1823 2151 Nat.
1848 2117 1980 2152 Curios.
2004 2119 2218 2154 Academiam
2239 2124 2331 2163 (p),
2354 2133 2416 2164 pu-

1413 2161 1567 2197 stulosam
1590 2161 1759 2204 cujusdam
1786 2161 1902 2203 puellae
1926 2161 2065 2195 scabiem
2090 2164 2131 2196 ab
2154 2163 2225 2197 lana
2249 2173 2416 2207 repetens,

1412 2218 1475 2249 qua
1498 2218 1556 2248 pro
1581 2205 1722 2247 stragulis
1746 2203 1776 2238 se
1799 2205 1897 2238 noetu
1920 2205 2117 2247 obtegebat,
2139 2205 2232 2249 cujus
2254 2207 2334 2241 lanae
2346 2219 2417 2251 pars

1413 2249 1490 2284 esset
1513 2249 1662 2283 scabiosis
1683 2248 1800 2283 ovibus
1813 2248 1903 2282 tonsa
1918 2272 1925 2278 .
1951 2249 2077 2283 Ibidem
2090 2249 2335 2285 Coschwizium
2348 2253 2416 2286 lau-

1413 2293 1493 2333 dat,
1515 2294 1571 2336 qui
1595 2293 1639 2326 ob
1661 2292 1826 2327 laneorum
1850 2303 2029 2335 pannorum
2053 2294 2280 2328 trafiationem
2313 2296 2416 2330 sarto-

1413 2349 1461 2371 res
1485 2349 1547 2379 prae
1571 2336 1641 2369 aliis
1664 2335 1727 2370 hoc
1751 2336 1869 2370 morbo
1891 2337 2077 2379 inquinari,
2099 2337 2225 2371 dixerat
2251 2362 2258 2370 .
2295 2339 2416 2381 Neque

1413 2381 1533 2414 AEliani
1557 2380 1652 2414 verba
1675 2380 1815 2420 reticet,
1839 2380 1918 2421 quod
1939 2380 1993 2421 qui
2015 2379 2116 2413 lanam
2140 2381 2208 2414 ovis
2229 2392 2248 2414 a
2270 2381 2355 2423 lupis
2366 2384 2414 2415 di-

1409 2424 1536 2458 laniata
1556 2423 1700 2466 pexerit,
1722 2431 1816 2465 atque
1838 2432 1876 2456 ex
1897 2433 1931 2456 ea
1953 2423 2063 2462 vestem
2073 2421 2258 2466 confecerit,
2273 2424 2413 2466 scabiem

1405 2475 1636 2509 provocaturus
1651 2465 1695 2508 fit
1717 2467 1745 2500 ei
1768 2466 1823 2508 qui
1845 2465 1902 2499 illa
1924 2465 2090 2506 vestietur,
2113 2478 2153 2500 an
2175 2470 2253 2510 quia
2275 2467 2413 2510 ejusmo-

1412 2509 1446 2544 di
1469 2513 1540 2543 ovis
1561 2510 1606 2543 ob
1628 2510 1809 2552 graviorem
1833 2509 1968 2543 scabiem
1992 2509 2154 2544 infirmior
2174 2533 2184 2549 ,
2208 2520 2263 2545 aut
2285 2522 2413 2546 caeteras

1417 2552 1506 2597 sequi
1527 2555 1708 2596 impotens,
1733 2561 1789 2587 aut
1813 2565 1829 2587 a
1853 2555 1975 2587 caeteris
2001 2579 2011 2594 ,
2047 2565 2084 2587 ne
2108 2553 2163 2587 has
2185 2566 2315 2597 quoque
2336 2554 2412 2588 infi-

1415 2599 1483 2632 ciat
1499 2619 1508 2634 ‚
1533 2598 1666 2638 abaffm,
1688 2596 1728 2629 fic
1751 2598 1787 2629 in
1810 2596 1902 2638 lupos
1923 2596 2017 2630 facile
2038 2597 2162 2630 incidat
2187 2596 2203 2629 ,ἒ
2238 2599 2311 2632 Nec
2334 2600 2413 2641 quia.

1412 2642 1447 2674 in
1469 2640 1530 2675 hac
1553 2641 1702 2674 Civitate
1718 2661 1728 2677 ,
1747 2641 1781 2672 in
1795 2651 1859 2681 qua
1881 2648 1932 2672 tot
1955 2639 2259 2674 homineslanificio
2281 2653 2412 2684 operam

1413 2686 1491 2720 dant
1506 2709 1516 2726 ,
1540 2685 1641 2717 rarius
1664 2683 1799 2725 aliquis,
1821 2682 1871 2716 vel
1894 2684 1984 2716 exiis
2006 2683 2081 2725 ipfis
2095 2708 2103 2723 ,
2125 2693 2274 2717 occurrat
2289 2685 2412 2719 scabio-

1413 2729 1489 2768 sus;
1510 2727 1584 2762 ideo
1605 2727 1660 2760 Cl.
1688 2726 1843 2760 Virorum
1867 2725 2060 2769 conjecturae
2095 2726 2276 2769 spernendae
2301 2728 2375 2763 sunt
2399 2753 2408 2760 .

1412 2773 1489 2806 Alia
1513 2772 1599 2805 enirn
1623 2770 1694 2803 aliis
1715 2770 1750 2802 in
1773 2769 1960 2812 regionibus
1984 2770 2100 2812 pabula
2110 2769 2204 2812 sunt,
2226 2772 2294 2805 aliae
2307 2783 2410 2815 aquae,

1413 2817 1443 2849 &
1466 2815 1536 2849 aliae
1559 2811 1688 2847 fortasse
1710 2814 1744 2847 in
1779 2813 1971 2856 seligendis,
1995 2813 2233 2857 purgandisque
2257 2815 2339 2849 lanis
2360 2828 2413 2849 ra-

1413 2860 1539 2893 tiones:
1562 2860 1593 2890 &
1617 2868 1702 2891 nunc
1726 2866 1812 2891 certe
1836 2859 1871 2890 in
1889 2857 2024 2890 Venetia
2046 2857 2134 2899 siqua
2147 2860 2274 2900 gravior
2296 2860 2411 2893 ovium

1414 2912 1521 2937 tutem
1544 2900 1712 2944 prehendit
1735 2900 1894 2939 infefflo,
1917 2911 1981 2933 non
2005 2901 2105 2934 modo
2128 2912 2234 2936 earum
2257 2903 2336 2936 lanae
2361 2914 2412 2936 re-

1412 2946 1593 2989 jiciuntur;
1616 2944 1666 2978 sed
1691 2945 1805 2987 nequis
1829 2944 1932 2978 facete
1954 2942 2101 2979 fraudem
2123 2944 2245 2988 posset,
2272 2946 2411 2988 ipsarum

1412 2989 1565 3024 cadavera
1588 2987 1650 3022 suis
1673 3000 1747 3022 cum
1770 2989 1850 3021 lanis
1861 2987 1953 3021 humo
1974 2994 2092 3031 tegere,
2117 2999 2157 3023 ut
2177 2989 2339 3032 Virgilius
2364 2994 2411 3032 (q)

1414 3036 1481 3074 ait,
1506 3044 1541 3066 ac
1556 3029 1662 3075 foveis
1684 3031 1878 3074 abscondere,
1902 3029 2069 3065 confilium
2093 3031 2159 3066 fuit
2184 3033 2271 3074 quod
2295 3034 2411 3075 Supre-

1413 3088 1469 3111 mo
1494 3076 1707 3109 Venetiarum
1729 3074 1956 3117 Magistratui‚
1970 3073 2119 3116 praefesto
2130 3076 2271 3118 publicae
2287 3075 2405 3114 saluti,

1413 3119 1614 3158 obtulimus,
1637 3130 1710 3152 cum
1736 3120 1827 3162 supet
1849 3117 1908 3152 hac
1920 3129 1952 3151 re
1962 3117 2057 3160 huJ'us
2069 3120 2192 3153 Eximii
2205 3119 2410 3155 Medicorum

1413 3163 1556 3205 Collegii
1577 3164 1708 3196 nomine
1727 3163 1770 3195 A.
1796 3172 1890 3204 1724.
1913 3161 2169 3204 responderemus
2183 3190 2190 3198 .

1455 3209 1486 3239 6.
1513 3207 1571 3240 Sed
1594 3206 1694 3249 quid,
1717 3206 1850 3247 inquis,
1873 3204 1894 3238 fi
1917 3207 2035 3240 ovium
2058 3206 2179 3240 scabies
2201 3204 2265 3247 ipsa
2279 3218 2411 3250 quoque

1412 3251 1453 3284 ab
1477 3251 1676 3283 animalculis
1698 3246 1772 3282 esset
1794 3260 1866 3291 quae
1890 3260 1945 3290 per
1966 3250 2094 3283 lanasin
2104 3251 2250 3285 homines
2262 3250 2411 3284 traduce-

1413 3297 1549 3328 rentur?
1572 3293 1665 3327 Nolo
1688 3303 1854 3334 quaerere,
1878 3303 1954 3325 num
1979 3294 2049 3334 post
2062 3303 2114 3327 tot
2138 3293 2282 3327 lanarum
2293 3304 2410 3336 expur-

1413 3338 1559 3379 gationes
1573 3359 1583 3374 ,
1605 3347 1676 3378 quae
1699 3335 1739 3369 ab
1762 3346 1870 3369 earum
1893 3334 2102 3370 infeecoribus
2114 3339 2212 3370 etiam
2235 3337 2406 3374 adduntur,

1416 3382 1520 3414 vivere
1544 3381 1599 3413 illa
1625 3378 1761 3421 possint,
1785 3391 1860 3413 cum
1882 3389 1967 3413 certe
1990 3389 2119 3422 pereant
2144 3380 2329 3415 humanain
2343 3379 2408 3413 sca-

1415 3424 1581 3457 biosorum
1605 3422 1713 3456 linteis
1737 3434 1790 3464 per
1812 3423 1943 3456 lotrices
1965 3424 2171 3466 expurgatis.
2198 3425 2290 3457 Malo
2314 3433 2345 3456 te
2359 3423 2407 3453 vi-

1415 3467 1515 3501 ciffim
1540 3477 1675 3509 rogare,
1700 3475 1736 3500 ut
1758 3466 1797 3501 ad
1819 3477 1855 3500 ea
1877 3466 2064 3510 respondeas
2085 3478 2158 3509 quae
2180 3478 2219 3501 ex
2233 3466 2406 3515 Hoffman-

2331 3517 2363 3540 ni

366 3569 2400 3591 w

417 3629 431 3656 (
444 3636 464 3655 t
480 3628 493 3655 )
509 3622 603 3650 MedIc„
622 3623 696 3648 Praei.
714 3625 733 3648 Ι.
749 3630 774 3648 2.
790 3623 817 3646 Ρ.
833 3630 855 3646 ².
875 3629 895 3645 c.
911 3627 951 3649 ²4-

420 3660 433 3686 (
449 3658 464 3680 ci
481 3660 490 3685 J
506 3656 609 3680 Exercit.
628 3656 671 3678 cit.
688 3663 709 3679 c·
727 3661 750 3681 7·
812 3653 826 3682 (
841 3661 852 3676 e
869 3653 878 3681 )
894 3654 925 3676 Α.
946 3653 1012 3675 1682.
1030 3652 1070 3675 M.
1086 3652 1217 3680 Septemb-u

415 3687 424 3715 (
444 3688 458 3710 b
474 3688 488 3715 2
507 3686 577 3713 epid.
594 3688 616 3710 δι
632 3686 736 3714 Ephem.
753 3684 769 3707 1.
786 3691 809 3708 1.
829 3682 931 3708 constit.
948 3683 1036 3710 Hyem.
1054 3683 1085 3705 A.
1106 3689 1173 3711 ¹574·

420 3718 430 3744 (
449 3716 503 3750 m.)
517 3718 604 3744 Georg.
624 3715 641 3739 l.
661 3724 682 3745 3.
701 3716 726 3738 in
743 3714 783 3738 fin.

416 3755 426 3772 τ

1011 3620 1025 3649 (
1043 3621 1085 3651 a)
1101 3618 1207 3644 Exercit-
1223 3619 1253 3644 de
1270 3620 1336 3643 Vena
1352 3618 1450 3642 Medio.
1710 3648 1713 3650 -

1281 3649 1290 3676 (“
1304 3649 1320 3678 f
1332 3650 1345 3677 )
1360 3649 1441 3673 Tran.
1459 3657 1499 3678 45.
1517 3647 1629 3676 inscripto
1647 3648 1741 3672 Scabies
1758 3648 1780 3671 8(
1796 3654 1850 3672 caet.

1234 3679 1299 3706 (i)
1319 3679 1386 3708 epid.
1402 3680 1417 3703 l.
1434 3682 1457 3703 6.
1475 3681 1500 3703 S.
1517 3686 1540 3703 2.

845 3713 854 3742 (
870 3722 886 3737 n
904 3716 916 3739 )
933 3711 1031 3740 Disquis.
1046 3712 1075 3735 de
1092 3712 1183 3736 Variol.
1200 3718 1223 3735 c.
1238 3719 1262 3743 5²-
1279 3710 1361 3734 adnot.
1380 3718 1418 3739 54.
1437 3710 1460 3732 in
1478 3709 1519 3733 fin.

362 3750 414 3775 noe
428 3747 454 3777 h;
470 3754 521 3770 imo
537 3753 601 3769 nunc
616 3746 647 3770 ab
662 3746 716 3771 eod.
734 3743 836 3771 exhibit.
853 3744 916 3770 inter
932 3740 1025 3772 Disput.
1043 3743 1071 3766 ad
1089 3743 1198 3768 Morbor.
1216 3740 1273 3768 Hifi.
1292 3740 1333 3766 sub
1350 3748 1375 3767 n.
1393 3741 1514 3766 CXCIII.

1513 3619 1525 3646 (
1540 3617 1554 3641 b
1571 3617 1583 3646 )
1599 3617 1627 3641 ad
1648 3617 1707 3641 obs.
1724 3620 1760 3641 26.
1778 3616 1860 3642 schol.
1876 3619 1943 3642 n.V.

1912 3648 1957 3678 (g
1973 3648 2069 3677 )1bid.
2085 3656 2109 3672 n.
2131 3655 2168 3671 ιι.

1603 3679 1619 3707 (
1635 3678 1651 3702 k
1668 3679 1681 3706 )
1698 3686 1722 3701 n.
1740 3685 1780 3702 ιο.
1841 3679 1855 3708 (
1870 3679 1880 3701 l
1894 3678 1908 3707 )
1925 3680 1961 3702 De
1977 3679 2070 3703 Medic.
2087 3681 2200 3706 Praecept.
2217 3684 2240 3701 c.
2257 3678 2281 3699 6.

1580 3710 1595 3738 ζ
1610 3717 1623 3732 α
1638 3709 1652 3736 )
1669 3708 1730 3736 apud
1747 3708 1842 3732 Haller.
1859 3708 1885 3732 in
1903 3708 1994 3733 Access.
2011 3709 2040 3734 ad
2057 3710 2083 3732 P.
2101 3716 2123 3738 9.
2141 3706 2223 3740 Metlt.
2245 3705 2312 3732 stud.
2329 3706 2398 3733 Med.

1577 3740 1621 3769 tp
1639 3741 1645 3769 l
1665 3738 1809 3771 Ast3.Tom.
1827 3747 1850 3769 3.
1866 3738 1928 3764 Obs.
1943 3747 1983 3770 50.
2044 3739 2058 3769 (
2074 3747 2090 3769 q
2108 3742 2118 3769 )
2133 3738 2180 3763 loc.
2196 3741 2239 3764 cit·

2007 3620 2021 3647 c
2036 3626 2048 3642 c
2067 3618 2075 3647 )
2090 3618 2106 3642 l.
2114 3625 2137 3641 2.
2145 3616 2221 3646 Epist.
2238 3614 2325 3640 Medic.
2342 3623 2381 3645 42.
