2498 4075
483 214 634 275 Epist.
671 216 831 270 Anat.
867 214 1081 272 Medica
1116 216 1252 273 LVI.
1286 219 1408 274 Art.
1426 223 1471 275 6.
1490 236 1533 284 7.
1550 219 1726 285 ᾖδες.

87 289 230 333 fectum,
253 301 307 327 aut
331 302 473 327 tumores
495 294 555 327 den
566 294 642 334 ique
666 294 749 329 intra
773 296 976 331 acetabulum
1009 298 1086 332 sub-

87 346 200 374 ott053
224 336 367 376 proclive
389 337 432 370 est
455 337 548 370 nobis
571 335 771 379 intelligere,
796 339 852 372 ubi
896 341 1003 383 aliqua
1049 353 1088 375 ex

85 378 137 425 hjs
159 379 250 414 causa
273 379 311 413 fit
336 391 400 413 non
424 390 512 414 tanta
535 378 688 422 quidem,
713 391 748 415 ut
773 393 827 423 per
850 382 879 416 se
903 383 1004 418 adhuc
1016 384 1088 427 pos-

85 421 127 454 sit
150 422 284 458 femoris
309 433 405 466 caput
429 435 468 457 ex
492 424 661 457 acetabulo
694 425 862 459 extrudere
886 436 896 463 ς
941 435 1020 462 tunc
1061 426 1085 461 fi

84 463 170 500 forte
193 476 322 501 externa
367 467 475 510 aliqua
499 469 547 501 vis
569 467 697 501 accedat
722 494 732 509 ‚
765 479 831 503 non
862 468 994 504 difficile
1028 469 1084 503 fo-

83 518 141 550 re,
164 521 200 544 ut
223 512 348 544 luxatio
372 511 429 544 fiat
444 536 452 550 ‚
475 510 555 544 ficut
577 511 610 542 in
635 512 673 544 iis
696 513 815 554 pariter
837 513 956 555 quibus
977 525 994 546 a
1026 524 1083 547 na-

84 560 158 587 tura
181 554 303 589 laxiora
329 554 493 596 aliquanto
516 554 697 595 obtigerint
720 556 911 597 ligamenta,
944 565 998 590 aut
1034 566 1082 590 te-

83 599 178 673 resH(
198 609 269 640 quae
293 609 362 631 rara
386 597 519 631 Nicolai
543 596 627 641 (f)
652 598 850 632 Observatio
873 599 936 641 est)
961 599 1086 641 prorsus

85 650 126 673 nu
156 652 210 674 um
225 665 232 672 .

129 686 160 715 6.
186 684 286 718 Nunc
310 684 438 727 qnando
461 684 622 718 nonnullae
645 684 718 719 sunt
732 683 982 719 Observationes
994 696 1086 720 corn-

84 737 271 760 memoratae
294 728 413 771 quibus
435 727 615 761 ostenditur
639 728 719 770 quid
745 729 779 761 in
823 729 888 762 illis
931 730 1083 763 acciderit

82 780 224 812 quorum
246 768 351 804 femur
375 780 429 804 aut
453 770 611 810 fractum,
634 780 688 804 aut
701 772 862 812 integrum
885 783 923 806 ex
938 772 989 806 sua
1013 772 1083 806 sede

85 813 266 856 prolapsum
282 835 291 850 ‚
316 815 437 849 restitui
460 815 493 847 in
516 814 734 849 eandemn
758 816 889 857 potuit3
912 815 1084 857 subjicien-

80 857 128 889 dae
153 856 222 890 sunt
249 857 317 890 aliae
341 858 452 891 eodem
477 859 668 899 attinevn'teS.
691 859 737 891 Er
766 858 907 902 Joannes
949 858 1082 901 quidem

84 899 294 934 Salzmannus
317 901 350 933 in
374 900 605 941 Dissertatione
626 900 682 933 illa
705 903 744 934 de
767 912 829 942 qua
853 901 1084 942 supraindica-

81 951 153 976 turn
176 944 218 976 est
232 966 241 981 ,
269 944 425 987 inscripta
447 948 491 977 De
512 942 805 978 Articulationihus
816 944 995 987 Analogis‚
1022 956 1085 988 qua:

73 984 231 1029 fratitlris
254 985 357 1029 offium
375 985 625 1030 superveniunt,
650 998 724 1021 cum
750 985 812 1021 hoc
858 997 1083 1030 argumentum

81 1031 260 1073 generatim
284 1032 458 1073 pertraciet
473 1057 482 1071 ,
504 1031 594 1073 plura
617 1030 714 1064 habet
737 1041 808 1073 quae
832 1031 967 1066 libenter
991 1033 1092 1075 inspi-

79 1076 166 1111 cias,
189 1077 221 1107 &
245 1073 308 1108 huc
331 1074 529 1114 transferas‚·
571 1074 623 1107 sed
665 1073 918 1108 Observationes
962 1078 1086 1117 profert

80 1130 218 1164 quarum
240 1120 398 1161 pleraeque
421 1129 494 1152 curn
516 1116 555 1151 ad
578 1118 637 1151 alia
661 1117 898 1164 attinentoss'a,
923 1127 991 1152 tum
1004 1130 1085 1161 prae-

79 1163 214 1201 sertim,
239 1164 272 1196 in
296 1163 479 1196 viventibus
502 1161 591 1194 tactu
615 1161 783 1195 dumtaxat
805 1162 934 1202 judice,
958 1172 1023 1195 non
1046 1165 1081 1196 in

77 1205 219 1240 disseritis
241 1204 447 1240 cadaveribus
468 1204 576 1247 judice
599 1206 695 1238 etiam
720 1205 808 1245 visu,
829 1204 949 1239 habitae
974 1206 1047 1240 sunt
1072 1220 1083 1240 .-

77 1251 189 1291 itaque
212 1260 251 1282 ex
274 1250 314 1281 iis
337 1260 415 1291 quas
438 1246 636 1291 potiffimum
660 1247 714 1281 hic
744 1249 917 1291 quaerimus
941 1273 952 1289 ,
985 1250 1083 1284 habet

77 1293 222 1331 nullam3
246 1291 305 1326 nisi
329 1290 415 1325 forte
441 1292 576 1325 attinere
600 1290 662 1324 huc
688 1291 765 1324 velis
788 1292 1083 1335 Ruys'chianamil—

76 1338 142 1371 lam
163 1348 226 1378 qua
249 1336 383 1369 cervicis
405 1337 480 1369 loco
502 1334 597 1368 crasla
631 1334 779 1377 quaedam
814 1337 944 1370 vincula
985 1345 1083 1382 caput

75 1380 299 1415 cumsummo
322 1379 444 1413 femore
467 1379 742 1417 committebant5
766 1390 840 1413 narn
862 1391 934 1423 quae
957 1392 995 1414 ex
1006 1384 1085 1416 Die-

75 1423 301 1458 merbroeckio
324 1420 422 1463 sunt,
443 1422 532 1462 illae,
556 1431 592 1455 ut
616 1421 709 1464 supra
734 1426 746 1461 (
765 1433 788 1465 g
809 1427 824 1463 )
856 1424 1086 1459 animadverti.

77 1479 166 1506 mus,
192 1466 232 1500 ad
257 1467 476 1501 anatomicam
500 1464 734 1507 inspefiionern
780 1477 845 1500 non
891 1470 1053 1510 pertinent
1076 1496 1085 1505 .

74 1512 223 1545 Pertinet
260 1519 368 1543 autem
404 1509 525 1551 duplex
549 1509 582 1541 in
618 1520 678 1542 una
713 1510 847 1544 muliere
891 1510 1087 1547 Observatio

77 1566 176 1596 quam
199 1557 232 1587 in
256 1552 493 1587 Dislertatione
517 1553 581 1594 legi
606 1552 812 1595 Osteologica
835 1552 902 1593 (h)
926 1554 983 1588 sub
1007 1567 1087 1599 prae-

71 1597 156 1631 sidio
180 1597 350 1631 Celeberr.
375 1596 500 1630 Gaubii
525 1596 634 1633 edita,
659 1595 699 1629 ab
735 1597 913 1639 eodemque
946 1599 1084 1642 benigne

73 1642 112 1674 ad
139 1652 188 1674 me
211 1640 300 1673 missa
324 1664 331 1672 .
369 1641 484 1673 Femur
505 1648 678 1681 utrumque
701 1648 739 1672 ex
762 1639 818 1672 suo
840 1640 1005 1675 acetabulo
1029 1654 1086 1676 ex-

72 1683 214 1718 ciderat.
238 1684 377 1716 Dexteri
401 1692 509 1716 autem
532 1690 629 1722 caput
653 1691 721 1715 erat
743 1683 933 1724 integrum3
967 1685 1083 1720 finistri

71 1728 156 1761 carie
179 1727 271 1769 plane
293 1725 544 1768 consumptum.
569 1726 686 1766 Itaque
709 1735 782 1759 cum
828 1726 949 1768 singula
995 1740 1081 1763 nova

70 1767 256 1807 acetabula,
281 1770 315 1801 in
340 1767 475 1810 singulis
499 1768 594 1801 ilium
618 1768 757 1808 offibus,
781 1767 915 1811 fingulis
937 1772 1004 1806 illis
1025 1785 1079 1807 ca-

72 1814 198 1856 pitibus
224 1811 448 1854 respondentia
493 1810 734 1854 spectarentum·
756 1813 960 1848 acetabulum
1003 1815 1079 1849 fini-

70 1859 170 1892 strum
193 1858 330 1893 leviter,
353 1856 521 1888 dexterum
549 1852 741 1894 profundius
765 1865 832 1889 erat
856 1867 1043 1892 excavatum
1065 1870 1079 1899 ;

70 1908 181 1935 vetera
206 1908 313 1934 autem
336 1897 498 1932 acetabula
523 1895 623 1930 ferme
646 1897 770 1936 deuia,-
796 1902 832 1932 ut
856 1899 950 1934 facile
974 1901 1078 1943 posset:

71 1945 267 1980 existimari,
291 1950 398 1976 vetera
422 1942 489 1975 haec
511 1940 626 1974 orbata
640 1941 828 1982 capitibus,
850 1954 921 1984 quae
945 1944 997 1978 sua
1009 1956 1081 1978 mo-

72 1990 125 2029 le9
149 1991 180 2021 δε
206 1986 378 2030 preffione,
404 1986 437 2017 δε
462 1992 554 2018 motu
598 1983 665 2025 ipsa
714 1983 961 2023 conservarent,
985 1988 1079 2022 suurn

70 2043 186 2067 cavum
210 2030 308 2064 ferme
333 2025 491 2068 amisisse,
513 2036 727 2076 novanauteqm
752 2028 806 2061 illa
831 2028 872 2062 fic
907 2030 1081 2074 inaequali..

69 2071 118 2109 t'er
142 2074 202 2108 esse
226 2082 399 2110 excavata,
423 2070 513 2113 quod
537 2080 641 2112 capite
675 2071 799 2105 {mistro
845 2081 937 2106 antea
983 2074 1078 2108 exeso

69 2130 168 2163 quam
193 2116 267 2151 satis
292 2116 430 2157 apprimi
452 2112 629 2156 potuisset,
654 2124 769 2156 corpus
793 2115 954 2150 adextero
966 2116 1078 2151 sufful-

68 2175 161 2202 tum,
185 2172 285 2203 eoque
311 2160 459 2201 integro,
483 2158 584 2198 magis
607 2158 770 2200 magisque
793 2169 828 2191 os
852 2159 946 2193 ilium
968 2161 1078 2194 dexte-

68 2218 142 2240 rum
166 2205 203 2238 ad
225 2204 330 2246 ipsum
354 2199 584 2244 apprimendo,
605 2208 645 2234 ut
669 2201 708 2234 ab
742 2213 780 2233 eo
826 2212 1035 2237 excavaretur
1065 2230 1075 2244 ,

69 2246 238 2283 effecisset.
264 2247 383 2289 Neque
408 2243 563 2290 absimilia
585 2243 666 2276 olim
690 2241 800 2277 vidisse
824 2245 981 2284 parcum,
1006 2248 1078 2280 ani-

69 2293 227 2327 madverti
252 2302 292 2323 ex
315 2288 456 2331 quodam
480 2298 545 2329 ejus
568 2288 641 2320 loco
664 2292 677 2326 (
701 2288 713 2320 i
733 2292 746 2326 )
771 2311 782 2327 ,
825 2299 921 2330 quem
965 2301 1071 2333 operae

69 2340 212 2380 pretium
236 2334 278 2367 est
302 2333 355 2366 hic
380 2333 443 2365 tibi
465 2330 641 2364 describere
665 2356 672 2364 .
696 2332 778 2371 'Non
801 2330 847 2364 ita
871 2343 940 2365 raro
962 2355 972 2371 ‚
1018 2334 1071 2368 in-

69 2382 143 2423 quit
158 2405 165 2418 2
190 2376 416 2412 excrementitii
438 2374 581 2408 humores
606 2374 638 2407 in
661 2372 798 2416 Ischiade
822 2382 913 2408 tanta
952 2377 991 2409 vi
1035 2378 1070 2410 in

69 2425 163 2463 hams
186 2418 455 2455 deartt'culationis
477 2417 647 2451 cavitatem
667 2416 750 2459 quasi
773 2417 893 2461 impetn
938 2420 1069 2460 quodem

68 2465 230 2502 incurrunt
244 2486 253 2500 ,
276 2471 311 2495 ut
333 2461 485 2496 relaxatis
509 2460 686 2503 ligamentis
709 2484 736 2492 ..
753 2484 780 2491 ..
804 2469 899 2502 caput
932 2461 998 2504 offis
1015 2461 1071 2505 fe-

69 2512 163 2545 moris
186 2508 255 2542 hinc
271 2504 370 2548 facile
392 2503 570 2545 depellant,
593 2513 748 2545 nunquam
771 2504 1009 2545 restituendum,
1041 2505 1071 2547 si

64 2553 162 2597 paulo
187 2550 309 2585 (liutius
333 2546 490 2591 abfuerit:
514 2549 586 2588 quia
608 2547 737 2580 interim
760 2547 793 2579 in
815 2546 902 2587 illam
923 2557 926 2560 ·
946 2549 1070 2581 cavita-

66 2605 132 2633 rem
154 2592 283 2636 jlgfipsm
306 2592 434 2627 humor,
457 2601 542 2624 mora
565 2589 654 2622 velut
675 2590 707 2623 in
731 2589 886 2630 lapideum
908 2589 991 2633 quast
1000 2602 1073 2625 con-

69 2639 202 2681 crescit,
219 2636 354 2680 semoris
378 2644 451 2667 vero
473 2632 528 2666 ille
551 2631 704 2665 articulus
727 2634 759 2665 in
781 2634 883 2667 vicino
914 2634 969 2677 offe
1015 2645 1071 2667 no-

67 2693 143 2716 mm
158 2675 219 2724 fibi
241 2682 410 2714 cavitatem
434 2675 566 2709 attrivit
580 2701 590 2716 ‚
612 2686 689 2708 verce
719 2685 795 2709 vero
829 2677 979 2710 caritatis
1023 2676 1071 2710 la-

70 2726 148 2761 bra,
173 2736 235 2766 qiua
258 2721 458 2762 cartilaginea
475 2719 576 2761 sunt,
607 2718 764 2758 firmiora
809 2720 852 2752 Θ·
895 2719 1070 2762 depressiora

71 2767 233 2810 evaserunt
250 2790 257 2798 .
284 2767 386 2796 Porro
411 2762 487 2801 has,
509 2765 540 2795 δι
565 2761 662 2804 fiquae
686 2763 757 2795 sunt
782 2763 851 2796 aliae
874 2787 883 2802 ,
917 2774 991 2796 curn
1024 2762 1072 2796 fe·

71 2823 145 2845 mur
169 2820 222 2842 aut
243 2811 404 2849 integrum
420 2829 428 2842 2
453 2813 507 2838 aut
529 2804 668 2838 fraetum
692 2806 726 2838 in
750 2807 946 2839 exteriorem
978 2808 1072 2839 incu-

70 2855 146 2888 buit
170 2861 311 2891 partem,
337 2850 480 2883 excavati
507 2847 670 2881 interdurn
694 2850 728 2881 in
753 2849 846 2883 ilium
882 2849 945 2882 osle
991 2852 1069 2882 novi

72 2893 230 2932 acetabuli
254 2892 505 2927 Observationes
529 2890 593 2924 fine
614 2891 804 2925 cadaverum
828 2892 1070 2927 <infectionibus

71 2941 191 2985 posteri
216 2950 281 2971 non
305 2938 410 2971 minus
434 2933 649 2977 ignorassent,
673 2935 1012 2979 quam'Hippocrates
1034 2938 1068 2970 in

73 2997 112 3018 eo
135 2983 214 3018 libri
236 2982 276 3015 de
300 2980 458 3014 Articulis
481 2979 554 3012 loco
576 2980 589 3017 (
612 2976 630 3016 k
655 2981 687 3017 ),
707 2990 804 3021 quem
837 2980 858 3013 si
906 2977 1068 3020 proferam

72 3027 248 3062 secundum
272 3035 341 3058 eam
366 3021 539 3056 versionem
562 3032 659 3064 quam
683 3022 827 3064 plerique
849 3022 920 3065 post
941 3023 1069 3056 Corna-

70 3074 158 3106 rium
183 3069 283 3102 secuti
308 3068 400 3105 sunt,
423 3067 530 3099 minus
554 3063 647 3098 facile
670 3065 852 3111 intelligas,
875 3075 910 3098 ut
931 3066 1069 3107 opinor,

71 3124 169 3157 quam
197 3112 217 3145 si
242 3123 281 3145 ex
304 3110 454 3143 Feliciani
478 3108 638 3147 versione,
661 3110 831 3149 conjunffita
854 3118 927 3142 cum
950 3109 1070 3143 Caleni

70 3157 343 3195 interpretatione
366 3152 568 3195 produxero.
592 3151 644 3185 Sic
669 3153 771 3193 igitur
815 3152 1034 3193 Hippocrates
1056 3176 1069 3193 ,

70 3201 110 3235 de
134 3199 268 3233 femoris
292 3197 394 3231 luxati
414 3197 519 3238 capite
543 3196 638 3228 verba
662 3195 780 3228 faciens
807 3222 814 3228 .
847 3198 923 3228 Cum
966 3204 1070 3229 tamen

70 3246 104 3278 ain
128 3253 239 3282 ωψσε,
263 3242 294 3274 in
318 3250 409 3282 quam
427 3237 590 3280 prolapsus
611 3237 649 3272 est
664 3264 671 3276 ‚
695 3238 849 3272 articulus
871 3249 988 3271 moram
1019 3241 1068 3274 in-

71 3289 184 3320 venit.-
208 3286 251 3319 (y
273 3295 342 3316 caro
365 3282 511 3315 lentorem
533 3283 706 3315 contraxit:
730 3282 829 3315 dolore
850 3291 965 3314 vacans
987 3289 1066 3315 tem-

67 3331 156 3373 porff's
175 3326 310 3371 processu
334 3326 456 3359 evadit·
484 3330 557 3358 Cum
580 3335 651 3359 vero
674 3325 773 3359 dolore
795 3332 909 3364 vacat,
957 3324 1066 3366 absque

73 3369 202 3411 {vax-,soff
224 3371 245 3406 ἦ
269 3370 386 3410 alioqui
406 3367 582 3406 voluerint,
604 3368 722 3412 possunt
733 3367 910 3401 ambulare.-
930 3368 1067 3412 poffugzt-

75 3427 131 3458 que
155 3409 263 3456 corpus
286 3412 352 3456 laeso
375 3422 461 3445 crure
479 3410 667 3452 sitsientare.
694 3414 743 3445 Sic
768 3420 872 3444 autem
905 3411 972 3445 haec
1015 3412 1067 3443 in-

73 3468 268 3502 terpretatur
292 3455 435 3489 Galenus
459 3457 472 3493 (
493 3453 505 3487 l
528 3458 563 3493 ).·
584 3457 646 3487 ‘Per
669 3455 903 3488 translationem
926 3465 1064 3490 moram,

162 3500 324 3543 Morgagni
334 3501 369 3533 a‘e
380 3498 446 3532 Sed.
458 3498 500 3531 (φ
510 3497 596 3540 Caus.
609 3498 709 3531 Morb.
725 3499 881 3532 '1-‘om.H.

72 3623 277 3634 ..--————-—

136 3722 150 3751 (
168 3718 205 3750 s)
227 3722 282 3743 Dect
302 3717 386 3742 illustr.
403 3717 476 3741 Anat.
490 3714 550 3741 Obs.
565 3715 597 3742 7(
651 3714 695 3744 (g
711 3715 722 3746 )
739 3716 800 3745 n.¹3.
848 3745 853 3749 Ι

142 3753 173 3779 (ἑ
190 3753 199 3782 )
214 3752 287 3778 oper.
306 3750 322 3772 l.
344 3757 377 3777 ¹7·
394 3754 414 3772 c.
433 3753 469 3772 22.
531 3747 545 3775 (
560 3745 576 3770 le
594 3747 602 3775 l
618 3753 641 3771 rr.
658 3748 696 3775 63·
712 3746 774 3776 apud
791 3745 914 3772 Mannell.

139 3785 181 3807 (n
200 3784 207 3810 l
224 3781 305 3810 surra,
322 3787 346 3804 n.
362 3788 385 3803 2.

1977 236 2071 288 347

1137 299 1160 333 i.
1183 301 1280 339 τρίβοι
1301 298 1385 332 dixit
1406 310 1424 332 a
1447 300 1525 333 locis
1546 310 1565 332 a
1587 297 1763 333 viatoribus
1785 299 2140 335 diuturnaimmoratio:

1137 351 1173 374 ne
1195 341 1342 380 attritis,
1364 349 1456 384 atque
1476 339 1669 386 affuefaeflis.
1704 342 1862 385 Ejusmodi
1894 350 1996 377 autem
2032 345 2134 377 oratio

1137 385 1204 426 ejus
1226 382 1286 416 haec
1307 384 1364 424 est.
1389 390 1463 418 cum
1472 393 1567 426 caput
1573 384 1731 430 femorise
1739 386 1866 428 propria
1872 385 1943 428 sede
1952 386 2088 428 elapsum
2099 388 2131 419 in

1136 427 1319 460 exteriorem
1327 435 1448 470 partem
1459 451 1471 468 ,
1497 428 1529 462 in
1540 438 1629 462 carne
1634 427 1799 470 firmatum
1802 426 1929 471 fuerit:
1952 429 2033 463 inter
2043 429 2136 462 initia

1134 472 1189 512 qui
1199 470 1232 504 id
1237 472 1406 511 patiuntur
1415 493 1428 510 ‚
1439 480 1477 504 ex
1487 471 1694 515 compreffione
1706 471 1806 506 dolore
1816 470 1992 515 afficiuntur
2004 485 2014 505 :
2034 471 2136 514 postea

1133 522 1206 546 vero
1219 514 1365 555 temporis
1387 511 1521 557 proceffu
1532 525 1602 548 caro
1613 513 1659 548 ibi
1668 537 1681 555 ,
1705 514 1857 557 nonsecus
1867 526 1901 548 ac
1905 512 2057 558 fos-sorum
2066 524 2134 547 ma-

1132 566 1203 595 nus,
1216 556 1390 599 occallescit
1401 582 1410 590 .
1422 557 1516 600 Quod
1526 567 1595 590 cum
1602 555 1656 599 fit,
1670 557 1757 591 locus
1766 558 2018 592 dearticulatz'oni
2022 556 2140 600 similis

1136 599 1265 631 evadit:
1287 609 1357 632 cum
1379 610 1464 633 mora
1486 599 1543 633 illa
1557 624 1566 639 ,
1588 601 1840 642 quemadmodum
1864 609 1954 635 antea
1977 598 2137 648 acetabulo

1135 652 1235 679 coxae,
1259 649 1352 683 caput
1386 641 1523 684 femoris
1547 650 1675 676 utatur.
1703 643 1810 677 Postea
1834 656 1909 678 vero
1931 655 2029 688 quam
2052 643 2139 677 dixu:

1134 685 1301 727 quomodo
1325 686 1394 727 post
1416 683 1707 720 inflammationem
1728 685 1849 720 humor
1871 687 1916 720 ibi
1930 686 2142 728 qnidamlen-

1133 735 1185 760 tus
1209 739 1244 761 ac
1264 728 1403 769 mucosus
1426 728 1628 770 relinquatur
1641 739 1652 766 ;
1676 729 1731 768 id,
1752 731 1881 772 inquit,
1905 733 1944 763 ad
1976 731 2141 763 motionem

1133 770 1235 812 capiti
1248 769 1384 813 femoris
1405 771 1673 814 commodiffimum
1694 771 1736 811 esi
1758 796 1766 803 .
1801 772 1846 805 Ob
1869 773 1945 806 hanc
1967 774 2048 806 enim
2081 771 2140 804 hu-

1134 814 1311 847 miditatem
1334 824 1418 847 mora
1441 813 1499 847 illa
1522 821 1669 856 tanquam
1689 815 1824 849 articulo
1846 823 1980 850 utuntur
2003 839 2012 848 .
2046 814 2142 857 Quid

1134 857 1239 897 igitur
1261 858 1295 890 in
1319 868 1351 889 re
1375 855 1435 890 hac
1457 857 1590 891 Veteres
1613 857 1664 890 illi
1686 857 1910 899 conjicerent,
1935 861 1966 892 &
1989 858 2068 901 quid
2091 858 2142 890 in-

1135 899 1226 941 super
1250 898 1475 933 morbidorum
1496 900 1685 935 cadaverum
1695 902 1895 936 dissestiones
1918 902 2137 940 ostenderint,

1137 953 1176 975 ex
1201 954 1312 977 eorum
1346 944 1590 985 comparatione
1635 945 1781 986 praeclare
1825 946 1980 987 intelligis
2004 971 2012 977 .

1143 986 1225 1020 Haec
1250 997 1356 1021 autem
1381 988 1491 1020 omnia
1514 988 1548 1020 in
1570 986 1640 1028 ipso
1661 987 1815 1030 Epistolae
1838 988 1933 1031 hujus
1957 989 2055 1022 initio
2069 989 2143 1022 lon-

1143 1040 1182 1071 ga
1205 1032 1350 1063 oratione
1374 1028 1525 1073 praefatus
1548 1029 1643 1070 sum,
1665 1041 1700 1064 ut
1724 1033 1832 1074 paucis
1854 1032 1995 1065 dilucide
2030 1030 2153 1073 poffimf

1142 1083 1214 1114 quo
1233 1073 1365 1116 fingulae
1391 1075 1570 1111 attineant,
1595 1076 1627 1106 &
1650 1084 1728 1115 quas
1749 1075 1943 1109 confirment
1967 1086 2045 1108 mox
2068 1085 2145 1117 pro-

1136 1115 1288 1149 ducendae
1312 1115 1588 1156 Observationes,
1611 1115 1810 1158 fignificare.
1833 1120 1954 1153 Earum
1978 1118 2082 1161 prima
2103 1128 2144 1153 ex

1135 1157 1287 1193 Valsalva
1309 1160 1371 1191 est.

1178 1213 1212 1245 7.
1258 1202 1296 1234 M
1321 1203 1355 1235 U
1379 1202 1406 1234 L
1429 1204 1445 1235 I
1470 1203 1497 1236 E
1522 1205 1551 1238 R
1576 1205 1592 1237 I
1639 1203 1802 1247 sexaginta
1825 1216 2005 1244 armorum,
2028 1202 2146 1238 diffici-

1135 1247 1161 1280 li
1193 1245 1404 1287 respiratione
1428 1257 1502 1279 cum
1526 1246 1597 1281 tuffi
1620 1246 1806 1287 laboranti,
1829 1248 1904 1283 casu
1936 1260 1972 1283 os
2008 1244 2142 1280 femoris

1136 1289 1288 1323 luxatur.
1314 1289 1412 1322 Tunc
1436 1289 1552 1324 affidua
1575 1290 1696 1325 accedit
1712 1290 1833 1327 febris:
1858 1304 1953 1335 quae,
1976 1291 2066 1324 auena
2080 1289 2147 1332 spi-3

1137 1332 1232 1367 randi
1255 1331 1468 1369 difficultate,
1492 1333 1662 1368 mulierem
1686 1335 1860 1370 undecimo
1883 1335 1935 1368 die
1958 1335 2120 1368 interimit
2136 1358 2147 1368 .

1269 1376 1302 1409 V
1324 1376 1354 1408 E
1378 1376 1412 1422 N
1436 1377 1470 1410 T
1495 1376 1529 1410 R
1551 1377 1580 1410 E
1623 1377 1785 1421 patefacto
1802 1402 1813 1418 ‚
1846 1379 1936 1422 jecur
1980 1378 2146 1412 invenitur

1138 1420 1277 1459 durum,
1301 1420 1335 1452 in
1358 1418 1487 1462 ejusque
1531 1420 1686 1455 vesicula
1712 1423 1816 1464 plures
1861 1423 1975 1457 calculi
2000 1446 2009 1456 .

1140 1461 1294 1497 Thorace
1319 1461 1443 1496 recluso
1458 1484 1467 1498 ³
1490 1463 1656 1505 pulmones
1679 1476 1894 1508 apparuerunt
1928 1465 2052 1508 magnis
2087 1470 2148 1498 ex-'

1139 1515 1213 1544 tra,
1235 1504 1387 1547 intusque
1411 1506 1510 1546 nigris
1533 1508 1667 1542 maculis
1690 1510 1866 1552 variegati.
1889 1509 2053 1544 Adextris
2078 1519 2145 1542 una.

1140 1552 1271 1583 circiter
1294 1560 1384 1590 aquae
1407 1549 1519 1587 libra5
1551 1562 1568 1582 a
1612 1550 1745 1585 sinistris
1792 1553 1970 1595 pauxillum
2016 1550 2145 1586 thoraci

1139 1595 1243 1626 inerat
1259 1618 1267 1626 .
1289 1589 1471 1626 concretio
1495 1591 1652 1635 polyposa
1675 1592 1847 1628 dilatatam
1869 1596 1976 1629 cordis
2019 1596 2148 1629 auricu-

1141 1638 1205 1671 lam
1229 1637 1393 1671 dexteram
1414 1636 1594 1676 implebat:
1620 1637 1718 1670 altera
1743 1639 1777 1670 in
1800 1639 1926 1672 sinistro
1960 1648 2027 1672 erat
2072 1649 2148 1672 ven-

1140 1680 1262 1713 triculo
1278 1702 1287 1716 ‚
1312 1677 1451 1721 indeque
1476 1677 1504 1712 se
1527 1680 1724 1721 producebat
1748 1682 1782 1714 in
1828 1682 1919 1717 vasa.
2052 1682 2147 1716 Tan-

1136 1724 1210 1757 dem
1233 1722 1327 1765 quod
1350 1721 1388 1756 ad
1412 1721 1517 1756 femur
1541 1725 1722 1762 attinebat,
1747 1735 1855 1760 revera
1900 1727 2046 1761 luxatum
2092 1727 2146 1758 in-

1136 1776 1270 1801 ventum
1295 1766 1359 1803 est,
1384 1765 1493 1799 laxato
1513 1765 1667 1808 videlicet
1691 1779 1729 1801 eo
1740 1768 1920 1810 ligamento
1930 1781 1997 1811 quo
2008 1769 2144 1804 femoris

1133 1819 1231 1853 caput
1256 1811 1342 1842 intra
1365 1807 1565 1843 Innominati
1588 1810 1658 1843 offis
1682 1813 1888 1847 acetabulum
1911 1814 2079 1856 alligatur.

1158 1854 1212 1886 08,
1236 1854 1318 1892 Quae
1342 1853 1543 1887 luxationem
1566 1853 1804 1896 praecesserant,
1836 1855 1978 1890 difficilis
2010 1856 2146 1900 respira-²

1136 1896 1209 1933 tio,
1234 1898 1265 1928 ⁴&
1289 1897 1376 1928 tussis
1398 1894 1437 1928 ab
1459 1895 1596 1943 dilatata
1619 1899 1785 1937 auricula,
1820 1911 1902 1943 aqua
1934 1901 1967 1933 in
2013 1900 2147 1935 thorace

1136 1938 1329 1981 deprehensa
1344 1961 1353 1975 ,
1378 1939 1410 1971 &
1433 1938 1515 1974 duro
1527 1941 1669 1982 jecinore
1682 1941 1814 1982 possunt
1836 1945 1937 1986 repeti
1951 1944 2054 1980 .Quae
2068 1955 2145 1978 vero

1137 1982 1302 2016 luxationi
1325 1981 1490 2022 succeffit‚
1514 1983 1636 2021 febris,
1659 1985 1699 2018 ab
1720 1984 1834 2020 dolore
1856 2009 1869 2027 ,
1900 1989 1931 2020 δε
1974 1988 2146 2022 vexatione

1135 2037 1208 2069 quae
1232 2026 1361 2058 luxatio
1385 2026 1535 2060 attulerit
1560 2028 1678 2061 vicinis
1700 2029 1868 2071 partibus.-
1893 2041 1909 2062 a
1943 2029 2054 2064 febrili
2087 2043 2147 2066 au-

1135 2078 1201 2102 tem
1224 2068 1385 2111 sanguinis
1410 2078 1529 2116 motu,
1553 2071 1745 2114 pulmones,
1769 2074 1893 2115 aliaque
1918 2073 2039 2109 viscera
2074 2074 2145 2109 affi-

1133 2114 1241 2147 ciente
1259 2138 1267 2152 ,
1292 2112 1383 2145 aneta
1405 2111 1578 2147 difficultas
1603 2115 1772 2157 spirandi,
1817 2119 1848 2150 &
1893 2128 1978 2150 mors
2002 2142 2010 2150 .

1134 2156 1197 2189 Sed
1219 2155 1308 2198 quod
1330 2156 1458 2188 luxatio
1481 2156 1544 2191 s1ne
1565 2156 1705 2192 fraerura
1750 2160 1887 2194 cervicis
1929 2161 2107 2203 contigerit
2131 2167 2145 2200 ,'

1132 2200 1168 2233 id
1190 2200 1320 2236 teretis,
1348 2208 1384 2232 ut
1409 2209 1548 2239 vocant,
1571 2200 1741 2242 ligamenti
1763 2203 1892 2237 laxitati
1932 2204 2140 2240 tribuendum

1133 2244 1178 2277 est
1195 2267 1204 2281 ,
1228 2243 1334 2277 minus
1357 2239 1488 2276 fortasse
1517 2255 1534 2277 a
1556 2253 1695 2283 natura,
1721 2255 1774 2280 aut
1809 2259 1825 2280 a
1849 2248 2014 2290 praegreffa
2057 2260 2138 2291 qua-

1125 2288 1214 2331 piam
1236 2284 1329 2319 causa
1354 2284 1471 2321 firmo,
1496 2288 1528 2319 &
1551 2287 1705 2329 robusto,
1728 2301 1831 2331 eoque
1856 2299 1891 2322 ut
1916 2292 2018 2332 magis
2043 2304 2058 2324 a
2081 2304 2136 2326 ca-

1125 2331 1161 2365 su
1185 2330 1367 2366 laxaretur,
1392 2328 1551 2372 facileque
1573 2330 1724 2370 caderet,
1749 2332 1814 2373 jam
1838 2332 2015 2374 disposito.
2062 2335 2133 2370 Ne-

1127 2386 1191 2417 que
1214 2373 1280 2407 haec
1304 2371 1505 2406 Observatio
1529 2372 1719 2410 adversatur
1741 2376 1909 2409 sententiae
1934 2377 2100 2419 Ruyschii
2122 2402 2133 2418 ‚

1125 2426 1162 2451 ut
1186 2419 1243 2458 qui
1267 2426 1338 2448 raro
1360 2416 1514 2458 quidem,
1539 2425 1576 2449 ut
1599 2414 1692 2461 supra
1714 2420 1728 2457 (
1750 2430 1781 2452 m
1805 2421 1817 2457 >
1841 2419 1933 2458 dixi,
1980 2421 2015 2454 id
2058 2434 2133 2457 con.

1125 2462 1277 2502 tingere,
1302 2458 1496 2497 affirmavit5
1520 2470 1607 2499 non,
1631 2460 1719 2503 quod
1742 2462 1841 2503 aliqui
1868 2462 1926 2503 ipsi
1951 2463 2132 2507 affingunt,

1125 2513 1290 2544 nunquam
1314 2502 1477 2543 accidere,
1501 2506 1653 2544 negavit.
1786 2505 1908 2539 Fraffie
1933 2516 2041 2542 autem
2064 2522 2131 2543 cer-

1127 2548 1208 2580 vicis
1232 2544 1482 2581 Observationes
1505 2545 1562 2579 has
1584 2546 1661 2580 duas
1686 2549 1794 2591 accipe
1815 2572 1825 2588 ,
1856 2560 1992 2591 quarum
2027 2554 2130 2594 prima

1125 2590 1375 2667 {bbexercgatis
1399 2588 1483 2633 apud
1506 2601 1555 2623 me
1578 2589 1782 2634 Discipulis‚
1808 2592 1902 2628 altera
1927 2605 1943 2626 a
1975 2605 2026 2629 me
2059 2596 2129 2640 ipso

1152 2645 1167 2666 ἃ
1195 2641 1239 2666 lta
1262 2644 1277 2665 e
1318 2658 1326 2667 0
1398 2640 1404 2644 x
1699 2656 1703 2668 r

1169 2689 1200 2718 9.
1231 2677 1316 2710 VIR
1341 2676 1474 2711 rusticus
1498 2690 1536 2712 ex
1558 2678 1673 2712 arbore
1694 2677 1855 2723 delapsus,
1879 2678 1982 2717 femur
2011 2682 2127 2719 luxaffe

1125 2720 1335 2754 credebatur.
1361 2720 1466 2758 Quod·
1484 2734 1559 2755 cum
1582 2725 1615 2755 in
1641 2721 1727 2755 suam
1752 2725 1853 2758 sedem
1878 2736 2033 2767 reponere
2056 2727 2126 2762 fru-

1125 2764 1185 2798 stra
1209 2762 1368 2805 Chirurgi
1391 2766 1500 2798 conati
1523 2766 1619 2799 essent
1643 2774 1736 2798 tanto
1761 2767 1874 2809 majori
1919 2768 2087 2805 sedulitate
2112 2794 2122 2809 ,
2144 2804 2145 2809 ,

1125 2805 1215 2849 quod
1239 2805 1378 2848 elapsum
1401 2806 1534 2842 femoris
1557 2817 1651 2849 caput
1677 2819 1772 2842 manu
1799 2811 1962 2852 percipere
1986 2813 2042 2846 fibi
2075 2815 2125 2848 vi-

1123 2851 1303 2885 debantur3
1326 2848 1411 2896 forte
1434 2851 1575 2889 accidit,
1599 2859 1634 2884 ut
1655 2851 1793 2893 Juvenes
1819 2853 1869 2886 illi
1891 2855 1950 2895 qui
1976 2868 2024 2890 me
2058 2868 2123 2892 non

1123 2892 1218 2927 semel
1240 2892 1428 2925 audivislent
1451 2895 1622 2927 docentem
1637 2918 1646 2933 ‚
1669 2904 1793 2935 quanto
1817 2894 1945 2930 facilius
1970 2912 1985 2933 a
2012 2901 2043 2934 vi
2069 2913 2123 2935 ex·-

1124 2945 1213 2970 terna
1241 2936 1375 2969 cervicis
1397 2935 1537 2972 fractura
1553 2960 1563 2975 ,
1585 2947 1682 2980 quam
1706 2937 1838 2972 femoris
1863 2941 2010 2981 luxatio,
2043 2955 2121 2978 con-

1122 2982 1250 3022 tingat,
1275 2980 1306 3011 &
1338 2980 1504 3020 quomodo
1548 2980 1733 3014 trochanter
1777 2982 1878 3025 major
1921 2986 2020 3020 Pareo
2062 2986 2121 3030 ipsi

1122 3028 1134 3063 (
1159 3034 1178 3055 n
1201 3027 1214 3062 >
1238 3033 1296 3064 pro
1321 3021 1454 3056 femoris
1477 3025 1582 3067 capite
1624 3023 1942 3067 imposuissetyhaec
1987 3032 2121 3066 minime

1123 3068 1317 3103 reticerent,
1341 3076 1397 3098 nec
1421 3076 1525 3099 tamen
1550 3067 1686 3100 seniores
1710 3068 1782 3101 illos
1793 3069 1974 3114 Chirurgos
2000 3085 2015 3106 a
2040 3085 2121 3116 prae-

1123 3110 1263 3152 judicata
1287 3109 1442 3148 opinione
1466 3110 1658 3144 abducerent
1683 3135 1692 3143 .
1737 3113 1850 3154 Itaque
1873 3112 2000 3150 duobus
2022 3118 2119 3150 circi-

1125 3163 1174 3186 ter
1197 3152 1316 3184 exaffis
1340 3153 1498 3187 mensibus
1519 3165 1590 3187 cum
1616 3153 1776 3188 Thoracis
1800 3156 1929 3189 morbus
1952 3158 2118 3194 hominem

1121 3198 1177 3238 qui
1201 3208 1215 3228 e
1240 3195 1358 3228 le&qu
1382 3196 1518 3229 necdum
1544 3198 1723 3230 surrexerat
1746 3221 1758 3236 ,
1803 3200 2005 3240 corripuisset
2028 3225 2039 3241 ‚
2084 3207 2117 3237 ὃς

1119 3242 1150 3272 &
1172 3238 1321 3272 catarrho
1343 3238 1428 3281 quasi
1454 3238 1629 3274 suffocante
1674 3240 1858 3274 confecisset
1903 3252 1974 3275 ante
2018 3245 2118 3281 finem

1117 3285 1160 3316 A.
1185 3293 1276 3325 ¹727·
1321 3293 1376 3320 per
1419 3281 1635 3316 disseerionem
1679 3284 1869 3325 cognoscere
1913 3287 2083 3322 voluerunt
2108 3313 2118 3328 ,

1118 3324 1177 3368 ipsi
1200 3336 1283 3365 ‚an
1307 3324 1465 3368 Chirurgi
1488 3325 1612 3368 decepti
1643 3325 1738 3359 essent
1762 3351 1769 3358 .
1903 3330 1925 3361 F
1949 3331 1979 3362 E
2003 3332 2042 3364 M
2066 3335 2117 3365 O-

1119 3372 1147 3401 Ι(
1175 3371 1189 3401 Ι
1214 3370 1232 3400 S
1279 3367 1406 3401 summo
1449 3368 1513 3402 offe
1537 3395 1546 3409 ,
1591 3366 1720 3410 ejusque
1763 3371 1933 3405 acetabulo
1965 3376 2118 3417 retectis,

1116 3412 1269 3445 omnibus
1292 3413 1349 3452 qni
1376 3411 1527 3448 aderant,
1551 3413 1749 3452 Anamares,
1772 3416 1804 3446 &
1837 3413 2019 3457 Chirurgiae
2055 3420 2118 3453 stu-

1118 3453 1211 3489 diosis
1222 3455 1423 3488 ostenderunt
1435 3478 1448 3495 ‚
1470 3454 1663 3532 perfracta}
1675 3456 1708 3487 in
1723 3455 1829 3489 medio
1841 3456 1933 3491 fuisse
1943 3461 2098 3536 ce‘rivicern
2109 3487 2120 3503 ‚

1685 3509 1707 3532 x
1753 3509 1771 3531 2
1999 3506 2075 3538 imi-

508 3618 2127 3638 *ww

861 3713 872 3744 (
888 3715 902 3738 h
923 3713 930 3744 )
946 3716 981 3740 De
998 3715 1070 3739 modo
1086 3722 1134 3745 quo
1150 3716 1197 3741 ossa
1213 3717 1233 3742 se
1251 3715 1335 3740 vicin³s
1350 3716 1536 3742 accommodant
1554 3714 1642 3745 partib.
1663 3715 1684 3745 §.
1702 3721 1742 3745 4²·

977 3746 992 3775 ζ
1007 3746 1017 3769 l
1033 3745 1047 3774 2
1064 3746 1088 3770 in
1105 3747 1120 3771 1.
1137 3747 1250 3777 Hippocr.
1267 3748 1295 3772 de
1313 3748 1386 3774 Artie.
1403 3749 1542 3773 comment.
1559 3747 1575 3772 1.
1594 3754 1616 3777 3.
1635 3754 1658 3771 n.
1678 3753 1715 3775 9³·

1776 3744 1935 3777 (m)n.3÷
