<?xml version="1.0" encoding="UTF-8"?>
<!DOCTYPE html PUBLIC "-//W3C//DTD XHTML 1.0 Transitional//EN"
    "http://www.w3.org/TR/xhtml1/DTD/xhtml1-transitional.dtd">
<html xmlns="http://www.w3.org/1999/xhtml" xml:lang="en" lang="en">
 <head>
  <title>
</title>
<meta http-equiv="Content-Type" content="text/html;charset=utf-8" />
  <meta name='ocr-system' content='tesseract 3.04.00' />
  <meta name='ocr-capabilities' content='ocr_page ocr_carea ocr_par ocr_line ocrx_word'/>
</head>
<body>
  <div class='ocr_page' id='page_1' title='image "./desedibusetcausi00morg_0328.png"; bbox 0 0 2498 4075; ppageno 0'>
   <div class='ocr_carea' id='block_1_1' title="bbox 307 122 1328 3201">
    <p class='ocr_par' dir='ltr' id='par_1_1' title="bbox 307 122 1328 3201">
     <span class='ocr_line' id='line_1_1' title="bbox 326 122 1320 170; baseline -0.009 -8"><span class='ocrx_word' id='word_1_1' title='bbox 326 129 418 170; x_wconf 87' lang='lat' dir='ltr'>sent,</span> <span class='ocrx_word' id='word_1_2' title='bbox 441 127 595 162; x_wconf 80' lang='lat' dir='ltr'>attulisset</span> <span class='ocrx_word' id='word_1_3' title='bbox 616 151 623 157; x_wconf 89' lang='lat'>.</span> <span class='ocrx_word' id='word_1_4' title='bbox 648 124 704 160; x_wconf 79' lang='lat' dir='ltr'>Est</span> <span class='ocrx_word' id='word_1_5' title='bbox 725 125 823 159; x_wconf 86' lang='lat' dir='ltr'>etiam</span> <span class='ocrx_word' id='word_1_6' title='bbox 846 123 936 158; x_wconf 84' lang='lat' dir='ltr'>causa</span> <span class='ocrx_word' id='word_1_7' title='bbox 959 123 1045 162; x_wconf 81' lang='lat' dir='ltr'>alia,</span> <span class='ocrx_word' id='word_1_8' title='bbox 1066 133 1178 164; x_wconf 84' lang='lat' dir='ltr'>nempe</span> <span class='ocrx_word' id='word_1_9' title='bbox 1192 122 1320 165; x_wconf 82' lang='lat' dir='ltr'>praefri-</span> 
     </span>
     <span class='ocr_line' id='line_1_2' title="bbox 326 166 1321 215; baseline -0.008 -10"><span class='ocrx_word' id='word_1_10' title='bbox 326 171 400 215; x_wconf 81' lang='lat' dir='ltr'>gida</span> <span class='ocrx_word' id='word_1_11' title='bbox 423 173 523 206; x_wconf 86' lang='lat' dir='ltr'>multa</span> <span class='ocrx_word' id='word_1_12' title='bbox 547 170 641 213; x_wconf 89' lang='lat' dir='ltr'>potio</span> <span class='ocrx_word' id='word_1_13' title='bbox 664 192 677 209; x_wconf 85' lang='lat'>,</span> <span class='ocrx_word' id='word_1_14' title='bbox 706 168 783 202; x_wconf 90' lang='lat' dir='ltr'>dum</span> <span class='ocrx_word' id='word_1_15' title='bbox 805 169 843 202; x_wconf 87' lang='lat' dir='ltr'>ab</span> <span class='ocrx_word' id='word_1_16' title='bbox 865 167 965 201; x_wconf 84' lang='lat' dir='ltr'>nimia</span> <span class='ocrx_word' id='word_1_17' title='bbox 996 166 1224 200; x_wconf 81' lang='lat' dir='ltr'>exercitatione</span> <span class='ocrx_word' id='word_1_18' title='bbox 1248 176 1321 198; x_wconf 88' lang='lat' dir='ltr'>cot-</span> 
     </span>
     <span class='ocr_line' id='line_1_3' title="bbox 327 208 1321 260; baseline -0.008 -11"><span class='ocrx_word' id='word_1_19' title='bbox 327 228 386 260; x_wconf 85' lang='lat' dir='ltr'>pus</span> <span class='ocrx_word' id='word_1_20' title='bbox 418 215 523 249; x_wconf 85' lang='lat' dir='ltr'>aestuat</span> <span class='ocrx_word' id='word_1_21' title='bbox 543 237 555 254; x_wconf 92' lang='lat'>,</span> <span class='ocrx_word' id='word_1_22' title='bbox 588 213 786 255; x_wconf 81' lang='lat' dir='ltr'>ingurgitata</span> <span class='ocrx_word' id='word_1_23' title='bbox 809 236 817 251; x_wconf 91' lang='lat'>,</span> <span class='ocrx_word' id='word_1_24' title='bbox 864 222 909 243; x_wconf 89' lang='lat' dir='ltr'>res</span> <span class='ocrx_word' id='word_1_25' title='bbox 940 209 1003 242; x_wconf 85' lang='lat' dir='ltr'>fere</span> <span class='ocrx_word' id='word_1_26' title='bbox 1036 208 1286 250; x_wconf 79' lang='lat' dir='ltr'>perniciofiffima</span> <span class='ocrx_word' id='word_1_27' title='bbox 1309 232 1321 248; x_wconf 90' lang='lat'>‚</span> 
     </span>
     <span class='ocr_line' id='line_1_4' title="bbox 326 251 1321 302; baseline -0.009 -10"><span class='ocrx_word' id='word_1_28' title='bbox 326 261 472 302; x_wconf 78' lang='lat' dir='ltr'>quamvis</span> <span class='ocrx_word' id='word_1_29' title='bbox 497 268 560 291; x_wconf 91' lang='lat' dir='ltr'>non</span> <span class='ocrx_word' id='word_1_30' title='bbox 582 267 620 287; x_wconf 84' lang='lat' dir='ltr'>ex</span> <span class='ocrx_word' id='word_1_31' title='bbox 644 256 804 297; x_wconf 82' lang='lat' dir='ltr'>pulmonis</span> <span class='ocrx_word' id='word_1_32' title='bbox 829 263 952 288; x_wconf 87' lang='lat' dir='ltr'>tantum</span> <span class='ocrx_word' id='word_1_33' title='bbox 976 251 1120 284; x_wconf 76' lang='lat' dir='ltr'>laefione.</span> <span class='ocrx_word' id='word_1_34' title='bbox 1148 252 1321 295; x_wconf 75' lang='lat' dir='ltr'>Namque3</span> 
     </span>
     <span class='ocr_line' id='line_1_5' title="bbox 327 294 1321 343; baseline -0.008 -8"><span class='ocrx_word' id='word_1_35' title='bbox 327 312 364 335; x_wconf 84' lang='lat' dir='ltr'>ut</span> <span class='ocrx_word' id='word_1_36' title='bbox 387 303 424 334; x_wconf 88' lang='lat' dir='ltr'>de</span> <span class='ocrx_word' id='word_1_37' title='bbox 446 300 603 343; x_wconf 70' lang='lat' dir='ltr'>sanguinis</span> <span class='ocrx_word' id='word_1_38' title='bbox 627 298 742 336; x_wconf 79' lang='lat' dir='ltr'>alveis,</span> <span class='ocrx_word' id='word_1_39' title='bbox 765 299 848 341; x_wconf 81' lang='lat' dir='ltr'>gulae</span> <span class='ocrx_word' id='word_1_40' title='bbox 871 297 1028 339; x_wconf 73' lang='lat' dir='ltr'>proximis</span> <span class='ocrx_word' id='word_1_41' title='bbox 1049 318 1061 334; x_wconf 89' lang='lat'>,</span> <span class='ocrx_word' id='word_1_42' title='bbox 1084 295 1167 328; x_wconf 90' lang='lat' dir='ltr'>nihil</span> <span class='ocrx_word' id='word_1_43' title='bbox 1192 294 1321 331; x_wconf 79' lang='lat' dir='ltr'>dicam3</span> 
     </span>
     <span class='ocr_line' id='line_1_6' title="bbox 321 337 1320 384; baseline -0.008 -7"><span class='ocrx_word' id='word_1_44' title='bbox 321 345 536 377; x_wconf 86' lang='lat' dir='ltr'>ventriculum</span> <span class='ocrx_word' id='word_1_45' title='bbox 560 353 710 384; x_wconf 86' lang='lat' dir='ltr'>quoque,</span> <span class='ocrx_word' id='word_1_46' title='bbox 733 343 766 374; x_wconf 87' lang='lat' dir='ltr'>in</span> <span class='ocrx_word' id='word_1_47' title='bbox 790 351 885 384; x_wconf 87' lang='lat' dir='ltr'>quem</span> <span class='ocrx_word' id='word_1_48' title='bbox 910 339 1003 381; x_wconf 87' lang='lat' dir='ltr'>potio</span> <span class='ocrx_word' id='word_1_49' title='bbox 1025 339 1186 380; x_wconf 80' lang='lat' dir='ltr'>excipitur</span> <span class='ocrx_word' id='word_1_50' title='bbox 1214 363 1224 377; x_wconf 91' lang='lat'>,</span> <span class='ocrx_word' id='word_1_51' title='bbox 1247 337 1320 369; x_wconf 88' lang='lat' dir='ltr'>inde</span> 
     </span>
     <span class='ocr_line' id='line_1_7' title="bbox 324 380 1320 430; baseline -0.01 -9"><span class='ocrx_word' id='word_1_52' title='bbox 324 390 462 430; x_wconf 88' lang='lat' dir='ltr'>primum</span> <span class='ocrx_word' id='word_1_53' title='bbox 487 386 577 419; x_wconf 74' lang='lat' dir='ltr'>fuisse</span> <span class='ocrx_word' id='word_1_54' title='bbox 598 385 748 418; x_wconf 87' lang='lat' dir='ltr'>vitiatum</span> <span class='ocrx_word' id='word_1_55' title='bbox 773 387 804 416; x_wconf 89' lang='lat' dir='ltr'>in</span> <span class='ocrx_word' id='word_1_56' title='bbox 831 380 993 425; x_wconf 77' lang='lat' dir='ltr'>phthisico</span> <span class='ocrx_word' id='word_1_57' title='bbox 1017 393 1114 424; x_wconf 90' lang='lat' dir='ltr'>puero</span> <span class='ocrx_word' id='word_1_58' title='bbox 1136 404 1145 419; x_wconf 95' lang='lat'>,</span> <span class='ocrx_word' id='word_1_59' title='bbox 1169 391 1232 413; x_wconf 88' lang='lat' dir='ltr'>non</span> <span class='ocrx_word' id='word_1_60' title='bbox 1257 380 1320 413; x_wconf 79' lang='lat' dir='ltr'>sine</span> 
     </span>
     <span class='ocr_line' id='line_1_8' title="bbox 325 425 1319 472; baseline -0.009 -8"><span class='ocrx_word' id='word_1_61' title='bbox 325 432 450 464; x_wconf 76' lang='lat' dir='ltr'>ratione</span> <span class='ocrx_word' id='word_1_62' title='bbox 473 430 578 472; x_wconf 81' lang='lat' dir='ltr'>aliqua</span> <span class='ocrx_word' id='word_1_63' title='bbox 601 428 811 461; x_wconf 73' lang='lat' dir='ltr'>contendebat</span> <span class='ocrx_word' id='word_1_64' title='bbox 836 425 995 459; x_wconf 86' lang='lat' dir='ltr'>Lentilius</span> <span class='ocrx_word' id='word_1_65' title='bbox 1020 426 1070 467; x_wconf 90' lang='lat' dir='ltr'>(o</span> <span class='ocrx_word' id='word_1_66' title='bbox 1091 429 1123 464; x_wconf 93' lang='lat'>)-</span> <span class='ocrx_word' id='word_1_67' title='bbox 1150 425 1214 457; x_wconf 87' lang='lat' dir='ltr'>Cui</span> <span class='ocrx_word' id='word_1_68' title='bbox 1240 425 1319 457; x_wconf 88' lang='lat' dir='ltr'>utin</span> 
     </span>
     <span class='ocr_line' id='line_1_9' title="bbox 321 465 1319 513; baseline -0.008 -7"><span class='ocrx_word' id='word_1_69' title='bbox 321 475 382 507; x_wconf 86' lang='lat' dir='ltr'>illo</span> <span class='ocrx_word' id='word_1_70' title='bbox 414 473 487 506; x_wconf 89' lang='lat' dir='ltr'>casu</span> <span class='ocrx_word' id='word_1_71' title='bbox 510 484 573 504; x_wconf 88' lang='lat' dir='ltr'>non</span> <span class='ocrx_word' id='word_1_72' title='bbox 608 470 802 513; x_wconf 76' lang='lat' dir='ltr'>refragemur</span> <span class='ocrx_word' id='word_1_73' title='bbox 824 494 835 508; x_wconf 89' lang='lat'>‚</span> <span class='ocrx_word' id='word_1_74' title='bbox 869 479 924 501; x_wconf 89' lang='lat' dir='ltr'>nec</span> <span class='ocrx_word' id='word_1_75' title='bbox 948 469 981 500; x_wconf 90' lang='lat' dir='ltr'>in</span> <span class='ocrx_word' id='word_1_76' title='bbox 1014 468 1085 500; x_wconf 84' lang='lat' dir='ltr'>aliis</span> <span class='ocrx_word' id='word_1_77' title='bbox 1128 465 1254 499; x_wconf 72' lang='lat' dir='ltr'>fortasse</span> <span class='ocrx_word' id='word_1_78' title='bbox 1285 468 1319 498; x_wconf 90' lang='lat' dir='ltr'>in</span> 
     </span>
     <span class='ocr_line' id='line_1_10' title="bbox 323 508 1319 560; baseline -0.008 -10"><span class='ocrx_word' id='word_1_79' title='bbox 323 517 441 560; x_wconf 86' lang='lat' dir='ltr'>quibus</span> <span class='ocrx_word' id='word_1_80' title='bbox 475 516 580 549; x_wconf 90' lang='lat' dir='ltr'>multo</span> <span class='ocrx_word' id='word_1_81' title='bbox 602 516 687 557; x_wconf 85' lang='lat' dir='ltr'>prius</span> <span class='ocrx_word' id='word_1_82' title='bbox 721 514 759 547; x_wconf 84' lang='lat' dir='ltr'>ab</span> <span class='ocrx_word' id='word_1_83' title='bbox 791 513 950 546; x_wconf 84' lang='lat' dir='ltr'>exteriore</span> <span class='ocrx_word' id='word_1_84' title='bbox 981 511 1035 544; x_wconf 88' lang='lat' dir='ltr'>illa</span> <span class='ocrx_word' id='word_1_85' title='bbox 1070 511 1157 543; x_wconf 76' lang='lat' dir='ltr'>causa</span> <span class='ocrx_word' id='word_1_86' title='bbox 1182 508 1319 543; x_wconf 77' lang='lat' dir='ltr'>Jaefiones</span> 
     </span>
     <span class='ocr_line' id='line_1_11' title="bbox 321 552 1320 601; baseline -0.009 -8"><span class='ocrx_word' id='word_1_87' title='bbox 321 560 491 593; x_wconf 85' lang='lat' dir='ltr'>ventriculi</span> <span class='ocrx_word' id='word_1_88' title='bbox 513 569 608 601; x_wconf 84' lang='lat' dir='ltr'>quam</span> <span class='ocrx_word' id='word_1_89' title='bbox 632 559 820 600; x_wconf 89' lang='lat' dir='ltr'>pulmonum</span> <span class='ocrx_word' id='word_1_90' title='bbox 840 579 852 595; x_wconf 88' lang='lat'>,</span> <span class='ocrx_word' id='word_1_91' title='bbox 875 553 1166 587; x_wconf 73' lang='lat' dir='ltr'>animadvertantur</span> <span class='ocrx_word' id='word_1_92' title='bbox 1192 576 1205 593; x_wconf 91' lang='lat'>,</span> <span class='ocrx_word' id='word_1_93' title='bbox 1239 552 1320 586; x_wconf 88' lang='lat' dir='ltr'>unde</span> 
     </span>
     <span class='ocr_line' id='line_1_12' title="bbox 321 595 1321 638; baseline -0.011 0"><span class='ocrx_word' id='word_1_94' title='bbox 321 605 404 638; x_wconf 77' lang='lat' dir='ltr'>mala</span> <span class='ocrx_word' id='word_1_95' title='bbox 427 603 575 636; x_wconf 88' lang='lat' dir='ltr'>ciborum</span> <span class='ocrx_word' id='word_1_96' title='bbox 598 600 763 633; x_wconf 66' lang='lat' dir='ltr'>consec‘tio</span> <span class='ocrx_word' id='word_1_97' title='bbox 783 598 920 631; x_wconf 89' lang='lat' dir='ltr'>viscidos</span> <span class='ocrx_word' id='word_1_98' title='bbox 943 622 951 636; x_wconf 93' lang='lat'><strong><em>‚</em></strong></span> <span class='ocrx_word' id='word_1_99' title='bbox 992 596 1109 630; x_wconf 87' lang='lat' dir='ltr'>acresve</span> <span class='ocrx_word' id='word_1_100' title='bbox 1136 595 1241 629; x_wconf 85' lang='lat' dir='ltr'>succos</span> <span class='ocrx_word' id='word_1_101' title='bbox 1265 606 1321 637; x_wconf 85' lang='lat' dir='ltr'>pa-</span> 
     </span>
     <span class='ocr_line' id='line_1_13' title="bbox 323 638 1320 689; baseline -0.011 -8"><span class='ocrx_word' id='word_1_102' title='bbox 323 658 370 681; x_wconf 87' lang='lat' dir='ltr'>ret</span> <span class='ocrx_word' id='word_1_103' title='bbox 385 669 396 687; x_wconf 88' lang='lat'>,</span> <span class='ocrx_word' id='word_1_104' title='bbox 418 648 475 689; x_wconf 88' lang='lat' dir='ltr'>qui</span> <span class='ocrx_word' id='word_1_105' title='bbox 500 648 531 679; x_wconf 72' lang='grc' dir='ltr'><strong>ἆ</strong></span> <span class='ocrx_word' id='word_1_106' title='bbox 556 643 753 677; x_wconf 83' lang='lat' dir='ltr'>stomachum</span> <span class='ocrx_word' id='word_1_107' title='bbox 776 640 956 675; x_wconf 71' lang='lat' dir='ltr'>vellicando</span> <span class='ocrx_word' id='word_1_108' title='bbox 980 664 992 680; x_wconf 84' lang='lat'>,</span> <span class='ocrx_word' id='word_1_109' title='bbox 1014 638 1118 673; x_wconf 80' lang='lat' dir='ltr'>tuffim</span> <span class='ocrx_word' id='word_1_110' title='bbox 1142 639 1285 671; x_wconf 81' lang='lat' dir='ltr'>excitent</span> <span class='ocrx_word' id='word_1_111' title='bbox 1307 662 1320 679; x_wconf 87' lang='lat'>,</span> 
     </span>
     <span class='ocr_line' id='line_1_14' title="bbox 322 680 1319 732; baseline -0.011 -7"><span class='ocrx_word' id='word_1_112' title='bbox 322 695 354 725; x_wconf 86' lang='lat'>&amp;</span> <span class='ocrx_word' id='word_1_113' title='bbox 378 693 412 723; x_wconf 90' lang='lat' dir='ltr'>in</span> <span class='ocrx_word' id='word_1_114' title='bbox 436 686 790 732; x_wconf 76' lang='lat' dir='ltr'>pulmonibustandem</span> <span class='ocrx_word' id='word_1_115' title='bbox 813 683 999 719; x_wconf 77' lang='lat' dir='ltr'>subsistendo</span> <span class='ocrx_word' id='word_1_116' title='bbox 1017 706 1029 722; x_wconf 83' lang='grc'>,</span> <span class='ocrx_word' id='word_1_117' title='bbox 1065 680 1283 724; x_wconf 84' lang='lat' dir='ltr'>irritandoque</span> <span class='ocrx_word' id='word_1_118' title='bbox 1309 705 1319 721; x_wconf 89' lang='lat'>‚</span> 
     </span>
     <span class='ocr_line' id='line_1_15' title="bbox 321 723 1319 774; baseline -0.011 -7"><span class='ocrx_word' id='word_1_119' title='bbox 321 734 444 768; x_wconf 80' lang='lat' dir='ltr'>eausam</span> <span class='ocrx_word' id='word_1_120' title='bbox 469 731 624 774; x_wconf 69' lang='lat' dir='ltr'>praebeant</span> <span class='ocrx_word' id='word_1_121' title='bbox 652 728 771 773; x_wconf 84' lang='lat' dir='ltr'>phthisi</span> <span class='ocrx_word' id='word_1_122' title='bbox 797 754 804 765; x_wconf 85' lang='lat'>,</span> <span class='ocrx_word' id='word_1_123' title='bbox 838 739 898 770; x_wconf 80' lang='lat' dir='ltr'>qua</span> <span class='ocrx_word' id='word_1_124' title='bbox 922 729 1046 759; x_wconf 87' lang='lat' dir='ltr'>ratione</span> <span class='ocrx_word' id='word_1_125' title='bbox 1079 724 1134 756; x_wconf 90' lang='lat' dir='ltr'>ille</span> <span class='ocrx_word' id='word_1_126' title='bbox 1155 747 1168 764; x_wconf 91' lang='lat'><em>‚</em></span> <span class='ocrx_word' id='word_1_127' title='bbox 1201 723 1224 757; x_wconf 79' lang='lat' dir='ltr'>si</span> <span class='ocrx_word' id='word_1_128' title='bbox 1256 735 1319 757; x_wconf 89' lang='lat' dir='ltr'>non</span> 
     </span>
     <span class='ocr_line' id='line_1_16' title="bbox 320 766 1318 816; baseline -0.01 -6"><span class='ocrx_word' id='word_1_129' title='bbox 320 778 434 811; x_wconf 87' lang='lat' dir='ltr'>Vateri</span> <span class='ocrx_word' id='word_1_130' title='bbox 459 777 549 816; x_wconf 70' lang='grc' dir='ltr'>(ρ’)</span> <span class='ocrx_word' id='word_1_131' title='bbox 571 796 581 809; x_wconf 82' lang='grc'>,</span> <span class='ocrx_word' id='word_1_132' title='bbox 617 780 646 805; x_wconf 87' lang='lat' dir='ltr'>at</span> <span class='ocrx_word' id='word_1_133' title='bbox 671 773 741 805; x_wconf 88' lang='lat' dir='ltr'>Cel.</span> <span class='ocrx_word' id='word_1_134' title='bbox 767 772 903 804; x_wconf 78' lang='lat' dir='ltr'>Heisteri</span> <span class='ocrx_word' id='word_1_135' title='bbox 926 773 940 809; x_wconf 89' lang='lat'>(</span> <span class='ocrx_word' id='word_1_136' title='bbox 961 782 979 813; x_wconf 83' lang='lat' dir='ltr'><em>q</em></span> <span class='ocrx_word' id='word_1_137' title='bbox 1001 773 1014 809; x_wconf 87' lang='grc'>&gt;</span> <span class='ocrx_word' id='word_1_138' title='bbox 1051 766 1318 801; x_wconf 80' lang='lat' dir='ltr'>Observationem</span> 
     </span>
     <span class='ocr_line' id='line_1_17' title="bbox 320 810 1320 862; baseline -0.011 -8"><span class='ocrx_word' id='word_1_139' title='bbox 320 821 476 862; x_wconf 78' lang='lat' dir='ltr'>explicare</span> <span class='ocrx_word' id='word_1_140' title='bbox 500 815 631 849; x_wconf 76' lang='lat' dir='ltr'>forsitan</span> <span class='ocrx_word' id='word_1_141' title='bbox 644 814 823 852; x_wconf 53' lang='lat' dir='ltr'>maluissem</span> <span class='ocrx_word' id='word_1_142' title='bbox 849 824 882 847; x_wconf 89' lang='lat' dir='ltr'>ut</span> <span class='ocrx_word' id='word_1_143' title='bbox 898 814 931 845; x_wconf 89' lang='lat' dir='ltr'>in</span> <span class='ocrx_word' id='word_1_144' title='bbox 957 810 1143 850; x_wconf 66' lang='lat' dir='ltr'>nonnullis,</span> <span class='ocrx_word' id='word_1_145' title='bbox 1167 811 1320 853; x_wconf 81' lang='lat' dir='ltr'>inquam,</span> 
     </span>
     <span class='ocr_line' id='line_1_18' title="bbox 320 854 1321 902; baseline -0.011 -5"><span class='ocrx_word' id='word_1_146' title='bbox 320 865 426 897; x_wconf 85' lang='lat' dir='ltr'>minus</span> <span class='ocrx_word' id='word_1_147' title='bbox 447 860 643 902; x_wconf 75' lang='lat' dir='ltr'>refragemur</span> <span class='ocrx_word' id='word_1_148' title='bbox 665 871 675 897; x_wconf 83' lang='lat'>5</span> <span class='ocrx_word' id='word_1_149' title='bbox 709 868 813 890; x_wconf 83' lang='lat' dir='ltr'>tamen</span> <span class='ocrx_word' id='word_1_150' title='bbox 837 858 885 889; x_wconf 84' lang='lat' dir='ltr'>vel</span> <span class='ocrx_word' id='word_1_151' title='bbox 923 857 956 889; x_wconf 90' lang='lat' dir='ltr'>in</span> <span class='ocrx_word' id='word_1_152' title='bbox 980 856 1030 889; x_wconf 89' lang='lat' dir='ltr'>his</span> <span class='ocrx_word' id='word_1_153' title='bbox 1063 854 1182 887; x_wconf 80' lang='lat' dir='ltr'>casibus</span> <span class='ocrx_word' id='word_1_154' title='bbox 1214 856 1321 896; x_wconf 88' lang='lat' dir='ltr'>negari</span> 
     </span>
     <span class='ocr_line' id='line_1_19' title="bbox 317 896 1322 948; baseline -0.01 -8"><span class='ocrx_word' id='word_1_155' title='bbox 317 918 381 941; x_wconf 87' lang='lat' dir='ltr'>non</span> <span class='ocrx_word' id='word_1_156' title='bbox 406 904 528 948; x_wconf 85' lang='lat' dir='ltr'>potest,</span> <span class='ocrx_word' id='word_1_157' title='bbox 555 901 745 935; x_wconf 71' lang='lat' dir='ltr'>adhaerentes</span> <span class='ocrx_word' id='word_1_158' title='bbox 768 899 946 943; x_wconf 81' lang='lat' dir='ltr'>oesophago</span> <span class='ocrx_word' id='word_1_159' title='bbox 968 911 985 932; x_wconf 87' lang='lat' dir='ltr'>a</span> <span class='ocrx_word' id='word_1_160' title='bbox 1009 898 1115 932; x_wconf 82' lang='lat' dir='ltr'>fronte</span> <span class='ocrx_word' id='word_1_161' title='bbox 1137 896 1265 940; x_wconf 81' lang='lat' dir='ltr'>quidem</span> <span class='ocrx_word' id='word_1_162' title='bbox 1277 907 1322 930; x_wconf 85' lang='lat' dir='ltr'>te-</span> 
     </span>
     <span class='ocr_line' id='line_1_20' title="bbox 317 940 1323 987; baseline -0.01 -4"><span class='ocrx_word' id='word_1_163' title='bbox 317 951 446 984; x_wconf 83' lang='lat' dir='ltr'>nuiores</span> <span class='ocrx_word' id='word_1_164' title='bbox 480 947 602 980; x_wconf 84' lang='lat' dir='ltr'>arteriae</span> <span class='ocrx_word' id='word_1_165' title='bbox 626 945 755 987; x_wconf 82' lang='lat' dir='ltr'>Aspetae</span> <span class='ocrx_word' id='word_1_166' title='bbox 777 968 788 984; x_wconf 84' lang='lat'>,</span> <span class='ocrx_word' id='word_1_167' title='bbox 821 947 852 977; x_wconf 89' lang='lat'>&amp;</span> <span class='ocrx_word' id='word_1_168' title='bbox 876 946 1056 986; x_wconf 89' lang='lat' dir='ltr'>primorum</span> <span class='ocrx_word' id='word_1_169' title='bbox 1089 940 1323 974; x_wconf 89' lang='lat' dir='ltr'>bronchiorum</span> 
     </span>
     <span class='ocr_line' id='line_1_21' title="bbox 316 985 1320 1037; baseline -0.011 -10"><span class='ocrx_word' id='word_1_170' title='bbox 316 995 476 1037; x_wconf 80' lang='lat' dir='ltr'>parietes,</span> <span class='ocrx_word' id='word_1_171' title='bbox 501 991 669 1033; x_wconf 85' lang='lat' dir='ltr'>proximos</span> <span class='ocrx_word' id='word_1_172' title='bbox 692 997 798 1022; x_wconf 87' lang='lat' dir='ltr'>autem</span> <span class='ocrx_word' id='word_1_173' title='bbox 822 989 861 1021; x_wconf 81' lang='lat' dir='ltr'>ab</span> <span class='ocrx_word' id='word_1_174' title='bbox 885 996 1025 1029; x_wconf 87' lang='lat' dir='ltr'>utroque</span> <span class='ocrx_word' id='word_1_175' title='bbox 1050 986 1146 1017; x_wconf 83' lang='lat' dir='ltr'>latere</span> <span class='ocrx_word' id='word_1_176' title='bbox 1157 985 1320 1026; x_wconf 77' lang='lat' dir='ltr'>pulmones</span> 
     </span>
     <span class='ocr_line' id='line_1_22' title="bbox 315 1028 1320 1079; baseline -0.012 -9"><span class='ocrx_word' id='word_1_177' title='bbox 315 1050 332 1070; x_wconf 85' lang='lat' dir='ltr'>a</span> <span class='ocrx_word' id='word_1_178' title='bbox 356 1034 540 1079; x_wconf 77' lang='lat' dir='ltr'>praefrigida</span> <span class='ocrx_word' id='word_1_179' title='bbox 566 1034 666 1066; x_wconf 83' lang='lat' dir='ltr'>multa</span> <span class='ocrx_word' id='word_1_180' title='bbox 691 1032 845 1065; x_wconf 81' lang='lat' dir='ltr'>allabente</span> <span class='ocrx_word' id='word_1_181' title='bbox 868 1055 879 1071; x_wconf 85' lang='lat'>,</span> <span class='ocrx_word' id='word_1_182' title='bbox 904 1040 957 1064; x_wconf 88' lang='lat' dir='ltr'>aut</span> <span class='ocrx_word' id='word_1_183' title='bbox 981 1028 1187 1061; x_wconf 80' lang='lat' dir='ltr'>interlabente</span> <span class='ocrx_word' id='word_1_184' title='bbox 1211 1028 1320 1069; x_wconf 88' lang='lat' dir='ltr'>potio-</span> 
     </span>
     <span class='ocr_line' id='line_1_23' title="bbox 315 1070 1317 1120; baseline -0.01 -8"><span class='ocrx_word' id='word_1_185' title='bbox 315 1091 377 1120; x_wconf 86' lang='lat' dir='ltr'>ne,</span> <span class='ocrx_word' id='word_1_186' title='bbox 400 1078 421 1112; x_wconf 89' lang='lat' dir='ltr'>fi</span> <span class='ocrx_word' id='word_1_187' title='bbox 446 1088 563 1119; x_wconf 78' lang='lat' dir='ltr'>corpus</span> <span class='ocrx_word' id='word_1_188' title='bbox 586 1075 714 1115; x_wconf 63' lang='lat' dir='ltr'>aestuet,</span> <span class='ocrx_word' id='word_1_189' title='bbox 737 1085 789 1108; x_wconf 86' lang='lat' dir='ltr'>aut</span> <span class='ocrx_word' id='word_1_190' title='bbox 814 1075 962 1117; x_wconf 85' lang='lat' dir='ltr'>protinus</span> <span class='ocrx_word' id='word_1_191' title='bbox 986 1073 1058 1105; x_wconf 79' lang='lat' dir='ltr'>laedi</span> <span class='ocrx_word' id='word_1_192' title='bbox 1079 1095 1092 1111; x_wconf 85' lang='lat'>,</span> <span class='ocrx_word' id='word_1_193' title='bbox 1124 1077 1177 1104; x_wconf 76' lang='lat' dir='ltr'>aut</span> <span class='ocrx_word' id='word_1_194' title='bbox 1202 1070 1240 1103; x_wconf 87' lang='lat' dir='ltr'>ad</span> <span class='ocrx_word' id='word_1_195' title='bbox 1264 1071 1317 1103; x_wconf 68' lang='lat' dir='ltr'>lae-</span> 
     </span>
     <span class='ocr_line' id='line_1_24' title="bbox 314 1113 1316 1163; baseline -0.011 -7"><span class='ocrx_word' id='word_1_196' title='bbox 314 1122 413 1157; x_wconf 77' lang='lat' dir='ltr'>siones</span> <span class='ocrx_word' id='word_1_197' title='bbox 437 1121 662 1163; x_wconf 82' lang='lat' dir='ltr'>accipiendas,</span> <span class='ocrx_word' id='word_1_198' title='bbox 685 1117 772 1162; x_wconf 85' lang='lat' dir='ltr'>quod</span> <span class='ocrx_word' id='word_1_199' title='bbox 797 1118 899 1160; x_wconf 79' lang='lat' dir='ltr'>ipsum</span> <span class='ocrx_word' id='word_1_200' title='bbox 924 1116 985 1150; x_wconf 87' lang='lat' dir='ltr'>fine</span> <span class='ocrx_word' id='word_1_201' title='bbox 997 1115 1120 1148; x_wconf 79' lang='lat' dir='ltr'>laefionc</span> <span class='ocrx_word' id='word_1_202' title='bbox 1146 1113 1247 1156; x_wconf 87' lang='lat' dir='ltr'>aliqua</span> <span class='ocrx_word' id='word_1_203' title='bbox 1261 1113 1316 1146; x_wconf 88' lang='lat' dir='ltr'>fie-</span> 
     </span>
     <span class='ocr_line' id='line_1_25' title="bbox 313 1158 1317 1208; baseline -0.012 -9"><span class='ocrx_word' id='word_1_204' title='bbox 313 1169 340 1199; x_wconf 88' lang='lat' dir='ltr'>ri</span> <span class='ocrx_word' id='word_1_205' title='bbox 366 1178 428 1199; x_wconf 90' lang='lat' dir='ltr'>non</span> <span class='ocrx_word' id='word_1_206' title='bbox 452 1164 575 1208; x_wconf 83' lang='lat' dir='ltr'>potest,</span> <span class='ocrx_word' id='word_1_207' title='bbox 599 1162 798 1196; x_wconf 86' lang='lat' dir='ltr'>vehementer</span> <span class='ocrx_word' id='word_1_208' title='bbox 821 1160 971 1203; x_wconf 85' lang='lat' dir='ltr'>disponi.</span> <span class='ocrx_word' id='word_1_209' title='bbox 995 1159 1058 1191; x_wconf 77' lang='lat' dir='ltr'>Hae</span> <span class='ocrx_word' id='word_1_210' title='bbox 1081 1159 1205 1199; x_wconf 81' lang='lat' dir='ltr'>igitur,</span> <span class='ocrx_word' id='word_1_211' title='bbox 1229 1158 1317 1189; x_wconf 80' lang='lat' dir='ltr'>aliae-</span> 
     </span>
     <span class='ocr_line' id='line_1_26' title="bbox 314 1199 1313 1248; baseline -0.01 -5"><span class='ocrx_word' id='word_1_212' title='bbox 314 1221 376 1245; x_wconf 79' lang='lat' dir='ltr'>oue</span> <span class='ocrx_word' id='word_1_213' title='bbox 400 1208 519 1244; x_wconf 80' lang='lat' dir='ltr'>causae,</span> <span class='ocrx_word' id='word_1_214' title='bbox 542 1207 602 1240; x_wconf 82' lang='lat' dir='ltr'>{ive</span> <span class='ocrx_word' id='word_1_215' title='bbox 625 1207 777 1248; x_wconf 73' lang='lat' dir='ltr'>ingenita:</span> <span class='ocrx_word' id='word_1_216' title='bbox 799 1227 811 1244; x_wconf 89' lang='lat'>,</span> <span class='ocrx_word' id='word_1_217' title='bbox 844 1203 902 1237; x_wconf 80' lang='lat' dir='ltr'>five</span> <span class='ocrx_word' id='word_1_218' title='bbox 925 1202 1113 1236; x_wconf 81' lang='lat' dir='ltr'>adventitiae</span> <span class='ocrx_word' id='word_1_219' title='bbox 1137 1199 1313 1242; x_wconf 68' lang='lat' dir='ltr'>phthisicos</span> 
     </span>
     <span class='ocr_line' id='line_1_27' title="bbox 313 1247 1314 1291; baseline -0.012 -5"><span class='ocrx_word' id='word_1_220' title='bbox 313 1253 461 1291; x_wconf 84' lang='lat' dir='ltr'>faciunt,</span> <span class='ocrx_word' id='word_1_221' title='bbox 483 1250 698 1291; x_wconf 83' lang='lat' dir='ltr'>occiduntque</span> <span class='ocrx_word' id='word_1_222' title='bbox 723 1260 780 1289; x_wconf 87' lang='lat' dir='ltr'>pro</span> <span class='ocrx_word' id='word_1_223' title='bbox 802 1259 932 1286; x_wconf 83' lang='lat' dir='ltr'>earum,</span> <span class='ocrx_word' id='word_1_224' title='bbox 955 1249 1192 1286; x_wconf 70' lang='lat' dir='ltr'>&amp;corpor-um,</span> <span class='ocrx_word' id='word_1_225' title='bbox 1219 1247 1250 1276; x_wconf 85' lang='lat'>&amp;</span> <span class='ocrx_word' id='word_1_226' title='bbox 1264 1254 1314 1275; x_wconf 86' lang='lat' dir='ltr'>ro-</span> 
     </span>
     <span class='ocr_line' id='line_1_28' title="bbox 311 1287 1317 1332; baseline -0.011 -2"><span class='ocrx_word' id='word_1_227' title='bbox 311 1296 399 1330; x_wconf 90' lang='lat' dir='ltr'>boris</span> <span class='ocrx_word' id='word_1_228' title='bbox 424 1296 594 1331; x_wconf 82' lang='lat' dir='ltr'>varietate,</span> <span class='ocrx_word' id='word_1_229' title='bbox 619 1293 707 1324; x_wconf 80' lang='lat' dir='ltr'>vario</span> <span class='ocrx_word' id='word_1_230' title='bbox 731 1290 829 1323; x_wconf 86' lang='lat' dir='ltr'>modo</span> <span class='ocrx_word' id='word_1_231' title='bbox 854 1302 860 1322; x_wconf 81' lang='lat'>2</span> <span class='ocrx_word' id='word_1_232' title='bbox 886 1288 972 1332; x_wconf 79' lang='lat' dir='ltr'>quod</span> <span class='ocrx_word' id='word_1_233' title='bbox 995 1287 1243 1322; x_wconf 78' lang='lat' dir='ltr'>Observationes</span> <span class='ocrx_word' id='word_1_234' title='bbox 1266 1287 1317 1319; x_wconf 88' lang='lat' dir='ltr'>in-</span> 
     </span>
     <span class='ocr_line' id='line_1_29' title="bbox 310 1329 1316 1383; baseline -0.011 -10"><span class='ocrx_word' id='word_1_235' title='bbox 310 1340 448 1383; x_wconf 84' lang='lat' dir='ltr'>spiciens</span> <span class='ocrx_word' id='word_1_236' title='bbox 473 1347 524 1372; x_wconf 87' lang='lat' dir='ltr'>aut</span> <span class='ocrx_word' id='word_1_237' title='bbox 549 1340 582 1369; x_wconf 89' lang='lat' dir='ltr'>in</span> <span class='ocrx_word' id='word_1_238' title='bbox 608 1334 849 1377; x_wconf 86' lang='lat' dir='ltr'>Sepulchretum</span> <span class='ocrx_word' id='word_1_239' title='bbox 873 1334 1007 1371; x_wconf 82' lang='lat' dir='ltr'>relatas,</span> <span class='ocrx_word' id='word_1_240' title='bbox 1031 1341 1084 1364; x_wconf 87' lang='lat' dir='ltr'>aut</span> <span class='ocrx_word' id='word_1_241' title='bbox 1108 1331 1183 1363; x_wconf 86' lang='lat' dir='ltr'>alias</span> <span class='ocrx_word' id='word_1_242' title='bbox 1208 1354 1220 1370; x_wconf 85' lang='lat'>,</span> <span class='ocrx_word' id='word_1_243' title='bbox 1245 1329 1316 1362; x_wconf 87' lang='lat' dir='ltr'>sub-</span> 
     </span>
     <span class='ocr_line' id='line_1_30' title="bbox 313 1372 1313 1417; baseline -0.013 0"><span class='ocrx_word' id='word_1_244' title='bbox 313 1382 388 1417; x_wconf 84' lang='lat' dir='ltr'>inde</span> <span class='ocrx_word' id='word_1_245' title='bbox 413 1395 427 1415; x_wconf 92' lang='lat' dir='ltr'>a</span> <span class='ocrx_word' id='word_1_246' title='bbox 452 1394 500 1415; x_wconf 88' lang='lat' dir='ltr'>me</span> <span class='ocrx_word' id='word_1_247' title='bbox 522 1381 698 1416; x_wconf 72' lang='lat' dir='ltr'>indicatas,</span> <span class='ocrx_word' id='word_1_248' title='bbox 724 1377 865 1411; x_wconf 84' lang='lat' dir='ltr'>statimve</span> <span class='ocrx_word' id='word_1_249' title='bbox 889 1375 1101 1413; x_wconf 75' lang='lat' dir='ltr'>indicandas,</span> <span class='ocrx_word' id='word_1_250' title='bbox 1123 1372 1313 1416; x_wconf 74' lang='lat' dir='ltr'>cognosces.</span> 
     </span>
     <span class='ocr_line' id='line_1_31' title="bbox 312 1416 1314 1468; baseline -0.013 -7"><span class='ocrx_word' id='word_1_251' title='bbox 312 1424 378 1461; x_wconf 72' lang='lat' dir='ltr'>Pus</span> <span class='ocrx_word' id='word_1_252' title='bbox 402 1428 435 1459; x_wconf 88' lang='lat' dir='ltr'>in</span> <span class='ocrx_word' id='word_1_253' title='bbox 458 1423 641 1468; x_wconf 83' lang='lat' dir='ltr'>plerisque,</span> <span class='ocrx_word' id='word_1_254' title='bbox 664 1433 720 1454; x_wconf 84' lang='lat' dir='ltr'>nec</span> <span class='ocrx_word' id='word_1_255' title='bbox 744 1432 836 1460; x_wconf 83' lang='lat' dir='ltr'>raro,</span> <span class='ocrx_word' id='word_1_256' title='bbox 858 1432 892 1452; x_wconf 76' lang='lat' dir='ltr'>ea</span> <span class='ocrx_word' id='word_1_257' title='bbox 915 1421 1009 1461; x_wconf 84' lang='lat' dir='ltr'>copia</span> <span class='ocrx_word' id='word_1_258' title='bbox 1032 1416 1122 1451; x_wconf 73' lang='lat' dir='ltr'>fuisse</span> <span class='ocrx_word' id='word_1_259' title='bbox 1146 1419 1285 1449; x_wconf 81' lang='lat' dir='ltr'>invenies</span> <span class='ocrx_word' id='word_1_260' title='bbox 1304 1439 1314 1456; x_wconf 83' lang='lat'>,</span> 
     </span>
     <span class='ocr_line' id='line_1_32' title="bbox 311 1461 1314 1514; baseline -0.013 -10"><span class='ocrx_word' id='word_1_261' title='bbox 311 1480 347 1504; x_wconf 83' lang='lat' dir='ltr'>ut</span> <span class='ocrx_word' id='word_1_262' title='bbox 371 1470 555 1514; x_wconf 79' lang='lat' dir='ltr'>pulmonem</span> <span class='ocrx_word' id='word_1_263' title='bbox 581 1467 738 1508; x_wconf 79' lang='lat' dir='ltr'>repleret,</span> <span class='ocrx_word' id='word_1_264' title='bbox 762 1475 854 1508; x_wconf 82' lang='lat' dir='ltr'>atque</span> <span class='ocrx_word' id='word_1_265' title='bbox 879 1461 1044 1496; x_wconf 81' lang='lat' dir='ltr'>infarciret</span> <span class='ocrx_word' id='word_1_266' title='bbox 1069 1465 1083 1500; x_wconf 90' lang='lat'>(</span> <span class='ocrx_word' id='word_1_267' title='bbox 1104 1472 1119 1494; x_wconf 86' lang='lat' dir='ltr'>r</span> <span class='ocrx_word' id='word_1_268' title='bbox 1142 1465 1176 1501; x_wconf 86' lang='lat'>).·</span> <span class='ocrx_word' id='word_1_269' title='bbox 1201 1469 1314 1493; x_wconf 87' lang='lat' dir='ltr'>contra</span> 
     </span>
     <span class='ocr_line' id='line_1_33' title="bbox 311 1506 1319 1557; baseline -0.013 -9"><span class='ocrx_word' id='word_1_270' title='bbox 311 1516 344 1548; x_wconf 88' lang='lat' dir='ltr'>in</span> <span class='ocrx_word' id='word_1_271' title='bbox 369 1512 562 1557; x_wconf 80' lang='lat' dir='ltr'>quibusdam</span> <span class='ocrx_word' id='word_1_272' title='bbox 589 1511 642 1543; x_wconf 85' lang='lat' dir='ltr'>vix</span> <span class='ocrx_word' id='word_1_273' title='bbox 666 1511 753 1552; x_wconf 85' lang='lat' dir='ltr'>puris</span> <span class='ocrx_word' id='word_1_274' title='bbox 777 1508 944 1549; x_wconf 82' lang='lat' dir='ltr'>vestigium</span> <span class='ocrx_word' id='word_1_275' title='bbox 968 1506 1048 1547; x_wconf 76' lang='lat' dir='ltr'>(s),</span> <span class='ocrx_word' id='word_1_276' title='bbox 1072 1506 1141 1537; x_wconf 87' lang='lat' dir='ltr'>imo</span> <span class='ocrx_word' id='word_1_277' title='bbox 1167 1506 1198 1536; x_wconf 91' lang='lat' dir='ltr'>in</span> <span class='ocrx_word' id='word_1_278' title='bbox 1210 1515 1319 1545; x_wconf 83' lang='lat' dir='ltr'>quam-</span> 
     </span>
     <span class='ocr_line' id='line_1_34' title="bbox 313 1548 1317 1601; baseline -0.013 -10"><span class='ocrx_word' id='word_1_279' title='bbox 313 1558 461 1601; x_wconf 83' lang='lat' dir='ltr'>plurimis</span> <span class='ocrx_word' id='word_1_280' title='bbox 485 1568 500 1588; x_wconf 86' lang='lat' dir='ltr'>a</span> <span class='ocrx_word' id='word_1_281' title='bbox 524 1553 664 1598; x_wconf 82' lang='lat' dir='ltr'>quodam</span> <span class='ocrx_word' id='word_1_282' title='bbox 688 1553 854 1594; x_wconf 82' lang='lat' dir='ltr'>Chirurgo</span> <span class='ocrx_word' id='word_1_283' title='bbox 878 1548 1016 1583; x_wconf 71' lang='lat' dir='ltr'>disseffis</span> <span class='ocrx_word' id='word_1_284' title='bbox 1041 1572 1052 1588; x_wconf 90' lang='lat'>‚</span> <span class='ocrx_word' id='word_1_285' title='bbox 1089 1558 1124 1581; x_wconf 90' lang='lat' dir='ltr'>ut</span> <span class='ocrx_word' id='word_1_286' title='bbox 1149 1549 1182 1580; x_wconf 89' lang='lat' dir='ltr'>in</span> <span class='ocrx_word' id='word_1_287' title='bbox 1207 1548 1317 1588; x_wconf 71' lang='lat' dir='ltr'>Sepul-</span> 
     </span>
     <span class='ocr_line' id='line_1_35' title="bbox 310 1590 1319 1644; baseline -0.014 -9"><span class='ocrx_word' id='word_1_288' title='bbox 310 1601 427 1635; x_wconf 89' lang='lat' dir='ltr'>chreto</span> <span class='ocrx_word' id='word_1_289' title='bbox 450 1601 467 1644; x_wconf 89' lang='lat'><em>(</em></span> <span class='ocrx_word' id='word_1_290' title='bbox 486 1608 501 1633; x_wconf 76' lang='lat' dir='ltr'>t</span> <span class='ocrx_word' id='word_1_291' title='bbox 524 1603 538 1638; x_wconf 92' lang='lat'>)</span> <span class='ocrx_word' id='word_1_292' title='bbox 562 1598 696 1640; x_wconf 85' lang='lat' dir='ltr'>legeris,</span> <span class='ocrx_word' id='word_1_293' title='bbox 722 1594 828 1628; x_wconf 88' lang='lat' dir='ltr'>nihil.</span> <span class='ocrx_word' id='word_1_294' title='bbox 857 1592 955 1631; x_wconf 84' lang='lat' dir='ltr'>Quod</span> <span class='ocrx_word' id='word_1_295' title='bbox 969 1591 1090 1625; x_wconf 64' lang='lat' dir='ltr'>fastum</span> <span class='ocrx_word' id='word_1_296' title='bbox 1113 1590 1136 1623; x_wconf 84' lang='lat' dir='ltr'>si</span> <span class='ocrx_word' id='word_1_297' title='bbox 1161 1602 1233 1623; x_wconf 86' lang='lat' dir='ltr'>cum</span> <span class='ocrx_word' id='word_1_298' title='bbox 1247 1591 1319 1632; x_wconf 75' lang='lat' dir='ltr'>Syl-</span> 
     </span>
     <span class='ocr_line' id='line_1_36' title="bbox 309 1634 1318 1683; baseline -0.012 -5"><span class='ocrx_word' id='word_1_299' title='bbox 309 1646 364 1678; x_wconf 89' lang='lat' dir='ltr'>vio</span> <span class='ocrx_word' id='word_1_300' title='bbox 389 1647 402 1683; x_wconf 88' lang='lat'>(</span> <span class='ocrx_word' id='word_1_301' title='bbox 426 1655 445 1676; x_wconf 84' lang='lat' dir='ltr'>u</span> <span class='ocrx_word' id='word_1_302' title='bbox 468 1647 481 1682; x_wconf 90' lang='lat'><em>)</em></span> <span class='ocrx_word' id='word_1_303' title='bbox 513 1640 620 1675; x_wconf 82' lang='lat' dir='ltr'>credas</span> <span class='ocrx_word' id='word_1_304' title='bbox 642 1640 684 1672; x_wconf 90' lang='lat' dir='ltr'>ob</span> <span class='ocrx_word' id='word_1_305' title='bbox 708 1637 838 1671; x_wconf 81' lang='lat' dir='ltr'>eandem</span> <span class='ocrx_word' id='word_1_306' title='bbox 870 1636 994 1669; x_wconf 76' lang='lat' dir='ltr'>causam</span> <span class='ocrx_word' id='word_1_307' title='bbox 1018 1635 1062 1667; x_wconf 92' lang='lat' dir='ltr'>ob</span> <span class='ocrx_word' id='word_1_308' title='bbox 1095 1646 1192 1677; x_wconf 85' lang='lat' dir='ltr'>quam</span> <span class='ocrx_word' id='word_1_309' title='bbox 1215 1634 1318 1666; x_wconf 84' lang='lat' dir='ltr'>ulcera</span> 
     </span>
     <span class='ocr_line' id='line_1_37' title="bbox 309 1677 1316 1722; baseline -0.014 0"><span class='ocrx_word' id='word_1_310' title='bbox 309 1691 408 1722; x_wconf 82' lang='lat' dir='ltr'>etiam</span> <span class='ocrx_word' id='word_1_311' title='bbox 431 1695 557 1720; x_wconf 84' lang='lat' dir='ltr'>externa</span> <span class='ocrx_word' id='word_1_312' title='bbox 583 1685 616 1716; x_wconf 89' lang='lat' dir='ltr'>in</span> <span class='ocrx_word' id='word_1_313' title='bbox 642 1680 844 1715; x_wconf 85' lang='lat' dir='ltr'>moribundis</span> <span class='ocrx_word' id='word_1_314' title='bbox 869 1678 1094 1717; x_wconf 81' lang='lat' dir='ltr'>exsiccantur3</span> <span class='ocrx_word' id='word_1_315' title='bbox 1118 1688 1181 1709; x_wconf 90' lang='lat' dir='ltr'>non</span> <span class='ocrx_word' id='word_1_316' title='bbox 1207 1677 1316 1709; x_wconf 81' lang='lat' dir='ltr'>adver-</span> 
     </span>
     <span class='ocr_line' id='line_1_38' title="bbox 310 1719 1315 1772; baseline -0.014 -7"><span class='ocrx_word' id='word_1_317' title='bbox 310 1732 423 1772; x_wconf 78' lang='lat' dir='ltr'>sabor,</span> <span class='ocrx_word' id='word_1_318' title='bbox 448 1729 688 1766; x_wconf 63' lang='lat' dir='ltr'>adversatur-us,</span> <span class='ocrx_word' id='word_1_319' title='bbox 712 1725 733 1758; x_wconf 82' lang='lat' dir='ltr'>fi</span> <span class='ocrx_word' id='word_1_320' title='bbox 758 1736 831 1758; x_wconf 89' lang='lat' dir='ltr'>cum</span> <span class='ocrx_word' id='word_1_321' title='bbox 854 1722 963 1756; x_wconf 91' lang='lat' dir='ltr'>eodem</span> <span class='ocrx_word' id='word_1_322' title='bbox 989 1725 1002 1759; x_wconf 90' lang='lat'><strong>(</strong></span> <span class='ocrx_word' id='word_1_323' title='bbox 1024 1732 1046 1754; x_wconf 84' lang='lat' dir='ltr'>x</span> <span class='ocrx_word' id='word_1_324' title='bbox 1067 1725 1080 1761; x_wconf 89' lang='lat'><em>)</em></span> <span class='ocrx_word' id='word_1_325' title='bbox 1103 1719 1243 1754; x_wconf 85' lang='lat' dir='ltr'>universe</span> <span class='ocrx_word' id='word_1_326' title='bbox 1266 1719 1315 1752; x_wconf 89' lang='lat' dir='ltr'>di-</span> 
     </span>
     <span class='ocr_line' id='line_1_39' title="bbox 310 1764 1313 1817; baseline -0.014 -8"><span class='ocrx_word' id='word_1_327' title='bbox 310 1788 362 1809; x_wconf 81' lang='lat' dir='ltr'>cas</span> <span class='ocrx_word' id='word_1_328' title='bbox 386 1799 396 1816; x_wconf 86' lang='lat'>,</span> <span class='ocrx_word' id='word_1_329' title='bbox 423 1774 523 1817; x_wconf 79' lang='lat' dir='ltr'>siquis</span> <span class='ocrx_word' id='word_1_330' title='bbox 545 1769 766 1813; x_wconf 63' lang='lat' dir='ltr'>philafficorum</span> <span class='ocrx_word' id='word_1_331' title='bbox 801 1768 951 1801; x_wconf 71' lang='lat' dir='ltr'>cadavera</span> <span class='ocrx_word' id='word_1_332' title='bbox 978 1765 1119 1806; x_wconf 71' lang='lat' dir='ltr'>secuerit</span> <span class='ocrx_word' id='word_1_333' title='bbox 1140 1786 1153 1804; x_wconf 88' lang='lat'>,</span> <span class='ocrx_word' id='word_1_334' title='bbox 1186 1773 1242 1795; x_wconf 83' lang='lat' dir='ltr'>non</span> <span class='ocrx_word' id='word_1_335' title='bbox 1267 1764 1313 1796; x_wconf 75' lang='lat' dir='ltr'>ita</span> 
     </span>
     <span class='ocr_line' id='line_1_40' title="bbox 311 1805 1310 1859; baseline -0.016 -6"><span class='ocrx_word' id='word_1_336' title='bbox 311 1819 448 1853; x_wconf 80' lang='lat' dir='ltr'>multum</span> <span class='ocrx_word' id='word_1_337' title='bbox 468 1817 561 1859; x_wconf 77' lang='lat' dir='ltr'>puris</span> <span class='ocrx_word' id='word_1_338' title='bbox 584 1823 780 1855; x_wconf 74' lang='lat' dir='ltr'>reperim-um</span> <span class='ocrx_word' id='word_1_339' title='bbox 803 1812 835 1844; x_wconf 80' lang='lat' dir='ltr'>in</span> <span class='ocrx_word' id='word_1_340' title='bbox 859 1808 994 1851; x_wconf 78' lang='lat' dir='ltr'>ipsorum</span> <span class='ocrx_word' id='word_1_341' title='bbox 1017 1805 1216 1848; x_wconf 75' lang='lat' dir='ltr'>pulmonibus</span> <span class='ocrx_word' id='word_1_342' title='bbox 1297 1829 1310 1846; x_wconf 86' lang='grc'>,</span> 
     </span>
     <span class='ocr_line' id='line_1_41' title="bbox 309 1849 1311 1906; baseline -0.017 -10"><span class='ocrx_word' id='word_1_343' title='bbox 309 1876 328 1896; x_wconf 86' lang='lat' dir='ltr'><em>a</em></span> <span class='ocrx_word' id='word_1_344' title='bbox 352 1874 409 1906; x_wconf 75' lang='lat' dir='ltr'>quo</span> <span class='ocrx_word' id='word_1_345' title='bbox 433 1860 515 1894; x_wconf 78' lang='lat' dir='ltr'>credi</span> <span class='ocrx_word' id='word_1_346' title='bbox 537 1856 628 1899; x_wconf 76' lang='lat' dir='ltr'>peffit</span> <span class='ocrx_word' id='word_1_347' title='bbox 643 1854 817 1899; x_wconf 62' lang='lat' dir='ltr'>suffucatus</span> <span class='ocrx_word' id='word_1_348' title='bbox 840 1863 935 1894; x_wconf 61' lang='lat' dir='ltr'>leger.</span> <span class='ocrx_word' id='word_1_349' title='bbox 961 1849 1099 1883; x_wconf 82' lang='lat' dir='ltr'>Obstant</span> <span class='ocrx_word' id='word_1_350' title='bbox 1123 1850 1207 1881; x_wconf 87' lang='lat' dir='ltr'>enim</span> <span class='ocrx_word' id='word_1_351' title='bbox 1232 1850 1311 1881; x_wconf 84' lang='lat' dir='ltr'>alio-</span> 
     </span>
     <span class='ocr_line' id='line_1_42' title="bbox 310 1891 1312 1940; baseline -0.017 0"><span class='ocrx_word' id='word_1_352' title='bbox 310 1918 379 1940; x_wconf 84' lang='lat' dir='ltr'>rum</span> <span class='ocrx_word' id='word_1_353' title='bbox 403 1903 626 1938; x_wconf 71' lang='lat' dir='ltr'>diffeetiones,</span> <span class='ocrx_word' id='word_1_354' title='bbox 653 1901 686 1931; x_wconf 88' lang='lat' dir='ltr'>in</span> <span class='ocrx_word' id='word_1_355' title='bbox 709 1897 834 1939; x_wconf 82' lang='lat' dir='ltr'>iisque·‚</span> <span class='ocrx_word' id='word_1_356' title='bbox 859 1905 893 1928; x_wconf 89' lang='lat' dir='ltr'>ut</span> <span class='ocrx_word' id='word_1_357' title='bbox 919 1894 994 1927; x_wconf 83' lang='lat' dir='ltr'>alias</span> <span class='ocrx_word' id='word_1_358' title='bbox 1018 1905 1056 1926; x_wconf 80' lang='lat' dir='ltr'>ex</span> <span class='ocrx_word' id='word_1_359' title='bbox 1079 1891 1312 1925; x_wconf 74' lang='lat' dir='ltr'>modoindica-</span> 
     </span>
     <span class='ocr_line' id='line_1_43' title="bbox 311 1935 1310 1992; baseline -0.017 -10"><span class='ocrx_word' id='word_1_360' title='bbox 311 1953 354 1983; x_wconf 79' lang='lat' dir='ltr'>tis</span> <span class='ocrx_word' id='word_1_361' title='bbox 380 1956 589 1992; x_wconf 64' lang='lat' dir='ltr'>praeteream3</span> <span class='ocrx_word' id='word_1_362' title='bbox 615 1942 767 1976; x_wconf 80' lang='lat' dir='ltr'>Roderici</span> <span class='ocrx_word' id='word_1_363' title='bbox 794 1953 809 1972; x_wconf 81' lang='lat' dir='ltr'>a</span> <span class='ocrx_word' id='word_1_364' title='bbox 832 1938 973 1986; x_wconf 30' lang='lat' dir='ltr'>&#39;Fonseca-</span> <span class='ocrx_word' id='word_1_365' title='bbox 992 1942 1045 1979; x_wconf 81' lang='lat' dir='ltr'>(y</span> <span class='ocrx_word' id='word_1_366' title='bbox 1070 1939 1102 1976; x_wconf 92' lang='lat'>),</span> <span class='ocrx_word' id='word_1_367' title='bbox 1126 1939 1158 1968; x_wconf 85' lang='lat'>&amp;</span> <span class='ocrx_word' id='word_1_368' title='bbox 1181 1935 1235 1967; x_wconf 90' lang='lat' dir='ltr'>Cl.</span> <span class='ocrx_word' id='word_1_369' title='bbox 1255 1937 1310 1979; x_wconf 87' lang='lat' dir='ltr'>Jo.</span> 
     </span>
     <span class='ocr_line' id='line_1_44' title="bbox 309 1978 1314 2029; baseline -0.017 -3"><span class='ocrx_word' id='word_1_370' title='bbox 309 1994 428 2029; x_wconf 73' lang='lat' dir='ltr'>Adatni</span> <span class='ocrx_word' id='word_1_371' title='bbox 455 1989 586 2023; x_wconf 85' lang='lat' dir='ltr'>Gorizii</span> <span class='ocrx_word' id='word_1_372' title='bbox 611 1992 624 2028; x_wconf 89' lang='lat'>(</span> <span class='ocrx_word' id='word_1_373' title='bbox 648 1998 672 2029; x_wconf 59' lang='lat' dir='ltr'><em>z</em></span> <span class='ocrx_word' id='word_1_374' title='bbox 692 1990 706 2026; x_wconf 90' lang='lat'><em>)</em></span> <span class='ocrx_word' id='word_1_375' title='bbox 730 2009 737 2016; x_wconf 91' lang='lat'>.</span> <span class='ocrx_word' id='word_1_376' title='bbox 773 1985 875 2025; x_wconf 71' lang='lat' dir='ltr'>CuJus</span> <span class='ocrx_word' id='word_1_377' title='bbox 899 1981 1092 2015; x_wconf 82' lang='lat' dir='ltr'>Observatio</span> <span class='ocrx_word' id='word_1_378' title='bbox 1115 1978 1314 2021; x_wconf 78' lang='lat' dir='ltr'>purulentam</span> 
     </span>
     <span class='ocr_line' id='line_1_45' title="bbox 311 2023 1316 2074; baseline -0.018 -3"><span class='ocrx_word' id='word_1_379' title='bbox 311 2038 476 2071; x_wconf 72' lang='lat' dir='ltr'>materiam</span> <span class='ocrx_word' id='word_1_380' title='bbox 491 2058 498 2070; x_wconf 73' lang='lat'>‚</span> <span class='ocrx_word' id='word_1_381' title='bbox 527 2032 692 2074; x_wconf 82' lang='lat' dir='ltr'>pulmones</span> <span class='ocrx_word' id='word_1_382' title='bbox 714 2032 747 2062; x_wconf 84' lang='lat'>&amp;</span> <span class='ocrx_word' id='word_1_383' title='bbox 771 2024 924 2059; x_wconf 86' lang='lat' dir='ltr'>bronchia</span> <span class='ocrx_word' id='word_1_384' title='bbox 949 2023 1194 2062; x_wconf 84' lang='lat' dir='ltr'>infarcientem,</span> <span class='ocrx_word' id='word_1_385' title='bbox 1218 2023 1316 2054; x_wconf 81' lang='lat' dir='ltr'>aliam</span> 
     </span>
     <span class='ocr_line' id='line_1_46' title="bbox 311 2063 1317 2117; baseline -0.017 -3"><span class='ocrx_word' id='word_1_386' title='bbox 311 2080 435 2117; x_wconf 58' lang='lat' dir='ltr'>albem,</span> <span class='ocrx_word' id='word_1_387' title='bbox 463 2078 555 2110; x_wconf 75' lang='lat' dir='ltr'>aliam</span> <span class='ocrx_word' id='word_1_388' title='bbox 573 2072 791 2117; x_wconf 62' lang='lat' dir='ltr'>fiaebviridem,</span> <span class='ocrx_word' id='word_1_389' title='bbox 816 2070 909 2102; x_wconf 82' lang='lat' dir='ltr'>aliam</span> <span class='ocrx_word' id='word_1_390' title='bbox 932 2067 1067 2110; x_wconf 85' lang='lat' dir='ltr'>denique</span> <span class='ocrx_word' id='word_1_391' title='bbox 1091 2064 1184 2104; x_wconf 77' lang='lat' dir='ltr'>instar</span> <span class='ocrx_word' id='word_1_392' title='bbox 1200 2063 1317 2107; x_wconf 80' lang='lat' dir='ltr'>faecum</span> 
     </span>
     <span class='ocr_line' id='line_1_47' title="bbox 312 2109 1318 2162; baseline -0.019 -5"><span class='ocrx_word' id='word_1_393' title='bbox 312 2123 460 2161; x_wconf 56' lang='lat' dir='ltr'>cerevisiae</span> <span class='ocrx_word' id='word_1_394' title='bbox 485 2118 639 2162; x_wconf 78' lang='lat' dir='ltr'>proponit</span> <span class='ocrx_word' id='word_1_395' title='bbox 668 2130 675 2149; x_wconf 91' lang='lat'>:</span> <span class='ocrx_word' id='word_1_396' title='bbox 707 2113 832 2157; x_wconf 80' lang='lat' dir='ltr'>fuscam</span> <span class='ocrx_word' id='word_1_397' title='bbox 854 2123 959 2145; x_wconf 85' lang='lat' dir='ltr'>autem</span> <span class='ocrx_word' id='word_1_398' title='bbox 997 2110 1079 2143; x_wconf 85' lang='lat' dir='ltr'>vidit</span> <span class='ocrx_word' id='word_1_399' title='bbox 1117 2109 1224 2141; x_wconf 77' lang='lat' dir='ltr'>Praecl.</span> <span class='ocrx_word' id='word_1_400' title='bbox 1248 2110 1318 2142; x_wconf 87' lang='lat' dir='ltr'>Da-</span> 
     </span>
     <span class='ocr_line' id='line_1_48' title="bbox 311 2150 1317 2202; baseline -0.018 -2"><span class='ocrx_word' id='word_1_401' title='bbox 311 2169 373 2202; x_wconf 85' lang='lat' dir='ltr'>niel</span> <span class='ocrx_word' id='word_1_402' title='bbox 400 2162 614 2198; x_wconf 76' lang='lat' dir='ltr'>Hoffmannus</span> <span class='ocrx_word' id='word_1_403' title='bbox 638 2164 651 2199; x_wconf 70' lang='grc' dir='ltr'>ζ</span> <span class='ocrx_word' id='word_1_404' title='bbox 673 2172 690 2192; x_wconf 85' lang='lat' dir='ltr'><em>a</em></span> <span class='ocrx_word' id='word_1_405' title='bbox 712 2162 725 2198; x_wconf 93' lang='lat'><strong>)</strong></span> <span class='ocrx_word' id='word_1_406' title='bbox 748 2169 754 2189; x_wconf 91' lang='lat'><strong>:</strong></span> <span class='ocrx_word' id='word_1_407' title='bbox 786 2155 894 2190; x_wconf 76' lang='lat' dir='ltr'>tabum</span> <span class='ocrx_word' id='word_1_408' title='bbox 916 2154 1051 2195; x_wconf 77' lang='lat' dir='ltr'>denique</span> <span class='ocrx_word' id='word_1_409' title='bbox 1082 2158 1256 2197; x_wconf 64' lang='lat' dir='ltr'>atramento</span> <span class='ocrx_word' id='word_1_410' title='bbox 1272 2150 1317 2193; x_wconf 84' lang='lat' dir='ltr'>fi-</span> 
     </span>
     <span class='ocr_line' id='line_1_49' title="bbox 313 2195 1316 2245; baseline -0.018 0"><span class='ocrx_word' id='word_1_411' title='bbox 313 2211 388 2245; x_wconf 72' lang='lat' dir='ltr'>mile</span> <span class='ocrx_word' id='word_1_412' title='bbox 413 2207 548 2242; x_wconf 77' lang='lat' dir='ltr'>Illul&#39;rris</span> <span class='ocrx_word' id='word_1_413' title='bbox 571 2205 722 2237; x_wconf 62' lang='lat' dir='ltr'>l‘lallerus</span> <span class='ocrx_word' id='word_1_414' title='bbox 746 2204 759 2239; x_wconf 86' lang='lat'>(</span> <span class='ocrx_word' id='word_1_415' title='bbox 783 2200 801 2233; x_wconf 80' lang='lat' dir='ltr'><em>b</em></span> <span class='ocrx_word' id='word_1_416' title='bbox 818 2200 855 2242; x_wconf 92' lang='lat'>).</span> <span class='ocrx_word' id='word_1_417' title='bbox 883 2198 921 2232; x_wconf 88' lang='lat' dir='ltr'>In</span> <span class='ocrx_word' id='word_1_418' title='bbox 945 2197 1062 2242; x_wconf 90' lang='lat' dir='ltr'>quibus</span> <span class='ocrx_word' id='word_1_419' title='bbox 1076 2205 1206 2236; x_wconf 83' lang='lat' dir='ltr'>autem,</span> <span class='ocrx_word' id='word_1_420' title='bbox 1230 2195 1316 2228; x_wconf 68' lang='lat' dir='ltr'>leem</span> 
     </span>
     <span class='ocr_line' id='line_1_50' title="bbox 313 2237 1318 2297; baseline -0.017 -9"><span class='ocrx_word' id='word_1_421' title='bbox 313 2255 488 2297; x_wconf 66' lang='lat' dir='ltr'>pulmone,</span> <span class='ocrx_word' id='word_1_422' title='bbox 513 2249 636 2292; x_wconf 80' lang='lat' dir='ltr'>sanguis</span> <span class='ocrx_word' id='word_1_423' title='bbox 659 2257 731 2280; x_wconf 84' lang='lat' dir='ltr'>cum</span> <span class='ocrx_word' id='word_1_424' title='bbox 756 2255 830 2286; x_wconf 85' lang='lat' dir='ltr'>pure</span> <span class='ocrx_word' id='word_1_425' title='bbox 848 2264 856 2280; x_wconf 91' lang='lat'><em>‚</em></span> <span class='ocrx_word' id='word_1_426' title='bbox 881 2245 911 2275; x_wconf 86' lang='lat'>&amp;</span> <span class='ocrx_word' id='word_1_427' title='bbox 937 2241 1019 2275; x_wconf 87' lang='lat' dir='ltr'>sanie</span> <span class='ocrx_word' id='word_1_428' title='bbox 1044 2239 1208 2283; x_wconf 88' lang='lat' dir='ltr'>permistus</span> <span class='ocrx_word' id='word_1_429' title='bbox 1224 2237 1318 2272; x_wconf 77' lang='lat' dir='ltr'>efflu-</span> 
     </span>
     <span class='ocr_line' id='line_1_51' title="bbox 313 2283 1318 2337; baseline -0.018 -6"><span class='ocrx_word' id='word_1_430' title='bbox 313 2299 394 2332; x_wconf 83' lang='lat' dir='ltr'>xerit</span> <span class='ocrx_word' id='word_1_431' title='bbox 409 2321 419 2333; x_wconf 69' lang='grc'>,</span> <span class='ocrx_word' id='word_1_432' title='bbox 442 2295 668 2337; x_wconf 83' lang='lat' dir='ltr'>supervacuum</span> <span class='ocrx_word' id='word_1_433' title='bbox 693 2289 937 2323; x_wconf 77' lang='lat' dir='ltr'>estmemorare.</span> <span class='ocrx_word' id='word_1_434' title='bbox 963 2286 1116 2329; x_wconf 78' lang='lat' dir='ltr'>Attamen</span> <span class='ocrx_word' id='word_1_435' title='bbox 1140 2293 1213 2315; x_wconf 89' lang='lat' dir='ltr'>curn</span> <span class='ocrx_word' id='word_1_436' title='bbox 1225 2283 1318 2314; x_wconf 84' lang='lat' dir='ltr'>Toz-</span> 
     </span>
     <span class='ocr_line' id='line_1_52' title="bbox 314 2323 1315 2378; baseline -0.019 -3"><span class='ocrx_word' id='word_1_437' title='bbox 314 2343 383 2376; x_wconf 80' lang='lat' dir='ltr'>zius</span> <span class='ocrx_word' id='word_1_438' title='bbox 407 2343 419 2378; x_wconf 91' lang='grc'>(</span> <span class='ocrx_word' id='word_1_439' title='bbox 443 2352 458 2372; x_wconf 86' lang='lat' dir='ltr'>c</span> <span class='ocrx_word' id='word_1_440' title='bbox 480 2342 493 2378; x_wconf 86' lang='lat'>)</span> <span class='ocrx_word' id='word_1_441' title='bbox 515 2348 577 2370; x_wconf 89' lang='lat' dir='ltr'>non</span> <span class='ocrx_word' id='word_1_442' title='bbox 603 2334 693 2367; x_wconf 82' lang='lat' dir='ltr'>semel</span> <span class='ocrx_word' id='word_1_443' title='bbox 719 2345 733 2365; x_wconf 85' lang='lat' dir='ltr'>a</span> <span class='ocrx_word' id='word_1_444' title='bbox 760 2330 787 2363; x_wconf 90' lang='lat' dir='ltr'>se</span> <span class='ocrx_word' id='word_1_445' title='bbox 800 2328 997 2363; x_wconf 77' lang='lat' dir='ltr'>observ-atum</span> <span class='ocrx_word' id='word_1_446' title='bbox 1010 2328 1184 2369; x_wconf 75' lang='lat' dir='ltr'>scripserit,</span> <span class='ocrx_word' id='word_1_447' title='bbox 1206 2323 1315 2367; x_wconf 71' lang='lat' dir='ltr'>phthi-</span> 
     </span>
     <span class='ocr_line' id='line_1_53' title="bbox 310 2368 1316 2428; baseline -0.02 -9"><span class='ocrx_word' id='word_1_448' title='bbox 310 2386 336 2428; x_wconf 74' lang='lat' dir='ltr'>si</span> <span class='ocrx_word' id='word_1_449' title='bbox 357 2389 534 2426; x_wconf 68' lang='lat' dir='ltr'>peremptos</span> <span class='ocrx_word' id='word_1_450' title='bbox 567 2381 597 2412; x_wconf 83' lang='lat' dir='ltr'>in</span> <span class='ocrx_word' id='word_1_451' title='bbox 621 2386 686 2410; x_wconf 75' lang='lat' dir='ltr'>tam</span> <span class='ocrx_word' id='word_1_452' title='bbox 720 2382 889 2408; x_wconf 72' lang='lat' dir='ltr'>extremam</span> <span class='ocrx_word' id='word_1_453' title='bbox 916 2371 1082 2414; x_wconf 73' lang='lat' dir='ltr'>sanguinis</span> <span class='ocrx_word' id='word_1_454' title='bbox 1112 2368 1316 2409; x_wconf 72' lang='lat' dir='ltr'>consumptio-</span> 
     </span>
     <span class='ocr_line' id='line_1_54' title="bbox 316 2410 1318 2469; baseline -0.02 -8"><span class='ocrx_word' id='word_1_455' title='bbox 316 2439 384 2461; x_wconf 76' lang='lat' dir='ltr'>nem</span> <span class='ocrx_word' id='word_1_456' title='bbox 406 2419 597 2469; x_wconf 52' lang='lat' dir='ltr'>perbeniffe,</span> <span class='ocrx_word' id='word_1_457' title='bbox 619 2428 657 2453; x_wconf 79' lang='lat' dir='ltr'>uc</span> <span class='ocrx_word' id='word_1_458' title='bbox 681 2419 708 2452; x_wconf 82' lang='lat' dir='ltr'>is</span> <span class='ocrx_word' id='word_1_459' title='bbox 726 2416 829 2459; x_wconf 75' lang='lat' dir='ltr'>solum</span> <span class='ocrx_word' id='word_1_460' title='bbox 854 2416 885 2448; x_wconf 85' lang='lat' dir='ltr'>in</span> <span class='ocrx_word' id='word_1_461' title='bbox 908 2414 1087 2447; x_wconf 72' lang='lat' dir='ltr'>arteriis&amp;</span> <span class='ocrx_word' id='word_1_462' title='bbox 1109 2410 1318 2457; x_wconf 57' lang='lat' dir='ltr'>penissuper-</span> 
     </span>
     <span class='ocr_line' id='line_1_55' title="bbox 315 2452 1318 2510; baseline -0.018 -6"><span class='ocrx_word' id='word_1_463' title='bbox 315 2469 414 2510; x_wconf 68' lang='lat' dir='ltr'>fucrit</span> <span class='ocrx_word' id='word_1_464' title='bbox 428 2492 435 2505; x_wconf 89' lang='lat'><strong><em>‚</em></strong></span> <span class='ocrx_word' id='word_1_465' title='bbox 462 2468 515 2509; x_wconf 78' lang='lat' dir='ltr'>qui</span> <span class='ocrx_word' id='word_1_466' title='bbox 530 2456 595 2499; x_wconf 64' lang='lat' dir='ltr'>‘&#39;vix</span> <span class='ocrx_word' id='word_1_467' title='bbox 617 2460 814 2497; x_wconf 65' lang='lat' dir='ltr'>circulatione</span> <span class='ocrx_word' id='word_1_468' title='bbox 839 2457 973 2499; x_wconf 69' lang='lat' dir='ltr'>rjufizlem</span> <span class='ocrx_word' id='word_1_469' title='bbox 991 2455 1075 2498; x_wconf 82' lang='lat' dir='ltr'>satis</span> <span class='ocrx_word' id='word_1_470' title='bbox 1090 2453 1178 2497; x_wconf 76' lang='lat' dir='ltr'>foret</span> <span class='ocrx_word' id='word_1_471' title='bbox 1199 2476 1209 2491; x_wconf 92' lang='lat'>,</span> <span class='ocrx_word' id='word_1_472' title='bbox 1243 2452 1318 2486; x_wconf 85' lang='lat' dir='ltr'>reli-</span> 
     </span>
     <span class='ocr_line' id='line_1_56' title="bbox 307 2496 1319 2558; baseline -0.019 -11"><span class='ocrx_word' id='word_1_473' title='bbox 307 2511 373 2558; x_wconf 72' lang='lat' dir='ltr'>&#39;quo</span> <span class='ocrx_word' id='word_1_474' title='bbox 393 2513 520 2556; x_wconf 80' lang='lat' dir='ltr'>penitus</span> <span class='ocrx_word' id='word_1_475' title='bbox 543 2505 682 2545; x_wconf 74' lang='lat' dir='ltr'>exhausto</span> <span class='ocrx_word' id='word_1_476' title='bbox 702 2516 716 2544; x_wconf 83' lang='lat'><em>;</em></span> <span class='ocrx_word' id='word_1_477' title='bbox 751 2514 786 2535; x_wconf 91' lang='lat' dir='ltr'>ne</span> <span class='ocrx_word' id='word_1_478' title='bbox 811 2501 896 2534; x_wconf 91' lang='lat' dir='ltr'>forte</span> <span class='ocrx_word' id='word_1_479' title='bbox 921 2500 955 2533; x_wconf 92' lang='lat' dir='ltr'>id</span> <span class='ocrx_word' id='word_1_480' title='bbox 989 2498 1095 2546; x_wconf 38' lang='lat' dir='ltr'>cre-das</span> <span class='ocrx_word' id='word_1_481' title='bbox 1118 2496 1174 2531; x_wconf 77' lang='lat' dir='ltr'>esse</span> <span class='ocrx_word' id='word_1_482' title='bbox 1207 2507 1319 2538; x_wconf 84' lang='lat' dir='ltr'>perpe-</span> 
     </span>
     <span class='ocr_line' id='line_1_57' title="bbox 319 2540 1317 2594; baseline -0.02 -3"><span class='ocrx_word' id='word_1_483' title='bbox 319 2567 435 2594; x_wconf 65' lang='lat' dir='ltr'>tuum,</span> <span class='ocrx_word' id='word_1_484' title='bbox 461 2564 525 2587; x_wconf 86' lang='lat' dir='ltr'>non</span> <span class='ocrx_word' id='word_1_485' title='bbox 549 2551 590 2584; x_wconf 78' lang='lat' dir='ltr'>est</span> <span class='ocrx_word' id='word_1_486' title='bbox 615 2546 810 2583; x_wconf 87' lang='lat' dir='ltr'>reticendum</span> <span class='ocrx_word' id='word_1_487' title='bbox 833 2570 845 2586; x_wconf 85' lang='lat'>,</span> <span class='ocrx_word' id='word_1_488' title='bbox 869 2545 901 2576; x_wconf 89' lang='lat' dir='ltr'>in</span> <span class='ocrx_word' id='word_1_489' title='bbox 926 2541 1084 2586; x_wconf 80' lang='lat' dir='ltr'>pht&#39;hihca</span> <span class='ocrx_word' id='word_1_490' title='bbox 1108 2545 1121 2581; x_wconf 88' lang='lat'>(</span> <span class='ocrx_word' id='word_1_491' title='bbox 1144 2542 1162 2573; x_wconf 84' lang='lat' dir='ltr'>d</span> <span class='ocrx_word' id='word_1_492' title='bbox 1184 2543 1196 2578; x_wconf 90' lang='lat'><em>)</em></span> <span class='ocrx_word' id='word_1_493' title='bbox 1220 2563 1232 2579; x_wconf 86' lang='lat'>,</span> <span class='ocrx_word' id='word_1_494' title='bbox 1264 2540 1317 2572; x_wconf 90' lang='lat' dir='ltr'>cui</span> 
     </span>
     <span class='ocr_line' id='line_1_58' title="bbox 317 2583 1319 2644; baseline -0.022 -9"><span class='ocrx_word' id='word_1_495' title='bbox 317 2613 381 2644; x_wconf 80' lang='lat' dir='ltr'>prae</span> <span class='ocrx_word' id='word_1_496' title='bbox 406 2600 526 2633; x_wconf 87' lang='lat' dir='ltr'>summa</span> <span class='ocrx_word' id='word_1_497' title='bbox 550 2596 654 2628; x_wconf 88' lang='lat' dir='ltr'>totius</span> <span class='ocrx_word' id='word_1_498' title='bbox 677 2590 825 2632; x_wconf 87' lang='lat' dir='ltr'>corporis</span> <span class='ocrx_word' id='word_1_499' title='bbox 850 2588 950 2621; x_wconf 86' lang='lat' dir='ltr'>macie</span> <span class='ocrx_word' id='word_1_500' title='bbox 973 2610 986 2627; x_wconf 82' lang='lat'>,</span> <span class='ocrx_word' id='word_1_501' title='bbox 1018 2590 1048 2619; x_wconf 82' lang='lat'>&amp;</span> <span class='ocrx_word' id='word_1_502' title='bbox 1073 2583 1319 2628; x_wconf 73' lang='lat' dir='ltr'>consumptione</span> 
     </span>
     <span class='ocr_line' id='line_1_59' title="bbox 317 2627 1318 2683; baseline -0.021 -5"><span class='ocrx_word' id='word_1_503' title='bbox 317 2647 373 2677; x_wconf 82' lang='lat' dir='ltr'>vix</span> <span class='ocrx_word' id='word_1_504' title='bbox 393 2642 476 2677; x_wconf 82' lang='lat' dir='ltr'>cutis</span> <span class='ocrx_word' id='word_1_505' title='bbox 501 2638 663 2683; x_wconf 86' lang='lat' dir='ltr'>pertenuis</span> <span class='ocrx_word' id='word_1_506' title='bbox 697 2634 811 2667; x_wconf 80' lang='lat' dir='ltr'>haerere</span> <span class='ocrx_word' id='word_1_507' title='bbox 835 2631 946 2664; x_wconf 82' lang='lat' dir='ltr'>offibus</span> <span class='ocrx_word' id='word_1_508' title='bbox 971 2629 1167 2667; x_wconf 86' lang='lat' dir='ltr'>videbatur,</span> <span class='ocrx_word' id='word_1_509' title='bbox 1201 2627 1318 2659; x_wconf 79' lang='lat' dir='ltr'>incisos</span> 
     </span>
     <span class='ocr_line' id='line_1_60' title="bbox 317 2673 1318 2732; baseline -0.021 -10"><span class='ocrx_word' id='word_1_510' title='bbox 317 2688 484 2732; x_wconf 83' lang='lat' dir='ltr'>pulmones</span> <span class='ocrx_word' id='word_1_511' title='bbox 507 2681 717 2726; x_wconf 67' lang='lat' dir='ltr'>quantitatem</span> <span class='ocrx_word' id='word_1_512' title='bbox 750 2678 902 2718; x_wconf 72' lang='lat' dir='ltr'>ingentem</span> <span class='ocrx_word' id='word_1_513' title='bbox 919 2673 1082 2717; x_wconf 76' lang='lat' dir='ltr'>sanguinis</span> <span class='ocrx_word' id='word_1_514' title='bbox 1105 2694 1116 2710; x_wconf 84' lang='grc'>,</span> <span class='ocrx_word' id='word_1_515' title='bbox 1146 2681 1218 2702; x_wconf 74' lang='lat' dir='ltr'>cun]</span> <span class='ocrx_word' id='word_1_516' title='bbox 1244 2680 1318 2710; x_wconf 84' lang='lat' dir='ltr'>pure</span> 
     </span>
     <span class='ocr_line' id='line_1_61' title="bbox 319 2711 1323 2770; baseline -0.022 -5"><span class='ocrx_word' id='word_1_517' title='bbox 319 2736 351 2765; x_wconf 65' lang='grc' dir='ltr'><strong>ἃ</strong></span> <span class='ocrx_word' id='word_1_518' title='bbox 376 2724 644 2770; x_wconf 83' lang='lat' dir='ltr'>saniepermisti,</span> <span class='ocrx_word' id='word_1_519' title='bbox 669 2718 831 2754; x_wconf 72' lang='lat' dir='ltr'>effudisse:</span> <span class='ocrx_word' id='word_1_520' title='bbox 856 2718 1044 2760; x_wconf 80' lang='lat' dir='ltr'>quinetiam</span> <span class='ocrx_word' id='word_1_521' title='bbox 1066 2712 1247 2748; x_wconf 84' lang='lat' dir='ltr'>addendum</span> <span class='ocrx_word' id='word_1_522' title='bbox 1258 2711 1323 2753; x_wconf 81' lang='lat' dir='ltr'>est,</span> 
     </span>
     <span class='ocr_line' id='line_1_62' title="bbox 318 2758 1324 2810; baseline -0.021 -3"><span class='ocrx_word' id='word_1_523' title='bbox 318 2777 352 2807; x_wconf 86' lang='lat' dir='ltr'>in</span> <span class='ocrx_word' id='word_1_524' title='bbox 377 2772 501 2807; x_wconf 81' lang='lat' dir='ltr'>duobus</span> <span class='ocrx_word' id='word_1_525' title='bbox 532 2770 618 2810; x_wconf 85' lang='lat' dir='ltr'>(e)</span> <span class='ocrx_word' id='word_1_526' title='bbox 653 2775 790 2807; x_wconf 80' lang='lat' dir='ltr'>quorum</span> <span class='ocrx_word' id='word_1_527' title='bbox 826 2762 903 2794; x_wconf 87' lang='lat' dir='ltr'>alter</span> <span class='ocrx_word' id='word_1_528' title='bbox 937 2771 992 2803; x_wconf 88' lang='lat' dir='ltr'>pus</span> <span class='ocrx_word' id='word_1_529' title='bbox 1025 2758 1281 2800; x_wconf 58' lang='lat' dir='ltr'>expeuoraverat</span> <span class='ocrx_word' id='word_1_530' title='bbox 1312 2780 1324 2796; x_wconf 84' lang='lat'>‚</span> 
     </span>
     <span class='ocr_line' id='line_1_63' title="bbox 320 2800 1323 2858; baseline -0.021 -7"><span class='ocrx_word' id='word_1_531' title='bbox 320 2827 455 2858; x_wconf 79' lang='lat' dir='ltr'>uterque</span> <span class='ocrx_word' id='word_1_532' title='bbox 480 2816 512 2846; x_wconf 92' lang='lat' dir='ltr'>in</span> <span class='ocrx_word' id='word_1_533' title='bbox 538 2812 688 2855; x_wconf 86' lang='lat' dir='ltr'>pulmone</span> <span class='ocrx_word' id='word_1_534' title='bbox 712 2807 894 2840; x_wconf 83' lang='lat' dir='ltr'>exulcerato</span> <span class='ocrx_word' id='word_1_535' title='bbox 915 2826 926 2842; x_wconf 87' lang='lat'>,</span> <span class='ocrx_word' id='word_1_536' title='bbox 963 2806 994 2835; x_wconf 71' lang='grc' dir='ltr'>δε</span> <span class='ocrx_word' id='word_1_537' title='bbox 1019 2800 1151 2844; x_wconf 87' lang='lat' dir='ltr'>putrido</span> <span class='ocrx_word' id='word_1_538' title='bbox 1185 2800 1323 2846; x_wconf 80' lang='lat' dir='ltr'>multum</span> 
     </span>
     <span class='ocr_line' id='line_1_64' title="bbox 324 2844 1323 2896; baseline -0.022 -1"><span class='ocrx_word' id='word_1_539' title='bbox 324 2860 462 2895; x_wconf 81' lang='lat' dir='ltr'>habebat</span> <span class='ocrx_word' id='word_1_540' title='bbox 479 2881 490 2896; x_wconf 89' lang='lat'>‚</span> <span class='ocrx_word' id='word_1_541' title='bbox 512 2855 567 2888; x_wconf 82' lang='lat' dir='ltr'>etsi</span> <span class='ocrx_word' id='word_1_542' title='bbox 592 2864 629 2886; x_wconf 84' lang='lat' dir='ltr'>ex</span> <span class='ocrx_word' id='word_1_543' title='bbox 653 2863 705 2883; x_wconf 89' lang='lat' dir='ltr'>ore</span> <span class='ocrx_word' id='word_1_544' title='bbox 731 2854 761 2883; x_wconf 72' lang='grc' dir='ltr'>ἅτ</span> <span class='ocrx_word' id='word_1_545' title='bbox 796 2849 923 2890; x_wconf 69' lang='lat' dir='ltr'>mribus</span> <span class='ocrx_word' id='word_1_546' title='bbox 945 2870 957 2887; x_wconf 92' lang='lat'>,</span> <span class='ocrx_word' id='word_1_547' title='bbox 989 2846 1068 2878; x_wconf 84' lang='lat' dir='ltr'>alter</span> <span class='ocrx_word' id='word_1_548' title='bbox 1090 2855 1165 2876; x_wconf 88' lang='lat' dir='ltr'>vero</span> <span class='ocrx_word' id='word_1_549' title='bbox 1197 2844 1323 2884; x_wconf 78' lang='lat' dir='ltr'>insuper</span> 
     </span>
     <span class='ocr_line' id='line_1_65' title="bbox 322 2886 1323 2940; baseline -0.022 -3"><span class='ocrx_word' id='word_1_550' title='bbox 322 2916 361 2937; x_wconf 79' lang='lat' dir='ltr'>ex</span> <span class='ocrx_word' id='word_1_551' title='bbox 384 2900 535 2935; x_wconf 87' lang='lat' dir='ltr'>omnibus</span> <span class='ocrx_word' id='word_1_552' title='bbox 560 2896 703 2940; x_wconf 69' lang='lat' dir='ltr'>partibus</span> <span class='ocrx_word' id='word_1_553' title='bbox 736 2904 787 2934; x_wconf 87' lang='lat' dir='ltr'>per</span> <span class='ocrx_word' id='word_1_554' title='bbox 810 2904 886 2935; x_wconf 83' lang='lat' dir='ltr'>quas</span> <span class='ocrx_word' id='word_1_555' title='bbox 909 2892 1102 2931; x_wconf 85' lang='lat' dir='ltr'>contingunt</span> <span class='ocrx_word' id='word_1_556' title='bbox 1128 2886 1323 2920; x_wconf 65' lang='lat' dir='ltr'>haemorrha-</span> 
     </span>
     <span class='ocr_line' id='line_1_66' title="bbox 321 2931 1325 2990; baseline -0.018 -11"><span class='ocrx_word' id='word_1_557' title='bbox 321 2950 408 2990; x_wconf 75' lang='lat' dir='ltr'>giae,</span> <span class='ocrx_word' id='word_1_558' title='bbox 433 2947 607 2978; x_wconf 83' lang='lat' dir='ltr'>immanem</span> <span class='ocrx_word' id='word_1_559' title='bbox 631 2937 790 2977; x_wconf 78' lang='lat' dir='ltr'>sanguinis</span> <span class='ocrx_word' id='word_1_560' title='bbox 813 2937 959 2978; x_wconf 85' lang='lat' dir='ltr'>copiam,</span> <span class='ocrx_word' id='word_1_561' title='bbox 985 2943 1048 2979; x_wconf 39' lang='lat' dir='ltr'>nec,</span> <span class='ocrx_word' id='word_1_562' title='bbox 1065 2931 1157 2965; x_wconf 86' lang='lat' dir='ltr'>semel</span> <span class='ocrx_word' id='word_1_563' title='bbox 1181 2940 1325 2962; x_wconf 82' lang='lat' dir='ltr'>excreve-</span> 
     </span>
     <span class='ocr_line' id='line_1_67' title="bbox 323 2973 1325 3028; baseline -0.02 -4"><span class='ocrx_word' id='word_1_564' title='bbox 323 2998 417 3028; x_wconf 84' lang='lat' dir='ltr'>rant,</span> <span class='ocrx_word' id='word_1_565' title='bbox 440 2997 545 3020; x_wconf 87' lang='lat' dir='ltr'>tamen</span> <span class='ocrx_word' id='word_1_566' title='bbox 569 2980 695 3016; x_wconf 88' lang='lat' dir='ltr'>secundi</span> <span class='ocrx_word' id='word_1_567' title='bbox 720 2979 852 3012; x_wconf 85' lang='lat' dir='ltr'>cadaver</span> <span class='ocrx_word' id='word_1_568' title='bbox 876 2981 909 3011; x_wconf 90' lang='lat' dir='ltr'>in</span> <span class='ocrx_word' id='word_1_569' title='bbox 934 2988 1003 3009; x_wconf 89' lang='lat' dir='ltr'>rene</span> <span class='ocrx_word' id='word_1_570' title='bbox 1027 2973 1150 3008; x_wconf 73' lang='lat' dir='ltr'>sinistro</span> <span class='ocrx_word' id='word_1_571' title='bbox 1182 2983 1325 3014; x_wconf 70' lang='lat' dir='ltr'>magnam</span> 
     </span>
     <span class='ocr_line' id='line_1_68' title="bbox 318 3015 1324 3077; baseline -0.019 -11"><span class='ocrx_word' id='word_1_572' title='bbox 318 3032 480 3077; x_wconf 73' lang='lat' dir='ltr'>sanguinis</span> <span class='ocrx_word' id='word_1_573' title='bbox 495 3027 720 3070; x_wconf 75' lang='lat' dir='ltr'>stagnationcm</span> <span class='ocrx_word' id='word_1_574' title='bbox 731 3046 742 3062; x_wconf 89' lang='lat'><em>‚</em></span> <span class='ocrx_word' id='word_1_575' title='bbox 766 3025 798 3055; x_wconf 60' lang='grc' dir='ltr'>δέ</span> <span class='ocrx_word' id='word_1_576' title='bbox 822 3022 854 3054; x_wconf 84' lang='lat' dir='ltr'>in</span> <span class='ocrx_word' id='word_1_577' title='bbox 877 3023 994 3064; x_wconf 81' lang='lat' dir='ltr'>regione</span> <span class='ocrx_word' id='word_1_578' title='bbox 1017 3017 1152 3052; x_wconf 81' lang='lat' dir='ltr'>lumbari</span> <span class='ocrx_word' id='word_1_579' title='bbox 1174 3015 1324 3057; x_wconf 66' lang='lat' dir='ltr'>“vasasan-</span> 
     </span>
     <span class='ocr_line' id='line_1_69' title="bbox 330 3059 1326 3117; baseline -0.022 -7"><span class='ocrx_word' id='word_1_580' title='bbox 330 3073 450 3117; x_wconf 59' lang='lat' dir='ltr'>truifera</span> <span class='ocrx_word' id='word_1_581' title='bbox 473 3071 563 3105; x_wconf 70' lang='lat' dir='ltr'>valde</span> <span class='ocrx_word' id='word_1_582' title='bbox 587 3068 708 3102; x_wconf 80' lang='lat' dir='ltr'>tumida</span> <span class='ocrx_word' id='word_1_583' title='bbox 733 3066 775 3098; x_wconf 53' lang='grc' dir='ltr'><em>Θ</em></span> <span class='ocrx_word' id='word_1_584' title='bbox 798 3061 904 3106; x_wconf 80' lang='lat' dir='ltr'>inflata</span> <span class='ocrx_word' id='word_1_585' title='bbox 927 3059 1089 3096; x_wconf 76' lang='lat' dir='ltr'>ostendisse</span> <span class='ocrx_word' id='word_1_586' title='bbox 1103 3085 1115 3102; x_wconf 82' lang='grc'>,</span> <span class='ocrx_word' id='word_1_587' title='bbox 1141 3061 1235 3103; x_wconf 90' lang='lat' dir='ltr'>primi</span> <span class='ocrx_word' id='word_1_588' title='bbox 1251 3070 1326 3106; x_wconf 75' lang='lat' dir='ltr'>vero</span> 
     </span>
     <span class='ocr_line' id='line_1_70' title="bbox 325 3107 1326 3156; baseline -0.019 -3"><span class='ocrx_word' id='word_1_589' title='bbox 325 3111 434 3153; x_wconf 61' lang='lat' dir='ltr'>{adem</span> <span class='ocrx_word' id='word_1_590' title='bbox 459 3116 529 3149; x_wconf 76' lang='lat' dir='ltr'>vasa</span> <span class='ocrx_word' id='word_1_591' title='bbox 545 3112 699 3156; x_wconf 80' lang='lat' dir='ltr'>sanguine</span> <span class='ocrx_word' id='word_1_592' title='bbox 719 3107 811 3143; x_wconf 59' lang='lat' dir='ltr'>valde</span> <span class='ocrx_word' id='word_1_593' title='bbox 835 3108 959 3149; x_wconf 70' lang='lat' dir='ltr'>turgida</span> <span class='ocrx_word' id='word_1_594' title='bbox 983 3107 1016 3138; x_wconf 90' lang='lat' dir='ltr'>in</span> <span class='ocrx_word' id='word_1_595' title='bbox 1040 3113 1181 3143; x_wconf 79' lang='lat' dir='ltr'>omento,</span> <span class='ocrx_word' id='word_1_596' title='bbox 1203 3111 1326 3135; x_wconf 63' lang='lat' dir='ltr'>ventri-</span> 
     </span>
     <span class='ocr_line' id='line_1_71' title="bbox 326 3144 1328 3201; baseline -0.021 -4"><span class='ocrx_word' id='word_1_597' title='bbox 326 3163 393 3197; x_wconf 84' lang='lat' dir='ltr'>culo</span> <span class='ocrx_word' id='word_1_598' title='bbox 407 3185 416 3201; x_wconf 91' lang='lat'>,</span> <span class='ocrx_word' id='word_1_599' title='bbox 444 3162 487 3194; x_wconf 62' lang='grc' dir='ltr'>(θ’</span> <span class='ocrx_word' id='word_1_600' title='bbox 508 3154 689 3201; x_wconf 79' lang='lat' dir='ltr'>mesenterio</span> <span class='ocrx_word' id='word_1_601' title='bbox 703 3178 711 3185; x_wconf 93' lang='lat'>.</span> <span class='ocrx_word' id='word_1_602' title='bbox 843 3152 1004 3183; x_wconf 74' lang='lat' dir='ltr'>Caeterum</span> <span class='ocrx_word' id='word_1_603' title='bbox 1017 3171 1026 3187; x_wconf 95' lang='lat'>,</span> <span class='ocrx_word' id='word_1_604' title='bbox 1052 3157 1086 3181; x_wconf 89' lang='lat' dir='ltr'>ut</span> <span class='ocrx_word' id='word_1_605' title='bbox 1099 3147 1176 3180; x_wconf 90' lang='lat' dir='ltr'>illuc</span> <span class='ocrx_word' id='word_1_606' title='bbox 1188 3144 1328 3185; x_wconf 81' lang='lat' dir='ltr'>redeam,</span> 
     </span>
    </p>
   </div>
   <div class='ocr_carea' id='block_1_2' title="bbox 914 42 1811 98">
    <p class='ocr_par' dir='ltr' id='par_1_2' title="bbox 914 42 1811 98">
     <span class='ocr_line' id='line_1_72' title="bbox 914 42 1811 98; baseline -0.006 0"><span class='ocrx_word' id='word_1_607' title='bbox 914 45 1070 98; x_wconf 90' lang='lat' dir='ltr'>Liber</span> <span class='ocrx_word' id='word_1_608' title='bbox 1103 44 1166 95; x_wconf 65' lang='grc' dir='ltr'>ΙΙ.</span> <span class='ocrx_word' id='word_1_609' title='bbox 1199 44 1283 97; x_wconf 87' lang='lat' dir='ltr'>De</span> <span class='ocrx_word' id='word_1_610' title='bbox 1318 43 1525 97; x_wconf 85' lang='lat' dir='ltr'>Morbis</span> <span class='ocrx_word' id='word_1_611' title='bbox 1559 42 1811 95; x_wconf 82' lang='lat' dir='ltr'>Thoracis</span> 
     </span>
    </p>
   </div>
   <div class='ocr_carea' id='block_1_3' title="bbox 1362 113 2381 3220">
    <p class='ocr_par' dir='ltr' id='par_1_3' title="bbox 1369 113 2378 981">
     <span class='ocr_line' id='line_1_73' title="bbox 1371 113 2378 164; baseline -0.01 -9"><span class='ocrx_word' id='word_1_612' title='bbox 1371 132 1450 164; x_wconf 87' lang='lat' dir='ltr'>pus,</span> <span class='ocrx_word' id='word_1_613' title='bbox 1472 124 1504 154; x_wconf 72' lang='grc' dir='ltr'>δε</span> <span class='ocrx_word' id='word_1_614' title='bbox 1528 120 1625 153; x_wconf 85' lang='lat' dir='ltr'>sanies</span> <span class='ocrx_word' id='word_1_615' title='bbox 1648 119 1741 152; x_wconf 85' lang='lat' dir='ltr'>aliam</span> <span class='ocrx_word' id='word_1_616' title='bbox 1764 120 1799 152; x_wconf 94' lang='lat' dir='ltr'>in</span> <span class='ocrx_word' id='word_1_617' title='bbox 1823 118 1894 151; x_wconf 85' lang='lat' dir='ltr'>aliis</span> <span class='ocrx_word' id='word_1_618' title='bbox 1917 119 2061 150; x_wconf 72' lang='lat' dir='ltr'>naturam</span> <span class='ocrx_word' id='word_1_619' title='bbox 2087 114 2203 149; x_wconf 83' lang='lat' dir='ltr'>habent</span> <span class='ocrx_word' id='word_1_620' title='bbox 2225 138 2237 155; x_wconf 84' lang='lat'>,</span> <span class='ocrx_word' id='word_1_621' title='bbox 2258 113 2378 146; x_wconf 61' lang='lat' dir='ltr'>alium-¹</span> 
     </span>
     <span class='ocr_line' id='line_1_74' title="bbox 1369 157 2372 207; baseline -0.01 -9"><span class='ocrx_word' id='word_1_622' title='bbox 1369 176 1430 207; x_wconf 78' lang='lat' dir='ltr'>que</span> <span class='ocrx_word' id='word_1_623' title='bbox 1454 164 1612 202; x_wconf 89' lang='lat' dir='ltr'>odorem,</span> <span class='ocrx_word' id='word_1_624' title='bbox 1634 166 1667 195; x_wconf 73' lang='grc' dir='ltr'>δε</span> <span class='ocrx_word' id='word_1_625' title='bbox 1690 161 1789 196; x_wconf 89' lang='lat' dir='ltr'>modo</span> <span class='ocrx_word' id='word_1_626' title='bbox 1812 160 1974 199; x_wconf 86' lang='lat' dir='ltr'>seorsum,</span> <span class='ocrx_word' id='word_1_627' title='bbox 1998 159 2096 191; x_wconf 88' lang='lat' dir='ltr'>modo</span> <span class='ocrx_word' id='word_1_628' title='bbox 2119 169 2179 192; x_wconf 81' lang='lat' dir='ltr'>una</span> <span class='ocrx_word' id='word_1_629' title='bbox 2203 157 2274 190; x_wconf 88' lang='lat' dir='ltr'>sunt</span> <span class='ocrx_word' id='word_1_630' title='bbox 2297 167 2372 189; x_wconf 91' lang='lat' dir='ltr'>cum</span> 
     </span>
     <span class='ocr_line' id='line_1_75' title="bbox 1371 199 2373 248; baseline -0.009 -8"><span class='ocrx_word' id='word_1_631' title='bbox 1371 207 1528 240; x_wconf 85' lang='lat' dir='ltr'>induratis</span> <span class='ocrx_word' id='word_1_632' title='bbox 1553 207 1745 248; x_wconf 84' lang='lat' dir='ltr'>pulmonum</span> <span class='ocrx_word' id='word_1_633' title='bbox 1768 204 1929 247; x_wconf 78' lang='lat' dir='ltr'>partibus.</span> <span class='ocrx_word' id='word_1_634' title='bbox 1957 203 2040 238; x_wconf 73' lang='lat' dir='ltr'>Quae</span> <span class='ocrx_word' id='word_1_635' title='bbox 2065 212 2134 235; x_wconf 85' lang='lat' dir='ltr'>turn</span> <span class='ocrx_word' id='word_1_636' title='bbox 2157 212 2196 232; x_wconf 85' lang='lat' dir='ltr'>ex</span> <span class='ocrx_word' id='word_1_637' title='bbox 2215 199 2373 243; x_wconf 85' lang='lat' dir='ltr'>plerisque</span> 
     </span>
     <span class='ocr_line' id='line_1_76' title="bbox 1371 244 2378 286; baseline -0.009 -4"><span class='ocrx_word' id='word_1_638' title='bbox 1371 250 1584 283; x_wconf 78' lang='lat' dir='ltr'>iudicatarum</span> <span class='ocrx_word' id='word_1_639' title='bbox 1608 248 1880 282; x_wconf 75' lang='lat' dir='ltr'>Observationum</span> <span class='ocrx_word' id='word_1_640' title='bbox 1900 268 1913 285; x_wconf 86' lang='lat'><em>‚</em></span> <span class='ocrx_word' id='word_1_641' title='bbox 1945 253 2014 277; x_wconf 86' lang='lat' dir='ltr'>tum</span> <span class='ocrx_word' id='word_1_642' title='bbox 2038 257 2076 277; x_wconf 85' lang='lat' dir='ltr'>ex</span> <span class='ocrx_word' id='word_1_643' title='bbox 2099 244 2150 277; x_wconf 87' lang='lat' dir='ltr'>his</span> <span class='ocrx_word' id='word_1_644' title='bbox 2175 254 2301 286; x_wconf 82' lang='lat' dir='ltr'>quoque</span> <span class='ocrx_word' id='word_1_645' title='bbox 2324 245 2378 274; x_wconf 86' lang='lat' dir='ltr'>in-</span> 
     </span>
     <span class='ocr_line' id='line_1_77' title="bbox 1372 286 2376 334; baseline 0 -9"><span class='ocrx_word' id='word_1_646' title='bbox 1372 294 1497 334; x_wconf 84' lang='lat' dir='ltr'>telliges</span> <span class='ocrx_word' id='word_1_647' title='bbox 1520 302 1598 334; x_wconf 85' lang='lat' dir='ltr'>quas</span> <span class='ocrx_word' id='word_1_648' title='bbox 1620 301 1748 332; x_wconf 78' lang='lat' dir='ltr'>pergam</span> <span class='ocrx_word' id='word_1_649' title='bbox 1771 291 1930 324; x_wconf 86' lang='lat' dir='ltr'>iudicare.</span> <span class='ocrx_word' id='word_1_650' title='bbox 1956 289 2006 320; x_wconf 88' lang='lat' dir='ltr'>Sic</span> <span class='ocrx_word' id='word_1_651' title='bbox 2019 289 2051 319; x_wconf 86' lang='lat' dir='ltr'>in</span> <span class='ocrx_word' id='word_1_652' title='bbox 2070 289 2192 332; x_wconf 85' lang='lat' dir='ltr'>Juvene</span> <span class='ocrx_word' id='word_1_653' title='bbox 2215 287 2282 330; x_wconf 84' lang='lat' dir='ltr'>(f)</span> <span class='ocrx_word' id='word_1_654' title='bbox 2306 286 2376 326; x_wconf 70' lang='grc' dir='ltr'>ΡυῙ-</span> 
     </span>
     <span class='ocr_line' id='line_1_78' title="bbox 1372 329 2372 377; baseline -0.008 -9"><span class='ocrx_word' id='word_1_655' title='bbox 1372 347 1506 369; x_wconf 87' lang='lat' dir='ltr'>monum</span> <span class='ocrx_word' id='word_1_656' title='bbox 1530 345 1602 377; x_wconf 82' lang='lat' dir='ltr'>pars</span> <span class='ocrx_word' id='word_1_657' title='bbox 1624 344 1761 366; x_wconf 84' lang='lat' dir='ltr'>concava</span> <span class='ocrx_word' id='word_1_658' title='bbox 1786 344 1861 376; x_wconf 86' lang='lat' dir='ltr'>pure</span> <span class='ocrx_word' id='word_1_659' title='bbox 1885 340 1950 364; x_wconf 82' lang='lat' dir='ltr'>erat</span> <span class='ocrx_word' id='word_1_660' title='bbox 1974 329 2077 371; x_wconf 85' lang='lat' dir='ltr'>foeta,</span> <span class='ocrx_word' id='word_1_661' title='bbox 2102 340 2240 363; x_wconf 79' lang='lat' dir='ltr'>convexa</span> <span class='ocrx_word' id='word_1_662' title='bbox 2265 337 2372 363; x_wconf 86' lang='lat' dir='ltr'>autem</span> 
     </span>
     <span class='ocr_line' id='line_1_79' title="bbox 1372 371 2376 418; baseline -0.009 -6"><span class='ocrx_word' id='word_1_663' title='bbox 1372 378 1471 412; x_wconf 89' lang='lat' dir='ltr'>ferme</span> <span class='ocrx_word' id='word_1_664' title='bbox 1496 387 1566 411; x_wconf 87' lang='lat' dir='ltr'>tota</span> <span class='ocrx_word' id='word_1_665' title='bbox 1590 375 1767 418; x_wconf 86' lang='lat' dir='ltr'>tophacea:</span> <span class='ocrx_word' id='word_1_666' title='bbox 1793 379 1824 409; x_wconf 86' lang='lat'>&amp;</span> <span class='ocrx_word' id='word_1_667' title='bbox 1849 376 1885 408; x_wconf 87' lang='lat' dir='ltr'>in</span> <span class='ocrx_word' id='word_1_668' title='bbox 1909 375 1995 407; x_wconf 91' lang='lat' dir='ltr'>Viro</span> <span class='ocrx_word' id='word_1_669' title='bbox 2019 377 2070 415; x_wconf 85' lang='lat' dir='ltr'>(g</span> <span class='ocrx_word' id='word_1_670' title='bbox 2091 377 2105 412; x_wconf 84' lang='lat'><em>)</em></span> <span class='ocrx_word' id='word_1_671' title='bbox 2129 372 2241 414; x_wconf 88' lang='lat' dir='ltr'>pulmo</span> <span class='ocrx_word' id='word_1_672' title='bbox 2265 371 2376 405; x_wconf 74' lang='lat' dir='ltr'>dexter</span> 
     </span>
     <span class='ocr_line' id='line_1_80' title="bbox 1371 415 2376 464; baseline -0.009 -8"><span class='ocrx_word' id='word_1_673' title='bbox 1371 433 1428 464; x_wconf 84' lang='lat' dir='ltr'>pus</span> <span class='ocrx_word' id='word_1_674' title='bbox 1453 420 1620 460; x_wconf 80' lang='lat' dir='ltr'>fluidum5</span> <span class='ocrx_word' id='word_1_675' title='bbox 1651 417 1771 452; x_wconf 86' lang='lat' dir='ltr'>finister</span> <span class='ocrx_word' id='word_1_676' title='bbox 1803 419 1969 451; x_wconf 83' lang='lat' dir='ltr'>materiam</span> <span class='ocrx_word' id='word_1_677' title='bbox 2002 415 2161 458; x_wconf 80' lang='lat' dir='ltr'>quandam</span> <span class='ocrx_word' id='word_1_678' title='bbox 2195 415 2376 450; x_wconf 85' lang='lat' dir='ltr'>induratam</span> 
     </span>
     <span class='ocr_line' id='line_1_81' title="bbox 1371 458 2373 504; baseline -0.008 -6"><span class='ocrx_word' id='word_1_679' title='bbox 1371 464 1525 498; x_wconf 82' lang='lat' dir='ltr'>habebat.</span> <span class='ocrx_word' id='word_1_680' title='bbox 1553 465 1597 496; x_wconf 87' lang='lat' dir='ltr'>Et</span> <span class='ocrx_word' id='word_1_681' title='bbox 1620 473 1694 495; x_wconf 85' lang='lat' dir='ltr'>cum</span> <span class='ocrx_word' id='word_1_682' title='bbox 1718 462 1752 494; x_wconf 92' lang='lat' dir='ltr'>in</span> <span class='ocrx_word' id='word_1_683' title='bbox 1775 461 1961 504; x_wconf 83' lang='lat' dir='ltr'>quibusdam</span> <span class='ocrx_word' id='word_1_684' title='bbox 1985 462 1998 498; x_wconf 85' lang='grc'>&lt;</span> <span class='ocrx_word' id='word_1_685' title='bbox 2020 459 2040 492; x_wconf 81' lang='lat' dir='ltr'><em>h</em></span> <span class='ocrx_word' id='word_1_686' title='bbox 2060 463 2073 498; x_wconf 85' lang='lat'><em>)</em></span> <span class='ocrx_word' id='word_1_687' title='bbox 2097 459 2260 501; x_wconf 84' lang='lat' dir='ltr'>pulmones</span> <span class='ocrx_word' id='word_1_688' title='bbox 2286 458 2373 500; x_wconf 86' lang='lat' dir='ltr'>pleni</span> 
     </span>
     <span class='ocr_line' id='line_1_82' title="bbox 1373 501 2372 548; baseline -0.009 -6"><span class='ocrx_word' id='word_1_689' title='bbox 1373 508 1503 542; x_wconf 84' lang='lat' dir='ltr'>scirrhis</span> <span class='ocrx_word' id='word_1_690' title='bbox 1525 507 1765 548; x_wconf 80' lang='lat' dir='ltr'>cartilagineis,</span> <span class='ocrx_word' id='word_1_691' title='bbox 1788 515 1841 539; x_wconf 90' lang='lat' dir='ltr'>aut</span> <span class='ocrx_word' id='word_1_692' title='bbox 1865 501 2103 538; x_wconf 85' lang='lat' dir='ltr'>steatomatibus</span> <span class='ocrx_word' id='word_1_693' title='bbox 2127 502 2215 535; x_wconf 83' lang='lat' dir='ltr'>duris</span> <span class='ocrx_word' id='word_1_694' title='bbox 2239 501 2335 534; x_wconf 75' lang='lat' dir='ltr'>obsiti</span> <span class='ocrx_word' id='word_1_695' title='bbox 2360 524 2372 540; x_wconf 87' lang='lat'>,</span> 
     </span>
     <span class='ocr_line' id='line_1_83' title="bbox 1373 543 2375 591; baseline -0.009 -7"><span class='ocrx_word' id='word_1_696' title='bbox 1373 554 1406 584; x_wconf 94' lang='lat' dir='ltr'>in</span> <span class='ocrx_word' id='word_1_697' title='bbox 1430 552 1499 584; x_wconf 86' lang='lat' dir='ltr'>aliis</span> <span class='ocrx_word' id='word_1_698' title='bbox 1524 549 1632 582; x_wconf 87' lang='lat' dir='ltr'>referti</span> <span class='ocrx_word' id='word_1_699' title='bbox 1664 549 1788 591; x_wconf 81' lang='lat' dir='ltr'>exiguis</span> <span class='ocrx_word' id='word_1_700' title='bbox 1813 547 1988 590; x_wconf 85' lang='lat' dir='ltr'>purulentis</span> <span class='ocrx_word' id='word_1_701' title='bbox 2011 544 2206 586; x_wconf 78' lang='lat' dir='ltr'>grandinofis</span> <span class='ocrx_word' id='word_1_702' title='bbox 2240 543 2375 577; x_wconf 75' lang='lat' dir='ltr'>abscess-</span> 
     </span>
     <span class='ocr_line' id='line_1_84' title="bbox 1373 588 2373 631; baseline -0.008 -4"><span class='ocrx_word' id='word_1_703' title='bbox 1373 596 1430 628; x_wconf 83' lang='lat' dir='ltr'>bus</span> <span class='ocrx_word' id='word_1_704' title='bbox 1452 617 1462 631; x_wconf 93' lang='lat'>,</span> <span class='ocrx_word' id='word_1_705' title='bbox 1496 603 1548 627; x_wconf 77' lang='lat' dir='ltr'>aut</span> <span class='ocrx_word' id='word_1_706' title='bbox 1573 593 1697 625; x_wconf 86' lang='lat' dir='ltr'>vomica</span> <span class='ocrx_word' id='word_1_707' title='bbox 1722 615 1734 631; x_wconf 90' lang='lat'>,</span> <span class='ocrx_word' id='word_1_708' title='bbox 1772 590 1942 623; x_wconf 88' lang='lat' dir='ltr'>vomicisve</span> <span class='ocrx_word' id='word_1_709' title='bbox 1966 589 2014 631; x_wconf 78' lang='lat' dir='ltr'>(i</span> <span class='ocrx_word' id='word_1_710' title='bbox 2035 591 2050 627; x_wconf 86' lang='grc'>&gt;</span> <span class='ocrx_word' id='word_1_711' title='bbox 2075 588 2233 630; x_wconf 84' lang='lat' dir='ltr'>deturpati</span> <span class='ocrx_word' id='word_1_712' title='bbox 2257 589 2373 629; x_wconf 88' lang='lat' dir='ltr'>reperti</span> 
     </span>
     <span class='ocr_line' id='line_1_85' title="bbox 1369 630 2374 676; baseline -0.008 -6"><span class='ocrx_word' id='word_1_713' title='bbox 1369 637 1453 676; x_wconf 70' lang='lat' dir='ltr'>sint,</span> <span class='ocrx_word' id='word_1_714' title='bbox 1478 639 1606 672; x_wconf 83' lang='lat' dir='ltr'>fuerunt</span> <span class='ocrx_word' id='word_1_715' title='bbox 1631 636 1706 668; x_wconf 83' lang='lat' dir='ltr'>alias</span> <span class='ocrx_word' id='word_1_716' title='bbox 1729 636 1850 667; x_wconf 87' lang='lat' dir='ltr'>inventi</span> <span class='ocrx_word' id='word_1_717' title='bbox 1873 633 1962 666; x_wconf 79' lang='lat' dir='ltr'>fimul</span> <span class='ocrx_word' id='word_1_718' title='bbox 1987 631 2122 672; x_wconf 82' lang='lat' dir='ltr'>callosi,</span> <span class='ocrx_word' id='word_1_719' title='bbox 2145 630 2374 673; x_wconf 71' lang='grc' dir='ltr'>δεεοῑηρεᾶἱ,</span> 
     </span>
     <span class='ocr_line' id='line_1_86' title="bbox 1370 675 2374 720; baseline -0.008 -7"><span class='ocrx_word' id='word_1_720' title='bbox 1370 680 1460 714; x_wconf 82' lang='lat' dir='ltr'>simul</span> <span class='ocrx_word' id='word_1_721' title='bbox 1494 680 1627 712; x_wconf 87' lang='lat' dir='ltr'>vomicis</span> <span class='ocrx_word' id='word_1_722' title='bbox 1651 678 1757 720; x_wconf 85' lang='lat' dir='ltr'>paffim</span> <span class='ocrx_word' id='word_1_723' title='bbox 1790 676 1895 710; x_wconf 82' lang='lat' dir='ltr'>obseffi</span> <span class='ocrx_word' id='word_1_724' title='bbox 1915 700 1929 717; x_wconf 81' lang='lat'>,</span> <span class='ocrx_word' id='word_1_725' title='bbox 1960 677 2100 717; x_wconf 87' lang='lat' dir='ltr'>itemque</span> <span class='ocrx_word' id='word_1_726' title='bbox 2134 675 2220 716; x_wconf 56' lang='lat' dir='ltr'>(lq)</span> <span class='ocrx_word' id='word_1_727' title='bbox 2246 675 2374 716; x_wconf 85' lang='lat' dir='ltr'>penitus</span> 
     </span>
     <span class='ocr_line' id='line_1_87' title="bbox 1369 718 2374 763; baseline -0.007 -7"><span class='ocrx_word' id='word_1_728' title='bbox 1369 723 1545 763; x_wconf 70' lang='lat' dir='ltr'>obstruffi,</span> <span class='ocrx_word' id='word_1_729' title='bbox 1570 725 1602 755; x_wconf 70' lang='grc' dir='ltr'>δε</span> <span class='ocrx_word' id='word_1_730' title='bbox 1625 722 1823 760; x_wconf 85' lang='lat' dir='ltr'>exulcerati,</span> <span class='ocrx_word' id='word_1_731' title='bbox 1849 727 1903 752; x_wconf 84' lang='lat' dir='ltr'>aut</span> <span class='ocrx_word' id='word_1_732' title='bbox 1925 719 1989 758; x_wconf 85' lang='lat' dir='ltr'>(l)</span> <span class='ocrx_word' id='word_1_733' title='bbox 2014 718 2252 751; x_wconf 86' lang='lat' dir='ltr'>steatomatibus</span> <span class='ocrx_word' id='word_1_734' title='bbox 2275 719 2374 750; x_wconf 73' lang='lat' dir='ltr'>innu-</span> 
     </span>
     <span class='ocr_line' id='line_1_88' title="bbox 1369 760 2374 806; baseline -0.008 -6"><span class='ocrx_word' id='word_1_735' title='bbox 1369 767 1488 806; x_wconf 83' lang='lat' dir='ltr'>meris,</span> <span class='ocrx_word' id='word_1_736' title='bbox 1511 768 1543 800; x_wconf 93' lang='lat'>&amp;</span> <span class='ocrx_word' id='word_1_737' title='bbox 1567 764 1620 798; x_wconf 90' lang='lat' dir='ltr'>hic</span> <span class='ocrx_word' id='word_1_738' title='bbox 1644 765 1712 798; x_wconf 85' lang='lat' dir='ltr'>illic</span> <span class='ocrx_word' id='word_1_739' title='bbox 1735 765 1871 796; x_wconf 89' lang='lat' dir='ltr'>vomicis</span> <span class='ocrx_word' id='word_1_740' title='bbox 1894 761 2048 801; x_wconf 71' lang='lat' dir='ltr'>infarsti,</span> <span class='ocrx_word' id='word_1_741' title='bbox 2074 769 2126 794; x_wconf 84' lang='lat' dir='ltr'>aut</span> <span class='ocrx_word' id='word_1_742' title='bbox 2139 760 2274 804; x_wconf 80' lang='lat' dir='ltr'>denique</span> <span class='ocrx_word' id='word_1_743' title='bbox 2295 763 2374 800; x_wconf 86' lang='lat' dir='ltr'>(m)</span> 
     </span>
     <span class='ocr_line' id='line_1_89' title="bbox 1371 804 2373 852; baseline -0.005 -9"><span class='ocrx_word' id='word_1_744' title='bbox 1371 809 1487 843; x_wconf 72' lang='lat' dir='ltr'>foedati</span> <span class='ocrx_word' id='word_1_745' title='bbox 1511 808 1754 852; x_wconf 80' lang='lat' dir='ltr'>apostematibus</span> <span class='ocrx_word' id='word_1_746' title='bbox 1778 807 1890 839; x_wconf 87' lang='lat' dir='ltr'>multis</span> <span class='ocrx_word' id='word_1_747' title='bbox 1912 829 1925 845; x_wconf 86' lang='lat'>,</span> <span class='ocrx_word' id='word_1_748' title='bbox 1948 808 1980 838; x_wconf 68' lang='grc' dir='ltr'>ὅ(</span> <span class='ocrx_word' id='word_1_749' title='bbox 2005 804 2176 838; x_wconf 84' lang='lat' dir='ltr'>tuberculis</span> <span class='ocrx_word' id='word_1_750' title='bbox 2197 827 2206 842; x_wconf 88' lang='lat'>‚</span> <span class='ocrx_word' id='word_1_751' title='bbox 2236 815 2373 846; x_wconf 84' lang='lat' dir='ltr'>quorum</span> 
     </span>
     <span class='ocr_line' id='line_1_90' title="bbox 1372 847 2373 896; baseline -0.007 -10"><span class='ocrx_word' id='word_1_752' title='bbox 1372 854 1479 896; x_wconf 85' lang='lat' dir='ltr'>aliqua</span> <span class='ocrx_word' id='word_1_753' title='bbox 1502 852 1700 886; x_wconf 74' lang='lat' dir='ltr'>inflammata</span> <span class='ocrx_word' id='word_1_754' title='bbox 1726 849 1936 885; x_wconf 84' lang='lat' dir='ltr'>videbantur,</span> <span class='ocrx_word' id='word_1_755' title='bbox 1962 848 2021 880; x_wconf 87' lang='lat' dir='ltr'>alia</span> <span class='ocrx_word' id='word_1_756' title='bbox 2034 847 2135 880; x_wconf 87' lang='lat' dir='ltr'>adhuc</span> <span class='ocrx_word' id='word_1_757' title='bbox 2159 859 2246 881; x_wconf 85' lang='lat' dir='ltr'>erant</span> <span class='ocrx_word' id='word_1_758' title='bbox 2261 849 2373 880; x_wconf 85' lang='lat' dir='ltr'>imma-</span> 
     </span>
     <span class='ocr_line' id='line_1_91' title="bbox 1373 890 2373 940; baseline -0.01 -10"><span class='ocrx_word' id='word_1_759' title='bbox 1373 907 1468 930; x_wconf 86' lang='lat' dir='ltr'>tura:</span> <span class='ocrx_word' id='word_1_760' title='bbox 1491 896 1597 940; x_wconf 82' lang='lat' dir='ltr'>qualia</span> <span class='ocrx_word' id='word_1_761' title='bbox 1620 896 1653 927; x_wconf 90' lang='lat' dir='ltr'>in</span> <span class='ocrx_word' id='word_1_762' title='bbox 1678 892 1837 937; x_wconf 78' lang='lat' dir='ltr'>proposita</span> <span class='ocrx_word' id='word_1_763' title='bbox 1863 890 2019 926; x_wconf 83' lang='lat' dir='ltr'>Valsalvae</span> <span class='ocrx_word' id='word_1_764' title='bbox 2031 891 2168 932; x_wconf 76' lang='lat' dir='ltr'>Virgine</span> <span class='ocrx_word' id='word_1_765' title='bbox 2191 894 2203 930; x_wconf 88' lang='lat'><strong>(</strong></span> <span class='ocrx_word' id='word_1_766' title='bbox 2226 903 2245 924; x_wconf 89' lang='lat' dir='ltr'>n</span> <span class='ocrx_word' id='word_1_767' title='bbox 2270 890 2373 930; x_wconf 77' lang='lat' dir='ltr'>&gt;fuis-</span> 
     </span>
     <span class='ocr_line' id='line_1_92' title="bbox 1373 940 1630 981; baseline -0.008 -8"><span class='ocrx_word' id='word_1_768' title='bbox 1373 940 1423 981; x_wconf 69' lang='lat' dir='ltr'>se,</span> <span class='ocrx_word' id='word_1_769' title='bbox 1446 941 1630 973; x_wconf 76' lang='lat' dir='ltr'>retulimus.</span> 
     </span>
    </p>

    <p class='ocr_par' dir='ltr' id='par_1_4' title="bbox 1362 977 2381 3185">
     <span class='ocr_line' id='line_1_93' title="bbox 1417 977 2374 1023; baseline -0.003 -8"><span class='ocrx_word' id='word_1_770' title='bbox 1417 994 1465 1015; x_wconf 88' lang='lat'>21.</span> <span class='ocrx_word' id='word_1_771' title='bbox 1492 981 1561 1015; x_wconf 81' lang='lat' dir='ltr'>Etsi</span> <span class='ocrx_word' id='word_1_772' title='bbox 1585 982 1734 1015; x_wconf 87' lang='lat' dir='ltr'>autemin</span> <span class='ocrx_word' id='word_1_773' title='bbox 1758 990 1808 1013; x_wconf 88' lang='lat' dir='ltr'>tot</span> <span class='ocrx_word' id='word_1_774' title='bbox 1825 991 1895 1023; x_wconf 82' lang='lat' dir='ltr'>quae</span> <span class='ocrx_word' id='word_1_775' title='bbox 1918 977 2130 1013; x_wconf 84' lang='lat' dir='ltr'>indicavimus</span> <span class='ocrx_word' id='word_1_776' title='bbox 2145 1003 2153 1018; x_wconf 85' lang='lat'>,</span> <span class='ocrx_word' id='word_1_777' title='bbox 2179 981 2210 1011; x_wconf 85' lang='lat'><strong>&amp;</strong></span> <span class='ocrx_word' id='word_1_778' title='bbox 2235 980 2267 1011; x_wconf 93' lang='lat' dir='ltr'>in</span> <span class='ocrx_word' id='word_1_779' title='bbox 2279 979 2348 1012; x_wconf 84' lang='lat' dir='ltr'>aliis</span> <span class='ocrx_word' id='word_1_780' title='bbox 2363 1001 2374 1016; x_wconf 86' lang='lat'>‚</span> 
     </span>
     <span class='ocr_line' id='line_1_94' title="bbox 1370 1021 2375 1068; baseline -0.005 -8"><span class='ocrx_word' id='word_1_781' title='bbox 1370 1038 1441 1068; x_wconf 82' lang='lat' dir='ltr'>quae</span> <span class='ocrx_word' id='word_1_782' title='bbox 1456 1048 1464 1064; x_wconf 90' lang='lat'>,</span> <span class='ocrx_word' id='word_1_783' title='bbox 1488 1035 1523 1059; x_wconf 89' lang='lat' dir='ltr'>ut</span> <span class='ocrx_word' id='word_1_784' title='bbox 1548 1026 1678 1059; x_wconf 84' lang='lat' dir='ltr'>morbus</span> <span class='ocrx_word' id='word_1_785' title='bbox 1703 1024 1744 1058; x_wconf 84' lang='lat' dir='ltr'>ell:</span> <span class='ocrx_word' id='word_1_786' title='bbox 1766 1021 2030 1067; x_wconf 82' lang='lat' dir='ltr'>frequentiffimus</span> <span class='ocrx_word' id='word_1_787' title='bbox 2056 1045 2065 1059; x_wconf 93' lang='lat'>,</span> <span class='ocrx_word' id='word_1_788' title='bbox 2092 1033 2188 1068; x_wconf 82' lang='lat' dir='ltr'>prope</span> <span class='ocrx_word' id='word_1_789' title='bbox 2211 1023 2375 1056; x_wconf 84' lang='lat' dir='ltr'>innumera</span> 
     </span>
     <span class='ocr_line' id='line_1_95' title="bbox 1370 1066 2374 1111; baseline -0.006 -8"><span class='ocrx_word' id='word_1_790' title='bbox 1370 1070 1463 1109; x_wconf 82' lang='lat' dir='ltr'>sunt,</span> <span class='ocrx_word' id='word_1_791' title='bbox 1488 1069 1640 1111; x_wconf 79' lang='lat' dir='ltr'>exemplis</span> <span class='ocrx_word' id='word_1_792' title='bbox 1665 1077 1751 1100; x_wconf 84' lang='lat' dir='ltr'>tanta</span> <span class='ocrx_word' id='word_1_793' title='bbox 1774 1070 1805 1100; x_wconf 54' lang='grc' dir='ltr'>ὃς</span> <span class='ocrx_word' id='word_1_794' title='bbox 1829 1066 1991 1100; x_wconf 81' lang='lat' dir='ltr'>causarum</span> <span class='ocrx_word' id='word_1_795' title='bbox 2011 1088 2023 1104; x_wconf 90' lang='lat'>,</span> <span class='ocrx_word' id='word_1_796' title='bbox 2059 1068 2090 1098; x_wconf 88' lang='lat'>&amp;</span> <span class='ocrx_word' id='word_1_797' title='bbox 2114 1066 2283 1098; x_wconf 67' lang='lat' dir='ltr'>effeetuum</span> <span class='ocrx_word' id='word_1_798' title='bbox 2318 1077 2374 1107; x_wconf 82' lang='lat' dir='ltr'>ap-</span> 
     </span>
     <span class='ocr_line' id='line_1_96' title="bbox 1366 1108 2373 1154; baseline -0.005 -9"><span class='ocrx_word' id='word_1_799' title='bbox 1366 1121 1456 1154; x_wconf 87' lang='lat' dir='ltr'>paret</span> <span class='ocrx_word' id='word_1_800' title='bbox 1481 1113 1614 1144; x_wconf 85' lang='lat' dir='ltr'>varietas</span> <span class='ocrx_word' id='word_1_801' title='bbox 1636 1123 1646 1149; x_wconf 86' lang='lat'>3</span> <span class='ocrx_word' id='word_1_802' title='bbox 1683 1110 1704 1142; x_wconf 84' lang='lat' dir='ltr'>fi</span> <span class='ocrx_word' id='word_1_803' title='bbox 1729 1120 1834 1143; x_wconf 84' lang='lat' dir='ltr'>tamen</span> <span class='ocrx_word' id='word_1_804' title='bbox 1858 1109 1939 1142; x_wconf 82' lang='lat' dir='ltr'>hanc</span> <span class='ocrx_word' id='word_1_805' title='bbox 1963 1111 1996 1140; x_wconf 87' lang='lat' dir='ltr'>in</span> <span class='ocrx_word' id='word_1_806' title='bbox 2021 1108 2090 1141; x_wconf 89' lang='lat' dir='ltr'>aliis</span> <span class='ocrx_word' id='word_1_807' title='bbox 2115 1120 2173 1151; x_wconf 90' lang='lat' dir='ltr'>pro</span> <span class='ocrx_word' id='word_1_808' title='bbox 2204 1109 2373 1150; x_wconf 80' lang='lat' dir='ltr'>peculiari-</span> 
     </span>
     <span class='ocr_line' id='line_1_97' title="bbox 1366 1150 2372 1197; baseline -0.005 -8"><span class='ocrx_word' id='word_1_809' title='bbox 1366 1156 1425 1189; x_wconf 88' lang='lat' dir='ltr'>bus</span> <span class='ocrx_word' id='word_1_810' title='bbox 1448 1154 1644 1197; x_wconf 78' lang='lat' dir='ltr'>lingulorum</span> <span class='ocrx_word' id='word_1_811' title='bbox 1669 1152 1839 1187; x_wconf 85' lang='lat' dir='ltr'>hominum</span> <span class='ocrx_word' id='word_1_812' title='bbox 1862 1152 2105 1185; x_wconf 86' lang='lat' dir='ltr'>conditionibus</span> <span class='ocrx_word' id='word_1_813' title='bbox 2129 1152 2194 1184; x_wconf 83' lang='lat' dir='ltr'>alio</span> <span class='ocrx_word' id='word_1_814' title='bbox 2218 1150 2334 1185; x_wconf 84' lang='lat' dir='ltr'>referas</span> <span class='ocrx_word' id='word_1_815' title='bbox 2358 1175 2372 1193; x_wconf 81' lang='lat'>,</span> 
     </span>
     <span class='ocr_line' id='line_1_98' title="bbox 1370 1193 2371 1241; baseline -0.003 -9"><span class='ocrx_word' id='word_1_816' title='bbox 1370 1210 1528 1241; x_wconf 81' lang='lat' dir='ltr'>unamque</span> <span class='ocrx_word' id='word_1_817' title='bbox 1550 1207 1750 1231; x_wconf 88' lang='lat' dir='ltr'>communem</span> <span class='ocrx_word' id='word_1_818' title='bbox 1773 1198 1919 1229; x_wconf 84' lang='lat' dir='ltr'>omnium</span> <span class='ocrx_word' id='word_1_819' title='bbox 1934 1217 1943 1232; x_wconf 90' lang='lat'>‚</span> <span class='ocrx_word' id='word_1_820' title='bbox 1965 1206 2045 1236; x_wconf 84' lang='lat' dir='ltr'>quos</span> <span class='ocrx_word' id='word_1_821' title='bbox 2069 1194 2178 1235; x_wconf 86' lang='lat' dir='ltr'>vides,</span> <span class='ocrx_word' id='word_1_822' title='bbox 2201 1193 2371 1229; x_wconf 71' lang='lat' dir='ltr'>effeetuum</span> 
     </span>
     <span class='ocr_line' id='line_1_99' title="bbox 1369 1237 2373 1285; baseline -0.009 -10"><span class='ocrx_word' id='word_1_823' title='bbox 1369 1243 1527 1285; x_wconf 80' lang='lat' dir='ltr'>originem</span> <span class='ocrx_word' id='word_1_824' title='bbox 1551 1251 1692 1284; x_wconf 76' lang='lat' dir='ltr'>quaeras3</span> <span class='ocrx_word' id='word_1_825' title='bbox 1716 1239 1795 1273; x_wconf 80' lang='lat' dir='ltr'>hanc</span> <span class='ocrx_word' id='word_1_826' title='bbox 1818 1241 1851 1271; x_wconf 89' lang='lat' dir='ltr'>in</span> <span class='ocrx_word' id='word_1_827' title='bbox 1875 1237 2010 1271; x_wconf 88' lang='lat' dir='ltr'>humore</span> <span class='ocrx_word' id='word_1_828' title='bbox 2035 1237 2145 1280; x_wconf 85' lang='lat' dir='ltr'>aliquo</span> <span class='ocrx_word' id='word_1_829' title='bbox 2168 1238 2262 1271; x_wconf 85' lang='lat' dir='ltr'>facile</span> <span class='ocrx_word' id='word_1_830' title='bbox 2274 1250 2373 1280; x_wconf 80' lang='lat' dir='ltr'>agno-</span> 
     </span>
     <span class='ocr_line' id='line_1_100' title="bbox 1370 1280 2374 1328; baseline -0.004 -9"><span class='ocrx_word' id='word_1_831' title='bbox 1370 1285 1454 1323; x_wconf 87' lang='lat' dir='ltr'>sces,</span> <span class='ocrx_word' id='word_1_832' title='bbox 1479 1287 1536 1328; x_wconf 89' lang='lat' dir='ltr'>qui</span> <span class='ocrx_word' id='word_1_833' title='bbox 1560 1285 1605 1317; x_wconf 93' lang='lat' dir='ltr'>ob</span> <span class='ocrx_word' id='word_1_834' title='bbox 1626 1292 1846 1326; x_wconf 80' lang='lat' dir='ltr'>quamcunque</span> <span class='ocrx_word' id='word_1_835' title='bbox 1869 1280 1928 1314; x_wconf 80' lang='lat' dir='ltr'>five</span> <span class='ocrx_word' id='word_1_836' title='bbox 1950 1282 2126 1322; x_wconf 78' lang='lat' dir='ltr'>ingenitam</span> <span class='ocrx_word' id='word_1_837' title='bbox 2142 1305 2154 1321; x_wconf 86' lang='lat'>,</span> <span class='ocrx_word' id='word_1_838' title='bbox 2177 1281 2236 1314; x_wconf 84' lang='lat' dir='ltr'>sive</span> <span class='ocrx_word' id='word_1_839' title='bbox 2254 1280 2374 1315; x_wconf 56' lang='lat' dir='ltr'>‘adven—</span> 
     </span>
     <span class='ocr_line' id='line_1_101' title="bbox 1369 1323 2372 1369; baseline -0.005 -7"><span class='ocrx_word' id='word_1_840' title='bbox 1369 1330 1477 1362; x_wconf 88' lang='lat' dir='ltr'>titiam</span> <span class='ocrx_word' id='word_1_841' title='bbox 1501 1327 1629 1362; x_wconf 79' lang='lat' dir='ltr'>causam</span> <span class='ocrx_word' id='word_1_842' title='bbox 1653 1329 1685 1359; x_wconf 89' lang='lat' dir='ltr'>in</span> <span class='ocrx_word' id='word_1_843' title='bbox 1718 1324 1928 1369; x_wconf 88' lang='lat' dir='ltr'>pulmonibus</span> <span class='ocrx_word' id='word_1_844' title='bbox 1953 1323 2111 1357; x_wconf 68' lang='lat' dir='ltr'>subsistens</span> <span class='ocrx_word' id='word_1_845' title='bbox 2133 1347 2143 1362; x_wconf 90' lang='lat'>,</span> <span class='ocrx_word' id='word_1_846' title='bbox 2181 1325 2282 1358; x_wconf 89' lang='lat' dir='ltr'>modo</span> <span class='ocrx_word' id='word_1_847' title='bbox 2304 1347 2313 1362; x_wconf 94' lang='lat'>,</span> <span class='ocrx_word' id='word_1_848' title='bbox 2349 1323 2372 1357; x_wconf 85' lang='lat' dir='ltr'>fi</span> 
     </span>
     <span class='ocr_line' id='line_1_102' title="bbox 1367 1367 2374 1412; baseline -0.003 -7"><span class='ocrx_word' id='word_1_849' title='bbox 1367 1372 1493 1406; x_wconf 85' lang='lat' dir='ltr'>craffior</span> <span class='ocrx_word' id='word_1_850' title='bbox 1516 1371 1576 1408; x_wconf 84' lang='lat' dir='ltr'>fit,</span> <span class='ocrx_word' id='word_1_851' title='bbox 1601 1373 1632 1404; x_wconf 87' lang='lat'>&amp;</span> <span class='ocrx_word' id='word_1_852' title='bbox 1655 1371 1814 1403; x_wconf 87' lang='lat' dir='ltr'>tenuiores</span> <span class='ocrx_word' id='word_1_853' title='bbox 1839 1368 2003 1412; x_wconf 81' lang='lat' dir='ltr'>particulae</span> <span class='ocrx_word' id='word_1_854' title='bbox 2028 1368 2162 1408; x_wconf 80' lang='lat' dir='ltr'>abeant,</span> <span class='ocrx_word' id='word_1_855' title='bbox 2187 1367 2374 1402; x_wconf 87' lang='lat' dir='ltr'>ibiindure-</span> 
     </span>
     <span class='ocr_line' id='line_1_103' title="bbox 1368 1411 2373 1457; baseline -0.004 -8"><span class='ocrx_word' id='word_1_856' title='bbox 1368 1415 1454 1456; x_wconf 81' lang='lat' dir='ltr'>scat,</span> <span class='ocrx_word' id='word_1_857' title='bbox 1477 1414 1655 1457; x_wconf 80' lang='lat' dir='ltr'>efficiatque</span> <span class='ocrx_word' id='word_1_858' title='bbox 1680 1422 1849 1456; x_wconf 88' lang='lat' dir='ltr'>propterea</span> <span class='ocrx_word' id='word_1_859' title='bbox 1873 1436 1881 1451; x_wconf 94' lang='lat'>,</span> <span class='ocrx_word' id='word_1_860' title='bbox 1912 1420 1947 1444; x_wconf 87' lang='lat' dir='ltr'>ut</span> <span class='ocrx_word' id='word_1_861' title='bbox 1973 1412 2089 1453; x_wconf 85' lang='lat' dir='ltr'>aliquis</span> <span class='ocrx_word' id='word_1_862' title='bbox 2124 1411 2293 1454; x_wconf 86' lang='lat' dir='ltr'>aliquando</span> <span class='ocrx_word' id='word_1_863' title='bbox 2315 1413 2373 1455; x_wconf 89' lang='lat' dir='ltr'>qui</span> 
     </span>
     <span class='ocr_line' id='line_1_104' title="bbox 1366 1452 2373 1501; baseline -0.003 -10"><span class='ocrx_word' id='word_1_864' title='bbox 1366 1459 1437 1501; x_wconf 92' lang='lat' dir='ltr'>ipso</span> <span class='ocrx_word' id='word_1_865' title='bbox 1461 1457 1549 1500; x_wconf 77' lang='lat' dir='ltr'>pejor</span> <span class='ocrx_word' id='word_1_866' title='bbox 1572 1456 1609 1489; x_wconf 87' lang='lat' dir='ltr'>fit</span> <span class='ocrx_word' id='word_1_867' title='bbox 1637 1480 1650 1497; x_wconf 85' lang='lat'><em>‚</em></span> <span class='ocrx_word' id='word_1_868' title='bbox 1682 1456 1828 1489; x_wconf 84' lang='lat' dir='ltr'>erosurus</span> <span class='ocrx_word' id='word_1_869' title='bbox 1854 1454 1972 1488; x_wconf 84' lang='lat' dir='ltr'>humor</span> <span class='ocrx_word' id='word_1_870' title='bbox 1995 1452 2136 1488; x_wconf 65' lang='lat' dir='ltr'>subsistat</span> <span class='ocrx_word' id='word_1_871' title='bbox 2161 1478 2173 1495; x_wconf 86' lang='lat'>,</span> <span class='ocrx_word' id='word_1_872' title='bbox 2206 1455 2326 1495; x_wconf 83' lang='lat' dir='ltr'>modo,</span> <span class='ocrx_word' id='word_1_873' title='bbox 2348 1455 2373 1488; x_wconf 86' lang='lat' dir='ltr'>fi</span> 
     </span>
     <span class='ocr_line' id='line_1_105' title="bbox 1369 1498 2373 1544; baseline -0.004 -9"><span class='ocrx_word' id='word_1_874' title='bbox 1369 1502 1434 1544; x_wconf 88' lang='lat' dir='ltr'>ipse</span> <span class='ocrx_word' id='word_1_875' title='bbox 1458 1502 1521 1544; x_wconf 80' lang='lat' dir='ltr'>jam</span> <span class='ocrx_word' id='word_1_876' title='bbox 1544 1500 1581 1534; x_wconf 77' lang='lat' dir='ltr'>sit</span> <span class='ocrx_word' id='word_1_877' title='bbox 1605 1511 1659 1542; x_wconf 88' lang='lat' dir='ltr'>per</span> <span class='ocrx_word' id='word_1_878' title='bbox 1682 1499 1710 1533; x_wconf 86' lang='lat' dir='ltr'>se</span> <span class='ocrx_word' id='word_1_879' title='bbox 1734 1510 1825 1538; x_wconf 83' lang='lat' dir='ltr'>acer,</span> <span class='ocrx_word' id='word_1_880' title='bbox 1848 1499 1896 1531; x_wconf 92' lang='lat' dir='ltr'>vel</span> <span class='ocrx_word' id='word_1_881' title='bbox 1922 1508 2011 1531; x_wconf 82' lang='lat' dir='ltr'>mora</span> <span class='ocrx_word' id='word_1_882' title='bbox 2036 1520 2045 1537; x_wconf 83' lang='lat'>,</span> <span class='ocrx_word' id='word_1_883' title='bbox 2068 1498 2243 1532; x_wconf 88' lang='lat' dir='ltr'>aliorumve</span> <span class='ocrx_word' id='word_1_884' title='bbox 2267 1498 2373 1531; x_wconf 88' lang='lat' dir='ltr'>admi-</span> 
     </span>
     <span class='ocr_line' id='line_1_106' title="bbox 1369 1540 2371 1583; baseline -0.004 -5"><span class='ocrx_word' id='word_1_885' title='bbox 1369 1545 1467 1579; x_wconf 82' lang='lat' dir='ltr'>stione</span> <span class='ocrx_word' id='word_1_886' title='bbox 1490 1555 1559 1577; x_wconf 87' lang='lat' dir='ltr'>acer</span> <span class='ocrx_word' id='word_1_887' title='bbox 1584 1543 1638 1576; x_wconf 80' lang='lat' dir='ltr'>fiat</span> <span class='ocrx_word' id='word_1_888' title='bbox 1660 1568 1670 1583; x_wconf 89' lang='lat'>,</span> <span class='ocrx_word' id='word_1_889' title='bbox 1704 1544 1802 1575; x_wconf 88' lang='lat' dir='ltr'>citius</span> <span class='ocrx_word' id='word_1_890' title='bbox 1823 1565 1834 1581; x_wconf 89' lang='lat'><em>‚</em></span> <span class='ocrx_word' id='word_1_891' title='bbox 1859 1550 1911 1575; x_wconf 83' lang='lat' dir='ltr'>aut</span> <span class='ocrx_word' id='word_1_892' title='bbox 1936 1540 2029 1574; x_wconf 88' lang='lat' dir='ltr'>serius</span> <span class='ocrx_word' id='word_1_893' title='bbox 2053 1541 2265 1575; x_wconf 78' lang='lat' dir='ltr'>membraneas</span> <span class='ocrx_word' id='word_1_894' title='bbox 2287 1543 2371 1575; x_wconf 86' lang='lat' dir='ltr'>inci-</span> 
     </span>
     <span class='ocr_line' id='line_1_107' title="bbox 1369 1584 2373 1630; baseline -0.002 -10"><span class='ocrx_word' id='word_1_895' title='bbox 1369 1590 1438 1630; x_wconf 83' lang='lat' dir='ltr'>piat</span> <span class='ocrx_word' id='word_1_896' title='bbox 1463 1588 1652 1630; x_wconf 88' lang='lat' dir='ltr'>pulmonum</span> <span class='ocrx_word' id='word_1_897' title='bbox 1675 1586 1802 1620; x_wconf 85' lang='lat' dir='ltr'>cellulas</span> <span class='ocrx_word' id='word_1_898' title='bbox 1826 1584 1951 1617; x_wconf 88' lang='lat' dir='ltr'>erodere</span> <span class='ocrx_word' id='word_1_899' title='bbox 1978 1609 1985 1615; x_wconf 94' lang='lat'>.</span> <span class='ocrx_word' id='word_1_900' title='bbox 2024 1585 2099 1617; x_wconf 82' lang='lat' dir='ltr'>Una</span> <span class='ocrx_word' id='word_1_901' title='bbox 2122 1596 2227 1618; x_wconf 83' lang='lat' dir='ltr'>autem</span> <span class='ocrx_word' id='word_1_902' title='bbox 2252 1585 2337 1618; x_wconf 81' lang='lat' dir='ltr'>erosa</span> <span class='ocrx_word' id='word_1_903' title='bbox 2363 1610 2373 1626; x_wconf 91' lang='lat'>,</span> 
     </span>
     <span class='ocr_line' id='line_1_108' title="bbox 1371 1626 2373 1672; baseline -0.001 -9"><span class='ocrx_word' id='word_1_904' title='bbox 1371 1633 1488 1665; x_wconf 89' lang='lat' dir='ltr'>vitium</span> <span class='ocrx_word' id='word_1_905' title='bbox 1513 1629 1549 1663; x_wconf 81' lang='lat' dir='ltr'>ad</span> <span class='ocrx_word' id='word_1_906' title='bbox 1574 1630 1736 1672; x_wconf 81' lang='lat' dir='ltr'>proximas</span> <span class='ocrx_word' id='word_1_907' title='bbox 1760 1636 1976 1670; x_wconf 79' lang='lat' dir='ltr'>propagatur,</span> <span class='ocrx_word' id='word_1_908' title='bbox 1999 1626 2125 1670; x_wconf 84' lang='lat' dir='ltr'>fitque,</span> <span class='ocrx_word' id='word_1_909' title='bbox 2148 1628 2293 1670; x_wconf 88' lang='lat' dir='ltr'>pluribus</span> <span class='ocrx_word' id='word_1_910' title='bbox 2318 1629 2373 1662; x_wconf 84' lang='lat' dir='ltr'>ab-</span> 
     </span>
     <span class='ocr_line' id='line_1_109' title="bbox 1371 1670 2373 1717; baseline -0.003 -9"><span class='ocrx_word' id='word_1_911' title='bbox 1371 1674 1528 1717; x_wconf 86' lang='lat' dir='ltr'>sumptis,</span> <span class='ocrx_word' id='word_1_912' title='bbox 1551 1672 1754 1705; x_wconf 84' lang='lat' dir='ltr'>manifestum</span> <span class='ocrx_word' id='word_1_913' title='bbox 1775 1673 1889 1704; x_wconf 86' lang='lat' dir='ltr'>ulceris</span> <span class='ocrx_word' id='word_1_914' title='bbox 1912 1681 2024 1703; x_wconf 84' lang='lat' dir='ltr'>cavum</span> <span class='ocrx_word' id='word_1_915' title='bbox 2048 1693 2061 1709; x_wconf 88' lang='lat'>,</span> <span class='ocrx_word' id='word_1_916' title='bbox 2094 1670 2181 1713; x_wconf 88' lang='lat' dir='ltr'>quod</span> <span class='ocrx_word' id='word_1_917' title='bbox 2205 1672 2373 1714; x_wconf 78' lang='lat' dir='ltr'>circumje-</span> 
     </span>
     <span class='ocr_line' id='line_1_110' title="bbox 1366 1712 2371 1757; baseline -0.001 -7"><span class='ocrx_word' id='word_1_918' title='bbox 1366 1719 1488 1751; x_wconf 63' lang='lat' dir='ltr'>&lt;starum</span> <span class='ocrx_word' id='word_1_919' title='bbox 1512 1729 1525 1749; x_wconf 86' lang='lat' dir='ltr'>a</span> <span class='ocrx_word' id='word_1_920' title='bbox 1542 1726 1619 1757; x_wconf 84' lang='lat' dir='ltr'>pure</span> <span class='ocrx_word' id='word_1_921' title='bbox 1641 1712 1848 1757; x_wconf 60' lang='lat' dir='ltr'>compressae,</span> <span class='ocrx_word' id='word_1_922' title='bbox 1872 1724 1975 1755; x_wconf 87' lang='lat' dir='ltr'>eoque</span> <span class='ocrx_word' id='word_1_923' title='bbox 1987 1712 2146 1747; x_wconf 84' lang='lat' dir='ltr'>craffiores</span> <span class='ocrx_word' id='word_1_924' title='bbox 2171 1713 2261 1749; x_wconf 59' lang='lat' dir='ltr'>safftae</span> <span class='ocrx_word' id='word_1_925' title='bbox 2274 1727 2371 1749; x_wconf 81' lang='lat' dir='ltr'>mem-</span> 
     </span>
     <span class='ocr_line' id='line_1_111' title="bbox 1365 1755 2373 1799; baseline -0.001 -6"><span class='ocrx_word' id='word_1_926' title='bbox 1365 1761 1504 1794; x_wconf 77' lang='lat' dir='ltr'>branulae</span> <span class='ocrx_word' id='word_1_927' title='bbox 1528 1760 1609 1792; x_wconf 88' lang='lat' dir='ltr'>duro</span> <span class='ocrx_word' id='word_1_928' title='bbox 1632 1759 1840 1792; x_wconf 85' lang='lat' dir='ltr'>circumcirca</span> <span class='ocrx_word' id='word_1_929' title='bbox 1864 1758 1983 1798; x_wconf 85' lang='lat' dir='ltr'>pariete</span> <span class='ocrx_word' id='word_1_930' title='bbox 2007 1755 2133 1799; x_wconf 79' lang='lat' dir='ltr'>possunt</span> <span class='ocrx_word' id='word_1_931' title='bbox 2156 1759 2373 1797; x_wconf 82' lang='lat' dir='ltr'>concludere,</span> 
     </span>
     <span class='ocr_line' id='line_1_112' title="bbox 1362 1798 2374 1842; baseline -0.001 -5"><span class='ocrx_word' id='word_1_932' title='bbox 1362 1813 1396 1838; x_wconf 91' lang='lat' dir='ltr'>ut</span> <span class='ocrx_word' id='word_1_933' title='bbox 1422 1806 1454 1837; x_wconf 91' lang='lat' dir='ltr'>in</span> <span class='ocrx_word' id='word_1_934' title='bbox 1481 1803 1618 1836; x_wconf 75' lang='lat' dir='ltr'>externis</span> <span class='ocrx_word' id='word_1_935' title='bbox 1642 1802 1800 1835; x_wconf 79' lang='lat' dir='ltr'>ulceribus</span> <span class='ocrx_word' id='word_1_936' title='bbox 1821 1823 1834 1840; x_wconf 90' lang='lat'>,</span> <span class='ocrx_word' id='word_1_937' title='bbox 1868 1798 2013 1833; x_wconf 81' lang='lat' dir='ltr'>fistulofis</span> <span class='ocrx_word' id='word_1_938' title='bbox 2041 1800 2216 1842; x_wconf 84' lang='lat' dir='ltr'>praesertim</span> <span class='ocrx_word' id='word_1_939' title='bbox 2238 1825 2250 1841; x_wconf 84' lang='grc'>,</span> <span class='ocrx_word' id='word_1_940' title='bbox 2283 1803 2374 1836; x_wconf 78' lang='lat' dir='ltr'>vide—</span> 
     </span>
     <span class='ocr_line' id='line_1_113' title="bbox 1363 1841 2373 1887; baseline -0.002 -7"><span class='ocrx_word' id='word_1_941' title='bbox 1363 1859 1433 1880; x_wconf 89' lang='lat' dir='ltr'>mus</span> <span class='ocrx_word' id='word_1_942' title='bbox 1456 1873 1463 1879; x_wconf 92' lang='lat'>.</span> <span class='ocrx_word' id='word_1_943' title='bbox 1498 1847 1569 1879; x_wconf 89' lang='lat' dir='ltr'>Nec</span> <span class='ocrx_word' id='word_1_944' title='bbox 1592 1854 1698 1878; x_wconf 83' lang='lat' dir='ltr'>tamen</span> <span class='ocrx_word' id='word_1_945' title='bbox 1732 1843 1911 1887; x_wconf 85' lang='lat' dir='ltr'>negandum</span> <span class='ocrx_word' id='word_1_946' title='bbox 1935 1843 1977 1878; x_wconf 90' lang='lat' dir='ltr'>est</span> <span class='ocrx_word' id='word_1_947' title='bbox 1999 1867 2012 1885; x_wconf 84' lang='lat'><em>‚</em></span> <span class='ocrx_word' id='word_1_948' title='bbox 2045 1841 2156 1877; x_wconf 84' lang='lat' dir='ltr'>effusos</span> <span class='ocrx_word' id='word_1_949' title='bbox 2189 1844 2335 1879; x_wconf 87' lang='lat' dir='ltr'>humores</span> <span class='ocrx_word' id='word_1_950' title='bbox 2358 1869 2373 1885; x_wconf 85' lang='lat'><em>‚</em></span> 
     </span>
     <span class='ocr_line' id='line_1_114' title="bbox 1364 1886 2374 1932; baseline 0 -10"><span class='ocrx_word' id='word_1_951' title='bbox 1364 1889 1478 1932; x_wconf 76' lang='lat' dir='ltr'>eosque</span> <span class='ocrx_word' id='word_1_952' title='bbox 1501 1891 1535 1921; x_wconf 90' lang='lat' dir='ltr'>in</span> <span class='ocrx_word' id='word_1_953' title='bbox 1558 1890 1671 1931; x_wconf 88' lang='lat' dir='ltr'>primis</span> <span class='ocrx_word' id='word_1_954' title='bbox 1697 1889 1752 1930; x_wconf 80' lang='lat' dir='ltr'>qui</span> <span class='ocrx_word' id='word_1_955' title='bbox 1777 1886 1899 1920; x_wconf 84' lang='lat' dir='ltr'>fibrolis</span> <span class='ocrx_word' id='word_1_956' title='bbox 1924 1910 1936 1927; x_wconf 91' lang='lat'><em>‚</em></span> <span class='ocrx_word' id='word_1_957' title='bbox 1973 1896 2008 1920; x_wconf 89' lang='lat' dir='ltr'>ut</span> <span class='ocrx_word' id='word_1_958' title='bbox 2032 1897 2146 1920; x_wconf 83' lang='lat' dir='ltr'>vocant</span> <span class='ocrx_word' id='word_1_959' title='bbox 2170 1911 2182 1928; x_wconf 78' lang='lat'><em>‚</em></span> <span class='ocrx_word' id='word_1_960' title='bbox 2214 1887 2374 1922; x_wconf 79' lang='lat' dir='ltr'>abundent</span> 
     </span>
     <span class='ocr_line' id='line_1_115' title="bbox 1365 1928 2374 1976; baseline 0 -11"><span class='ocrx_word' id='word_1_961' title='bbox 1365 1932 1553 1976; x_wconf 83' lang='lat' dir='ltr'>particulis,</span> <span class='ocrx_word' id='word_1_962' title='bbox 1576 1931 1662 1974; x_wconf 90' lang='lat' dir='ltr'>ipsos</span> <span class='ocrx_word' id='word_1_963' title='bbox 1685 1930 1742 1964; x_wconf 77' lang='lat' dir='ltr'>fibi</span> <span class='ocrx_word' id='word_1_964' title='bbox 1765 1954 1774 1968; x_wconf 95' lang='lat'>,</span> <span class='ocrx_word' id='word_1_965' title='bbox 1810 1930 1862 1963; x_wconf 89' lang='lat' dir='ltr'>his</span> <span class='ocrx_word' id='word_1_966' title='bbox 1886 1928 2037 1972; x_wconf 81' lang='lat' dir='ltr'>depositis</span> <span class='ocrx_word' id='word_1_967' title='bbox 2057 1953 2069 1970; x_wconf 88' lang='lat'>‚</span> <span class='ocrx_word' id='word_1_968' title='bbox 2105 1933 2137 1963; x_wconf 70' lang='grc' dir='ltr'>ἅ-</span> <span class='ocrx_word' id='word_1_969' title='bbox 2163 1931 2200 1964; x_wconf 86' lang='lat' dir='ltr'>ad</span> <span class='ocrx_word' id='word_1_970' title='bbox 2223 1933 2292 1964; x_wconf 86' lang='lat' dir='ltr'>cavi</span> <span class='ocrx_word' id='word_1_971' title='bbox 2316 1944 2374 1975; x_wconf 81' lang='lat' dir='ltr'>pa-</span> 
     </span>
     <span class='ocr_line' id='line_1_116' title="bbox 1366 1972 2375 2017; baseline 0 -8"><span class='ocrx_word' id='word_1_972' title='bbox 1366 1977 1461 2009; x_wconf 83' lang='lat' dir='ltr'>rietes</span> <span class='ocrx_word' id='word_1_973' title='bbox 1489 1975 1723 2017; x_wconf 82' lang='lat' dir='ltr'>agglutinatis,</span> <span class='ocrx_word' id='word_1_974' title='bbox 1747 1974 1858 2016; x_wconf 81' lang='lat' dir='ltr'>cystim</span> <span class='ocrx_word' id='word_1_975' title='bbox 1881 1972 2058 2007; x_wconf 85' lang='lat' dir='ltr'>construere</span> <span class='ocrx_word' id='word_1_976' title='bbox 2082 1985 2120 2006; x_wconf 86' lang='lat' dir='ltr'>ex</span> <span class='ocrx_word' id='word_1_977' title='bbox 2136 1974 2211 2007; x_wconf 78' lang='lat' dir='ltr'>falsa</span> <span class='ocrx_word' id='word_1_978' title='bbox 2236 1974 2375 2017; x_wconf 85' lang='lat' dir='ltr'>ejusmo-</span> 
     </span>
     <span class='ocr_line' id='line_1_117' title="bbox 1367 2017 2374 2064; baseline -0.005 -13"><span class='ocrx_word' id='word_1_979' title='bbox 1367 2019 1400 2052; x_wconf 87' lang='lat' dir='ltr'>di</span> <span class='ocrx_word' id='word_1_980' title='bbox 1424 2019 1613 2064; x_wconf 71' lang='lat' dir='ltr'>membranae</span> <span class='ocrx_word' id='word_1_981' title='bbox 1638 2018 1738 2061; x_wconf 89' lang='lat' dir='ltr'>specie</span> <span class='ocrx_word' id='word_1_982' title='bbox 1758 2035 1779 2057; x_wconf 60' lang='lat'>,&gt;</span> <span class='ocrx_word' id='word_1_983' title='bbox 1805 2026 1840 2049; x_wconf 91' lang='lat' dir='ltr'>ut</span> <span class='ocrx_word' id='word_1_984' title='bbox 1864 2017 1917 2061; x_wconf 86' lang='lat' dir='ltr'>Cl.</span> <span class='ocrx_word' id='word_1_985' title='bbox 1944 2017 2118 2050; x_wconf 86' lang='lat' dir='ltr'>Maloetius</span> <span class='ocrx_word' id='word_1_986' title='bbox 2156 2022 2169 2058; x_wconf 93' lang='lat'>(</span> <span class='ocrx_word' id='word_1_987' title='bbox 2193 2019 2244 2061; x_wconf 93' lang='lat' dir='ltr'>o)</span> <span class='ocrx_word' id='word_1_988' title='bbox 2269 2018 2374 2052; x_wconf 83' lang='lat' dir='ltr'>osten-</span> 
     </span>
     <span class='ocr_line' id='line_1_118' title="bbox 1367 2059 2374 2102; baseline 0 -7"><span class='ocrx_word' id='word_1_989' title='bbox 1367 2062 1439 2097; x_wconf 81' lang='lat' dir='ltr'>dit,</span> <span class='ocrx_word' id='word_1_990' title='bbox 1465 2061 1613 2094; x_wconf 79' lang='lat' dir='ltr'>Vallalva</span> <span class='ocrx_word' id='word_1_991' title='bbox 1637 2071 1741 2095; x_wconf 84' lang='lat' dir='ltr'>autem</span> <span class='ocrx_word' id='word_1_992' title='bbox 1766 2063 1800 2094; x_wconf 90' lang='lat' dir='ltr'>in</span> <span class='ocrx_word' id='word_1_993' title='bbox 1825 2061 1952 2102; x_wconf 83' lang='lat' dir='ltr'>Scripto</span> <span class='ocrx_word' id='word_1_994' title='bbox 1974 2059 2115 2102; x_wconf 81' lang='lat' dir='ltr'>quodam</span> <span class='ocrx_word' id='word_1_995' title='bbox 2139 2061 2251 2095; x_wconf 86' lang='lat' dir='ltr'>italico</span> <span class='ocrx_word' id='word_1_996' title='bbox 2273 2073 2311 2095; x_wconf 82' lang='lat' dir='ltr'>ex</span> <span class='ocrx_word' id='word_1_997' title='bbox 2334 2063 2374 2095; x_wconf 90' lang='lat' dir='ltr'>iis</span> 
     </span>
     <span class='ocr_line' id='line_1_119' title="bbox 1370 2102 2375 2149; baseline -0.001 -10"><span class='ocrx_word' id='word_1_998' title='bbox 1370 2117 1441 2149; x_wconf 81' lang='lat' dir='ltr'>quae</span> <span class='ocrx_word' id='word_1_999' title='bbox 1464 2105 1630 2138; x_wconf 87' lang='lat' dir='ltr'>vulnerato</span> <span class='ocrx_word' id='word_1_1000' title='bbox 1655 2105 1806 2147; x_wconf 88' lang='lat' dir='ltr'>pulmone</span> <span class='ocrx_word' id='word_1_1001' title='bbox 1829 2102 2092 2136; x_wconf 84' lang='lat' dir='ltr'>animadverterat</span> <span class='ocrx_word' id='word_1_1002' title='bbox 2110 2128 2121 2144; x_wconf 84' lang='lat'>‚</span> <span class='ocrx_word' id='word_1_1003' title='bbox 2155 2115 2219 2138; x_wconf 83' lang='lat' dir='ltr'>non</span> <span class='ocrx_word' id='word_1_1004' title='bbox 2244 2105 2375 2139; x_wconf 85' lang='lat' dir='ltr'>dubita-</span> 
     </span>
     <span class='ocr_line' id='line_1_120' title="bbox 1370 2145 2373 2191; baseline -0.001 -9"><span class='ocrx_word' id='word_1_1005' title='bbox 1370 2150 1423 2182; x_wconf 85' lang='lat' dir='ltr'>bat</span> <span class='ocrx_word' id='word_1_1006' title='bbox 1446 2173 1454 2188; x_wconf 86' lang='lat'>,</span> <span class='ocrx_word' id='word_1_1007' title='bbox 1486 2149 1563 2191; x_wconf 88' lang='lat' dir='ltr'>quin</span> <span class='ocrx_word' id='word_1_1008' title='bbox 1589 2156 1702 2181; x_wconf 87' lang='lat' dir='ltr'>natura</span> <span class='ocrx_word' id='word_1_1009' title='bbox 1738 2145 1881 2191; x_wconf 86' lang='lat' dir='ltr'>quaedam</span> <span class='ocrx_word' id='word_1_1010' title='bbox 1906 2145 2066 2179; x_wconf 85' lang='lat' dir='ltr'>interdum</span> <span class='ocrx_word' id='word_1_1011' title='bbox 2090 2148 2278 2189; x_wconf 85' lang='lat' dir='ltr'>produceret</span> <span class='ocrx_word' id='word_1_1012' title='bbox 2302 2148 2373 2181; x_wconf 82' lang='lat' dir='ltr'>fila-</span> 
     </span>
     <span class='ocr_line' id='line_1_121' title="bbox 1370 2189 2375 2234; baseline 0 -9"><span class='ocrx_word' id='word_1_1013' title='bbox 1370 2202 1475 2226; x_wconf 86' lang='lat' dir='ltr'>menta</span> <span class='ocrx_word' id='word_1_1014' title='bbox 1498 2191 1696 2225; x_wconf 67' lang='lat' dir='ltr'>membr-anea</span> <span class='ocrx_word' id='word_1_1015' title='bbox 1714 2214 1725 2231; x_wconf 89' lang='lat'>,</span> <span class='ocrx_word' id='word_1_1016' title='bbox 1759 2202 1773 2223; x_wconf 89' lang='lat' dir='ltr'>a</span> <span class='ocrx_word' id='word_1_1017' title='bbox 1798 2189 1826 2223; x_wconf 89' lang='lat' dir='ltr'>se</span> <span class='ocrx_word' id='word_1_1018' title='bbox 1849 2190 1896 2222; x_wconf 86' lang='lat' dir='ltr'>bis</span> <span class='ocrx_word' id='word_1_1019' title='bbox 1915 2213 1924 2227; x_wconf 90' lang='lat'>,</span> <span class='ocrx_word' id='word_1_1020' title='bbox 1960 2197 2043 2222; x_wconf 88' lang='lat' dir='ltr'>terve</span> <span class='ocrx_word' id='word_1_1021' title='bbox 2067 2190 2230 2233; x_wconf 67' lang='lat' dir='ltr'>conspeera</span> <span class='ocrx_word' id='word_1_1022' title='bbox 2259 2217 2268 2233; x_wconf 93' lang='lat'><em>‚</em></span> <span class='ocrx_word' id='word_1_1023' title='bbox 2303 2204 2375 2234; x_wconf 80' lang='lat' dir='ltr'>quae</span> 
     </span>
     <span class='ocr_line' id='line_1_122' title="bbox 1370 2231 2376 2278; baseline 0 -10"><span class='ocrx_word' id='word_1_1024' title='bbox 1370 2235 1589 2278; x_wconf 76' lang='lat' dir='ltr'>progrediente</span> <span class='ocrx_word' id='word_1_1025' title='bbox 1612 2244 1755 2277; x_wconf 88' lang='lat' dir='ltr'>tempore</span> <span class='ocrx_word' id='word_1_1026' title='bbox 1779 2233 1870 2266; x_wconf 59' lang='lat' dir='ltr'>aridia</span> <span class='ocrx_word' id='word_1_1027' title='bbox 1889 2255 1902 2272; x_wconf 90' lang='lat'>,</span> <span class='ocrx_word' id='word_1_1028' title='bbox 1926 2234 1959 2265; x_wconf 89' lang='lat' dir='ltr'>in</span> <span class='ocrx_word' id='word_1_1029' title='bbox 1984 2231 2112 2266; x_wconf 84' lang='lat' dir='ltr'>firmum</span> <span class='ocrx_word' id='word_1_1030' title='bbox 2136 2233 2260 2268; x_wconf 83' lang='lat' dir='ltr'>abirent</span> <span class='ocrx_word' id='word_1_1031' title='bbox 2283 2235 2376 2268; x_wconf 87' lang='lat' dir='ltr'>folli-</span> 
     </span>
     <span class='ocr_line' id='line_1_123' title="bbox 1368 2275 2374 2320; baseline 0 -9"><span class='ocrx_word' id='word_1_1032' title='bbox 1368 2279 1499 2316; x_wconf 83' lang='lat' dir='ltr'>culum,</span> <span class='ocrx_word' id='word_1_1033' title='bbox 1523 2280 1578 2320; x_wconf 81' lang='lat' dir='ltr'>qui</span> <span class='ocrx_word' id='word_1_1034' title='bbox 1603 2276 1735 2312; x_wconf 80' lang='lat' dir='ltr'>effusum</span> <span class='ocrx_word' id='word_1_1035' title='bbox 1759 2288 1817 2320; x_wconf 87' lang='lat' dir='ltr'>pus</span> <span class='ocrx_word' id='word_1_1036' title='bbox 1840 2275 2122 2318; x_wconf 85' lang='lat' dir='ltr'>comprehenderet</span> <span class='ocrx_word' id='word_1_1037' title='bbox 2143 2301 2156 2318; x_wconf 83' lang='lat'>,</span> <span class='ocrx_word' id='word_1_1038' title='bbox 2188 2288 2224 2310; x_wconf 91' lang='lat' dir='ltr'>ut</span> <span class='ocrx_word' id='word_1_1039' title='bbox 2247 2279 2281 2311; x_wconf 88' lang='lat' dir='ltr'>in</span> <span class='ocrx_word' id='word_1_1040' title='bbox 2303 2279 2374 2311; x_wconf 86' lang='lat' dir='ltr'>aliis</span> 
     </span>
     <span class='ocr_line' id='line_1_124' title="bbox 1369 2317 2375 2364; baseline 0 -10"><span class='ocrx_word' id='word_1_1041' title='bbox 1369 2323 1424 2364; x_wconf 87' lang='lat' dir='ltr'>qui</span> <span class='ocrx_word' id='word_1_1042' title='bbox 1447 2321 1569 2354; x_wconf 87' lang='lat' dir='ltr'>diutius</span> <span class='ocrx_word' id='word_1_1043' title='bbox 1593 2322 1760 2360; x_wconf 84' lang='lat' dir='ltr'>vixerant,</span> <span class='ocrx_word' id='word_1_1044' title='bbox 1781 2318 1811 2352; x_wconf 86' lang='lat' dir='ltr'>se</span> <span class='ocrx_word' id='word_1_1045' title='bbox 1836 2317 2022 2362; x_wconf 74' lang='lat' dir='ltr'>agnovisse,</span> <span class='ocrx_word' id='word_1_1046' title='bbox 2047 2319 2246 2354; x_wconf 83' lang='lat' dir='ltr'>existimabat</span> <span class='ocrx_word' id='word_1_1047' title='bbox 2267 2346 2274 2353; x_wconf 97' lang='lat'>.</span> <span class='ocrx_word' id='word_1_1048' title='bbox 2308 2323 2375 2354; x_wconf 88' lang='lat' dir='ltr'>Ut-</span> 
     </span>
     <span class='ocr_line' id='line_1_125' title="bbox 1368 2362 2376 2407; baseline -0.001 -9"><span class='ocrx_word' id='word_1_1049' title='bbox 1368 2376 1492 2407; x_wconf 86' lang='lat' dir='ltr'>cunque</span> <span class='ocrx_word' id='word_1_1050' title='bbox 1515 2364 1549 2398; x_wconf 90' lang='lat' dir='ltr'>id</span> <span class='ocrx_word' id='word_1_1051' title='bbox 1573 2364 1633 2401; x_wconf 78' lang='lat' dir='ltr'>est3</span> <span class='ocrx_word' id='word_1_1052' title='bbox 1658 2366 1729 2398; x_wconf 88' lang='lat' dir='ltr'>aliis</span> <span class='ocrx_word' id='word_1_1053' title='bbox 1762 2365 1859 2395; x_wconf 81' lang='lat' dir='ltr'>etiam</span> <span class='ocrx_word' id='word_1_1054' title='bbox 1881 2374 1918 2395; x_wconf 88' lang='lat' dir='ltr'>ex</span> <span class='ocrx_word' id='word_1_1055' title='bbox 1939 2362 2035 2396; x_wconf 78' lang='lat' dir='ltr'>cautis</span> <span class='ocrx_word' id='word_1_1056' title='bbox 2057 2386 2070 2402; x_wconf 90' lang='lat'>,</span> <span class='ocrx_word' id='word_1_1057' title='bbox 2103 2373 2138 2396; x_wconf 89' lang='lat' dir='ltr'>ut</span> <span class='ocrx_word' id='word_1_1058' title='bbox 2162 2364 2235 2397; x_wconf 89' lang='lat' dir='ltr'>satis</span> <span class='ocrx_word' id='word_1_1059' title='bbox 2266 2365 2376 2407; x_wconf 86' lang='lat' dir='ltr'>super-</span> 
     </span>
     <span class='ocr_line' id='line_1_126' title="bbox 1368 2406 2375 2484; baseline 0.001 -44"><span class='ocrx_word' id='word_1_1060' title='bbox 1368 2420 1430 2484; x_wconf 50' lang='lat' dir='ltr'>?ue</span> <span class='ocrx_word' id='word_1_1061' title='bbox 1453 2407 1658 2447; x_wconf 86' lang='lat' dir='ltr'>intellexisti,</span> <span class='ocrx_word' id='word_1_1062' title='bbox 1680 2418 1777 2451; x_wconf 89' lang='lat' dir='ltr'>quam</span> <span class='ocrx_word' id='word_1_1063' title='bbox 1788 2418 1826 2439; x_wconf 90' lang='lat' dir='ltr'>ex</span> <span class='ocrx_word' id='word_1_1064' title='bbox 1851 2406 2027 2449; x_wconf 73' lang='lat' dir='ltr'>suppuratis</span> <span class='ocrx_word' id='word_1_1065' title='bbox 2039 2406 2236 2448; x_wconf 84' lang='lat' dir='ltr'>tuberculis,</span> <span class='ocrx_word' id='word_1_1066' title='bbox 2259 2408 2375 2451; x_wconf 86' lang='lat' dir='ltr'>phthi-</span> 
     </span>
     <span class='ocr_line' id='line_1_127' title="bbox 1383 2447 2371 2493; baseline 0 -9"><span class='ocrx_word' id='word_1_1067' title='bbox 1383 2463 1408 2484; x_wconf 75' lang='grc' dir='ltr'>ιε</span> <span class='ocrx_word' id='word_1_1068' title='bbox 1433 2452 1631 2493; x_wconf 83' lang='lat' dir='ltr'>pulmonaris</span> <span class='ocrx_word' id='word_1_1069' title='bbox 1656 2450 1723 2484; x_wconf 87' lang='lat' dir='ltr'>fieri</span> <span class='ocrx_word' id='word_1_1070' title='bbox 1748 2449 1868 2493; x_wconf 76' lang='lat' dir='ltr'>potest,</span> <span class='ocrx_word' id='word_1_1071' title='bbox 1893 2460 1948 2481; x_wconf 89' lang='lat' dir='ltr'>nec</span> <span class='ocrx_word' id='word_1_1072' title='bbox 1971 2447 1994 2481; x_wconf 90' lang='lat' dir='ltr'>fi</span> <span class='ocrx_word' id='word_1_1073' title='bbox 2018 2460 2101 2491; x_wconf 86' lang='lat' dir='ltr'>pus,</span> <span class='ocrx_word' id='word_1_1074' title='bbox 2126 2460 2179 2483; x_wconf 86' lang='lat' dir='ltr'>aut</span> <span class='ocrx_word' id='word_1_1075' title='bbox 2206 2452 2294 2484; x_wconf 88' lang='lat' dir='ltr'>ulcus</span> <span class='ocrx_word' id='word_1_1076' title='bbox 2319 2463 2371 2493; x_wconf 91' lang='lat' dir='ltr'>pe-</span> 
     </span>
     <span class='ocr_line' id='line_1_128' title="bbox 1370 2491 2375 2533; baseline 0 -5"><span class='ocrx_word' id='word_1_1077' title='bbox 1370 2495 1485 2528; x_wconf 87' lang='lat' dir='ltr'>culiari</span> <span class='ocrx_word' id='word_1_1078' title='bbox 1510 2495 1616 2528; x_wconf 83' lang='lat' dir='ltr'>tunica</span> <span class='ocrx_word' id='word_1_1079' title='bbox 1640 2493 1824 2528; x_wconf 87' lang='lat' dir='ltr'>conclusum</span> <span class='ocrx_word' id='word_1_1080' title='bbox 1836 2491 2104 2533; x_wconf 66' lang='lat' dir='ltr'>deprehenditur,</span> <span class='ocrx_word' id='word_1_1081' title='bbox 2128 2495 2287 2528; x_wconf 89' lang='lat' dir='ltr'>continuo</span> <span class='ocrx_word' id='word_1_1082' title='bbox 2298 2506 2375 2528; x_wconf 89' lang='lat' dir='ltr'>cen-</span> 
     </span>
     <span class='ocr_line' id='line_1_129' title="bbox 1376 2534 2375 2578; baseline 0 -7"><span class='ocrx_word' id='word_1_1083' title='bbox 1376 2537 1505 2571; x_wconf 83' lang='lat' dir='ltr'>sendum</span> <span class='ocrx_word' id='word_1_1084' title='bbox 1530 2538 1591 2577; x_wconf 86' lang='lat' dir='ltr'>est,</span> <span class='ocrx_word' id='word_1_1085' title='bbox 1616 2550 1631 2569; x_wconf 86' lang='lat' dir='ltr'>a</span> <span class='ocrx_word' id='word_1_1086' title='bbox 1656 2537 1822 2571; x_wconf 86' lang='lat' dir='ltr'>tuberculo</span> <span class='ocrx_word' id='word_1_1087' title='bbox 1845 2534 1924 2573; x_wconf 87' lang='lat' dir='ltr'>esse,</span> <span class='ocrx_word' id='word_1_1088' title='bbox 1948 2535 2038 2578; x_wconf 77' lang='lat' dir='ltr'>cujus</span> <span class='ocrx_word' id='word_1_1089' title='bbox 2063 2535 2166 2570; x_wconf 83' lang='lat' dir='ltr'>adhuc</span> <span class='ocrx_word' id='word_1_1090' title='bbox 2191 2540 2299 2571; x_wconf 88' lang='lat' dir='ltr'>tunica</span> <span class='ocrx_word' id='word_1_1091' title='bbox 2323 2537 2375 2571; x_wconf 87' lang='lat' dir='ltr'>su·—</span> 
     </span>
     <span class='ocr_line' id='line_1_130' title="bbox 1371 2579 2374 2624; baseline 0.001 -11"><span class='ocrx_word' id='word_1_1092' title='bbox 1371 2581 1481 2624; x_wconf 83' lang='lat' dir='ltr'>perstes</span> <span class='ocrx_word' id='word_1_1093' title='bbox 1504 2579 1541 2614; x_wconf 83' lang='lat' dir='ltr'>fit</span> <span class='ocrx_word' id='word_1_1094' title='bbox 1556 2605 1563 2613; x_wconf 83' lang='lat'>.</span> <span class='ocrx_word' id='word_1_1095' title='bbox 1696 2579 1754 2613; x_wconf 82' lang='lat' dir='ltr'>Sed</span> <span class='ocrx_word' id='word_1_1096' title='bbox 1776 2590 1810 2612; x_wconf 85' lang='lat' dir='ltr'>ea</span> <span class='ocrx_word' id='word_1_1097' title='bbox 1833 2580 1996 2613; x_wconf 83' lang='lat' dir='ltr'>tubercula</span> <span class='ocrx_word' id='word_1_1098' title='bbox 2022 2590 2097 2612; x_wconf 87' lang='lat' dir='ltr'>num</span> <span class='ocrx_word' id='word_1_1099' title='bbox 2116 2591 2224 2618; x_wconf 86' lang='lat' dir='ltr'>veras,</span> <span class='ocrx_word' id='word_1_1100' title='bbox 2248 2584 2278 2613; x_wconf 69' lang='grc' dir='ltr'>δι</span> <span class='ocrx_word' id='word_1_1101' title='bbox 2304 2593 2374 2624; x_wconf 72' lang='lat' dir='ltr'>quae</span> 
     </span>
     <span class='ocr_line' id='line_1_131' title="bbox 1372 2621 2373 2665; baseline 0.002 -9"><span class='ocrx_word' id='word_1_1102' title='bbox 1372 2625 1522 2658; x_wconf 85' lang='lat' dir='ltr'>omnibus</span> <span class='ocrx_word' id='word_1_1103' title='bbox 1556 2633 1666 2656; x_wconf 78' lang='lat' dir='ltr'>natura</span> <span class='ocrx_word' id='word_1_1104' title='bbox 1697 2622 1793 2656; x_wconf 85' lang='lat' dir='ltr'>infint</span> <span class='ocrx_word' id='word_1_1105' title='bbox 1817 2646 1829 2663; x_wconf 89' lang='lat'>,</span> <span class='ocrx_word' id='word_1_1106' title='bbox 1861 2621 2027 2665; x_wconf 77' lang='lat' dir='ltr'>glandulas</span> <span class='ocrx_word' id='word_1_1107' title='bbox 2052 2621 2109 2655; x_wconf 86' lang='lat' dir='ltr'>else</span> <span class='ocrx_word' id='word_1_1108' title='bbox 2131 2647 2143 2663; x_wconf 86' lang='lat'>,</span> <span class='ocrx_word' id='word_1_1109' title='bbox 2174 2625 2334 2658; x_wconf 85' lang='lat' dir='ltr'>credemus</span> <span class='ocrx_word' id='word_1_1110' title='bbox 2359 2649 2373 2665; x_wconf 86' lang='lat'><em>‚</em></span> 
     </span>
     <span class='ocr_line' id='line_1_132' title="bbox 1373 2665 2377 2715; baseline 0.001 -15"><span class='ocrx_word' id='word_1_1111' title='bbox 1373 2678 1468 2715; x_wconf 78' lang='lat' dir='ltr'>atque</span> <span class='ocrx_word' id='word_1_1112' title='bbox 1488 2667 1564 2701; x_wconf 88' lang='lat' dir='ltr'>adeo</span> <span class='ocrx_word' id='word_1_1113' title='bbox 1589 2668 1659 2700; x_wconf 85' lang='lat' dir='ltr'>illas</span> <span class='ocrx_word' id='word_1_1114' title='bbox 1681 2667 1761 2709; x_wconf 83' lang='lat' dir='ltr'>ipsas</span> <span class='ocrx_word' id='word_1_1115' title='bbox 1784 2678 1860 2709; x_wconf 82' lang='lat' dir='ltr'>quas</span> <span class='ocrx_word' id='word_1_1116' title='bbox 1884 2665 1987 2708; x_wconf 82' lang='lat' dir='ltr'>paffim</span> <span class='ocrx_word' id='word_1_1117' title='bbox 2013 2666 2049 2698; x_wconf 87' lang='lat' dir='ltr'>ad</span> <span class='ocrx_word' id='word_1_1118' title='bbox 2073 2665 2303 2701; x_wconf 85' lang='lat' dir='ltr'>bronchiorum</span> <span class='ocrx_word' id='word_1_1119' title='bbox 2324 2667 2377 2701; x_wconf 90' lang='lat' dir='ltr'>di-</span> 
     </span>
     <span class='ocr_line' id='line_1_133' title="bbox 1374 2708 2377 2752; baseline 0.001 -10"><span class='ocrx_word' id='word_1_1120' title='bbox 1374 2713 1508 2744; x_wconf 79' lang='lat' dir='ltr'>visiones</span> <span class='ocrx_word' id='word_1_1121' title='bbox 1533 2711 1578 2743; x_wconf 90' lang='lat' dir='ltr'>vel</span> <span class='ocrx_word' id='word_1_1122' title='bbox 1603 2712 1685 2743; x_wconf 85' lang='lat' dir='ltr'>intra</span> <span class='ocrx_word' id='word_1_1123' title='bbox 1711 2710 1896 2752; x_wconf 83' lang='lat' dir='ltr'>pulmonem</span> <span class='ocrx_word' id='word_1_1124' title='bbox 1921 2708 2125 2748; x_wconf 79' lang='lat' dir='ltr'>describunt,</span> <span class='ocrx_word' id='word_1_1125' title='bbox 2149 2714 2180 2743; x_wconf 68' lang='grc' dir='ltr'>ἃς</span> <span class='ocrx_word' id='word_1_1126' title='bbox 2195 2711 2377 2744; x_wconf 78' lang='lat' dir='ltr'>Brouchia-</span> 
     </span>
     <span class='ocr_line' id='line_1_134' title="bbox 1378 2752 2374 2796; baseline 0 -9"><span class='ocrx_word' id='word_1_1127' title='bbox 1378 2755 1421 2787; x_wconf 89' lang='lat' dir='ltr'>les</span> <span class='ocrx_word' id='word_1_1128' title='bbox 1446 2755 1637 2796; x_wconf 80' lang='lat' dir='ltr'>appellitant</span> <span class='ocrx_word' id='word_1_1129' title='bbox 1662 2753 1678 2786; x_wconf 67' lang='grc' dir='ltr'><em>ξ</em></span> <span class='ocrx_word' id='word_1_1130' title='bbox 1709 2765 1779 2796; x_wconf 75' lang='lat' dir='ltr'>quae</span> <span class='ocrx_word' id='word_1_1131' title='bbox 1805 2764 1877 2786; x_wconf 88' lang='lat' dir='ltr'>cum</span> <span class='ocrx_word' id='word_1_1132' title='bbox 1901 2754 1984 2785; x_wconf 83' lang='lat' dir='ltr'>intra</span> <span class='ocrx_word' id='word_1_1133' title='bbox 2009 2752 2111 2794; x_wconf 87' lang='lat' dir='ltr'>ipsum</span> <span class='ocrx_word' id='word_1_1134' title='bbox 2135 2755 2255 2796; x_wconf 69' lang='lat' dir='ltr'>exiguae</span> <span class='ocrx_word' id='word_1_1135' title='bbox 2278 2753 2339 2787; x_wconf 83' lang='lat' dir='ltr'>lint</span> <span class='ocrx_word' id='word_1_1136' title='bbox 2364 2778 2374 2792; x_wconf 95' lang='lat'>,</span> 
     </span>
     <span class='ocr_line' id='line_1_135' title="bbox 1377 2792 2377 2843; baseline 0.001 -13"><span class='ocrx_word' id='word_1_1137' title='bbox 1377 2798 1416 2843; x_wconf 80' lang='lat' dir='ltr'>ab</span> <span class='ocrx_word' id='word_1_1138' title='bbox 1438 2797 1659 2831; x_wconf 85' lang='lat' dir='ltr'>accedentibus</span> <span class='ocrx_word' id='word_1_1139' title='bbox 1696 2795 1794 2830; x_wconf 75' lang='lat' dir='ltr'>caufis</span> <span class='ocrx_word' id='word_1_1140' title='bbox 1817 2798 1849 2829; x_wconf 84' lang='lat' dir='ltr'>in</span> <span class='ocrx_word' id='word_1_1141' title='bbox 1872 2795 2033 2838; x_wconf 78' lang='lat' dir='ltr'>dispositis</span> <span class='ocrx_word' id='word_1_1142' title='bbox 2066 2792 2271 2831; x_wconf 78' lang='lat' dir='ltr'>haereditario</span> <span class='ocrx_word' id='word_1_1143' title='bbox 2296 2810 2377 2840; x_wconf 84' lang='lat' dir='ltr'>prae-</span> 
     </span>
     <span class='ocr_line' id='line_1_136' title="bbox 1376 2839 2376 2887; baseline 0.003 -15"><span class='ocrx_word' id='word_1_1144' title='bbox 1376 2842 1483 2887; x_wconf 72' lang='lat' dir='ltr'>sertim</span> <span class='ocrx_word' id='word_1_1145' title='bbox 1506 2843 1615 2882; x_wconf 85' lang='lat' dir='ltr'>vitio,</span> <span class='ocrx_word' id='word_1_1146' title='bbox 1638 2849 1828 2882; x_wconf 83' lang='lat' dir='ltr'>augeantur.</span> <span class='ocrx_word' id='word_1_1147' title='bbox 1854 2841 1945 2873; x_wconf 88' lang='lat' dir='ltr'>Num</span> <span class='ocrx_word' id='word_1_1148' title='bbox 1968 2850 2042 2872; x_wconf 88' lang='lat' dir='ltr'>vero</span> <span class='ocrx_word' id='word_1_1149' title='bbox 2066 2850 2102 2873; x_wconf 90' lang='lat' dir='ltr'>ut</span> <span class='ocrx_word' id='word_1_1150' title='bbox 2125 2839 2159 2873; x_wconf 87' lang='lat' dir='ltr'>id</span> <span class='ocrx_word' id='word_1_1151' title='bbox 2181 2840 2341 2875; x_wconf 64' lang='lat' dir='ltr'>credimus</span> <span class='ocrx_word' id='word_1_1152' title='bbox 2363 2864 2376 2881; x_wconf 86' lang='lat'>,</span> 
     </span>
     <span class='ocr_line' id='line_1_137' title="bbox 1376 2882 2377 2926; baseline 0 -8"><span class='ocrx_word' id='word_1_1153' title='bbox 1376 2894 1461 2924; x_wconf 84' lang='lat' dir='ltr'>Juvat</span> <span class='ocrx_word' id='word_1_1154' title='bbox 1484 2883 1607 2926; x_wconf 82' lang='lat' dir='ltr'>signum</span> <span class='ocrx_word' id='word_1_1155' title='bbox 1632 2883 1713 2917; x_wconf 90' lang='lat' dir='ltr'>illud</span> <span class='ocrx_word' id='word_1_1156' title='bbox 1747 2883 1861 2917; x_wconf 82' lang='lat' dir='ltr'>futurae</span> <span class='ocrx_word' id='word_1_1157' title='bbox 1885 2882 2022 2925; x_wconf 76' lang='lat' dir='ltr'>phthisis</span> <span class='ocrx_word' id='word_1_1158' title='bbox 2047 2904 2056 2919; x_wconf 78' lang='lat'>,</span> <span class='ocrx_word' id='word_1_1159' title='bbox 2090 2884 2180 2926; x_wconf 81' lang='lat' dir='ltr'>quod</span> <span class='ocrx_word' id='word_1_1160' title='bbox 2204 2886 2377 2919; x_wconf 88' lang='lat' dir='ltr'>Mortonus</span> 
     </span>
     <span class='ocr_line' id='line_1_138' title="bbox 1376 2926 2378 2969; baseline 0.002 -10"><span class='ocrx_word' id='word_1_1161' title='bbox 1376 2930 1463 2969; x_wconf 87' lang='lat' dir='ltr'>(p)</span> <span class='ocrx_word' id='word_1_1162' title='bbox 1495 2926 1543 2961; x_wconf 90' lang='lat' dir='ltr'>his</span> <span class='ocrx_word' id='word_1_1163' title='bbox 1576 2928 1680 2960; x_wconf 79' lang='lat' dir='ltr'>verbis</span> <span class='ocrx_word' id='word_1_1164' title='bbox 1717 2926 1868 2960; x_wconf 83' lang='lat' dir='ltr'>recensuit</span> <span class='ocrx_word' id='word_1_1165' title='bbox 1905 2940 1912 2959; x_wconf 75' lang='lat'>2</span> <span class='ocrx_word' id='word_1_1166' title='bbox 1959 2928 2116 2960; x_wconf 70' lang='lat' dir='ltr'>matutina</span> <span class='ocrx_word' id='word_1_1167' title='bbox 2148 2930 2188 2961; x_wconf 60' lang='lat' dir='ltr'>eff·</span> <span class='ocrx_word' id='word_1_1168' title='bbox 2229 2929 2378 2961; x_wconf 80' lang='lat' dir='ltr'>diuturna</span> 
     </span>
     <span class='ocr_line' id='line_1_139' title="bbox 1372 2969 2379 3014; baseline 0.002 -12"><span class='ocrx_word' id='word_1_1169' title='bbox 1372 2969 1564 3013; x_wconf 81' lang='lat' dir='ltr'>phlegmatis</span> <span class='ocrx_word' id='word_1_1170' title='bbox 1586 2972 1671 3014; x_wconf 84' lang='lat' dir='ltr'>nigri</span> <span class='ocrx_word' id='word_1_1171' title='bbox 1697 2972 1739 3003; x_wconf 52' lang='grc' dir='ltr'><em>Θ</em></span> <span class='ocrx_word' id='word_1_1172' title='bbox 1761 2969 1868 3012; x_wconf 70' lang='lat' dir='ltr'>viscosi</span> <span class='ocrx_word' id='word_1_1173' title='bbox 1891 2971 2024 3002; x_wconf 67' lang='lat' dir='ltr'>excretio</span> <span class='ocrx_word' id='word_1_1174' title='bbox 2039 2982 2049 3001; x_wconf 91' lang='lat'>.·</span> <span class='ocrx_word' id='word_1_1175' title='bbox 2072 2971 2183 3012; x_wconf 78' lang='lat' dir='ltr'>quippe</span> <span class='ocrx_word' id='word_1_1176' title='bbox 2207 2974 2286 3012; x_wconf 80' lang='lat' dir='ltr'>quod</span> <span class='ocrx_word' id='word_1_1177' title='bbox 2301 2981 2379 3013; x_wconf 82' lang='lat' dir='ltr'>pro-</span> 
     </span>
     <span class='ocr_line' id='line_1_140' title="bbox 1378 3012 2380 3057; baseline 0.001 -11"><span class='ocrx_word' id='word_1_1178' title='bbox 1378 3014 1459 3046; x_wconf 81' lang='lat' dir='ltr'>cedit</span> <span class='ocrx_word' id='word_1_1179' title='bbox 1480 3025 1498 3045; x_wconf 79' lang='grc' dir='ltr'><em>α</em></span> <span class='ocrx_word' id='word_1_1180' title='bbox 1518 3014 1678 3056; x_wconf 74' lang='lat' dir='ltr'>glandulis</span> <span class='ocrx_word' id='word_1_1181' title='bbox 1712 3013 1745 3046; x_wconf 79' lang='lat' dir='ltr'>in</span> <span class='ocrx_word' id='word_1_1182' title='bbox 1764 3012 1966 3055; x_wconf 76' lang='lat' dir='ltr'>pulmonibus</span> <span class='ocrx_word' id='word_1_1183' title='bbox 1993 3012 2089 3054; x_wconf 80' lang='lat' dir='ltr'>juxta</span> <span class='ocrx_word' id='word_1_1184' title='bbox 2113 3013 2270 3047; x_wconf 72' lang='lat' dir='ltr'>tracheam</span> <span class='ocrx_word' id='word_1_1185' title='bbox 2301 3014 2380 3057; x_wconf 86' lang='lat' dir='ltr'>posi-</span> 
     </span>
     <span class='ocr_line' id='line_1_141' title="bbox 1378 3055 2380 3101; baseline 0.003 -13"><span class='ocrx_word' id='word_1_1186' title='bbox 1378 3057 1443 3093; x_wconf 75' lang='lat' dir='ltr'>tis,</span> <span class='ocrx_word' id='word_1_1187' title='bbox 1466 3056 1590 3090; x_wconf 70' lang='lat' dir='ltr'>humore</span> <span class='ocrx_word' id='word_1_1188' title='bbox 1612 3057 1785 3099; x_wconf 78' lang='lat' dir='ltr'>nigricante</span> <span class='ocrx_word' id='word_1_1189' title='bbox 1809 3055 1954 3099; x_wconf 52' lang='lat' dir='ltr'>impletis.</span> <span class='ocrx_word' id='word_1_1190' title='bbox 1983 3057 2073 3100; x_wconf 61' lang='lat' dir='ltr'>Quod</span> <span class='ocrx_word' id='word_1_1191' title='bbox 2088 3056 2266 3099; x_wconf 79' lang='lat' dir='ltr'>symptoma</span> <span class='ocrx_word' id='word_1_1192' title='bbox 2286 3058 2380 3101; x_wconf 80' lang='lat' dir='ltr'>sicuti</span> 
     </span>
     <span class='ocr_line' id='line_1_142' title="bbox 1373 3097 2381 3144; baseline 0.004 -14"><span class='ocrx_word' id='word_1_1193' title='bbox 1373 3098 1563 3141; x_wconf 79' lang='lat' dir='ltr'>scorbuticis</span> <span class='ocrx_word' id='word_1_1194' title='bbox 1585 3103 1626 3135; x_wconf 68' lang='lat'>(9-</span> <span class='ocrx_word' id='word_1_1195' title='bbox 1643 3097 1851 3144; x_wconf 67' lang='lat' dir='ltr'>sirophulosis</span> <span class='ocrx_word' id='word_1_1196' title='bbox 1865 3098 2030 3140; x_wconf 72' lang='lat' dir='ltr'>familiare</span> <span class='ocrx_word' id='word_1_1197' title='bbox 2057 3100 2096 3139; x_wconf 83' lang='lat' dir='ltr'>est</span> <span class='ocrx_word' id='word_1_1198' title='bbox 2119 3123 2132 3139; x_wconf 91' lang='lat'><em>‚</em></span> <span class='ocrx_word' id='word_1_1199' title='bbox 2153 3101 2200 3133; x_wconf 78' lang='lat' dir='ltr'>ita</span> <span class='ocrx_word' id='word_1_1200' title='bbox 2223 3100 2381 3143; x_wconf 72' lang='lat' dir='ltr'>‘Phrhifim</span> 
     </span>
     <span class='ocr_line' id='line_1_143' title="bbox 1379 3140 2377 3185; baseline 0 -11"><span class='ocrx_word' id='word_1_1201' title='bbox 1379 3141 1612 3181; x_wconf 67' lang='lat' dir='ltr'>Asthmaticczm</span> <span class='ocrx_word' id='word_1_1202' title='bbox 1631 3142 1786 3185; x_wconf 78' lang='lat' dir='ltr'>progreſju</span> <span class='ocrx_word' id='word_1_1203' title='bbox 1811 3140 1958 3183; x_wconf 74' lang='lat' dir='ltr'>temporis</span> <span class='ocrx_word' id='word_1_1204' title='bbox 1981 3142 2191 3185; x_wconf 75' lang='lat' dir='ltr'>insecuturam</span> <span class='ocrx_word' id='word_1_1205' title='bbox 2210 3144 2377 3184; x_wconf 76' lang='lat' dir='ltr'>monstrat.</span> 
     </span>
    </p>

    <p class='ocr_par' dir='ltr' id='par_1_5' title="bbox 2290 3188 2335 3220">
     <span class='ocr_line' id='line_1_144' title="bbox 2290 3188 2335 3220; baseline -0.044 0"><span class='ocrx_word' id='word_1_1206' title='bbox 2290 3188 2335 3220; x_wconf 85' lang='lat' dir='ltr'>Et</span> 
     </span>
    </p>
   </div>
   <div class='ocr_carea' id='block_1_4' title="bbox 339 3292 2370 3320">
    <p class='ocr_par' dir='ltr' id='par_1_6' title="bbox 339 3292 2370 3320">
     <span class='ocr_line' id='line_1_145' title="bbox 339 3292 2370 3320; baseline -0.011 0"><span class='ocrx_word' id='word_1_1207' title='bbox 339 3292 2370 3320; x_wconf 55' lang='lat' dir='ltr'><em>W</em></span> 
     </span>
    </p>
   </div>
   <div class='ocr_carea' id='block_1_5' title="bbox 447 3366 1337 3618">
    <p class='ocr_par' dir='ltr' id='par_1_7' title="bbox 447 3366 1335 3499">
     <span class='ocr_line' id='line_1_146' title="bbox 447 3366 1213 3409; baseline -0.02 -4"><span class='ocrx_word' id='word_1_1208' title='bbox 447 3381 461 3409; x_wconf 85' lang='lat'>)</span> <span class='ocrx_word' id='word_1_1209' title='bbox 500 3379 583 3404; x_wconf 82' lang='lat' dir='ltr'>arund.</span> <span class='ocrx_word' id='word_1_1210' title='bbox 600 3380 659 3401; x_wconf 82' lang='lat' dir='ltr'>Dee.</span> <span class='ocrx_word' id='word_1_1211' title='bbox 676 3382 699 3404; x_wconf 85' lang='lat'>3.</span> <span class='ocrx_word' id='word_1_1212' title='bbox 716 3376 746 3398; x_wconf 83' lang='lat' dir='ltr'>A.</span> <span class='ocrx_word' id='word_1_1213' title='bbox 762 3380 785 3399; x_wconf 72' lang='lat'>³7·</span> <span class='ocrx_word' id='word_1_1214' title='bbox 804 3372 830 3395; x_wconf 88' lang='lat' dir='ltr'>in</span> <span class='ocrx_word' id='word_1_1215' title='bbox 847 3369 954 3400; x_wconf 69' lang='lat' dir='ltr'>append.</span> <span class='ocrx_word' id='word_1_1216' title='bbox 973 3378 997 3394; x_wconf 89' lang='lat' dir='ltr'>n.</span> <span class='ocrx_word' id='word_1_1217' title='bbox 1017 3375 1053 3393; x_wconf 79' lang='lat'>10.</span> <span class='ocrx_word' id='word_1_1218' title='bbox 1070 3368 1099 3393; x_wconf 84' lang='lat' dir='ltr'>ad</span> <span class='ocrx_word' id='word_1_1219' title='bbox 1116 3366 1174 3391; x_wconf 84' lang='lat' dir='ltr'>Obs.</span> <span class='ocrx_word' id='word_1_1220' title='bbox 1190 3370 1213 3391; x_wconf 78' lang='lat'>6.</span> 
     </span>
     <span class='ocr_line' id='line_1_147' title="bbox 449 3412 1335 3469; baseline -0.017 -5"><span class='ocrx_word' id='word_1_1221' title='bbox 449 3412 463 3469; x_wconf 69' lang='grc'>))</span> <span class='ocrx_word' id='word_1_1222' title='bbox 503 3441 533 3465; x_wconf 67' lang='grc' dir='ltr'>ἃ,</span> <span class='ocrx_word' id='word_1_1223' title='bbox 552 3441 585 3462; x_wconf 89' lang='lat' dir='ltr'>N.</span> <span class='ocrx_word' id='word_1_1224' title='bbox 606 3440 632 3461; x_wconf 91' lang='lat' dir='ltr'>C.</span> <span class='ocrx_word' id='word_1_1225' title='bbox 650 3438 723 3460; x_wconf 65' lang='lat' dir='ltr'>Tom.</span> <span class='ocrx_word' id='word_1_1226' title='bbox 741 3442 764 3463; x_wconf 69' lang='lat'>4.</span> <span class='ocrx_word' id='word_1_1227' title='bbox 783 3432 841 3456; x_wconf 88' lang='lat' dir='ltr'>Obs.</span> <span class='ocrx_word' id='word_1_1228' title='bbox 857 3441 895 3460; x_wconf 81' lang='lat'>47.</span> <span class='ocrx_word' id='word_1_1229' title='bbox 957 3432 969 3460; x_wconf 87' lang='lat'>(</span> <span class='ocrx_word' id='word_1_1230' title='bbox 986 3433 1023 3461; x_wconf 81' lang='lat' dir='ltr'>t)</span> <span class='ocrx_word' id='word_1_1231' title='bbox 1046 3430 1107 3454; x_wconf 67' lang='lat' dir='ltr'>See‘t.</span> <span class='ocrx_word' id='word_1_1232' title='bbox 1126 3430 1169 3452; x_wconf 82' lang='lat' dir='ltr'>hac</span> <span class='ocrx_word' id='word_1_1233' title='bbox 1185 3437 1204 3455; x_wconf 82' lang='lat'>7-</span> <span class='ocrx_word' id='word_1_1234' title='bbox 1222 3426 1279 3449; x_wconf 84' lang='lat' dir='ltr'>Obs.</span> <span class='ocrx_word' id='word_1_1235' title='bbox 1297 3435 1335 3455; x_wconf 74' lang='lat'>77.</span> 
     </span>
     <span class='ocr_line' id='line_1_148' title="bbox 454 3462 975 3499; baseline -0.023 -3"><span class='ocrx_word' id='word_1_1236' title='bbox 454 3472 466 3499; x_wconf 80' lang='lat'><em>]</em></span> <span class='ocrx_word' id='word_1_1237' title='bbox 485 3473 627 3495; x_wconf 82' lang='lat' dir='ltr'>Comment.</span> <span class='ocrx_word' id='word_1_1238' title='bbox 646 3467 670 3490; x_wconf 84' lang='lat' dir='ltr'>in</span> <span class='ocrx_word' id='word_1_1239' title='bbox 688 3465 759 3493; x_wconf 81' lang='lat' dir='ltr'>Hipp.</span> <span class='ocrx_word' id='word_1_1240' title='bbox 776 3464 794 3487; x_wconf 93' lang='lat' dir='ltr'>l.</span> <span class='ocrx_word' id='word_1_1241' title='bbox 815 3471 838 3490; x_wconf 82' lang='lat'>7.</span> <span class='ocrx_word' id='word_1_1242' title='bbox 856 3462 917 3490; x_wconf 77' lang='lat' dir='ltr'>Aph.</span> <span class='ocrx_word' id='word_1_1243' title='bbox 938 3466 975 3495; x_wconf 39' lang='lat'>16.-</span> 
     </span>
    </p>

    <p class='ocr_par' dir='ltr' id='par_1_8' title="bbox 450 3488 1337 3618">
     <span class='ocr_line' id='line_1_149' title="bbox 454 3488 1337 3529; baseline -0.017 -4"><span class='ocrx_word' id='word_1_1244' title='bbox 454 3502 467 3529; x_wconf 83' lang='lat'><em>)</em></span> <span class='ocrx_word' id='word_1_1245' title='bbox 484 3501 541 3525; x_wconf 69' lang='grc' dir='ltr'>ΟΜ.</span> <span class='ocrx_word' id='word_1_1246' title='bbox 558 3499 599 3523; x_wconf 72' lang='lat' dir='ltr'>cit.</span> <span class='ocrx_word' id='word_1_1247' title='bbox 620 3506 654 3524; x_wconf 67' lang='grc' dir='ltr'>ις.</span> <span class='ocrx_word' id='word_1_1248' title='bbox 721 3496 735 3523; x_wconf 83' lang='lat'>(</span> <span class='ocrx_word' id='word_1_1249' title='bbox 750 3503 760 3518; x_wconf 82' lang='lat' dir='ltr'>c</span> <span class='ocrx_word' id='word_1_1250' title='bbox 776 3494 790 3522; x_wconf 83' lang='lat'>)</span> <span class='ocrx_word' id='word_1_1251' title='bbox 810 3496 950 3518; x_wconf 73' lang='lat' dir='ltr'>Commeat.</span> <span class='ocrx_word' id='word_1_1252' title='bbox 971 3499 994 3514; x_wconf 76' lang='lat' dir='ltr'>in</span> <span class='ocrx_word' id='word_1_1253' title='bbox 1011 3493 1126 3519; x_wconf 71' lang='lat' dir='ltr'>Hippon.</span> <span class='ocrx_word' id='word_1_1254' title='bbox 1146 3490 1162 3513; x_wconf 92' lang='lat' dir='ltr'>l.</span> <span class='ocrx_word' id='word_1_1255' title='bbox 1178 3497 1202 3516; x_wconf 83' lang='lat'>7.</span> <span class='ocrx_word' id='word_1_1256' title='bbox 1218 3488 1282 3515; x_wconf 78' lang='lat' dir='ltr'>Aph.</span> <span class='ocrx_word' id='word_1_1257' title='bbox 1304 3491 1337 3511; x_wconf 84' lang='lat'>16.</span> 
     </span>
     <span class='ocr_line' id='line_1_150' title="bbox 450 3518 1253 3559; baseline -0.017 -4"><span class='ocrx_word' id='word_1_1258' title='bbox 450 3531 464 3559; x_wconf 85' lang='grc'>)</span> <span class='ocrx_word' id='word_1_1259' title='bbox 480 3531 586 3554; x_wconf 77' lang='lat' dir='ltr'>Eorund.</span> <span class='ocrx_word' id='word_1_1260' title='bbox 603 3528 658 3552; x_wconf 62' lang='lat' dir='ltr'>Aet.</span> <span class='ocrx_word' id='word_1_1261' title='bbox 675 3528 753 3550; x_wconf 86' lang='lat' dir='ltr'>Tom.</span> <span class='ocrx_word' id='word_1_1262' title='bbox 772 3531 792 3548; x_wconf 77' lang='lat' dir='ltr'>i.</span> <span class='ocrx_word' id='word_1_1263' title='bbox 808 3522 866 3547; x_wconf 86' lang='lat' dir='ltr'>obs.</span> <span class='ocrx_word' id='word_1_1264' title='bbox 887 3529 936 3551; x_wconf 81' lang='lat'>173.</span> <span class='ocrx_word' id='word_1_1265' title='bbox 958 3522 979 3545; x_wconf 75' lang='grc' dir='ltr'>δι</span> <span class='ocrx_word' id='word_1_1266' title='bbox 996 3523 1066 3545; x_wconf 88' lang='lat' dir='ltr'>cent.</span> <span class='ocrx_word' id='word_1_1267' title='bbox 1088 3528 1122 3544; x_wconf 90' lang='lat'>10.</span> <span class='ocrx_word' id='word_1_1268' title='bbox 1141 3518 1200 3543; x_wconf 89' lang='lat' dir='ltr'>Obs.</span> <span class='ocrx_word' id='word_1_1269' title='bbox 1218 3522 1253 3546; x_wconf 78' lang='lat'>36.</span> 
     </span>
     <span class='ocr_line' id='line_1_151' title="bbox 450 3551 1111 3618; baseline -0.024 -33"><span class='ocrx_word' id='word_1_1270' title='bbox 450 3561 547 3618; x_wconf 44' lang='lat' dir='ltr'>{Erm-</span> <span class='ocrx_word' id='word_1_1271' title='bbox 572 3561 607 3583; x_wconf 91' lang='lat' dir='ltr'>N.</span> <span class='ocrx_word' id='word_1_1272' title='bbox 636 3560 664 3582; x_wconf 89' lang='lat' dir='ltr'>C.</span> <span class='ocrx_word' id='word_1_1273' title='bbox 693 3558 762 3581; x_wconf 84' lang='lat' dir='ltr'>Cent.</span> <span class='ocrx_word' id='word_1_1274' title='bbox 789 3562 810 3583; x_wconf 79' lang='lat'>3·</span> <span class='ocrx_word' id='word_1_1275' title='bbox 835 3552 893 3577; x_wconf 87' lang='lat' dir='ltr'>Obs.</span> <span class='ocrx_word' id='word_1_1276' title='bbox 921 3561 942 3575; x_wconf 87' lang='lat'>2.</span> <span class='ocrx_word' id='word_1_1277' title='bbox 1038 3551 1111 3580; x_wconf 74' lang='grc'>(1,)</span> 
     </span>
    </p>
   </div>
   <div class='ocr_carea' id='block_1_6' title="bbox 446 3613 931 3649">
    <p class='ocr_par' dir='ltr' id='par_1_9' title="bbox 446 3613 931 3649">
     <span class='ocr_line' id='line_1_152' title="bbox 446 3613 931 3649; baseline -0.019 -5"><span class='ocrx_word' id='word_1_1278' title='bbox 446 3621 453 3649; x_wconf 66' lang='lat' dir='ltr'>l</span> <span class='ocrx_word' id='word_1_1279' title='bbox 472 3621 577 3643; x_wconf 83' lang='lat' dir='ltr'>Eorund.</span> <span class='ocrx_word' id='word_1_1280' title='bbox 595 3622 652 3643; x_wconf 83' lang='lat' dir='ltr'>Dec.</span> <span class='ocrx_word' id='word_1_1281' title='bbox 672 3626 693 3645; x_wconf 50' lang='lat'>3&gt;</span> <span class='ocrx_word' id='word_1_1282' title='bbox 712 3619 743 3640; x_wconf 87' lang='grc' dir='ltr'>Α.</span> <span class='ocrx_word' id='word_1_1283' title='bbox 762 3623 783 3642; x_wconf 75' lang='grc'>9.</span> <span class='ocrx_word' id='word_1_1284' title='bbox 802 3613 861 3638; x_wconf 89' lang='lat' dir='ltr'>Obs.</span> <span class='ocrx_word' id='word_1_1285' title='bbox 879 3621 931 3642; x_wconf 68' lang='lat'>2⁴3·</span> 
     </span>
    </p>
   </div>
   <div class='ocr_carea' id='block_1_7' title="bbox 392 3384 927 3682">
    <p class='ocr_par' dir='ltr' id='par_1_10' title="bbox 392 3384 927 3682">
     <span class='ocr_line' id='line_1_153' title="bbox 392 3384 432 3406; baseline 0 0"><span class='ocrx_word' id='word_1_1286' title='bbox 392 3384 405 3406; x_wconf 75' lang='grc'><strong><em>&lt;</em></strong></span> <span class='ocrx_word' id='word_1_1287' title='bbox 420 3391 432 3406; x_wconf 80' lang='grc' dir='ltr'><strong>ο</strong></span> 
     </span>
     <span class='ocr_line' id='line_1_154' title="bbox 393 3412 433 3439; baseline 0 -4"><span class='ocrx_word' id='word_1_1288' title='bbox 393 3412 407 3439; x_wconf 88' lang='grc'>(</span> <span class='ocrx_word' id='word_1_1289' title='bbox 422 3420 433 3435; x_wconf 74' lang='grc' dir='ltr'><strong><em>ν</em></strong></span> 
     </span>
     <span class='ocr_line' id='line_1_155' title="bbox 394 3442 441 3471; baseline 0 0"><span class='ocrx_word' id='word_1_1290' title='bbox 394 3444 408 3471; x_wconf 68' lang='grc' dir='ltr'>ί</span> <span class='ocrx_word' id='word_1_1291' title='bbox 423 3442 441 3471; x_wconf 82' lang='lat' dir='ltr'>s</span> 
     </span>
     <span class='ocr_line' id='line_1_156' title="bbox 393 3474 437 3530; baseline -0.136 0"><span class='ocrx_word' id='word_1_1292' title='bbox 393 3474 437 3530; x_wconf 66' lang='lat' dir='ltr'>{z</span> 
     </span>
     <span class='ocr_line' id='line_1_157' title="bbox 397 3534 435 3555; baseline 0 0"><span class='ocrx_word' id='word_1_1293' title='bbox 397 3534 407 3555; x_wconf 66' lang='grc' dir='ltr'>ι’</span> <span class='ocrx_word' id='word_1_1294' title='bbox 424 3540 435 3555; x_wconf 81' lang='lat' dir='ltr'>e</span> 
     </span>
     <span class='ocr_line' id='line_1_158' title="bbox 394 3561 439 3619; baseline -0.111 0"><span class='ocrx_word' id='word_1_1295' title='bbox 394 3561 439 3619; x_wconf 65' lang='lat' dir='ltr'>u</span> 
     </span>
     <span class='ocr_line' id='line_1_159' title="bbox 394 3621 927 3682; baseline -0.015 -7"><span class='ocrx_word' id='word_1_1296' title='bbox 394 3621 438 3682; x_wconf 44' lang='lat' dir='ltr'>{ip</span> <span class='ocrx_word' id='word_1_1297' title='bbox 453 3650 467 3679; x_wconf 86' lang='lat'>)</span> <span class='ocrx_word' id='word_1_1298' title='bbox 484 3649 639 3678; x_wconf 76' lang='lat' dir='ltr'>Phthifiorog.</span> <span class='ocrx_word' id='word_1_1299' title='bbox 657 3650 674 3673; x_wconf 78' lang='lat'>1.</span> <span class='ocrx_word' id='word_1_1300' title='bbox 692 3655 713 3671; x_wconf 89' lang='lat'>2.</span> <span class='ocrx_word' id='word_1_1301' title='bbox 731 3655 750 3672; x_wconf 75' lang='grc' dir='ltr'>ο.</span> <span class='ocrx_word' id='word_1_1302' title='bbox 767 3652 788 3669; x_wconf 78' lang='lat'>².</span> <span class='ocrx_word' id='word_1_1303' title='bbox 806 3644 834 3669; x_wconf 81' lang='lat' dir='ltr'>ad</span> <span class='ocrx_word' id='word_1_1304' title='bbox 851 3652 872 3668; x_wconf 90' lang='lat' dir='ltr'>n.</span> <span class='ocrx_word' id='word_1_1305' title='bbox 893 3651 927 3670; x_wconf 79' lang='grc' dir='ltr'>ιο.</span> 
     </span>
    </p>
   </div>
   <div class='ocr_carea' id='block_1_8' title="bbox 477 3362 2133 3464">
    <p class='ocr_par' dir='ltr' id='par_1_11' title="bbox 477 3362 2133 3464">
     <span class='ocr_line' id='line_1_160' title="bbox 477 3362 1739 3405; baseline -0.015 0"><span class='ocrx_word' id='word_1_1306' title='bbox 477 3383 498 3405; x_wconf 83' lang='lat' dir='ltr'>E</span> <span class='ocrx_word' id='word_1_1307' title='bbox 1273 3366 1287 3395; x_wconf 89' lang='lat'>(</span> <span class='ocrx_word' id='word_1_1308' title='bbox 1302 3373 1319 3396; x_wconf 83' lang='lat' dir='ltr'>p</span> <span class='ocrx_word' id='word_1_1309' title='bbox 1335 3366 1348 3394; x_wconf 85' lang='lat'>)</span> <span class='ocrx_word' id='word_1_1310' title='bbox 1366 3369 1422 3390; x_wconf 83' lang='lat' dir='ltr'>Dec.</span> <span class='ocrx_word' id='word_1_1311' title='bbox 1440 3363 1493 3389; x_wconf 84' lang='lat' dir='ltr'>ead.</span> <span class='ocrx_word' id='word_1_1312' title='bbox 1509 3366 1539 3389; x_wconf 81' lang='lat' dir='ltr'>A.</span> <span class='ocrx_word' id='word_1_1313' title='bbox 1559 3370 1594 3388; x_wconf 86' lang='lat'>10.</span> <span class='ocrx_word' id='word_1_1314' title='bbox 1611 3362 1670 3387; x_wconf 83' lang='lat' dir='ltr'>Obs.</span> <span class='ocrx_word' id='word_1_1315' title='bbox 1686 3365 1739 3387; x_wconf 84' lang='lat'>161.</span> 
     </span>
     <span class='ocr_line' id='line_1_161' title="bbox 479 3392 2133 3435; baseline -0.01 0"><span class='ocrx_word' id='word_1_1316' title='bbox 479 3410 584 3435; x_wconf 83' lang='lat' dir='ltr'>Eorund.</span> <span class='ocrx_word' id='word_1_1317' title='bbox 604 3409 675 3431; x_wconf 83' lang='lat' dir='ltr'>Cent.</span> <span class='ocrx_word' id='word_1_1318' title='bbox 695 3412 715 3433; x_wconf 44' lang='lat'>4*</span> <span class='ocrx_word' id='word_1_1319' title='bbox 735 3402 793 3427; x_wconf 68' lang='lat' dir='ltr'>Obs⁴</span> <span class='ocrx_word' id='word_1_1320' title='bbox 816 3405 867 3427; x_wconf 82' lang='lat'>116.</span> <span class='ocrx_word' id='word_1_1321' title='bbox 886 3403 906 3424; x_wconf 74' lang='grc' dir='ltr'>δι</span> <span class='ocrx_word' id='word_1_1322' title='bbox 928 3402 967 3425; x_wconf 75' lang='lat'>¹18</span> <span class='ocrx_word' id='word_1_1323' title='bbox 995 3400 1016 3423; x_wconf 79' lang='lat'>&amp;</span> <span class='ocrx_word' id='word_1_1324' title='bbox 1034 3399 1088 3422; x_wconf 71' lang='lat' dir='ltr'>Ast.</span> <span class='ocrx_word' id='word_1_1325' title='bbox 1107 3401 1182 3422; x_wconf 89' lang='lat' dir='ltr'>Tom.</span> <span class='ocrx_word' id='word_1_1326' title='bbox 1200 3405 1219 3421; x_wconf 85' lang='lat' dir='ltr'>i.</span> <span class='ocrx_word' id='word_1_1327' title='bbox 1239 3395 1296 3419; x_wconf 80' lang='lat' dir='ltr'>Obs</span> <span class='ocrx_word' id='word_1_1328' title='bbox 1316 3405 1352 3426; x_wconf 79' lang='lat'>59.</span> <span class='ocrx_word' id='word_1_1329' title='bbox 1370 3398 1392 3420; x_wconf 67' lang='grc' dir='ltr'>ὃ(</span> <span class='ocrx_word' id='word_1_1330' title='bbox 1409 3398 1482 3421; x_wconf 81' lang='lat' dir='ltr'>Tum.</span> <span class='ocrx_word' id='word_1_1331' title='bbox 1499 3403 1521 3418; x_wconf 87' lang='lat'>2.</span> <span class='ocrx_word' id='word_1_1332' title='bbox 1539 3392 1598 3418; x_wconf 85' lang='lat' dir='ltr'>obs.</span> <span class='ocrx_word' id='word_1_1333' title='bbox 1616 3401 1654 3422; x_wconf 86' lang='lat'>19.</span> <span class='ocrx_word' id='word_1_1334' title='bbox 1667 3393 1689 3417; x_wconf 70' lang='grc' dir='ltr'>δι</span> <span class='ocrx_word' id='word_1_1335' title='bbox 1706 3392 1790 3417; x_wconf 80' lang='lat' dir='ltr'>Haller</span> <span class='ocrx_word' id='word_1_1336' title='bbox 1804 3394 1892 3422; x_wconf 85' lang='lat' dir='ltr'>opusc.</span> <span class='ocrx_word' id='word_1_1337' title='bbox 1912 3394 2003 3418; x_wconf 77' lang='lat' dir='ltr'>Pathol.</span> <span class='ocrx_word' id='word_1_1338' title='bbox 2020 3395 2080 3419; x_wconf 90' lang='lat' dir='ltr'>Obs.</span> <span class='ocrx_word' id='word_1_1339' title='bbox 2097 3404 2133 3426; x_wconf 77' lang='lat'>¹5-</span> 
     </span>
     <span class='ocr_line' id='line_1_162' title="bbox 482 3444 498 3464; baseline 0 0"><span class='ocrx_word' id='word_1_1340' title='bbox 482 3444 498 3464; x_wconf 82' lang='grc' dir='ltr'>Α</span> 
     </span>
    </p>
   </div>
   <div class='ocr_carea' id='block_1_9' title="bbox 1033 3456 1554 3489">
    <p class='ocr_par' dir='ltr' id='par_1_12' title="bbox 1033 3456 1554 3489">
     <span class='ocr_line' id='line_1_163' title="bbox 1033 3456 1554 3489; baseline -0.012 -5"><span class='ocrx_word' id='word_1_1341' title='bbox 1033 3461 1046 3489; x_wconf 88' lang='grc'>(</span> <span class='ocrx_word' id='word_1_1342' title='bbox 1063 3468 1080 3488; x_wconf 75' lang='lat' dir='ltr'><strong><em>z</em></strong></span> <span class='ocrx_word' id='word_1_1343' title='bbox 1100 3461 1114 3489; x_wconf 86' lang='lat'><strong>)</strong></span> <span class='ocrx_word' id='word_1_1344' title='bbox 1131 3459 1191 3487; x_wconf 80' lang='lat' dir='ltr'>Eph.</span> <span class='ocrx_word' id='word_1_1345' title='bbox 1211 3460 1243 3481; x_wconf 83' lang='lat' dir='ltr'>N.</span> <span class='ocrx_word' id='word_1_1346' title='bbox 1262 3459 1290 3481; x_wconf 91' lang='lat' dir='ltr'>C.</span> <span class='ocrx_word' id='word_1_1347' title='bbox 1307 3459 1377 3481; x_wconf 79' lang='lat' dir='ltr'>Ceut.</span> <span class='ocrx_word' id='word_1_1348' title='bbox 1395 3459 1418 3480; x_wconf 89' lang='lat'>8.</span> <span class='ocrx_word' id='word_1_1349' title='bbox 1435 3456 1494 3480; x_wconf 89' lang='lat' dir='ltr'>Obs.</span> <span class='ocrx_word' id='word_1_1350' title='bbox 1517 3464 1554 3484; x_wconf 84' lang='lat'>¹9-</span> 
     </span>
    </p>
   </div>
   <div class='ocr_carea' id='block_1_10' title="bbox 1800 3362 2338 3395">
    <p class='ocr_par' dir='ltr' id='par_1_13' title="bbox 1800 3362 2338 3395">
     <span class='ocr_line' id='line_1_164' title="bbox 1800 3362 2338 3395; baseline 0.007 -9"><span class='ocrx_word' id='word_1_1351' title='bbox 1800 3364 1812 3387; x_wconf 85' lang='lat'>(</span> <span class='ocrx_word' id='word_1_1352' title='bbox 1828 3370 1842 3392; x_wconf 80' lang='lat' dir='ltr'><em>q</em></span> <span class='ocrx_word' id='word_1_1353' title='bbox 1859 3362 1873 3391; x_wconf 83' lang='lat'>)</span> <span class='ocrx_word' id='word_1_1354' title='bbox 1889 3364 1995 3388; x_wconf 79' lang='lat' dir='ltr'>Eorund.</span> <span class='ocrx_word' id='word_1_1355' title='bbox 2012 3364 2065 3389; x_wconf 70' lang='lat' dir='ltr'>Ast.</span> <span class='ocrx_word' id='word_1_1356' title='bbox 2082 3367 2156 3390; x_wconf 86' lang='lat' dir='ltr'>Tom.</span> <span class='ocrx_word' id='word_1_1357' title='bbox 2174 3366 2197 3390; x_wconf 75' lang='lat'>1.&#39;</span> <span class='ocrx_word' id='word_1_1358' title='bbox 2212 3366 2270 3392; x_wconf 88' lang='lat' dir='ltr'>Obs.</span> <span class='ocrx_word' id='word_1_1359' title='bbox 2289 3374 2338 3395; x_wconf 73' lang='lat'>17⁴·</span> 
     </span>
    </p>
   </div>
   <div class='ocr_carea' id='block_1_11' title="bbox 1399 3424 2263 3515">
    <p class='ocr_par' dir='ltr' id='par_1_14' title="bbox 1399 3424 2263 3515">
     <span class='ocr_line' id='line_1_165' title="bbox 1399 3424 2263 3457; baseline 0.002 -8"><span class='ocrx_word' id='word_1_1360' title='bbox 1399 3429 1412 3455; x_wconf 84' lang='grc'>(</span> <span class='ocrx_word' id='word_1_1361' title='bbox 1427 3435 1442 3449; x_wconf 85' lang='grc' dir='ltr'>ιι</span> <span class='ocrx_word' id='word_1_1362' title='bbox 1459 3427 1472 3454; x_wconf 81' lang='lat'>)</span> <span class='ocrx_word' id='word_1_1363' title='bbox 1491 3425 1551 3450; x_wconf 81' lang='lat' dir='ltr'>lbid.</span> <span class='ocrx_word' id='word_1_1364' title='bbox 1569 3424 1593 3448; x_wconf 91' lang='lat' dir='ltr'>in</span> <span class='ocrx_word' id='word_1_1365' title='bbox 1611 3424 1733 3448; x_wconf 85' lang='lat' dir='ltr'>Additam.</span> <span class='ocrx_word' id='word_1_1366' title='bbox 1752 3424 1832 3448; x_wconf 76' lang='lat' dir='ltr'>schol.</span> <span class='ocrx_word' id='word_1_1367' title='bbox 1850 3424 1877 3448; x_wconf 80' lang='lat' dir='ltr'>ad</span> <span class='ocrx_word' id='word_1_1368' title='bbox 1894 3424 1952 3448; x_wconf 84' lang='lat' dir='ltr'>Obs.</span> <span class='ocrx_word' id='word_1_1369' title='bbox 1970 3432 1992 3449; x_wconf 84' lang='lat'>2.</span> <span class='ocrx_word' id='word_1_1370' title='bbox 2053 3427 2060 3455; x_wconf 94' lang='lat'>(</span> <span class='ocrx_word' id='word_1_1371' title='bbox 2079 3434 2094 3449; x_wconf 83' lang='lat' dir='ltr'><em>x</em></span> <span class='ocrx_word' id='word_1_1372' title='bbox 2110 3429 2119 3457; x_wconf 92' lang='lat'><strong><em>)</em></strong></span> <span class='ocrx_word' id='word_1_1373' title='bbox 2136 3427 2195 3452; x_wconf 72' lang='grc' dir='ltr'>ΟΜ,</span> <span class='ocrx_word' id='word_1_1374' title='bbox 2213 3427 2263 3452; x_wconf 74' lang='lat' dir='ltr'>ead.</span> 
     </span>
     <span class='ocr_line' id='line_1_166' title="bbox 1400 3453 2131 3515; baseline 0.008 -40"><span class='ocrx_word' id='word_1_1375' title='bbox 1400 3488 1414 3515; x_wconf 82' lang='lat'>(</span> <span class='ocrx_word' id='word_1_1376' title='bbox 1429 3487 1444 3510; x_wconf 69' lang='lat' dir='ltr'><em>d</em></span> <span class='ocrx_word' id='word_1_1377' title='bbox 1459 3487 1472 3515; x_wconf 84' lang='lat'>)</span> <span class='ocrx_word' id='word_1_1378' title='bbox 1488 3488 1539 3514; x_wconf 60' lang='lat' dir='ltr'>EPh</span> <span class='ocrx_word' id='word_1_1379' title='bbox 1566 3486 1589 3508; x_wconf 81' lang='lat' dir='ltr'>N</span> <span class='ocrx_word' id='word_1_1380' title='bbox 1616 3453 1973 3512; x_wconf 45' lang='grc' dir='ltr'>(εαέεξῐοτξηιιίὸὗέῗξὶέζΤοηι.</span> <span class='ocrx_word' id='word_1_1381' title='bbox 1990 3464 2012 3480; x_wconf 86' lang='lat'>2.</span> <span class='ocrx_word' id='word_1_1382' title='bbox 2029 3456 2090 3481; x_wconf 77' lang='lat' dir='ltr'>ebs.</span> <span class='ocrx_word' id='word_1_1383' title='bbox 2105 3465 2131 3481; x_wconf 89' lang='lat'>2.</span> 
     </span>
    </p>
   </div>
   <div class='ocr_carea' id='block_1_12' title="bbox 481 3516 2025 3640">
    <p class='ocr_par' dir='ltr' id='par_1_15' title="bbox 1138 3516 2025 3576">
     <span class='ocr_line' id='line_1_167' title="bbox 1162 3516 2025 3553; baseline -0.008 -9"><span class='ocrx_word' id='word_1_1384' title='bbox 1162 3551 1165 3553; x_wconf 23' lang='lat' dir='ltr'>q</span> <span class='ocrx_word' id='word_1_1385' title='bbox 1307 3518 1327 3551; x_wconf 40' lang='grc' dir='ltr'>Ι(</span> <span class='ocrx_word' id='word_1_1386' title='bbox 1339 3516 1358 3549; x_wconf 77' lang='lat' dir='ltr'><em>f</em></span> <span class='ocrx_word' id='word_1_1387' title='bbox 1372 3517 1380 3544; x_wconf 92' lang='lat'><em>)</em></span> <span class='ocrx_word' id='word_1_1388' title='bbox 1396 3519 1533 3541; x_wconf 75' lang='lat' dir='ltr'>Commerc.</span> <span class='ocrx_word' id='word_1_1389' title='bbox 1552 3516 1638 3539; x_wconf 71' lang='lat' dir='ltr'>Litter.</span> <span class='ocrx_word' id='word_1_1390' title='bbox 1656 3518 1687 3538; x_wconf 85' lang='lat' dir='ltr'>A.</span> <span class='ocrx_word' id='word_1_1391' title='bbox 1708 3522 1769 3543; x_wconf 76' lang='lat'>173¹-</span> <span class='ocrx_word' id='word_1_1392' title='bbox 1788 3516 1889 3544; x_wconf 77' lang='lat' dir='ltr'>specim.</span> <span class='ocrx_word' id='word_1_1393' title='bbox 1907 3519 1944 3545; x_wconf 69' lang='lat'>46.</span> <span class='ocrx_word' id='word_1_1394' title='bbox 1962 3524 1986 3540; x_wconf 80' lang='lat' dir='ltr'>n,</span> <span class='ocrx_word' id='word_1_1395' title='bbox 2003 3524 2025 3546; x_wconf 76' lang='grc' dir='ltr'>ς.</span> 
     </span>
     <span class='ocr_line' id='line_1_168' title="bbox 1138 3547 1527 3576; baseline -0.01 -2"><span class='ocrx_word' id='word_1_1396' title='bbox 1138 3550 1194 3574; x_wconf 73' lang='lat' dir='ltr'>Vni.</span> <span class='ocrx_word' id='word_1_1397' title='bbox 1223 3549 1313 3571; x_wconf 63' lang='lat' dir='ltr'>Halleti</span> <span class='ocrx_word' id='word_1_1398' title='bbox 1339 3553 1380 3570; x_wconf 81' lang='lat' dir='ltr'>cit.</span> <span class='ocrx_word' id='word_1_1399' title='bbox 1405 3547 1464 3571; x_wconf 87' lang='lat' dir='ltr'>Obs.</span> <span class='ocrx_word' id='word_1_1400' title='bbox 1488 3555 1527 3576; x_wconf 84' lang='lat'>15.</span> 
     </span>
    </p>

    <p class='ocr_par' dir='ltr' id='par_1_16' title="bbox 481 3576 1612 3640">
     <span class='ocr_line' id='line_1_169' title="bbox 481 3576 1612 3614; baseline -0.013 0"><span class='ocrx_word' id='word_1_1401' title='bbox 481 3593 617 3614; x_wconf 79' lang='lat' dir='ltr'>Commerc.</span> <span class='ocrx_word' id='word_1_1402' title='bbox 637 3588 724 3611; x_wconf 74' lang='lat' dir='ltr'>Litter.</span> <span class='ocrx_word' id='word_1_1403' title='bbox 742 3588 772 3609; x_wconf 78' lang='lat' dir='ltr'>A.</span> <span class='ocrx_word' id='word_1_1404' title='bbox 794 3592 858 3612; x_wconf 76' lang='lat'>1743-</span> <span class='ocrx_word' id='word_1_1405' title='bbox 876 3581 953 3606; x_wconf 84' lang='lat' dir='ltr'>Hebd.</span> <span class='ocrx_word' id='word_1_1406' title='bbox 972 3590 1011 3612; x_wconf 81' lang='lat'>30.</span> <span class='ocrx_word' id='word_1_1407' title='bbox 1030 3589 1053 3604; x_wconf 68' lang='lat' dir='ltr'>n.</span> <span class='ocrx_word' id='word_1_1408' title='bbox 1073 3589 1108 3605; x_wconf 76' lang='grc' dir='ltr'>ιι.</span> <span class='ocrx_word' id='word_1_1409' title='bbox 1127 3583 1147 3604; x_wconf 73' lang='grc' dir='ltr'>δι</span> <span class='ocrx_word' id='word_1_1410' title='bbox 1166 3582 1194 3602; x_wconf 84' lang='grc' dir='ltr'>Α.</span> <span class='ocrx_word' id='word_1_1411' title='bbox 1215 3586 1280 3607; x_wconf 65' lang='lat'>174&lt;-</span> <span class='ocrx_word' id='word_1_1412' title='bbox 1300 3579 1375 3602; x_wconf 81' lang='lat' dir='ltr'>Hebd.</span> <span class='ocrx_word' id='word_1_1413' title='bbox 1395 3585 1431 3605; x_wconf 76' lang='lat'>24.</span> <span class='ocrx_word' id='word_1_1414' title='bbox 1450 3586 1475 3602; x_wconf 88' lang='lat' dir='ltr'>n.</span> <span class='ocrx_word' id='word_1_1415' title='bbox 1495 3586 1517 3602; x_wconf 90' lang='lat'>1.</span> <span class='ocrx_word' id='word_1_1416' title='bbox 1535 3576 1563 3599; x_wconf 80' lang='lat' dir='ltr'>ad</span> <span class='ocrx_word' id='word_1_1417' title='bbox 1583 3578 1612 3600; x_wconf 92' lang='lat' dir='ltr'>V.</span> 
     </span>
     <span class='ocr_line' id='line_1_170' title="bbox 994 3608 1439 3640; baseline -0.009 -4"><span class='ocrx_word' id='word_1_1418' title='bbox 994 3615 1003 3637; x_wconf 92' lang='lat'>(</span> <span class='ocrx_word' id='word_1_1419' title='bbox 1020 3619 1043 3635; x_wconf 85' lang='lat' dir='ltr'>m</span> <span class='ocrx_word' id='word_1_1420' title='bbox 1061 3611 1068 3640; x_wconf 85' lang='lat'><strong><em>)</em></strong></span> <span class='ocrx_word' id='word_1_1421' title='bbox 1086 3614 1144 3636; x_wconf 82' lang='lat' dir='ltr'>Dec.</span> <span class='ocrx_word' id='word_1_1422' title='bbox 1162 3609 1234 3636; x_wconf 64' lang='lat' dir='ltr'>eiusd.</span> <span class='ocrx_word' id='word_1_1423' title='bbox 1253 3611 1282 3632; x_wconf 85' lang='lat' dir='ltr'>A.</span> <span class='ocrx_word' id='word_1_1424' title='bbox 1301 3617 1323 3637; x_wconf 84' lang='lat'>7.</span> <span class='ocrx_word' id='word_1_1425' title='bbox 1342 3608 1400 3633; x_wconf 86' lang='lat' dir='ltr'>Obs.</span> <span class='ocrx_word' id='word_1_1426' title='bbox 1419 3616 1439 3637; x_wconf 85' lang='lat'>9.</span> 
     </span>
    </p>
   </div>
   <div class='ocr_carea' id='block_1_13' title="bbox 1673 3573 2160 3605">
    <p class='ocr_par' dir='ltr' id='par_1_17' title="bbox 1673 3573 2160 3605">
     <span class='ocr_line' id='line_1_171' title="bbox 1673 3573 2160 3605; baseline 0 -5"><span class='ocrx_word' id='word_1_1427' title='bbox 1673 3573 1681 3605; x_wconf 87' lang='grc'>(</span> <span class='ocrx_word' id='word_1_1428' title='bbox 1700 3575 1716 3600; x_wconf 77' lang='lat' dir='ltr'><em>k</em></span> <span class='ocrx_word' id='word_1_1429' title='bbox 1735 3574 1743 3605; x_wconf 87' lang='lat'><em>)</em></span> <span class='ocrx_word' id='word_1_1430' title='bbox 1761 3577 1813 3600; x_wconf 67' lang='lat' dir='ltr'>AR.</span> <span class='ocrx_word' id='word_1_1431' title='bbox 1833 3579 1866 3600; x_wconf 91' lang='lat' dir='ltr'>N.</span> <span class='ocrx_word' id='word_1_1432' title='bbox 1886 3578 1914 3600; x_wconf 85' lang='lat' dir='ltr'>C.</span> <span class='ocrx_word' id='word_1_1433' title='bbox 1929 3578 2006 3601; x_wconf 85' lang='lat' dir='ltr'>Torn.</span> <span class='ocrx_word' id='word_1_1434' title='bbox 2024 3583 2045 3599; x_wconf 89' lang='lat'>2.</span> <span class='ocrx_word' id='word_1_1435' title='bbox 2063 3577 2120 3600; x_wconf 73' lang='grc' dir='ltr'>ΟΜ.</span> <span class='ocrx_word' id='word_1_1436' title='bbox 2139 3580 2160 3601; x_wconf 70' lang='lat'>8.</span> 
     </span>
    </p>
   </div>
   <div class='ocr_carea' id='block_1_14' title="bbox 1503 3605 2346 3639">
    <p class='ocr_par' dir='ltr' id='par_1_18' title="bbox 1503 3605 2346 3639">
     <span class='ocr_line' id='line_1_172' title="bbox 1503 3605 2346 3639; baseline 0.004 -10"><span class='ocrx_word' id='word_1_1437' title='bbox 1503 3608 1512 3636; x_wconf 84' lang='grc'>(</span> <span class='ocrx_word' id='word_1_1438' title='bbox 1530 3615 1546 3629; x_wconf 77' lang='lat' dir='ltr'>n</span> <span class='ocrx_word' id='word_1_1439' title='bbox 1563 3605 1571 3636; x_wconf 92' lang='lat'>)</span> <span class='ocrx_word' id='word_1_1440' title='bbox 1589 3615 1610 3630; x_wconf 89' lang='lat' dir='ltr'>n.</span> <span class='ocrx_word' id='word_1_1441' title='bbox 1633 3607 1668 3630; x_wconf 87' lang='lat'>18.</span> <span class='ocrx_word' id='word_1_1442' title='bbox 1729 3610 1736 3634; x_wconf 74' lang='lat' dir='ltr'>s</span> <span class='ocrx_word' id='word_1_1443' title='bbox 1756 3617 1767 3631; x_wconf 80' lang='grc' dir='ltr'><em>ο</em></span> <span class='ocrx_word' id='word_1_1444' title='bbox 1785 3614 1794 3638; x_wconf 87' lang='lat'><em>)</em></span> <span class='ocrx_word' id='word_1_1445' title='bbox 1810 3609 1890 3632; x_wconf 64' lang='lat' dir='ltr'>Blem-</span> <span class='ocrx_word' id='word_1_1446' title='bbox 1907 3607 1934 3630; x_wconf 81' lang='lat' dir='ltr'>de</span> <span class='ocrx_word' id='word_1_1447' title='bbox 1952 3607 2051 3633; x_wconf 62' lang='lat' dir='ltr'>l’Acad.</span> <span class='ocrx_word' id='word_1_1448' title='bbox 2069 3610 2097 3632; x_wconf 79' lang='lat' dir='ltr'>R.</span> <span class='ocrx_word' id='word_1_1449' title='bbox 2116 3609 2155 3632; x_wconf 70' lang='lat' dir='ltr'>des</span> <span class='ocrx_word' id='word_1_1450' title='bbox 2173 3610 2208 3633; x_wconf 83' lang='lat' dir='ltr'>Sc.</span> <span class='ocrx_word' id='word_1_1451' title='bbox 2228 3611 2257 3633; x_wconf 85' lang='lat' dir='ltr'>A.</span> <span class='ocrx_word' id='word_1_1452' title='bbox 2280 3617 2346 3639; x_wconf 62' lang='lat'>1722.</span> 
     </span>
    </p>
   </div>
  </div>
 </body>
</html>
