2498 4075
426 153 519 217 &aa

359 233 582 279 ,spondimus-5
605 246 649 269 ea*
662 235 861 278 potissimum
885 233 1010 269 laudavi
1032 245 1102 277 quae
1135 234 1276 269 adversus
1308 234 1380 267 reli-

364 282 430 322 'qua
441 280 652 312 convenirent
662 279 806 321 quidem,
820 280 872 314 sed
894 279 1050 321 inprimis
1067 278 1209 311 adversus
1225 278 1358 312 maciem
1370 303 1379 312 .

367 323 483 365 ltaque
505 321 542 354 de
565 321 688 355 duobus
712 323 859 357 remediis
883 334 953 365 quae
978 321 1040 354 illo
1064 323 1135 354 anni
1159 329 1305 364 tempore
1327 332 1380 354 va-

366 365 439 401 dent
466 365 640 406 plurimum
663 388 676 404 ,
712 367 819 408 vipera
842 390 856 407 ,
891 369 922 399 &
947 364 1028 398 laete
1050 388 1062 404 ,
1086 373 1193 399 utrum
1216 365 1348 398 mallent
1372 385 1382 401 ‚

366 407 616 443 commendavi.
640 406 721 441 illud
744 410 841 441 etiam
863 408 902 442 de
925 408 1006 441 laete
1030 406 1205 450 adjiciens,
1228 418 1264 443 ut
1278 406 1382 449 siquid

375 452 468 484 utilis
494 461 532 483 ex
554 450 704 483 Hildano
728 450 893 494 superiore
915 450 1050 483 confilio
1081 451 1274 493 proposuisse
1297 463 1346 483 me
1370 473 1380 488 ‚

367 493 551 532 crederent,
575 492 638 527 hoc
662 494 759 527 etiam
784 506 822 528 ex
854 494 963 527 eodem
997 494 1137 526 Austore
1170 495 1227 534 (l)
1258 496 1382 535 accipe-

361 545 463 576 rent,
485 535 634 570 adversus
655 536 738 571 istud
763 538 869 579 ipsum
894 536 1001 570 morbi
1026 548 1124 579 genus
1148 537 1294 571 laudante
1318 548 1381 569 non

367 580 472 613 solum
496 579 646 614 muliebre
668 579 740 621 lac,
765 581 836 621 sed,
853 580 883 624 si
907 581 968 614 hoc
993 578 1383 622 defit‚afini71um:aquo

365 622 388 656 si
414 622 570 661 serretur,
596 622 703 657 facilis
727 623 830 666 postea
853 623 925 658 esset
947 622 1096 656 transitus
1121 622 1159 656 ad
1181 626 1348 661 vaccinum
1374 648 1381 655 .

366 668 427 701 ,De
453 665 506 701 his
529 666 677 700 remediis
700 667 827 701 duobus
850 677 960 701 utrum
973 666 1147 700 maluerint
1162 666 1287 703 ,nescio
1304 666 1386 700 :hoc

367 710 459 787 stifss'
479 710 558 753 aegri
585 712 685 743 vitam
708 711 747 744 ad
770 711 888 745 aestatis
910 711 1067 749 initium,
1090 709 1235 753 protrahi
1249 721 1312 743 non
1325 721 1384 753 po-

371 762 420 787 tui
449 765 483 786 e.

414 799 466 829 26.
491 797 602 830 Habes
626 797 714 835 fuse,
738 806 774 830 ut
795 798 834 832 de
858 798 974 831 morbo
996 807 1061 829 non
1084 797 1130 830 ita
1155 796 1237 839 apud
1251 808 1308 830 nos
1319 795 1382 829 fre-

372 840 510 880 quenti,
535 841 615 883 quid
639 841 678 873 ad
703 852 753 873 me
778 840 931 884 scripturn
957 839 1083 880 fuerit,
1104 843 1136 873 δι
1158 840 1237 881 quid
1249 841 1312 883 ipse
1337 851 1383 872 re-

368 882 571 925 sponderim.
597 884 688 917 Num
714 895 787 916 vero
810 886 843 917 in
869 884 930 918 hoc
955 885 1050 916 etiarn
1075 894 1250 926 gangraenae
1273 894 1384 926 genere

365 925 457 959 locus
480 925 553 959 esset
577 928 777 968 proponendi
802 929 936 962 interius
959 926 1089 970 quidem
1112 927 1265 960 corticem
1288 929 1383 960 Peru-

369 970 527 1010 vianum,
550 971 690 1003 exterius
715 979 820 1004 autem
846 983 960 1014 aquam
984 970 1130 1012 tepidam
1153 991 1163 1006 ‚
1199 969 1383 1013 cogitassem

371 1011 527 1052 forsitan,
564 1012 586 1046 si
619 1012 657 1047 de
691 1014 751 1047 illo
785 1024 859 1047 tum
891 1014 1067 1048 extitissent
1100 1013 1347 1047 Observationes
1372 1036 1385 1053 ,

366 1057 512 1096 quamvis
534 1057 612 1091 alias
636 1057 730 1090 aliter
754 1057 1003 1100 respondentes,
1024 1068 1098 1091 cum
1123 1057 1161 1089 ab
1184 1057 1256 1091 aliis
1280 1057 1383 1089 Soler-

370 1099 496 1133 tiffimis
521 1101 613 1133 Viris
639 1100 783 1142 habim,
807 1110 875 1135 tum
902 1102 1057 1135 Bononiae
1069 1100 1243 1142 praesertim
1267 1099 1385 1132 abEx-

369 1142 606 1185 perientiflimis
630 1144 695 1177 illis
721 1144 925 1178 Academicis
947 1147 1026 1185 (m)
1048 1145 1216 1187 repetitae3
1239 1143 1277 1176 de
1301 1144 1384 1184 tepi-

370 1186 409 1218 da
435 1196 540 1220 autem
565 1185 753 1221 innotuisset
777 1187 858 1222 felix
881 1190 935 1221 Cl.
961 1188 1113 1221 Benevoli
1136 1185 1332 1220 consuetudo
1347 1198 1385 1219 ex

368 1229 605 1264 Observatione
630 1232 663 1263 in
689 1232 804 1273 primis
826 1233 881 1264 illa
906 1232 973 1273 (n)
1001 1242 1061 1273 qua
1085 1230 1126 1263 fic
1140 1240 1320 1272 gangraenas
1332 1230 1381 1261 vi-

366 1273 438 1313 cit,
462 1284 526 1305 non
551 1273 650 1307 modo
672 1274 821 1316 nigram,
846 1274 897 1307 sed
920 1278 953 1310 c&
977 1273 1089 1307 duram
1112 1283 1219 1306 cutem
1241 1271 1381 1305 efficien-

368 1325 434 1349 tes.
460 1317 505 1350 Et
528 1316 616 1358 quod
641 1315 678 1349 ad
704 1319 918 1352 Peruvianum
952 1316 1084 1360 quidem
1116 1317 1275 1349 corticem
1314 1316 1382 1357 spe-

365 1360 457 1400 cocat,
480 1359 535 1393 etfi
559 1361 592 1392 in
615 1370 784 1402 gartgraena
809 1360 887 1394 [καὶ
912 1370 948 1395 ut
979 1360 1142 1394 laudatum
1177 1360 1244 1393 scio
1276 1370 1292 1392 a
1326 1358 1381 1391 Cl.

366 1401 536 1446 chirurgo
557 1403 726 1437 Guisardo
748 1407 841 1444 (o),
866 1405 911 1438 ita
936 1404 978 1437 ab
1012 1405 1113 1436 altero
1147 1402 1213 1446 ejus
1247 1404 1314 1436 vim
1346 1402 1381 1434 in

364 1445 500 1481 dubium
514 1447 650 1480 tracum
664 1446 734 1488 esse,
746 1449 896 1489 intelligo
920 1449 979 1490 (ως
994 1456 1099 1480 tamen
1110 1445 1380 1490 quemadmodum

365 1490 450 1523 inter
460 1499 570 1524 caetera
580 1502 650 1532 quae
662 1492 792 1524 corticis
802 1492 980 1525 utilitatem
992 1490 1133 1525 adversus
1141 1500 1324 1534 gangraenas
1348 1500 1381 1522 a·

369 1533 429 1566 lias
441 1533 659 1574 ostenderunt,
672 1536 925 1576 experimentum
942 1533 1022 1568 illud
1037 1536 1069 1568 in
1083 1536 1196 1576 primis
1209 1532 1378 1565 attenden-

363 1576 441 1611 dum
452 1577 579 1611 videtur
591 1578 704 1624 inquo
713 1578 821 1611 omnia
832 1579 866 1611 in
878 1578 990 1612 melius
1000 1577 1171 1620 vergebant
1181 1577 1256 1610 dum
1269 1586 1380 1609 cortex

364 1620 565 1662 sumeretur,
578 1632 667 1663 pejus
677 1630 781 1656 autem
791 1621 869 1656 dum
880 1623 1100 1661 omitteretur,
1114 1624 1145 1654 ἃ
1159 1621 1292 1663 denique
1311 1631 1379 1653 rur-

363 1663 415 1697 sus
437 1665 571 1704 melius,
596 1664 674 1700 dum
696 1665 845 1699 rursusin
858 1665 948 1699 usum
972 1665 1173 1704 traheretur3
1196 1663 1237 1698 sic
1259 1664 1378 1696 nonle-

363 1718 401 1739 γε
435 1707 561 1750 pondus
584 1708 620 1741 ad
633 1707 763 1740 eandem
786 1710 820 1741 in
843 1708 919 1741 ficca
944 1710 1219 1750 etiamgangraena
1251 1707 1377 1741 utilita-

367 1760 433 1783 tem
460 1750 701 1786 mensurandam
725 1749 820 1784 simili
845 1751 1072 1785 Observationi
1096 1748 1213 1790 inesse,
1236 1749 1378 1783 credide-

366 1795 429 1827 rim
444 1819 451 1832 ,
475 1806 548 1838 quce
569 1794 604 1826 in
628 1793 776 1828 Historia
799 1803 888 1828 extat
911 1796 1022 1837 Regiae
1047 1794 1257 1826 Scientiarum
1290 1794 1375 1826 Aca-

368 1838 486 1872 demiae
511 1836 690 1871 Parisiensis
714 1842 802 1881 (q):
824 1849 893 1881 quae
915 1841 1000 1871 enim
1024 1838 1056 1869 in
1082 1836 1160 1878 pede
1182 1838 1342 1879 inceperat
1365 1860 1377 1877 ,

363 1892 534 1925 gangraena
559 1880 639 1914 sicca
665 1891 725 1923 pro
749 1883 869 1915 alterna
893 1882 1023 1915 corticis
1036 1879 1259 1917 exhibitione,
1283 1881 1377 1913 &in-

364 1925 581 1965 termiffione,
604 1925 723 1958 alterne
746 1926 883 1965 melius,
905 1924 1054 1968 priusque
1066 1924 1201 1958 habebat
1211 1924 1310 1957 donec
1322 1922 1378 1957 sub

363 1968 430 2013 ejus
453 1967 539 2003 haud
562 1968 700 2011 amplius
723 1969 908 2011 interrupto
932 1969 987 2003 usu
1000 1968 1141 2011 pervic'ta
1163 1966 1206 2001 est
1221 1992 1228 1999 .
1251 1967 1378 2000 Verun-

362 2021 469 2046 tamen
493 2013 666 2055 repctitum
691 2012 804 2054 saepius
827 2014 1081 2054 experimentum
1096 2035 1104 2049 ,
1127 2022 1227 2055 neque
1239 2011 1272 2043 in
1298 2021 1374 2052 gan-.-

366 2067 473 2099 graena
497 2056 673 2098 incipiente
698 2056 826 2095 solum,
850 2055 900 2089 sed
923 2055 986 2099 jam
1012 2055 1169 2098 perfecta,
1194 2053 1374 2096 optandum

365 2100 423 2135 hic
468 2098 547 2136 esse,
580 2097 692 2138 vides3
716 2110 771 2133 nec
794 2101 947 2133 Benevoli
986 2098 1208 2132 consuetudini
1230 2110 1241 2136 3
1276 2106 1312 2131 ut
1336 2096 1374 2131 ad

362 2142 501 2178 remedia
526 2144 685 2177 exteriora
709 2143 889 2176 transeam:
913 2153 989 2177 tunc
1013 2142 1070 2176 esse
1093 2142 1220 2179 locum,
1246 2140 1376 2183 quando

363 2187 399 2221 id
420 2186 506 2231 quod
532 2187 648 2221 durum
671 2186 730 2226 est,
755 2198 818 2219 non
841 2186 1032 2226 detrahere,
1057 2185 1107 2220 sed
1131 2185 1179 2218 vel
1202 2185 1304 2226 magis
1317 2183 1375 2217 fic-

364 2243 437 2264 cum
462 2229 589 2263 reddere
613 2230 764 2264 statutum
787 2229 848 2270 fit,
872 2239 907 2264 ut
931 2240 1013 2273 aeger
1045 2229 1168 2264 diutius
1203 2227 1342 2261 servetur
1367 2239 1375 2260 :

364 2274 404 2309 ad
439 2273 525 2318 quod
557 2286 591 2307 ea
626 2285 697 2323 quae
730 2282 909 2312 emortuam
943 2282 1093 2321 partem,
1127 2270 1212 2320 quasi
1247 2271 1376 2308 cadaver-

651 157 810 211 Liber
844 156 938 210 IV.>
963 156 1056 209 De*
1079 155 1274 210 Morbis
1306 155 1630 227 Chirurgicis
1663 159 1718 212 &
1754 156 2147 213 Universalibus

1430 234 1591 278 quoddam
1615 259 1627 276 ‚
1650 234 1780 268 condi-re
1802 235 1923 279 possent
1950 260 1959 275 ‚
1980 236 2055 270 sunt.
2075 235 2250 271 adhibenda
2274 243 2282 271 2
2305 237 2433 273 Contra

1431 281 1553 319 etiarn,
1576 288 1668 320 atque
1690 280 1790 312 etiarn
1810 277 1986 314 videndum
2007 279 2072 320 est,
2095 289 2132 312 ne
2154 278 2252 313 facile
2273 282 2432 317 insimili-

1433 322 1492 356 bus
1515 322 1693 365 gangraenis
1717 321 1754 355 ad
1777 332 1811 354 ea
1834 334 1906 365 quae
1931 333 1988 364 pus
2011 331 2182 361 moveant,
2199 323 2433 364 descendamus,

1433 365 1638 399 Medicorum
1661 365 1792 399 illorum
1813 375 1991 401 memores,
2016 366 2072 407 qui
2096 376 2151 407 per
2173 365 2432 409 suppurationem

1433 408 1467 441 id
1490 408 1575 450 quod
1599 417 1665 441 erat
1689 409 1723 441 in
1746 408 1862 451 pollice
1885 408 1973 451 pedis
1994 417 2159 442 mortuum
2183 412 2284 443 avivo
2294 409 2433 453 separare

1434 452 1612 493 sperantes,
1635 462 1841 494 gangraenam
1864 462 1958 493 quam
1981 449 2192 497 Boerhaavius
2212 455 2281 492 (r)
2312 455 2357 488 ibi
2382 455 2435 490 sex

1434 495 1550 529 menses
1573 503 1777 535 coercuerat,
1802 494 1840 528 ad
1862 494 1967 528 femur
1989 495 2085 537 usque
2108 496 2209 528 tridui
2234 495 2338 538 spatio
2359 510 2434 541 pro..

1434 549 1604 572 moverunt
1618 562 1625 569 .
1652 538 1745 575 Quin
1766 538 1887 571 etiamsi
1910 539 1944 570 in
1967 537 2119 579 persimili
2142 539 2214 572 ca‘su
2237 540 2359 582 optima
2369 540 2434 582 jam

1434 582 1508 615 esset
1532 582 1737 623 sappuratio3
1759 591 1880 623 aegrum
1901 590 2007 614 tamen
2031 575 2149 614 servari
2172 592 2237 615 non
2260 585 2398 625 potuisse
2422 609 2436 625 ,

1431 624 1529 658 refert
1552 626 1604 658 CI.
1629 625 1753 658 Dieter.
1777 625 1975 668 Sproegelius
1997 626 2011 662 (
2014 626 2041 667 s
2043 627 2068 664 )‚
2080 634 2272 668 monetque,
2296 627 2329 659 in
2354 639 2439 661 mor.

1435 669 1486 701 bis
1507 666 1665 710 ejusmodi
1689 678 1726 701 ne
1748 669 1870 710 optatis
1893 667 2048 711 quidem,
2071 671 2102 700 &
2131 667 2367 705 succedentibus
2400 682 2439 705 ex

1439 711 1590 744 sententia
1627 710 1909 754 suppurationibus
1938 709 2016 743 adeo
2037 710 2134 744 facile
2155 710 2213 745 effe
2244 712 2406 748 fidendum
2427 736 2438 747 .

1439 755 1523 791 Quae
1546 765 1592 788 res
1614 755 1662 787 vel
1686 765 1747 787 una
1770 765 1881 787 eorum
1903 754 1988 795 spem
2012 753 2167 787 retardare
2191 755 2312 797 posset,
2335 758 2440 799 quiin

1438 797 1614 832 istiusmodi
1638 796 1744 831 senum
1765 798 1941 841 gangraenis
1963 799 2101 831 emortui
2125 799 2261 831 membri
2292 810 2442 841 amputa.
2463 815 2466 816 ⁷

1435 842 1555 874 tionem
1580 840 1744 874 laudarent
1761 865 1768 871 .
1867 863 1876 865 —r
1902 840 1960 874 Sed
1982 841 2045 873 alia
2068 839 2195 884 insuper
2219 842 2439 881 accedunt‚ut

1435 894 1511 927 puta
1535 884 1556 917 si
1580 884 1666 927 quod
1695 884 1833 918 Kulmus
1855 886 1918 923 (t)
1939 883 2083 917 censebat
2097 906 2107 921 ‚
2131 887 2164 918 &
2186 893 2269 918 certe
2290 887 2438 930 aliquan.=

1434 928 1477 961 do
1499 927 1562 968 est,
1589 928 1630 961 ab
1652 926 1742 961 osseis
1766 926 1860 960 faetis
1879 951 1888 965 ‚
1915 927 2105 971 aretatisqfle
2140 927 2279 970 superius
2313 932 2438 965 arteriis

1436 980 1509 1003 nata
1533 970 1606 1004 esset
1628 981 1819 1012 gangraena,
1842 978 1895 1004 aut
1919 969 1940 1002 si
1964 973 1997 1004 in
2021 969 2195 1012 sanguine,
2226 981 2263 1005 ut
2285 973 2437 1007 creberri-

1434 1026 1485 1047 me
1507 1014 1648 1053 accidit,
1671 1014 1925 1056 inexpugnabilis
1949 1013 2020 1047 esset
2040 1025 2218 1056 gangtaenae
2241 1015 2331 1049 causa
2345 1038 2354 1052 ,
2377 1028 2438 1051 un..

1434 1058 1472 1091 de
1495 1057 1616 1091 sac‘isurn
1638 1056 1682 1090 est
1705 1057 1890 1100 plerumque
1905 1079 1914 1095 ,
1938 1066 1975 1090 ut
1998 1051 2195 1098 superstitem
2219 1067 2273 1091 aut
2296 1058 2437 1102 ejusdem
2492 1079 2496 1082 ·

1436 1100 1595 1141 membri,
1621 1109 1675 1133 aut
1701 1100 1830 1134 alterius
1853 1108 1974 1143 partem
1998 1100 2171 1134 moxidem
2195 1101 2324 1136 morbus
2347 1103 2437 1136 inva-

1436 1144 1543 1182 deret,
1570 1143 1630 1177 sive
1653 1155 1669 1176 a
1690 1143 1858 1185 Chirurgo
1869 1145 2087 1185 amputatione
2099 1145 2241 1186 perasta·¹
2267 1147 2348 1178 utin
2359 1145 2439 1180 Hil-
2468 1179 2471 1181 ,
2495 1184 2497 1187 v

1438 1188 1512 1219 dani
1533 1187 1625 1229 (u),
1651 1189 1683 1219 &
1707 1188 1827 1229 Tulpii
1849 1190 1939 1227 (x),
1963 1190 1994 1220 δε
2019 1187 2154 1221 aliorum
2190 1188 2437 1223 Observationi-

1433 1231 1512 1270 bus,
1534 1229 1596 1263 sive
1618 1229 1702 1263 fadia
1726 1229 1764 1262 ab
1784 1239 1896 1264 natura
1919 1230 1985 1273 ipsa
2006 1229 2221 1271 separatione,
2253 1240 2289 1264 ut
2313 1234 2348 1266 in
2370 1234 2438 1276 epi-

1432 1274 1587 1313 demicis,
1608 1284 1684 1315 quas
1708 1271 1798 1315 supra
1820 1274 2136 1316 (y)indicavimus‚
2158 1276 2335 1318 gangraenis
2360 1278 2438 1309 avi-

1431 1318 1522 1350 tiatis
1546 1316 1653 1350 secalis
1677 1318 1782 1358 granis
1805 1317 1911 1350 videre
1934 1318 2028 1350 licet.
2162 1319 2224 1351 Hae
2247 1319 2438 1360 igiturcau-

1431 1360 1470 1393 sae
1484 1383 1496 1400 ‚
1518 1371 1633 1403 praeter
1656 1360 1850 1402 decrepitam
1871 1369 1997 1393 aetatem
2013 1383 2026 1400 ,
2049 1361 2082 1393 in
2104 1365 2205 1404 AEgro
2219 1373 2234 1394 a
2260 1372 2309 1395 me
2319 1361 2438 1396 descri-

1432 1412 1491 1446 pto
1513 1406 1659 1446 cogitare
1682 1403 1719 1435 de
1744 1403 1941 1446 amputando
1964 1404 2041 1447 pede
2051 1415 2116 1437 non
2129 1406 2357 1448 permiserunt.
2375 1406 2437 1440 Sed

1432 1446 1489 1480 etfi
1512 1456 1689 1481 extremum
1711 1446 1793 1480 illud
1816 1447 1930 1481 auxilii
1953 1458 2050 1490 genus
2072 1446 2153 1481 ferre
2167 1448 2268 1482 homo
2291 1449 2437 1491 persenex

1431 1489 1604 1533 potuisset,
1626 1500 1724 1533 neque
1747 1490 1812 1524 alio
1836 1490 1921 1524 idem
1941 1492 2059 1525 malum
2083 1493 2180 1534 paulo
2203 1491 2272 1534 post
2285 1491 2437 1531 rediisset;

1430 1544 1535 1567 tamen
1558 1533 1689 1568 difficile
1711 1531 1799 1567 fa&u
1821 1543 1886 1566 erat
1909 1558 1921 1575 ‚
1952 1545 1993 1569 ne
2015 1545 2092 1568 mox
2117 1545 2205 1570 nono
2237 1535 2302 1569 alio
2326 1537 2439 1580 aliquo

1432 1576 1471 1609 de
1494 1586 1545 1609 tot
1569 1578 1684 1620 quibus
1708 1578 1762 1611 illa
1787 1578 1902 1611 ultima
1927 1587 2001 1611 :etas
2024 1587 2135 1620 patet,
2158 1580 2188 1612 fe
2212 1588 2357 1612 exerente
2382 1580 2438 1614 ab·

1432 1619 1606 1654 sumeretur
1629 1645 1637 1652 .
1674 1622 1724 1653 Ut
1747 1622 1830 1654 enim
1854 1621 1960 1654 morbi
1982 1622 2150 1655 dumtaxat
2172 1624 2265 1657 unius
2288 1623 2437 1665 exemplo

1432 1672 1526 1703 utar,
1550 1675 1646 1707 eoque
1670 1664 1708 1696 ad
1732 1662 1826 1699 hu'us
1851 1662 2006 1708 Epistulae
2030 1664 2228 1708 propositum
2253 1666 2434 1707 attinente,-

1431 1709 1515 1739 inter
1537 1708 1639 1750 magis
1665 1718 1761 1749 prove
1797 1720 1832 1741 os
1855 1707 2032 1741 Auditores
2056 1719 2143 1742 meos
2154 1708 2195 1742 est
2218 1708 2436 1753 Medicusqui

1428 1759 1492 1782 tres
1506 1773 1516 1789 ,
1541 1761 1638 1792 neque
1661 1751 1706 1782 ita
1729 1750 1826 1792 longo
1847 1752 2001 1792 temporis
2023 1752 2191 1784 intervallo
2215 1751 2299 1785 senes
2322 1753 2437 1786 hicvi-

1427 1792 1499 1833 dit,
1519 1794 1654 1826 calcanei
1678 1804 1789 1828 omnes
1812 1795 1909 1827 alium
1931 1794 2060 1833 ulcere,
2083 1794 2163 1828 alios
2185 1804 2352 1838 gangraena
2362 1806 2437 1829 cot-

1427 1846 1555 1879 reptos‚
1579 1836 1779 1880 feliciterque
1803 1836 1982 1880 persanatos
1997 1860 2008 1876 ,
2031 1848 2168 1879 quorum
2191 1839 2336 1872 omnium
2348 1839 2436 1872 sann-

1428 1883 1552 1914 tionem
1575 1891 1747 1914 arenarum<
1763 1882 1881 1914 mictus
1902 1882 2027 1924 excepit
2043 1906 2053 1921 ,
2088 1883 2121 1914 δε
2140 1880 2230 1914 ‘hunc
2252 1881 2358 1916 vesicae
2380 1883 2435 1916 in-

1430 1924 1633 1961 flammatio,
1657 1923 1738 1956 hanc
1762 1933 1866 1957 autem
1892 1935 1997 1958 mors.
2021 1925 2133 1968 Itaque
2158 1932 2195 1959 ut
2217 1925 2252 1957 in
2284 1925 2435 1959 aetatibus

1429 1966 1646 2005 firmioribus,
1671 1967 1832 2005 heroicis,
1855 1979 1933 2010 quas
1965 1976 2106 2008 vocant,
2140 1968 2366 2003 curationibus
2388 1967 2435 2003 est

1428 2011 1542 2051 locus;
1565 2011 1705 2052 periculo
1730 2012 1814 2044 enim
1837 2009 1904 2052 spes
1925 2011 2102 2053 opponitur
2123 2011 2228 2052 longae
2262 2010 2436 2056 felicisque

1424 2055 1513 2095 vitae,
1526 2053 1612 2087 sicin
1624 2063 1763 2087 extrema
1786 2054 1943 2088 senectute
1965 2065 2038 2087 cum
2048 2053 2135 2096 quod
2158 2063 2299 2095 opponas
2311 2064 2433 2098 magno

1424 2098 1571 2140 periculo
1592 2099 1648 2131 vix
1670 2096 1728 2131 esse
1751 2097 1864 2139 poffit,
1887 2097 2083 2140 senioresque
2107 2099 2298 2132 tuta-etiam
2321 2100 2430 2133 &mi-

1425 2143 1453 2173 ti
1477 2142 1641 2174 curatione
1664 2140 1763 2174 sanati
1788 2164 1797 2179 ,
1825 2152 1903 2174 mox
1925 2139 2141 2175 nihilominus
2163 2140 2320 2175 intereant
2343 2154 2356 2182 3
2388 2143 2428 2176 ab

1428 2183 1487 2218 hac
1512 2184 1644 2218 secunda
1667 2195 1720 2217 eos
1743 2183 1875 2218 curandi
1897 2185 2020 2222 ratione
2051 2195 2116 2217 non
2149 2181 2277 2218 videtur
2308 2195 2429 2220 temere

1427 2228 1485 2264 esse
1508 2228 1736 2268 recedendum.
1760 2228 1859 2264 Vale,
2421 2246 2423 2248 ¹

450 2466 967 2532 EPISTOLA
1023 2444 2135 2539 ANAToMloo-MED'ICA
2175 2465 2349 2537 LVI.

615 2605 804 2658 Sermo
837 2603 1062 2657 habetur
1095 2605 1161 2657 de
1195 2603 1398 2658 Offlum
1432 2603 1717 2666 Fracturis,
1750 2604 2156 2670 Lexationibus‚

884 2668 1096 2737 aliisque
1132 2668 1273 2725 vitiis
1306 2672 1482 2726 motui
1518 2671 1889 2725 officientibus.

474 2802 530 2836 Tsi
555 2802 737 2846 propositos
760 2802 890 2836 morbos
915 2799 1158 2845 Sepulchretum
1173 2800 1293 2838 divisos
1315 2816 1371 2838 ex-

481 2847 571 2881 hibet
595 2849 629 2880 in
653 2847 815 2888 proximas
839 2845 999 2880 Sec-‘tiones
1017 2844 1095 2879 duas
1119 2849 1163 2882 V.
1190 2849 1223 2880 &
1245 2848 1308 2881 VI.
1320 2848 1369 2881 hae

481 2899 585 2924 tamen
609 2889 681 2924 sunt
703 2889 811 2924 breves
822 2889 922 2928 adeo,
945 2899 981 2923 ut
992 2888 1239 2924 Observationes
1251 2891 1369 2925 utrius-

363 2943 425 2973 que
443 2955 455 2972 ,
479 2937 510 2966 δε
535 2933 665 2967 Scholia
698 2933 842 2967 universa
876 2933 968 2966 foliis
1003 2930 1129 2967 duobus
1159 2934 1369 2976 comprehen-

364 2975 504 3009 dantur:
528 2987 626 3019 neque
649 2977 716 3011 haec
740 2977 935 3020 implerent,
956 2974 1015 3009 nifi
1040 2976 1143 3019 aliqua
1180 2975 1244 3018 jam
1277 2977 1369 3020 supra

364 3018 470 3060 posita
495 3029 733 3061 repeterentur:
756 3019 845 3062 quod
868 3020 915 3052 vel
939 3019 1011 3062 ipso
1034 3020 1133 3053 initio
1156 3021 1311 3054 Sectionis
1324 3022 1368 3053 V.

363 3063 488 3096 facium
511 3062 745 3106 deprehendes,
767 3062 791 3096 fi
813 3063 1058 3096 Observationis
1080 3063 1173 3103 I.§.t.
1197 3065 1287 3107 eique
1299 3063 1371 3098 sub-

361 3105 443 3148 jeffta
465 3106 530 3140 duo
554 3107 656 3148 prima
681 3105 803 3141 Scholii
826 3108 932 3149 capita
954 3117 1027 3141 cum
1039 3108 1083 3139 ΙΙ.
1111 3107 1269 3141 Sed-ionis
1303 3107 1372 3141 Ob-

365 3149 543 3183 servatione
566 3150 640 3182 XV.
665 3151 692 3190 §.
705 3148 833 3191 quidem
845 3161 876 3192 3.
902 3153 935 3183 &
958 3149 1102 3192 apposito
1112 3150 1151 3183 ad
1173 3148 1258 3184 huuc
1270 3150 1370 3184 Scho-

362 3193 410 3224 lio
433 3195 684 3235 comparaveris.
711 3192 816 3226 Nobis
839 3204 914 3226 vero
935 3195 991 3235 qui
1015 3193 1052 3225 de
1074 3194 1269 3229 Vulneribus
1292 3195 1370 3227 Iffi-

364 3236 482 3279 busquc
507 3245 652 3277 agentes.
677 3236 755 3278 saepe
778 3235 842 3270 ossa
865 3235 964 3270 fracta
975 3238 1242 3277 memoravimus,
1265 3238 1372 3278 potius

362 3291 458 3322 quam
479 3280 585 3313 eadem
610 3280 663 3313 hic
688 3280 821 3320 iterare,
847 3280 946 3321 placet
967 3279 1170 3323 quidquidiu
1195 3280 1373 3321 Valsalvae,

362 3332 416 3355 aut
439 3321 550 3357 nostris
574 3322 696 3357 schedis
718 3322 849 3364 superest
871 3322 958 3366 quod
982 3322 1020 3356 ad
1035 3323 1215 3367 propositos
1240 3324 1372 3357 attineat

362 3365 496 3400 morbos
547 3366 600 3401 his
632 3368 703 3401 unis
726 3366 862 3400 Litteris
905 3366 1078 3411 complesti
1099 3392 1109 3408 ,
1133 3368 1232 3401 initio
1270 3367 1369 3401 dueto

423 3595 437 3623 (
453 3595 465 3618 l
481 3593 490 3623 )
544 3601 583 3624 '¹3-
599 3593 640 3618 eit.
705 3592 713 3619 s
730 3602 753 3617 m
769 3593 783 3621 )
799 3595 942 3618 Comment.
960 3593 989 3617 de
1005 3595 1101 3618 Bonan.
1118 3595 1157 3619 Sc.
1175 3593 1252 3618 Aeaci.
1270 3595 1345 3618 Tom.
1370 3602 1392 3618 2.
1412 3595 1441 3619 P.
1458 3601 1479 3618 ῐ.
1496 3593 1560 3619 inter
1576 3593 1687 3619 Medica.

411 3626 437 3681 -ἓ
452 3625 495 3682 ⁰⁴13
565 3656 639 3683 1748:
695 3656 701 3682 (
719 3662 731 3678 r
748 3656 757 3683 J
779 3653 835 3679 vida
852 3655 913 3684 apud
931 3654 1049 3680 swieten.
1068 3655 1094 3679 in
1118 3656 1261 3680 comment.
1279 3656 1309 3679 ad
1325 3656 1390 3681 illius
1405 3655 1495 3683 Aphor.
1513 3654 1534 3685 §.
1551 3662 1604 3683 4²4-

424 3684 439 3714 (
455 3692 470 3706 ¹⁴
486 3683 500 3712 )
517 3687 613 3715 Cent.4.
630 3683 728 3715 Obs9z.
788 3685 803 3715 (
820 3693 835 3714 κ
852 3686 860 3716 )
875 3684 934 3712 obs.
952 3684 1021 3712 Med.
1042 3685 1152 3716 13.c.47.
1213 3684 1222 3716 (
1237 3695 1253 3715 y
1270 3685 1284 3716 )
1299 3693 1363 3716 n.24.

1421 2802 1459 2836 ab
1481 2816 1519 2838 eo
1542 2802 1604 2837 osse
1627 2802 1712 2835 circa
1735 2800 1823 2844 quod
1848 2804 2003 2844 praecipue
2027 2801 2142 2837 nostrae
2166 2803 2237 2838 sunt
2268 2803 2428 2838 Observa-

1421 2848 1525 2880 tiones
1548 2846 1697 2885 versatae,
1720 2856 1793 2878 cum
1816 2844 1954 2880 fractum
1976 2868 1989 2884 ,
2012 2858 2051 2880 an
2075 2846 2220 2881 luxatum
2244 2846 2317 2882 esset
2339 2871 2352 2888 ,
2373 2849 2424 2881 in-

1421 2892 1635 2933 quireremus.
1662 2889 1745 2929 Qae
1767 2899 1815 2921 res
1835 2898 1927 2931 coget
1939 2898 2003 2929 ,ut
2025 2889 2206 2932 promiscue
2229 2890 2267 2924 de
2289 2891 2427 2935 utroque

1420 2935 1526 2968 morbi
1550 2943 1683 2976 genere,
1707 2942 1770 2964 non
1794 2931 1983 2974 separatim,
2006 2932 2097 2965 verba
2120 2933 2293 2968 faciamus.

1428 2977 1437 2984 ”
1463 2989 1492 3009 2.
1517 2978 1646 3011 Veteres
1669 2985 1705 3010 ut
1728 2984 1913 3009 caeterorum
1935 2975 2070 3017 offium,
2092 2978 2136 3010 ita
2160 2979 2255 3010 etiam
2277 2976 2346 3011 ossis
2379 2977 2428 3011 se-

1421 3022 1521 3054 moris
1542 3029 1638 3062 caput
1660 3031 1678 3053 e
1700 3018 1752 3052 sua
1776 3018 1843 3052 sede
1865 3019 2010 3052 excidere
2035 3030 2104 3052 non
2125 3019 2314 3054 dubitabant
2329 3044 2341 3061 ,
2362 3032 2420 3054 eo-

1422 3075 1482 3106 que
1504 3065 1610 3098 minus
1631 3062 1720 3106 quod
1741 3060 1796 3094 etfi
1819 3062 1979 3096 difficilem
2001 3062 2138 3106 prolapsi
2160 3062 2387 3107 repositionem
2407 3087 2421 3104 ,

1427 3106 1644 3140 difficiliorem
1668 3115 1774 3139 autem
1796 3105 1926 3148 repositi
1948 3105 2222 3141 conservationem
2245 3105 2323 3145 esse,
2347 3106 2425 3140 scie-

1421 3150 1518 3191 bant,
1541 3160 1646 3184 tamen
1669 3159 1835 3191 utramque
1857 3150 1980 3192 egregie
2002 3150 2176 3191 aliquando
2186 3150 2357 3193 praestita‘m
2381 3150 2426 3184 es-

1423 3193 1477 3234 se,
1500 3206 1538 3227 ex
1561 3193 1794 3235 Hippocratis,
1818 3194 1850 3225 &
1874 3194 2024 3233 Dioclis,
2046 3192 2283 3231 &Philotimi‚
2306 3196 2339 3227 &
2354 3194 2422 3227 Ni-

1422 3237 1483 3274 lei,
1507 3240 1539 3270 &
1562 3237 1735 3270 Tarentini
1746 3235 1924 3270 Heraclidis
1936 3236 2124 3270 testimonio
2134 3247 2198 3270 non
2211 3237 2403 3278 ignorabant
2413 3243 2427 3270 .¹

1422 3281 1471 3313 Hi
1494 3282 1578 3313 enim
1602 3279 1682 3313 clari
1703 3279 1864 3312 admodum
1887 3279 2032 3314 authores
2054 3289 2091 3313 ex
2114 3288 2179 3314 toto
2194 3278 2229 3321 se
2252 3279 2424 3324 restitusffe,

1423 3332 1460 3355 ut
1483 3323 1593 3356 Celsus
1605 3325 1651 3362 (a)
1674 3323 1719 3354 ait
1731 3322 2131 3365 ‚memoriaeprodiclerunc,
2153 3326 2186 3356 &
2208 3321 2265 3354 ille
2288 3322 2418 3364 quidem

1421 3365 1610 3401 Heraclides
1632 3376 1697 3398 non
1720 3363 1834 3405 semel,
1855 3365 1943 3408 quod
1955 3364 2020 3408 ejus
2030 3366 2119 3399 locus
2131 3363 2266 3400 ostendit
2280 3391 2289 3407 ,
2304 3366 2420 3443 [gibisa

2343 3420 2375 3441 a-

1749 3593 1877 3623 sn)16.

505 3601 569 3678 eigid.
586 3624 647 3652 apud
664 3622 755 3648 Haller.
774 3623 799 3647 in
817 3624 903 3649 Access,
920 3623 951 3648 ad
968 3625 1052 3649 Boerh.
1069 3626 1148 3649 Meth.
1167 3624 1234 3648 Stud.
1251 3624 1320 3648 Med.
1337 3627 1362 3649 P.
1383 3632 1419 3655 ¹3·
1436 3632 1457 3648 c.
1472 3632 1495 3653 4.
1556 3625 1570 3654 (
1584 3631 1602 3654 p
1617 3626 1631 3653 )
1647 3623 1704 3649 Vid·
1721 3625 1777 3650 AR.
1793 3627 1867 3650 Erud.
1885 3625 1947 3654 [ἰοί.
1965 3626 1994 3649 Α.
2012 3633 2079 3656 ιγςι.
2095 3627 2136 3650 Μ.
2153 3627 2205 3655 Μ.

1665 3653 1728 3684 (Γ)
1744 3656 1806 3682 Obs.
1823 3656 1906 3681 Selest.
1924 3655 1948 3686 §.
1963 3663 1999 3685 37.

1425 3686 1468 3717 (a)
1484 3687 1520 3712 De
1535 3685 1669 3712 Medius&
1684 3692 1749 3714 ⁶1²0·
2061 3656 2075 3685 (
2091 3662 2102 3680 t
2119 3657 2127 3684 )
2146 3656 2202 3681 Vid.
2219 3655 2283 3684 supra
2294 3671 2301 3684 ‚
2316 3662 2339 3679 n.
2356 3664 2394 3684 ²3-

1809 3684 1851 3717 (b)
1866 3687 1892 3712 in
1907 3685 2054 3718 Hippou-de
2069 3687 2146 3713 Attin.
2163 3686 2416 3716 commnt.l,4.n.2m
