2498 4075
380 223 534 288 Epist.
576 223 734 274 Anat.
773 221 990 274 Medica.
1027 220 1229 276 XV111.
1266 220 1388 271 Art.
1407 219 1489 271 26.
1508 233 1587 281 27.
1610 216 1760 271 6128.

73 297 219 332 tumida:
245 300 440 340 praeputium
464 303 562 337 vero,
586 300 617 331 δε
641 297 731 339 glans
765 298 931 331 tumebant
953 322 965 337 ,
998 296 1077 329 live-

73 342 151 374 bant
166 365 179 381 ,
202 343 236 373 δε
258 353 350 383 grave
373 342 521 381 olebant,
544 340 630 384 quali
667 341 701 373 in
735 352 938 383 gangraenam
971 351 1078 382 verge-

74 393 166 423 rent5
191 383 244 417 sed
269 385 431 419 urethram
456 384 587 418 scrutari
610 395 684 417 cum
707 383 795 426 ipse,
819 388 851 418 δε
882 386 935 418 Cl.
962 385 1077 416 Santo-

74 429 163 462 rinus
187 427 357 466 vellemus,
381 440 437 462 nec
463 439 609 470 tempus,
632 438 687 460 nec
714 428 827 466 locus,
851 439 907 461 nec
929 428 987 470 qui
1008 425 1076 460 for-

72 480 103 503 te
126 469 255 504 aderant
271 495 283 511 ,
296 471 455 505 smebant.
586 470 805 511 Qamobrem
816 472 937 504 Ventre
948 479 1080 513 aperto,

71 515 107 547 in
130 525 227 556 eoque
249 513 433 549 durioribus
456 513 845 557 animadversisjecinore,
866 515 1080 557 &splene‚&

70 557 134 591 hoc
158 557 283 599 insuper
305 570 399 600 aequo
423 556 536 599 majori
555 569 564 594 ς
589 558 695 590 omnis
708 556 878 600 diligentia
890 557 994 591 nostra
1004 568 1084 590 con-

70 600 155 633 versa
177 600 220 634 est
243 600 280 634 ad
305 600 507 634 Thoracem.
534 602 579 633 Et
602 602 740 634 exterius
762 601 895 643 quidem
918 602 951 633 in
975 613 1008 634 ea
1021 614 1076 644 pe-

70 644 171 677 &oris
196 643 266 676 sede
289 656 359 686 quae
383 645 465 676 inter
489 643 619 676 axillam
641 644 804 677 dexteram
828 669 835 681 ‚
872 648 904 677 Ec
938 644 1074 679 sternum

72 686 136 726 est,
163 698 269 721 tumor
294 686 493 728 prominebat
517 690 549 720 in
575 687 708 721 modum
742 687 960 730 hemisphaerii
981 712 993 729 ,
1026 688 1077 723 sed

68 730 264 773 depreffiba
282 730 363 763 costa
387 740 501 772 quarta
524 730 561 763 ad
583 730 773 765 claviculam
796 732 979 774 pertinens,
1002 731 1079 765 ster-

70 786 113 807 no
137 774 292 817 propior,
315 785 410 816 quam
435 774 562 814 axillae,
584 773 717 813 cedens,
746 773 767 807 fi
793 786 966 816 premeres,
999 775 1079 809 adeo

72 827 108 851 ut
132 818 324 858 intelligeres
345 818 525 857 continuo,
550 817 635 850 nulla
660 817 759 852 ferme
782 818 845 861 jam
870 818 1077 861 supereffeos-

69 861 124 901 sa,
148 870 200 895 aut
222 861 424 902 cartilagines
439 885 448 899 ,
472 873 542 903 quae
566 861 612 893 ibi
637 863 721 894 inter
744 862 923 901 musculos,
946 865 978 895 &
1002 862 1078 895 tho-

70 906 151 939 racis
175 915 286 937 cavum
310 904 564 946 interficerentur
580 929 587 935 .
615 906 659 937 Et
685 917 787 938 revera
811 906 1001 938 claviculam
1025 917 1079 939 ru-

70 958 184 991 ptam,
208 950 240 981 &
264 950 347 979 carie
370 949 506 982 interius
530 948 656 980 exesam
676 973 688 989 ,
723 949 940 990 supremarum
972 958 1079 982 autem

69 990 224 1024 costarum
249 1000 390 1033 quatuor
410 1003 477 1023 eam
503 993 661 1033 praecipue
686 1002 807 1035 partem
831 1004 902 1035 quse
924 991 980 1026 diu
1000 991 1078 1027 solet

69 1033 126 1069 esse
150 1034 379 1076 cartilaginea,
403 1044 590 1076 corruptam
615 1036 793 1070 invenimus
814 1059 826 1075 ,
860 1044 915 1069 aut
952 1034 1078 1069 absum-

69 1087 159 1121 ptam
183 1077 222 1110 ab
241 1077 482 1120 aneurysmate,
506 1079 595 1121 cujus
621 1079 811 1122 magnitudo
834 1077 1005 1112 hoedinum
1026 1091 1080 1112 ca-

69 1131 127 1164 put
152 1121 333 1164 superabat,
361 1121 458 1163 figura
482 1120 519 1154 ad
544 1122 670 1155 ovalem
695 1122 885 1163 accedebat,
906 1122 992 1156 sedes
1024 1134 1080 1157 au-

68 1175 135 1198 tem
158 1177 173 1197 a
197 1164 304 1197 cordis
328 1165 388 1198 basi
414 1165 451 1199 ad
479 1165 638 1199 summum
652 1166 818 1199 thoracem
829 1166 1078 1201 extendebatur.

67 1210 148 1242 Erat
173 1218 279 1242 autem
300 1209 483 1251 aneurysma
510 1208 589 1241 sacci
615 1208 710 1243 instar
726 1234 739 1250 ,
760 1209 851 1252 cujus
862 1209 1078 1246 sinistrumla-

67 1262 120 1286 tus
145 1263 197 1294 per
222 1251 390 1292 foramen,
412 1253 492 1286 duos
517 1251 693 1287 admittens
715 1253 862 1296 digitos,
884 1266 959 1287 cum
982 1255 1078 1287 latere

67 1295 202 1329 dextero
223 1296 481 1329 communicabat
506 1298 629 1330 arteriae
654 1298 783 1339 Magnae
808 1297 992 1340 priusquam
1014 1298 1082 1331 haec

67 1350 239 1374 commune
262 1338 401 1372 dexteris
416 1340 591 1374 Subclaviae
607 1367 615 1378 .
642 1345 672 1374 &
696 1341 993 1375 Carotidiinitium
1004 1352 1083 1383 prae-

66 1383 172 1416 beret.
198 1384 284 1417 Fieri
308 1382 474 1417 videbatur
498 1385 524 1417 is
549 1383 655 1418 saccus
677 1396 716 1417 ex
751 1384 908 1427 producta
942 1384 1081 1427 ejusdem

68 1427 196 1467 Magnae
223 1427 348 1460 arteriae
372 1425 567 1467 substantia,
591 1427 642 1461 sed
666 1429 767 1470 magis
799 1428 869 1462 alba
898 1451 910 1467 ,
943 1430 1047 1462 tenaci
1070 1450 1082 1466 ‚

65 1469 158 1502 densa
173 1492 183 1507 ,
206 1480 261 1503 nec
286 1472 392 1504 minus
413 1470 528 1503 crassa.
557 1472 652 1504 Hanc
667 1473 755 1504 intus
766 1471 999 1505 convestiebant
1009 1483 1083 1506 cur-

67 1525 114 1546 vae
141 1514 269 1546 laminae
293 1514 490 1554 multiplices
506 1539 514 1552 ,
541 1515 611 1546 alise
636 1514 708 1548 aliis
732 1513 913 1558 impofitae,
939 1515 1024 1558 quasi
1044 1515 1082 1548 fi-

68 1556 195 1594 brosae,
218 1557 322 1599 reapse
347 1557 530 1599 polyposae‚
556 1557 608 1590 sed
646 1559 785 1592 exsuccae
808 1571 817 1590 :
851 1570 922 1600 qua:
956 1559 1082 1593 ambitu

69 1599 127 1634 suo
151 1608 276 1634 tantum
302 1601 465 1642 sanguinis
489 1601 787 1642 complectebantur
810 1600 908 1635 ferme
921 1603 1087 1642 concreti,

73 1653 112 1677 ut
136 1642 191 1676 hic
215 1655 289 1676 cum
314 1642 475 1686 polyposis
500 1645 541 1676 iis
565 1644 695 1677 laminis
706 1644 861 1685 edu&us‚
885 1645 1088 1680 &lanciim-

69 1685 191 1729 positus
215 1688 320 1720 uncias
333 1686 523 1728 pependerit
545 1687 777 1730 quadraginta.
804 1689 1005 1730 Aneurysma
1018 1691 1087 1733 pul-

67 1741 198 1770 monem
220 1730 388 1763 dexterum
411 1730 588 1764 retrorsum
604 1753 613 1768 ,
637 1731 802 1774 magisque
825 1730 971 1766 deorsum
997 1745 1087 1767 com-

65 1774 189 1815 pulerat
214 1773 299 1806 mole
325 1773 399 1811 sua,
426 1782 463 1806 ut
489 1785 508 1806 a
532 1775 758 1817 compi-elnone
783 1776 889 1808 minor
916 1776 1020 1811 fastus
1036 1781 1085 1810 vi-

65 1815 210 1858 deretur.
241 1815 363 1850 Incisus
387 1816 498 1851 album
524 1828 582 1859 pus
604 1816 768 1855 ostendit,
791 1818 867 1851 hinc
891 1820 984 1854 illinc
1007 1833 1084 1863 pro-

63 1860 152 1894 diens
174 1871 189 1892 e
214 1860 355 1894 disseffis
379 1859 573 1893 bronchiis.
599 1862 715 1896 Pulmo
739 1859 858 1895 finister
881 1862 972 1898 sanus
994 1875 1083 1900 erat.

65 1906 105 1937 In
127 1912 264 1947 utroque
289 1914 395 1936 tamen
419 1902 567 1937 thoracis
589 1915 690 1942 cavo,
714 1904 767 1938 sed
789 1907 892 1949 magis
914 1908 949 1940 in
972 1907 1083 1942 dexte-

63 1958 124 1987 ro,
149 1947 206 1980 seri
230 1949 323 1990 copia
347 1946 413 1980 fuit
438 1947 660 1990 flavescentis,
682 1949 739 1992 qui
762 1950 905 1984 mucosas
919 1951 1084 1995 quasipel-

67 1991 179 2024 liculas
204 1990 350 2025 admistas
373 1990 511 2024 habebat
526 2017 534 2024 .
671 1993 730 2025 Per
743 1993 906 2027 mucosam
917 2007 1044 2038 quoqne
1056 2001 1089 2032 δε

65 2035 240 2068 subflavam
252 2033 411 2078 ejusmodi
423 2036 594 2068 materiam
606 2035 820 2079 pericardium
832 2037 971 2081 undique
985 2038 1091 2074 adhae-

62 2079 151 2111 rebat
173 2078 287 2113 cordi.
314 2080 352 2111 In
376 2077 470 2122 hujus
484 2080 628 2113 auricula
640 2078 769 2112 dextera
784 2102 794 2117 ,
817 2091 1004 2125 annexoque
1015 2095 1090 2117 ven-

62 2122 185 2155 triculo
208 2121 367 2165 polyposa
391 2132 456 2155 erat
480 2124 649 2156 concretio
664 2136 674 2155 .·
695 2124 728 2155 in
754 2124 941 2159 Pulmonari
975 2129 1088 2161 arteria

62 2165 210 2207 sanguis:
234 2168 268 2199 in
292 2167 473 2200 ventriculo
495 2165 622 2200 finistro
645 2174 795 2199 neutrum
817 2191 823 2198 .
860 2169 1010 2211 Denique
1033 2182 1082 2202 ar-

62 2210 141 2242 teria
165 2209 286 2252 Magna
309 2208 501 2242 descendens
524 2210 611 2243 intus
634 2217 699 2241 erat
721 2208 912 2250 quibusdam
944 2213 978 2243 in
1002 2213 1082 2246 locis

63 2253 253 2295 inaequalis,
275 2262 331 2284 nec
352 2251 415 2285 fine
438 2251 575 2285 indiciis
598 2250 836 2289 offificationis,
860 2264 916 2295 per
926 2253 1081 2290 duritiem

65 2296 152 2338 quafi
177 2295 358 2328 tendineam
381 2295 576 2340 incipientis
593 2317 610 2327 .»
689 2328 693 2333 ,

111 2342 163 2371 26.
189 2337 259 2371 Etsi
282 2339 372 2380 plura
406 2340 439 2371 in
473 2337 575 2379 hujus
606 2337 748 2372 hominis
784 2338 914 2373 thorace
946 2342 1076 2376 inventa

67 2381 139 2416 sunt
153 2404 162 2420 ,
186 2393 257 2424 quae
281 2382 328 2415 uti
344 2405 357 2422 ,
379 2380 440 2414 five
463 2380 647 2420 incederet,
672 2381 732 2415 five
754 2381 922 2421 dumtaxat
933 2384 1077 2427 loquere-

66 2435 121 2459 tur
143 2449 155 2465 ,
188 2424 354 2458 difficilem
380 2424 531 2466 spiritum
556 2424 744 2463 faciebant,
768 2424 809 2457 fic
835 2437 865 2459 re
889 2428 994 2468 aliqua
1018 2429 1078 2463 ad-

66 2468 157 2509 dita,
181 2469 266 2502 hunc
290 2466 528 2507 intercludere,
551 2467 587 2500 id
612 2467 655 2500 est
678 2465 832 2501 suffocare
866 2481 1039 2512 potuerunt
1061 2484 1075 2512 ,-

64 2522 197 2552 tamen,
218 2510 241 2543 s1
265 2510 352 2544 forte
376 2512 475 2544 mavis
497 2522 590 2544 mora
615 2512 713 2544 etiarn
735 2511 851 2553 injecta
874 2512 1020 2557 sanguini
1034 2528 1072 2554 ,e

64 2555 194 2588 cerebro
216 2554 383 2593 redeunti,
407 2554 532 2597 aliquid
556 2554 686 2597 insuper
709 2556 903 2596 apopleetici
935 2558 1072 2591 acceffis-

65 2599 112 2635 sez
136 2598 273 2641 speetata
295 2597 446 2640 descripti
473 2598 707 2640 aneurysmatis
729 2597 823 2639 sede,
846 2610 909 2633 non
927 2599 1016 2634 valde
1027 2612 1078 2634 re-

67 2642 236 2684 pugnabo.
263 2641 313 2674 Ibi
339 2643 424 2675 enim
448 2651 533 2683 erat,
561 2651 599 2676 ut
632 2653 721 2676 venae
760 2644 856 2675 Cavae
890 2645 1074 2687 Superioris

64 2686 275 2728 comprimere
300 2694 448 2719 truncum
470 2686 572 2728 posset
597 2686 631 2719 in
654 2684 863 2721 decumbente
875 2687 1072 2730 praesertim,

64 2732 97 2762 ὃς
121 2727 247 2762 fortaffe
270 2730 303 2761 in
324 2727 490 2763 dexterum
513 2730 594 2764 latus
619 2743 630 2762 .·
654 2741 721 2774 quo
755 2730 790 2762 in
827 2729 888 2765 situ
922 2731 1074 2765 videlicet

65 2784 130 2805 non
154 2773 238 2806 mole
261 2782 387 2805 tantum
410 2784 483 2807 eum
506 2783 658 2808 truncum
683 2782 806 2816 urgeret
825 2797 839 2814 ‚
863 2774 914 2813 sed
937 2778 969 2808 &
992 2786 1074 2818 pon-

65 2815 137 2848 dere
160 2824 366 2857 praegravaret
379 2840 392 2856 ,
414 2826 588 2860 utrumque
612 2828 717 2852 autem
743 2817 861 2851 horum
884 2827 978 2851 tanto
1012 2831 1079 2852 ma-

66 2860 116 2901 gis
139 2858 296 2896 efficeret,
317 2868 440 2901 quanto
464 2862 534 2902 plus
558 2860 723 2903 sanguinis
749 2870 825 2894 tunc
849 2860 1038 2895 admitteret
1065 2888 1075 2900 ‚

65 2903 185 2946 quippe
209 2913 262 2945 per
285 2905 397 2935 Aortae
421 2913 568 2938 truncum
591 2905 632 2937 ab
656 2904 871 2938 anterioribus
904 2907 937 2938 in
973 2906 1075 2948 poste--

67 2947 154 2978 riora
177 2945 358 2985 devexum,
382 2957 446 2980 non
468 2947 662 2982 ascendentis
685 2949 720 2980 in
742 2947 882 2981 cubante
902 2973 915 2990 ,
939 2948 990 2983 sed
1013 2961 1074 2992 po-

67 2991 133 3023 tius
156 2988 397 3029 descendentis,
420 2999 456 3023 ut
479 2991 640 3025 orificium
673 2990 771 3034 ipsius
805 2991 887 3024 sacci
919 2992 1038 3026 subiret
1058 3017 1072 3035 ,

68 3031 213 3110 lgycncque
250 3031 438 3066 distenderet
467 3032 553 3068 forte
582 3044 740 3077 quantum
783 3046 946 3078 nunquam
982 3046 1073 3070 antea

80 3074 261 3110 ‘'istendisset
278 3100 290 3116 ,v
313 3075 372 3109 five
394 3076 482 3119 quod
506 3078 584 3112 sacci
607 3080 741 3122 parietes
765 3089 804 3110 eo
826 3079 963 3122 denique
984 3081 1075 3114 reda—

70 3121 115 3153 eti
142 3119 317 3167 efferim-ut
343 3121 445 3160 magis
468 3121 636 3163 cederent,
660 3122 722 3156 sive
746 3123 857 3166 potius
880 3123 971 3166 quod
1004 3125 1075 3157 san-

70 3164 179 3205 guinis
208 3174 311 3206 major
356 3161 428 3196 esset
472 3176 505 3197 ea
549 3168 642 3200 noete
688 3175 741 3199 aut
787 3168 949 3209 turgentia
970 3191 983 3208 ,
1017 3176 1072 3203 aut

70 3208 163 3248 copia
188 3216 318 3249 propter
339 3206 493 3248 ingestum
518 3210 614 3250 paulo
632 3210 703 3253 plus
726 3211 830 3251 meri,
854 3219 910 3244 aut
934 3211 977 3244 ob
999 3211 1070 3254 sup-

71 3250 227 3293 pressam,
249 3260 286 3283 ut
309 3249 429 3292 frigida
453 3252 655 3294 tempestate,
679 3253 893 3287 insensibilem
917 3254 1072 3297 perspira-

71 3295 194 3326 tionem
211 3318 218 3325 .
240 3295 322 3326 Haec
346 3295 448 3336 igitur
469 3296 515 3327 ita
539 3307 658 3338 pones,
681 3298 731 3331 uti
757 3298 920 3337 volueris,
944 3298 1074 3341 quando

73 3340 103 3387 ὃς
128 3337 264 3387 stertor,
288 3340 320 3371 δε
345 3337 453 3387 spuma
476 3337 514 3371 ad
536 3351 595 3379 OS,
618 3343 650 3375 &
672 3341 799 3383 turgida
824 3353 858 3375 ac
890 3341 992 3375 livida
1026 3341 1074 3376 fa-

71 3392 135 3414 cies
157 3391 286 3423 utrique
310 3392 415 3425 generi
439 3383 554 3414 mortis
575 3386 786 3418 conveniunt.

116 3436 167 3466 27.
194 3426 420 3467 proximorum
446 3434 551 3458 autem
572 3427 784 3470 aneurysmati
809 3428 942 3469 offium,
965 3432 1074 3463 &car-

73 3467 247 3510 tilaginum
270 3470 532 3510 corruptionem,
556 3470 869 3513 absumptionemve‚
891 3474 1016 3515 qualem
1039 3474 1072 3505 in

34 3544 39 3546 ,
75 3510 243 3553 proposito
266 3513 363 3552 viro,
387 3513 420 3544 in
445 3512 578 3555 aliisque
601 3513 894 3556 deprehendimus,
919 3527 983 3549 non
1005 3527 1074 3549 raro

72 3555 233 3588 Anatome
256 3555 376 3589 obtulit
403 3555 464 3588 sive
485 3558 571 3598 gravi
595 3557 775 3592 contufioni
799 3560 984 3602 aneurysma
1007 3560 1075 3594 suc-

160 3600 328 3643 Morgagni
337 3600 371 3633 de
386 3599 453 3633 Sed.
467 3601 509 3632 (9⁴
522 3600 608 3642 Caufi
621 3599 724 3635 Morb.
742 3603 843 3636 Tom.
857 3604 884 3636 I.

206 3773 220 3801 )
237 3773 296 3801 Eub.
314 3776 348 3798 N.
364 3775 393 3798 C.
410 3776 470 3798 Dee.
490 3782 511 3803 3.
529 3776 558 3798 A.
580 3783 601 3803 9.
618 3776 679 3800 Obs.
698 3781 750 3801 162.

191 3804 204 3832 )
221 3806 282 3833 Eph.
300 3807 334 3828 N.
351 3805 379 3828 C.
397 3806 467 3828 cent.
489 3814 510 3831 ς.
530 3805 588 3830 obs.
603 3815 643 3834 74.

139 3834 154 3861 (
194 3837 205 3864 ,¹
223 3835 282 3860 lbid.
302 3838 374 3865 Prop.
391 3842 429 3865 32-
445 3838 466 3860 δι
483 3834 528 3865 seq.

136 3773 143 3827 l
162 3780 186 3826 ζ’
707 3808 751 3842 (ρ
769 3807 778 3839 )
797 3808 891 3843 advers.
909 3819 930 3834 2.
947 3811 1032 3835 Anim.
1049 3819 1086 3840 4¹.

590 3835 599 3866 (
618 3845 628 3862 t
644 3838 658 3867 )
675 3840 788 3864 Ammad.
805 3840 908 3865 indicata
924 3850 964 3871 ⁴1-

812 3780 825 3807 (
841 3788 858 3803 n
874 3779 884 3809 )
899 3782 965 3805 Nov.
982 3782 1081 3805 Comm-
1100 3781 1174 3806 Acad.
1191 3784 1230 3807 Sc.
1249 3783 1312 3812 Imp.
1329 3781 1449 3810 Pettopol.
1467 3784 1540 3807 Tom.
1560 3792 1580 3813 3·

1020 3840 1029 3871 (
1046 3850 1062 3865 u
1080 3842 1087 3873 )
1106 3843 1179 3872 Epist.
1201 3848 1229 3868 26
1256 3853 1281 3868 n.
1300 3854 1335 3873 17.
1353 3844 1376 3868 &
1393 3844 1467 3874 Epist.
1484 3852 1522 3873 ²7-
1541 3853 1563 3869 n.
1580 3853 1603 3869 ι..
1619 3854 1656 3871 27..
1673 3847 1695 3870 &

1973 231 2060 279 17¹

1127 294 1276 335 ceffiffet,
1299 304 1335 328 ut
1357 295 1390 329 in
1415 295 1663 330 Subcenturione
1677 316 1690 334 ,
1712 293 1751 334 de
1775 306 1841 338 quo
1862 292 2126 329 CLChristianus

1128 341 1267 372 Vaterus
1291 342 1368 378 (m)
1382 362 1394 379 ,
1416 348 1468 372 aut
1493 347 1529 372 ut
1553 338 1636 377 alia,
1659 337 1830 371 vetustiora
1852 349 1999 381 quoque,
2023 346 2129 368 exem-

1131 385 1183 426 pla
1208 382 1417 421 omittamus,
1442 384 1473 414 &
1499 381 1605 415 nostro
1629 380 1730 422 magis
1762 380 1862 415 {imile
1896 380 2093 424 proferamus
2120 401 2129 415 ,

1131 428 1166 460 in
1191 427 1287 464 viro,
1308 436 1402 468 quem
1423 426 1475 458 Cl.
1502 423 1705 458 Schreiberus
1727 425 1794 464 (n)
1816 423 1990 464 describit,
2010 421 2104 456 costis
2120 443 2131 457 ²

1135 473 1167 503 &
1190 468 1431 511 cartilaginibus
1453 469 1537 501 carie
1560 466 1675 506 exesis,
1698 466 1845 501 musculis
1869 476 1974 502 autem
1984 464 2131 507 aneurys-

1133 524 1208 553 ma,
1231 511 1288 547 sub
1311 509 1385 553 ipfis
1408 510 1590 553 disruptum
1609 532 1622 551 ,
1655 509 1881 553 obtegentibus
1903 524 1912 549 3
1943 510 2003 544 sive
2036 507 2130 556 nullo

1132 557 1201 590 ictu
1226 556 1369 599 praevio‚
1404 563 1440 588 ut
1470 555 1503 586 in
1536 554 1647 596 juvene
1669 576 1676 590 ,
1710 552 1748 587 de
1780 565 1846 596 quo
1885 555 1938 586 Cl.
1976 551 2131 600 Fackgius

1125 604 1139 640 (
1162 612 1178 635 o
1199 603 1235 638 ),
1261 599 1384 631 arteriae
1406 596 1559 631 dilatatio
1582 606 1691 630 ortum
1715 608 1730 629 a
1745 595 1894 640 sanguine
1917 596 2058 634 acriori,
2082 604 2131 626 in-

1126 651 1326 677 crementum
1349 649 1453 676 autem
1478 640 1515 673 ab
1537 642 1668 680 nimio,
1689 641 1723 673 in
1746 639 1815 674 lusu
1839 641 1913 682 pilae
1936 665 1944 678 ,
1979 636 2131 671 brachio-

1130 697 1225 726 rum,
1248 688 1281 718 δε
1303 686 1449 727 corporis
1471 692 1563 718 motu
1585 682 1741 725 cepisset,
1775 682 1941 725 claviculae
1974 681 2130 724 proximae

1129 729 1232 764 labem
1256 727 1404 763 afferens.
1431 728 1488 761 Tu
1510 738 1584 760 vero
1605 728 1757 772 quam-in
1782 726 1895 764 costis,
1918 728 1950 759 δι
1973 722 2131 758 clavicula

1130 774 1272 812 cariem,
1295 771 1612 814 absumptionemque
1634 772 1857 813 conspeximus
1877 794 1885 809 ,
1907 777 2027 812 repetes
2051 789 2063 809 ‚
2094 774 2132 800 ut

1130 817 1298 856 malueris,
1322 828 1338 848 a
1360 815 1509 857 contigui
1554 812 1783 855 aneurysmatis
1830 823 1885 846 aut
1931 811 2133 856 pulsatione,

1131 869 1186 894 aut
1208 860 1358 892 erodente
1380 857 1513 897 ichore,
1535 868 1715 900 quanquam
1740 859 1771 890 δε
1804 855 1944 899 pulsatio
1980 854 2033 890 ubi
2067 863 2133 886 non

1128 903 1193 937 line
1217 903 1299 935 carie
1322 910 1449 936 excavat
1468 926 1481 942 ,
1512 912 1577 934 non
1607 902 1674 942 agit
1710 899 1771 933 fine
1802 898 1955 942 ejusmodi
1989 896 2099 931 ichore
2123 919 2133 927 .

1130 946 1269 980 Vascula
1292 948 1377 979 enim
1401 944 1568 988 permit-ii,
1591 946 1622 978 δε
1645 942 1887 986 perichoudrii,
1920 946 1952 976 δε
1984 952 2136 985 quaecun-

1130 1002 1191 1032 que
1214 990 1297 1030 alia,
1321 1000 1356 1024 ut
1382 999 1459 1032 puta
1483 987 1609 1021 attensae
1633 986 1684 1020 his
1707 988 1846 1030 pleurae,
1879 987 1962 1020 inter
1999 984 2137 1018 resisten-

1131 1035 1178 1067 tia
1201 1034 1440 1076 illa¹corpora‚
1462 1035 1496 1066 &
1530 1030 1642 1063 affidue
1665 1054 1677 1070 ,
1711 1042 1745 1064 ac
1777 1030 1977 1065 vehementer
2010 1027 2137 1071 pulsans

1133 1078 1315 1119 aneurysma
1340 1074 1548 1119 interposita,
1570 1072 1707 1114 ideoque
1730 1074 1860 1107 contusa
1874 1096 1884 1112 ‚
1916 1083 2009 1116 atque
2046 1080 2140 1105 exte-

1130 1129 1246 1160 nuata,
1271 1119 1365 1153 facile
1388 1119 1514 1153 tandem
1540 1118 1594 1150 hic
1619 1116 1688 1149 illic
1725 1126 1950 1159 rumpuntur,
1983 1118 2015 1148 δι
2048 1126 2139 1157 quae-

1131 1164 1206 1198 dam
1229 1164 1315 1207 quali
1340 1162 1500 1197 ulcuscula
1522 1160 1671 1199 faciunt,
1694 1161 1872 1202 perminuta
1895 1158 2050 1202 quidem,
2072 1158 2139 1190 sen-

1132 1207 1265 1251 sumque
1292 1206 1451 1248 fugientia
1473 1229 1486 1246 ,
1522 1204 1692 1238 humorem
1723 1212 1833 1237 tamen
1866 1204 1951 1236 inter
1995 1201 2142 1250 lamellas

1132 1252 1386 1285 membranarum
1408 1250 1536 1283 illarum
1560 1246 1754 1286 fundentia,
1779 1246 1834 1289 qui
1859 1257 1947 1280 mora
1961 1244 2141 1278 acredinem

1133 1294 1322 1333 contrahit,
1345 1297 1378 1328 &
1399 1293 1551 1327 erodendi
1575 1292 1664 1331 vim,
1688 1292 1724 1322 in
1746 1289 1936 1332 quibusdam
1968 1287 2142 1332 praesertim

1135 1337 1348 1382 corporibus,
1370 1348 1434 1370 non
1459 1336 1677 1370 mediocrem.
1702 1334 1787 1373 Qae
1809 1332 1847 1367 de
1870 1333 2007 1367 vasculis
2040 1333 2141 1366 etiarn

1134 1383 1284 1422 credito,
1308 1392 1363 1424 per
1387 1392 1453 1414 eam
1477 1381 1636 1424 parietum
1671 1376 1901 1419 aneurysmatis
1933 1385 2057 1419 partem
2092 1386 2143 1408 re-

1134 1428 1323 1469 ptantium,
1346 1436 1418 1468 quae
1443 1435 1513 1467 pars
1537 1423 1575 1457 ad
1599 1421 1771 1455 resistentia
1795 1422 1851 1454 illa
1882 1431 2017 1463 corpora
2049 1430 2143 1462 urge-

1133 1479 1207 1502 tur.
1236 1468 1295 1503 Sed
1318 1467 1447 1501 erodens
1469 1467 1564 1501 ichor
1585 1477 1652 1500 non
1685 1463 1807 1506 semper
1837 1462 2067 1505 an-eurysmatis
2082 1462 2145 1513 ‘ef-

1133 1513 1236 1546 scetus
1260 1512 1318 1551 est,
1345 1510 1614 1555 quemadmodum
1638 1519 1724 1543 nunc
1748 1508 1904 1551 exposui,
1928 1515 2145 1557 verumetiam

1136 1557 1249 1597 causa,
1272 1565 1309 1590 ut
1333 1556 1410 1588 alias
1431 1558 1497 1597 (p)
1519 1554 1685 1595 indicavi,
1709 1561 1778 1587 rem
1803 1550 1905 1593 postea
1929 1548 2145 1600 multifariam

1138 1602 1319 1642 explicante
1342 1597 1587 1641 ingeniosissimo
1609 1595 1784 1635 Lancifio,
1807 1605 1920 1636 nempe
1943 1602 1997 1627 aut
2021 1593 2148 1640 acribus

1139 1643 1330 1678 humoribus
1353 1643 1388 1675 in
1410 1641 1533 1675 arteriae
1558 1639 1694 1683 alicujus
1719 1636 1861 1688 percussa
1871 1647 1960 1680 parte
1983 1639 2067 1671 inter
2077 1648 2150 1680 ejus

1140 1689 1265 1721 tunicas
1279 1687 1455 1723 remoratis,
1467 1694 1503 1719 ut
1513 1686 1547 1717 in
1559 1687 1599 1718 iis
1613 1681 1890 1726 aneurysmatibus
1904 1692 1988 1724 quae,
2000 1689 2035 1715 ut
2048 1681 2148 1723 paulo

1140 1743 1211 1764 ante
1234 1730 1436 1770 memoravi,
1458 1729 1599 1769 istibus,
1634 1724 1942 1768 contusionibusque
1975 1724 2147 1772 succedunt

1138 1775 1193 1818 (q
1215 1778 1250 1814 )‚
1275 1783 1328 1807 aut
1354 1772 1472 1806 ibidem
1485 1772 1547 1805 sine
1559 1772 1677 1815 praevia
1700 1780 1831 1804 externa
1854 1768 1947 1802 causa
1968 1767 2147 1816 subsistente

1135 1818 1246 1851 ichore
1255 1816 1394 1860 quodam
1407 1815 1540 1857 erolivo,
1553 1827 1587 1849 ut
1598 1816 1681 1848 iniis
1696 1826 1767 1858 quae
1777 1815 1812 1847 in
1827 1811 2125 1855 hypochondriacis
2138 1834 2152 1849 ,

1135 1861 1342 1900 scm-huticis,
1354 1869 1407 1894 aut
1430 1859 1596 1901 hystericis
1608 1858 1797 1901 corporibus
1810 1856 2000 1890 exoriuntur
2010 1858 2024 1894 ζ
2034 1859 2089 1905 r),
2096 1855 2150 1888 vel

1137 1907 1234 1939 etiam
1244 1918 1259 1937 e
1270 1905 1386 1938 vicinis
1399 1901 1491 1936 erosis
1504 1903 1648 1947 partibus
1659 1904 1693 1935 in
1706 1903 1830 1935 arteriae
1842 1902 1976 1943 parietes
1988 1898 2151 1947 destillan-

1137 1959 1193 1989 te,
1218 1959 1255 1982 ut
1277 1949 1311 1982 in
1334 1949 1375 1981 iis
1396 1959 1466 1990 quae
1490 1959 1590 1991 prope
1613 1944 1700 1987 offa,
1721 1947 1805 1979 carie
1829 1947 1972 1979 Venerea
2003 1954 2070 1986 Jam
2100 1941 2154 1993 aff

1144 1992 1247 2030 feeta,
1273 1993 1468 2033 contingunt
1490 1991 1545 2034 (s
1560 1995 1592 2031 ).
1616 1990 1738 2024 Nullus
1761 1999 1867 2023 tamen
1890 1988 2010 2023 dubito
2030 2011 2043 2028 ,
2066 1998 2155 2031 quint

1144 2036 1311 2071 erodentia
1332 2033 1544 2077 corpuscula,
1567 2045 1679 2068 eorum
1700 2033 1852 2067 humores
1875 2034 1933 2076 qui
1958 2032 2009 2066 lue
2042 2033 2153 2066 Venee-

1146 2092 1197 2113 rea
1221 2079 1334 2112 infecti
1351 2077 1452 2115 (sunt,
1475 2078 1703 2122 inquinantia,
1725 2087 1762 2112 ut
1785 2078 1820 2110 in
1845 2076 1917 2110 aliis
1942 2077 2043 2111 etiam
2074 2087 2151 2120 qum:

1138 2125 1272 2156 minime
1296 2120 1385 2157 osseae
1410 2121 1508 2161 sunt,
1532 2122 1675 2164 partibus
1699 2119 1890 2155 subsistendo
1903 2144 1916 2161 ,
1939 2120 1969 2155 se
1980 2119 2146 2164 produnt,

1137 2165 1180 2199 fic
1203 2167 1236 2199 in
1260 2166 1452 2200 arteriarum
1474 2177 1602 2208 quoque
1625 2166 1768 2204 tunicis,
1793 2176 1858 2198 non
1882 2164 1967 2199 secus
1991 2173 2086 2207 atque
2110 2166 2146 2198 in

1133 2208 1346 2246 scorbuticis‚
1370 2211 1403 2242 ἃ
1425 2207 1593 2250 hystericis
1614 2208 1722 2248 dixit,
1745 2207 1830 2243 haud
1851 2219 1924 2242 raro
1958 2208 2148 2250 subsistant,

1132 2264 1209 2294 quas
1233 2252 1288 2287 hic
1309 2252 1378 2285 illic
1401 2251 1602 2285 corrodendo
1623 2251 1787 2285 infirment
1801 2277 1809 2290 ,
1832 2263 1932 2294 eoque
1943 2251 2145 2287 dilatationi-

1134 2295 1193 2329 bus
1215 2296 1372 2329 obnoxias
1397 2295 1549 2329 reddant.
1575 2297 1620 2328 Et
1632 2294 1701 2329 sane
1711 2294 1863 2329 erosionis
1875 2295 2143 2330 manifestaindi-

1132 2340 1182 2371 cia
1193 2361 1205 2378 ,
1231 2349 1267 2373 ut
1280 2340 1357 2373 alibi
1369 2342 1409 2379 (t)
1423 2350 1438 2371 a
1451 2349 1499 2372 me
1512 2337 1665 2414 scriptum
1676 2338 1718 2372 est
1729 2362 1741 2379 ,
1752 2339 1785 2371 in
1802 2339 1875 2381 ipfis
1888 2341 2006 2374 tunicis
2018 2342 2141 2375 arteriae

1131 2382 1260 2424 Magnae
1272 2405 1281 2420 ,
1304 2382 1478 2425 praesertim
1490 2393 1563 2415 cum
1600 2393 1643 2415 aec
1653 2380 1725 2416 esset
1740 2394 1750 2421 ς
1773 2394 1846 2415 nam
1864 2383 2024 2419 interdum
2040 2385 2140 2419 etiam

1129 2436 1204 2458 cum
1219 2436 1282 2458 non
1295 2425 1389 2463 esl‘et3
1412 2423 1504 2458 offeis
1519 2424 1692 2467 squamulis
1704 2425 1758 2460 hic
1773 2425 1843 2459 illic
1863 2427 1950 2461 intus
1977 2427 2116 2463 obducta
2130 2454 2140 2469 ,

1129 2468 1343 2510 saepenumero
1363 2467 1554 2510 deprehendi
1571 2491 1580 2498 -
1602 2469 1695 2512 Quas
1715 2468 1966 2504 Observationes
1992 2471 2029 2505 ad
2061 2472 2140 2507 alias

1129 2512 1289 2554 Epistolas
1299 2515 1347 2551 (u)
1357 2510 1470 2544 differo
1480 2535 1494 2552 ,
1508 2513 1541 2544 in
1553 2511 1668 2554 quibus
1680 2512 1935 2547 commodiorem
1947 2516 2054 2549 locum
2068 2515 2140 2550 sunt

1129 2553 1291 2589 habiturae
1306 2579 1313 2586 .
1329 2556 1413 2598 Qae
1424 2563 1530 2588 autem
1542 2553 1607 2598 jam
1619 2554 1821 2598 proferentur
1835 2581 1845 2596 ,
1864 2556 1919 2591 etfi
1944 2570 2009 2592 non
2022 2557 2084 2593 fine
2096 2561 2138 2594 iis

1130 2608 1222 2633 erunt
1235 2598 1428 2641 squamulis;
1439 2599 1518 2632 illuc
1534 2609 1638 2633 tamen
1651 2598 1837 2642 spectabunt
1854 2612 1918 2643 quo
1929 2602 2012 2636 ordo
2026 2603 2136 2644 postu-

1127 2642 1196 2683 lat,
1217 2643 1255 2676 ad
1268 2641 1502 2685 Aneurysmata
1513 2643 1663 2677 videlicet
1675 2642 1901 2678 Cordisfimul
1915 2667 1924 2683 ‚
1948 2649 1979 2680 &
2005 2648 2137 2691 Magnae

1127 2696 1250 2719 arteriae
1265 2711 1273 2718 .

1155 2731 1223 2781 ²28.
1247 2732 1395 2766 ANUM
1409 2731 1644 2776 propemodum
1655 2732 1896 2776 oetogenariam
1907 2758 1919 2776 ,
1940 2744 2015 2771 cum
2025 2736 2137 2770 Bouo-

1130 2784 1191 2807 niae
1213 2773 1357 2817 degerem
1381 2777 1423 2809 A.
1452 2787 1545 2818 1702.
1569 2776 1682 2819 saepius
1706 2777 1887 2812 audiveram
1910 2779 1948 2813 de
1971 2779 2135 2814 stomacho

1130 2827 1339 2861 querentem,
1362 2817 1404 2852 fic
1427 2830 1533 2853 autem
1558 2819 1604 2852 ibi
1628 2820 1741 2861 vulgus
1775 2821 1855 2855 solet
1890 2832 2014 2865 partem
2050 2823 2136 2857 infe-

1130 2864 1250 2896 riorem
1274 2864 1411 2905 pectoris
1431 2862 1609 2906 designare.
1636 2863 1743 2897 Pulsus
1767 2875 1855 2899 erant
1879 2867 2137 2901 maximevibra-

1124 2906 1175 2939 ti:
1200 2905 1373 2940 difficultas
1397 2916 1504 2940 autem
1527 2906 1665 2948 spirandi
1690 2915 1803 2949 tanta,
1827 2919 1861 2942 ut
1887 2909 1988 2944 sedere
2023 2912 2057 2944 in
2090 2912 2149 2944 Ις-ἶ

1125 2949 1216 2982 &ulo
1239 2959 1431 2993 cogeretur3
1453 2961 1522 2992 quae
1545 2958 1651 2983 tamen
1676 2952 2056 2995 remittebatinterdum‚
2080 2955 2135 2988 da-

1124 3001 1162 3026 to
1185 2994 1281 3034 oleo,
1303 3005 1342 3026 ex
1365 2993 1512 3026 dulcibus
1535 2992 1713 3036 amygdalis
1737 3006 1840 3029 recens
1863 2996 2018 3040 expresso.
2035 3000 2136 3033 Deni—

1126 3048 1187 3078 que
1210 3039 1254 3069 ita
1280 3038 1371 3070 aneta
1395 3036 1458 3076 est,
1488 3044 1525 3069 ut
1558 3038 1727 3071 mulierem
1763 3038 1966 3075 suffocaverit
1990 3065 1999 3074 .

1127 3080 1366 3114 THORACE
1390 3080 1546 3126 reserato,
1569 3092 1634 3114 non
1658 3092 1755 3124 pauca
1777 3083 1811 3115 in
1835 3083 1898 3117 hoc
1923 3096 2001 3128 aqua
2025 3097 2041 3119 a
2072 3097 2131 3119 no-

1124 3123 1175 3157 bis
1206 3124 1376 3166 conspecta
1409 3124 1450 3157 est
1474 3136 1488 3164 ,-
1521 3125 1572 3158 led
1603 3128 1636 3157 in
1671 3126 1851 3167 pericardio
1888 3129 2027 3171 plurima
2051 3152 2061 3167 ,
2093 3138 2130 3163 ut

1123 3166 1230 3208 ipsum
1253 3178 1316 3200 non
1348 3166 1555 3200 mediocriter
1586 3167 1776 3203 distenderet
1800 3194 1807 3202 .
1841 3172 1910 3204 Cor
1943 3184 1976 3204 ea
2009 3172 2093 3205 mole
2116 3196 2130 3213 ,

1123 3213 1286 3253 parietum
1319 3209 1518 3244 craffitudine
1541 3234 1551 3250 ‚
1585 3211 2012 3256 thalamorumcapacitate
2044 3239 2058 3256 ,
2091 3225 2128 3249 ut

1122 3253 1251 3297 juvenci
1276 3252 1455 3287 videretur.
1482 3256 1520 3287 In
1543 3264 1680 3299 utroque
1702 3256 1820 3291 horum
1855 3258 2018 3301 polyposae
2049 3270 2130 3294 con-

1125 3299 1284 3332 cretiones
1307 3308 1371 3331 non
1396 3308 1500 3340 parvae
1520 3322 1533 3338 ,
1556 3299 1591 3332 in
1613 3299 1684 3333 vasa
1718 3302 1910 3343 pertinentes
1932 3326 1940 3333 .
1974 3303 2078 3336 Aorta
2111 3315 2128 3336 a

1126 3341 1221 3375 corde
1244 3341 1282 3374 ad
1307 3341 1448 3383 primum
1472 3341 1567 3384 usque
1589 3342 1754 3376 orificium
1788 3343 1987 3385 superiorum
2020 3358 2129 3379 ramo-

1126 3396 1197 3418 rum
1222 3387 1357 3418 maxime
1382 3383 1514 3417 dilatata
1529 3409 1539 3424 ,
1562 3389 1594 3419 &
1619 3395 1691 3419 toto
1715 3386 1812 3419 ferme
1832 3398 1874 3420 eo
1893 3389 1998 3423 ῑτᾶξὲιι
2031 3401 2127 3432 oper-

1125 3438 1159 3463 ta
1181 3430 1270 3462 intus
1294 3428 1466 3471 squamulis
1488 3427 1601 3469 osseis,
1626 3429 1708 3463 nihil
1733 3430 1838 3472 magis·
1857 3442 1952 3473 quam
1974 3433 2129 3466 creberri-

1127 3483 1193 3506 mas
1216 3473 1293 3506 albae
1315 3483 1394 3504 cerae
1416 3481 1524 3514 guttas
1547 3471 1755 3507 referentibus
1780 3473 1847 3516 post
1872 3487 1948 3508 uam
1970 3477 2004 3510 in
2037 3479 2128 3518 pavi-

1127 3525 1238 3549 mento
1262 3513 1473 3550 refrixerunt.
1499 3515 1631 3550 Sinister
1655 3517 1790 3559 pulmo,
1813 3518 1846 3549 in
1866 3519 1966 3552 eriore
1998 3519 2127 3562 praeser-

1126 3561 1187 3593 tim
1196 3568 1287 3602 parte
1304 3581 1317 3599 ,
1339 3558 1465 3600 laxior,
1487 3559 1777 3636 &semicogsruptus
1787 3571 1850 3593 non
1862 3561 1966 3604 secus,
1989 3574 2023 3597 ac
2038 3562 2129 3601 sidiu

1721 3615 1739 3636 2
2008 3606 2090 3641 suis..

1597 3784 1658 3808 inter
1674 3782 1745 3813 Phys.
1762 3791 1786 3808 n.
1803 3791 1825 3811 4·

1144 3814 1166 3846 ,ζ
1182 3821 1197 3842 q
1213 3814 1227 3841 )
1243 3816 1278 3838 De
1294 3817 1383 3838 Aneur.
1402 3813 1493 3841 Propos.
1511 3822 1549 3837 20.
1568 3815 1590 3838 Bc
1606 3813 1667 3844 seqq.
1743 3813 1752 3840 (
1769 3823 1780 3838 r
1798 3814 1806 3845 )
1822 3812 2034 3844 lbid.Propos.3o.
2046 3812 2125 3841 &seq-

1712 3844 1773 3875 seqq.
