2498 4075
450 151 457 153 r
516 141 550 165 33·-

453 160 555 216 300⁴

380 237 446 262 nou
471 237 543 263 ante
566 225 673 263 saeeuli
694 227 813 263 decimi
836 228 915 262 sexti
947 226 1044 261 finem
1056 250 1070 269 ,
1092 228 1144 263 sed
1168 228 1231 264 hoc
1253 229 1385 272 nostro,

384 282 450 305 non
485 272 544 307 sub
566 273 744 311 temerarior
761 271 925 315 quodam,
950 269 1002 305 sed
1025 270 1084 305 sub
1106 273 1385 315 experientiffimis

381 312 556 359 Chirurgis
579 313 686 352 idem,
710 323 765 349 aut
788 313 950 350 fereidem
964 313 1129 352 accidere,
1151 315 1270 351 litteris
1293 328 1385 350 man-

380 355 493 392 datum
515 356 583 396 est,
606 358 761 391 neutrubi
787 366 894 392 autem
917 357 1045 400 culpam
1067 368 1200 393 omnem
1221 360 1256 394 in
1280 370 1384 394 aerem

380 397 527 435 conferre
549 400 635 433 licet‘
651 399 867 435 insalubribus
880 401 1201 444 quamplurimorum
1222 412 1384 447 aegrotan-

380 444 463 479 tium
487 442 629 477 effluviis
650 440 808 477 infectum
833 464 842 480 ‚
875 443 1007 487 quando
1029 443 1063 477 in
1087 453 1228 487 utroque
1258 446 1382 480 constat

378 487 493 528 capitis
518 485 649 520 vulnera
675 486 726 521 vel
753 487 889 528 gravia,
913 487 975 521 alia
1000 488 1126 522 ratione
1141 498 1280 528 curata,
1302 500 1383 524 con-

378 527 509 564 sanuisse
535 552 545 570 ‚
578 530 614 576 ¹3⁶.
634 528 879 564 consenescere.
911 531 1001 565 Cave
1036 531 1169 568 credas,
1193 530 1247 566 hic
1281 544 1298 566 a
1331 544 1383 566 me

377 573 530 615 peritiam
551 580 729 615 majorem,
751 582 805 606 aut
827 573 1031 616 diligentiam
1053 575 1088 607 in
1112 574 1193 608 viris
1214 575 1385 611 celeberri-

376 616 438 649 mis
460 614 654 650 desiderari.
680 617 763 650 Satis
785 616 831 650 est
854 616 1042 655 causarum,
1066 627 1102 652 ut
1124 617 1229 651 dicere
1253 620 1382 663 incepe-

377 669 469 700 ram,
492 670 570 702 quas
594 660 796 694 accusemus.
821 661 873 694 Sic
896 662 982 694 enim
995 661 1125 704 cogita,
1149 671 1381 705 nonnunquam

375 701 564 744 sanguinem
586 704 673 736 intra
698 704 895 738 ventriculos
917 704 1038 738 cerebri
1062 727 1074 744 ‚
1107 712 1162 738 aut
1195 703 1254 740 sub
1286 706 1381 748 hujus

377 745 441 780 basi
457 744 515 779 esse
537 745 695 786 effusum,·
719 746 796 780 alias
819 748 960 781 exterius
982 747 1115 790 quidem
1129 771 1138 787 ‚
1160 750 1193 781 &
1217 747 1380 791 superius,

375 800 489 823 verum
513 788 571 823 sub
596 791 689 823 Dura
721 790 895 833 meninge,
916 798 972 824 aut
1006 789 1028 824 fi
1063 790 1157 833 supra
1191 789 1274 825 hanc
1296 813 1307 830 ‚
1341 804 1382 826 eo

375 841 483 866 tamen
516 832 590 865 loco
613 832 672 866 ubi
694 832 866 866 calvariam
899 845 916 866 e
948 833 1074 867 direfio
1095 833 1280 878 Chirurgus
1315 845 1381 869 non

376 874 492 909 audeat
514 874 695 915 terebrare,
718 876 859 918 exempli
883 876 976 911 causa
999 876 1058 910 sub
1078 878 1285 920 Temporum
1309 889 1382 912 mu-

373 918 491 958 sculis,
515 927 569 953 aut
592 927 706 953 contra
731 920 920 953 Pituitarios
943 918 1066 954 frontis
1099 921 1184 954 sinus
1200 944 1209 953 .
1234 921 1307 955 Nec
1332 933 1383 956 me

371 962 553 1004 interpelles
576 961 751 1005 regerendo
774 985 788 1003 ,
822 962 909 1006 posse
930 963 1107 1007 aliquando
1130 966 1162 997 δι
1185 973 1299 999 contra
1321 965 1384 999 ho-

376 1016 450 1039 rum
482 1006 618 1040 Sinuum
652 1005 755 1041 sedem
779 1029 789 1045 ‚
822 1009 854 1040 δι
887 1006 945 1040 sub
977 1008 1018 1042 iis
1051 1006 1203 1042 musculis
1235 1010 1384 1044 cranium

376 1048 561 1091 perforari,
585 1051 616 1082 ὃς
640 1049 733 1091 supra
766 1059 841 1084 eum
875 1048 1064 1093 sanguinem
1099 1052 1226 1086 Duram
1258 1053 1383 1085 menin-

373 1103 448 1135 gem
472 1093 575 1127 incidi
601 1118 609 1125 .
643 1092 719 1127 Scio
741 1094 828 1128 enim
849 1116 862 1133 ‚
898 1095 1062 1128 Frontales
1087 1094 1181 1128 Sinus
1216 1096 1381 1130 nonnullis

373 1134 473 1170 deesse
496 1163 507 1178 ,
540 1134 630 1179 quod
653 1137 710 1170 ubi
734 1138 800 1170 ima
823 1136 915 1171 frons
938 1136 977 1171 ad
1002 1136 1173 1180 supercilia
1199 1136 1280 1172 nihil
1307 1150 1380 1181 pro.

373 1181 518 1214 minebat
542 1204 553 1221 ‚
585 1181 616 1213 &
650 1178 728 1214 fima
751 1189 819 1215 erat
841 1203 855 1221 ‚
888 1180 1001 1215 videor
1025 1180 1198 1215 “interdum
1235 1181 1382 1216 animad-

372 1221 520 1258 vertisse.
545 1222 617 1257 Nec
642 1234 691 1256 me
714 1222 802 1265 fugit
835 1223 875 1258 ad
899 1224 1068 1258 materiam
1091 1223 1286 1258 educendam
1309 1236 1382 1268 quae

371 1266 431 1300 sub
454 1267 509 1300 illa
533 1267 683 1310 meninge
705 1276 892 1301 coerceatur
915 1291 925 1307 ,
955 1265 1022 1309 ejus
1044 1267 1234 1301 incisionem
1257 1280 1273 1301 a
1298 1268 1383 1302 sum-

373 1310 435 1342 mis
456 1309 635 1352 Chirurgis
657 1308 752 1343 fuisse
776 1308 973 1354 propositam
987 1332 996 1348 ,
1018 1321 1100 1352 quos
1121 1311 1207 1344 inter
1229 1311 1381 1354 postremi

370 1364 437 1398 non
462 1351 594 1388 fuerunt
617 1353 774 1387 nostrates
796 1353 932 1387 Gabriel
956 1353 1142 1396 Falloppius
1173 1357 1187 1394 (
1208 1365 1226 1386 ο
1243 1354 1260 1396 )
1273 1376 1283 1392 ,
1306 1357 1383 1388 Cae-

373 1398 421 1430 sar
435 1396 584 1439 Magatus
608 1399 619 1436 (
640 1407 663 1439 p
684 1399 723 1438 ),
747 1396 861 1431 Petrus
875 1395 913 1431 de
925 1396 1120 1431 Marchettis
1141 1399 1155 1436 (
1177 1408 1195 1439 q
1217 1398 1252 1437 .)‚
1277 1400 1381 1432 Tem-

373 1441 520 1484 poralem
543 1448 651 1473 autem
687 1439 869 1474 musculum
897 1441 938 1474 ab
972 1441 1085 1475 eodem
1119 1440 1258 1484 Magato
1292 1445 1303 1481 (
1327 1444 1380 1481 r)

367 1483 491 1527 fesium¹
521 1481 581 1517 esse
608 1481 732 1529 psuries
747 1481 841 1528 felici
863 1494 935 1517 cum
951 1482 1087 1527 successu
1112 1507 1122 1524 ,
1152 1486 1184 1517 δι
1207 1493 1282 1520 ante
1306 1485 1381 1518 Ma-

370 1537 483 1571 gatum
507 1527 585 1562 secti
617 1526 759 1569 ejusdem
792 1526 1067 1566 musculiselicia
1092 1529 1214 1570 pariter
1238 1528 1384 1572 quinque

372 1571 519 1615 exempla
552 1583 569 1604 a
600 1570 751 1604 Carcano
773 1569 855 1613 (s)
878 1568 972 1604 fuiffe
1005 1570 1124 1605 litteris
1157 1571 1277 1605 tradita
1302 1596 1313 1612 ,
1344 1582 1383 1606 ne

372 1625 445 1649 tum
479 1614 611 1658 quidem
644 1614 708 1647 ulla
732 1613 837 1649 secuta
859 1613 1071 1649 convulsione
1092 1635 1104 1652 ‚
1134 1625 1209 1649 cum
1233 1624 1324 1649 totus
1346 1616 1381 1648 in

375 1659 591 1693 transversum
625 1656 776 1691 dissentis
808 1657 853 1690 est
874 1680 888 1698 ‚
917 1655 1080 1700 invisique
1113 1658 1180 1699 ipse
1216 1658 1256 1691 A.
1285 1668 1381 1701 1734.

372 1702 426 1737 hic
445 1703 606 1748 Juvenem
628 1703 711 1743 qui,
734 1700 942 1745 pugioneper
965 1711 1039 1733 eum
1062 1701 1243 1734 musculum
1266 1701 1382 1735 asum.

371 1758 424 1781 rna
447 1746 515 1789 ejus
547 1748 708 1779 anteriore
733 1752 822 1786 parte
844 1745 879 1776 in
903 1744 1057 1777 auricula?
1081 1743 1181 1784 usque
1210 1743 1382 1778 Concham

372 1801 456 1833 pone
479 1790 513 1824 T
516 1798 629 1832 ragum
653 1787 794 1827 adacto,
815 1784 1053 1828 haemorrhagia
1077 1785 1212 1829 quidem
1237 1797 1377 1830 magna,

371 1834 425 1869 sed
447 1834 536 1868 nulla
559 1831 671 1871 febre,
692 1829 813 1865 nedum
835 1831 925 1865 nulla
950 1829 1159 1864 convulfione
1174 1855 1184 1871 ‚
1210 1840 1343 1864 vexatus
1367 1853 1380 1871 ,

371 1877 550 1913 feliciffime
572 1874 674 1916 evasit
697 1899 707 1907 .
838 1874 900 1908 Illa
921 1874 1026 1916 igitur
1059 1872 1127 1907 scio
1143 1895 1154 1912 ,
1180 1874 1378 1908 timentibus

374 1923 546 1957 etiamtum
569 1919 641 1953 aliis
662 1941 675 1960 ,
708 1918 748 1952 ab
772 1918 865 1952 Italis
887 1916 1051 1962 proposita
1074 1915 1135 1950 effe
1157 1939 1168 1955 ‚
1205 1917 1262 1951 aut
1286 1927 1381 1960 pera-

373 1968 425 2000 cta
449 1990 457 1998 .
494 1963 554 1999 Sed
577 1963 665 1998 idem
687 1961 755 1997 scio
777 1984 789 2001 ,
823 1964 855 1995 &
878 1969 1022 1995 extrema
1044 1969 1179 2002 cogente
1202 1960 1380 1995 neceffitate

374 2010 437 2045 esse
459 2009 589 2053 peraeta
614 2029 626 2046 ‚
659 2017 716 2041 nec
749 2004 814 2040 sine
836 2006 953 2048 gravi,
976 2003 1066 2047 quod
1091 2014 1157 2037 non
1180 2002 1380 2039 diffimulant

369 2052 432 2097 ipsi
450 2076 460 2093 ,
484 2051 651 2096 periculo,
685 2049 932 2085 convulfionum
964 2046 1146 2091 praesertim
1167 2070 1180 2088 ‚
1202 2059 1281 2089 quas
1313 2058 1380 2081 non

368 2098 593 2141 Hippocrates
623 2098 633 2133 (
657 2101 672 2127 t
697 2097 712 2133 )
735 2092 862 2130 solum,
887 2092 1007 2134 aliique
1029 2114 1040 2130 ‚
1074 2089 1126 2125 sed
1149 2093 1183 2125 δε
1212 2089 1382 2125 Marchet-

372 2152 427 2176 tus
456 2140 522 2185 ipse
545 2144 556 2179 (
580 2149 600 2172 u
622 2142 635 2177 )
665 2136 851 2171 consecutas
880 2130 966 2169 vidit
988 2147 1000 2172 ς
1036 2143 1072 2168 ut
1099 2142 1288 2185 ‘propterea‘
1311 2145 1383 2168 mu-

376 2185 455 2220 sculi
487 2184 577 2218 illius
608 2181 785 2215 senionem
817 2179 948 2214 suadere
980 2177 1158 2216 noluerit;
1193 2188 1232 2211 ne
1255 2177 1384 2218 dicam,

377 2238 532 2273 nunquam
566 2224 627 2259 esse
657 2223 886 2258 instituendam
910 2245 921 2261 ‚
953 2220 1071 2256 diserte
1105 2221 1268 2264 scripserit
1293 2246 1300 2255 .
1334 2222 1384 2255 Si-

374 2285 416 2307 ve
450 2273 553 2315 igitur
581 2268 744 2310 Chirurgi
779 2279 818 2302 eo
851 2276 998 2309 tempore
1021 2276 1090 2305 quo
1114 2265 1198 2307 apud
1223 2264 1382 2308 quasdam

373 2319 539 2352 Civitates
572 2313 655 2347 male
687 2311 797 2346 audire
828 2312 930 2353 coepit
953 2309 1055 2344 cranii
1079 2307 1260 2352 perforatio
1283 2332 1292 2347 ‚
1323 2308 1385 2343 hac

375 2360 537 2396 tutiffirno
557 2356 699 2401 quodam
722 2356 797 2389 loco
819 2377 832 2395 ,
864 2356 896 2386 &
919 2362 1076 2396 quatenus
1108 2353 1207 2387 licere
1237 2352 1384 2387 credide-

378 2414 455 2440 runt
480 2427 492 2444 ,
515 2401 667 2445 peraffia,
688 2400 723 2432 in
744 2399 871 2433 caeteris
892 2396 968 2431 illos
990 2397 1115 2430 imitari
1139 2407 1203 2429 non
1229 2396 1302 2429 sunt
1325 2407 1384 2429 au-

377 2450 402 2485 fi
436 2474 446 2489 ,
485 2447 630 2489 aegrique
665 2441 879 2476 nihilominus
924 2440 1121 2483 perierunt3
1156 2437 1220 2472 five
1256 2440 1384 2472 imitati

376 2493 452 2528 sunt
476 2515 487 2532 ,
518 2493 550 2524 &
573 2487 688 2521 secutis
710 2508 721 2525 ‚
754 2486 875 2528 opinor
900 2490 921 2520 ‚‘
943 2481 1208 2517 convulfionibus
1231 2504 1241 2519 ‚
1273 2483 1384 2515 aliisve

377 2537 473 2573 malis
497 2559 509 2575 ‚
540 2532 621 2575 aegri
643 2539 738 2564 tanto
774 2527 990 2562 miserabilius
1023 2526 1186 2568 perierunt
1218 2528 1233 2564 (
1263 2527 1386 2567 quaeriss-

379 2592 452 2617 mus
484 2577 570 2613 enim
593 2598 606 2615 ,
636 2584 703 2607 non
725 2569 1004 2616 quidrnecess'ario
1027 2570 1205 2609 acciderit,
1228 2568 1280 2602 sed
1302 2568 1383 2611 quid

379 2624 520 2662 accidere
543 2619 688 2663 potuerit
712 2641 724 2658 ,
753 2624 791 2650 ut
813 2614 925 2648 auxilii
949 2613 1011 2647 hoc
1035 2623 1133 2655 genus
1155 2611 1387 2654 desereretur)

405 2678 477 2704 uem
499 2666 534 2699 in
559 2670 683 2697 metum
706 2655 845 2704 populus
866 2681 876 2697 ,
911 2659 942 2691 &
964 2667 1065 2700 quam
1087 2656 1122 2689 in
1135 2656 1324 2699 opinionem
1347 2656 1388 2689 ab

379 2709 540 2750 utrolibet
563 2713 679 2740 eventu
712 2702 807 2737 facile
831 2701 985 2736 adductus
1008 2700 1130 2736 fuerit,
1153 2699 1260 2733 vides.

427 2766 477 2800 ¹3·
509 2749 569 2785 Sed
603 2757 720 2792 praeter
753 2756 805 2780 eas
837 2756 909 2787 quae
941 2743 1036 2777 difiae
1059 2744 1131 2777 sunt
1156 2765 1167 2781 ‚
1200 2742 1269 2776 fieri
1304 2752 1382 2776 tunc

381 2799 494 2847 potuit
526 2794 642 2829 multis
666 2791 738 2825 aliis
759 2789 799 2823 de
830 2787 932 2822 causis
955 2809 966 2826 ‚
1001 2797 1037 2821 ut
1061 2786 1126 2820 fine
1149 2787 1295 2820 utilitate
1317 2787 1383 2820 cal-

379 2845 470 2879 varia
493 2838 732 2873 terebramur,
754 2834 822 2867 imo
846 2842 912 2866 non
926 2830 989 2864 fine
1011 2829 1186 2864 manifesto
1207 2829 1386 2864 detrimen-

383 2899 441 2926 to,
465 2896 536 2928 quae
560 2892 607 2915 res
629 2880 678 2912 vel
702 2877 804 2919 magis
826 2872 954 2910 aversos
978 2873 1092 2908 fecerit
1116 2874 1239 2907 animos
1263 2873 1303 2907 ab
1324 2872 1387 2908 hoc

382 2929 508 2967 auxilio
531 2939 539 2960 ε
571 2933 608 2958 ut
639 2921 663 2956 fi
684 2921 869 2962 Chirurgus
893 2917 979 2951 forte
1011 2919 1142 2960 ignarus
1165 2942 1175 2959 ‚
1207 2928 1305 2960 quam
1331 2917 1388 2951 sae-

384 2987 425 3018 pe
457 2973 492 3005 in
545 2967 651 3001 cranii
683 2965 842 2999 interiore
873 2960 955 2995 facie
987 2961 1156 3003 insculptae
1189 2959 1251 2994 sint
1283 2959 1386 2994 foveae

382 3018 448 3053 51}ae
480 3024 560 3056 quas
593 3010 671 3044 alias
691 3012 707 3049 (
727 3018 748 3041 x
771 3010 782 3046 )
815 3005 879 3039 tibi
903 3006 1173 3045 memoravimus,
1196 3004 1388 3045 tubercula,

383 3071 423 3097 ut
453 3058 535 3093 olim
557 3053 720 3089 vocabant
744 3073 755 3089 ,
790 3047 910 3083 Crassae
933 3049 1094 3091 meningis
1117 3048 1203 3082 haud
1228 3058 1300 3081 raro
1324 3048 1387 3081 alte

383 3104 463 3141 adeo
486 3099 707 3142 excipientes,
729 3103 766 3129 ut
788 3093 853 3126 tibi
876 3102 939 3126 una
963 3115 973 3132 ,
995 3103 1096 3135 eaque
1130 3092 1262 3125 tenuior
1284 3113 1294 3130 ,
1330 3102 1388 3125 ex-

384 3158 478 3183 terna
502 3143 622 3178 lamina
654 3138 773 3173 offibus
795 3135 974 3180 praesertim
998 3136 1159 3177 sincipitis
1179 3157 1191 3175 ,
1223 3134 1386 3169 interdum

382 3195 416 3227 &
447 3188 569 3223 frontis
602 3180 737 3226 supersit
757 3205 768 3221 ‚
797 3190 935 3222 quarum
957 3179 1163 3221 ignoratione
1195 3189 1301 3213 rerum
1335 3188 1392 3212 ve-

383 3245 457 3269 reor
481 3255 490 3270 ‚
524 3243 562 3265 ne
595 3228 680 3272 ipsas
711 3223 947 3258 observatores
978 3222 1110 3264 quidam
1135 3233 1195 3265 pro
1217 3223 1338 3259 cranii,
1361 3224 1392 3255 δε

381 3276 544 3318 meningis
578 3271 702 3307 morbis
725 3266 952 3311 proposuerint
975 3277 986 3302 ς
1019 3267 1052 3299 Si
1075 3266 1130 3299 ille
1151 3267 1256 3308 igitur
1278 3273 1392 3300 contra

385 3323 528 3364 aliquam
561 3328 599 3350 ex
622 3316 662 3348 iis
685 3312 786 3346 foveis
808 3308 904 3346 casu;
927 3319 1002 3341 nam
1034 3318 1131 3343 certae
1164 3320 1273 3343 earum
1304 3308 1389 3343 sedes

384 3376 451 3400 non
485 3362 594 3399 sunt3
627 3356 786 3392 terebram
819 3349 1011 3389 demisisset3
1047 3353 1136 3394 prius
1176 3353 1292 3396 utique
1323 3364 1389 3386 me-

384 3410 518 3450 ningen]
543 3426 556 3444 ‚
589 3405 620 3436 &
657 3410 728 3443 quae
762 3397 862 3441 ipsam
896 3395 1074 3435 attollunt,
1099 3395 1268 3433 violasset,
1290 3406 1387 3438 quam

385 3453 524 3495 primam
547 3446 703 3481 laminam
737 3450 843 3475 totam
866 3451 883 3474 a
906 3438 936 3472 se
958 3439 1152 3472 terebratam
1176 3438 1259 3477 effe,
1279 3439 1388 3473 crede-

385 3504 458 3530 ret:
486 3499 541 3526 aut
564 3490 586 3523 fi
611 3488 692 3522 alius
715 3509 729 3527 ‚
762 3484 879 3518 retedita
913 3493 974 3524 ope
1007 3482 1144 3516 terebrae
1177 3482 1285 3517 eadem
1318 3493 1387 3515 me-

384 3541 505 3581 ninge,
529 3535 621 3576 eique
645 3541 703 3575 pus
727 3527 844 3562 subesse
867 3535 955 3561 ratus
978 3528 990 3564 (
1013 3523 1114 3560 subest
1137 3527 1226 3560 enim
1239 3527 1386 3569 aliquan-

437 3669 452 3696 (
467 3675 480 3690 o
497 3669 506 3696 )
523 3669 613 3691 Comm
638 3667 663 3691 in
678 3667 752 3696 Hipp.
769 3666 799 3690 de
816 3666 888 3692 Vuln.
906 3668 966 3695 Cap.
985 3673 1008 3690 c.
1025 3674 1065 3695 43.

439 3698 456 3726 (
471 3705 481 3720 r
498 3699 506 3725 )
520 3699 536 3722 l.
553 3706 573 3721 2.
590 3698 633 3722 cit.
650 3706 672 3722 c.
688 3705 728 3725 ²⁷·
790 3697 804 3726 ε
815 3698 854 3727 s)
871 3700 907 3721 De
927 3699 999 3721 Vuln.
1016 3698 1078 3726 Cap.
1094 3697 1173 3721 Serm.
1190 3703 1210 3720 1.
1227 3695 1292 3719 Leti.
1309 3695 1334 3718 8.

441 3729 450 3755 s
467 3734 483 3749 u
498 3727 512 3754 )
528 3728 620 3756 Syllog.
638 3728 680 3752 cit.
697 3728 723 3752 in
739 3724 815 3751 addit.
834 3728 864 3753 ad
880 3727 940 3753 ΟΜ.
958 3734 995 3757 ¹5·
1056 3727 1070 3756 (
1085 3735 1099 3751 x
1116 3728 1125 3756 )
1142 3726 1216 3755 Epist.
1231 3727 1254 3750 8.
1270 3732 1297 3748 n.
1315 3732 1339 3753 3·

441 3757 456 3785 ε
471 3764 489 3784 z
503 3756 516 3785 )
531 3756 591 3781 obs.
608 3760 682 3782 Anat.
701 3765 721 3783 e.
736 3767 758 3788 3·
776 3759 801 3783 in
815 3757 857 3783 fin.
919 3761 931 3785 (
946 3762 986 3787 a)
1006 3757 1079 3782 Xlll.
1099 3764 1125 3782 n.
1141 3761 1177 3782 16.
1241 3756 1250 3786 (
1271 3754 1284 3780 b
1301 3755 1315 3784 )
1334 3762 1357 3780 n.

1125 3666 1134 3694 (
1149 3666 1167 3697 p
1184 3667 1194 3696 )
1210 3666 1247 3690 De
1262 3665 1314 3687 rarii
1331 3662 1423 3688 Medic.
1440 3664 1514 3689 Vuln.
1531 3664 1550 3687 l.
1567 3670 1590 3688 2.
1608 3669 1628 3696 ς.
1647 3664 1687 3692 38.

1397 3694 1404 3723 (
1423 3700 1434 3717 e
1450 3695 1463 3723 )
1479 3694 1503 3718 in
1522 3695 1595 3719 Coae.
1613 3699 1679 3722 Juxta
1694 3695 1780 3718 Dureti
1799 3694 1923 3723 interpret.
1939 3697 1959 3719 1.
1977 3701 1999 3723 ς.
2016 3697 2047 3718 tr·
2064 3699 2085 3720 κ
2101 3699 2123 3718 c.
2141 3700 2164 3719 x.
2181 3699 2207 3718 n.
2226 3699 2247 3716 ι.

1377 3725 1415 3786 ¹5(-
1427 3732 1444 3755 μ
1458 3725 1469 3755 .)
1486 3723 1573 3753 Quoest.
1593 3723 1664 3748 Paris.
1680 3726 1714 3749 A.
1732 3726 1798 3752 1736·
1815 3724 1935 3753 proposita
1950 3732 1975 3750 n.
1993 3732 2017 3755 5·

680 145 838 201 Liber
870 145 966 200 IV.‘
999 145 1078 199 De
1110 142 1322 203 Morbis
1347 140 1707 216 CBIrurgicis,
1738 148 1794 202 &
1828 146 2226 203 Universalibus

1435 229 1501 267 do,
1525 239 1563 264 ut
1595 229 1779 272 complures
1811 228 1928 264 docent
1951 228 2205 264 Observationes
2227 253 2237 271 ‚
2267 230 2303 266 in
2333 229 2437 272 iisque

1436 274 1535 307 etiam
1558 273 1630 307 d‘uae
1654 283 1670 306 a
1685 273 1824 315 Murryo
1847 277 1858 313 (
1874 283 1900 315 y
1922 276 1936 313 )
1959 271 2076 310 editae,
2101 284 2179 316 quas
2201 283 2348 309 anatome
2358 284 2436 308 con-

1435 316 1581 351 firmavit
1603 318 1618 356 >
1638 326 1709 349 eam
1731 316 1912 358 meningem
1943 315 2125 354 incidisset,
2150 315 2239 360 isque
2262 326 2316 351 aut
2338 317 2437 360 signis

1433 360 1607 402 deceptus}
1630 360 1716 392 inter
1738 370 1810 402 quae
1833 359 1970 393 omnium
1992 358 2189 400 certzffimum
2198 359 2343 394 numesl'e
2356 359 2417 404 pos
2420 381 2437 389 -

1434 401 1670 446 fitpulsarorii,
1694 401 1734 435 ab
1747 402 1875 436 arteriis
1896 400 2012 435 cerebri
2034 402 2084 434 illi
2096 401 2226 445 impreffi
2248 412 2350 437 motus
2372 402 2439 446 ces-

1428 446 1513 490 satio
1527 471 1537 486 ‚
1574 446 1632 479 alii
1654 444 1820 483 viderint·‚
1842 444 1920 478 ferri
1943 445 2043 478 aciem
2067 456 2132 479 non
2155 447 2188 478 in
2222 457 2280 487 pus
2302 470 2313 488 ,
2344 445 2438 489 quod

1433 489 1560 524 nullum
1603 488 1679 523 esset
1699 511 1712 529 ‚
1744 488 1796 522 sed
1835 489 1869 522 in
1908 488 2056 522 Tenuem
2099 490 2283 531 meningem
2309 514 2320 532 ,
2352 501 2438 527 cere-

1432 534 1596 576 brumque
1619 530 1798 565 immisisset
1818 552 1829 570 ‚
1859 539 1915 566 aut
1937 541 2004 565 non
2025 530 2177 574 deceptus
2196 555 2210 574 ‚
2241 534 2366 568 arteriae
2387 544 2438 567 ra-

1435 588 1508 611 mos
1531 600 1540 617 ‚
1574 586 1629 618 per
1650 573 1797 609 Craffam
1832 575 2014 616 meningem
2049 584 2215 617 repentes,
2237 576 2401 611 sauciasset
2425 600 2437 609 .

1433 621 1540 655 Mitto
1573 629 1694 653 errores
1725 627 1859 652 caeteros
1890 619 1949 661 qui
1981 619 2015 652 in
2038 629 2134 660 opere
2169 629 2236 654 non
2269 620 2317 654 ita
2348 617 2438 653 facili

1433 662 1576 698 accidere
1608 662 1712 705 plures
1750 662 1919 702 potuerint
1953 672 2020 695 non
2055 661 2120 695 sine
2143 673 2306 704 aegrorum
2327 674 2439 704 noxa,

1432 716 1639 741 enumerare:
1665 708 1696 738 δι
1720 704 1758 738 ad
1781 705 1921 747 reliquas
1932 706 2036 739 causas
2069 705 2163 739 redeo
2178 726 2188 743 ‚
2211 716 2345 749 propter
2357 705 2439 748 Quas

1431 752 1465 785 id
1489 760 1570 792 opus
1594 750 1711 782 inutile
1732 747 1792 782 esse
1810 750 1977 791 potuerit.
2004 749 2155 790 Qarum
2175 758 2211 783 ut
2234 750 2354 792 aliquas
2365 759 2439 782 tan-

1431 804 1504 829 tum
1535 802 1808 830 commemorem;
1829 801 1919 825 certe
1940 800 1982 825 ut
2000 792 2126 834 sanguis
2145 792 2230 826 inter
2253 795 2439 834 meningem

1433 838 1581 875 Duram,
1605 839 1638 869 ὃς
1658 836 1824 875 cranium,
1848 836 1879 867 δι
1901 836 1945 869 iis
1964 836 2097 878 quidem
2108 836 2187 869 locis
2199 835 2274 870 esset
2298 836 2439 876 effusus,

1432 892 1506 925 quae
1529 878 1691 923 perforare
1717 877 1800 912 nihil
1824 886 1912 911 vetet
1936 890 1947 915 3
1979 888 2086 912 tamen
2110 877 2133 911 fi
2155 887 2323 914 concretus
2356 880 2450 914 arde

1437 923 1541 964 adeo,
1565 925 1598 956 &
1619 923 1778 956 tenaciter
1802 920 1842 954 ad
1865 932 1936 955 eam
1969 923 2153 964 meningem
2177 921 2378 963 adhaefiss‘et,
2400 932 2440 956 ut

1434 978 1500 1002 non
1523 965 1587 1000 fine
1611 967 1643 999 vi
1656 965 1769 999 divelli
1792 962 1917 1008 posset,
1939 966 2212 1006 quemadmodum
2235 968 2266 999 &
2289 967 2360 1000 aliis
2370 966 2444 1008 plu-

1434 1012 1546 1050 ribus,
1569 1012 1602 1043 δε
1627 1008 1785 1043 Valsalvae
1809 1008 1868 1050 ipsi
1892 1018 1958 1042 non
1983 1009 2076 1042 semel
2098 1010 2242 1044 invenire
2263 1010 2406 1051 contigit
2430 1020 2443 1049 ς

1434 1053 1517 1089 nihil
1549 1053 1639 1087 enim
1663 1076 1673 1093 ,
1703 1063 1739 1086 ut
1772 1051 1822 1084 vel
1856 1051 1945 1094 supra
1982 1053 2237 1086 animadvertere
2270 1052 2442 1095 potuisti,

1433 1095 1733 1133 comminiscimur,
1756 1094 1806 1128 sed
1841 1096 1992 1129 omnium
2028 1094 2095 1128 fere
2127 1097 2161 1128 in
2187 1095 2406 1138 superioribus
2431 1118 2442 1135 ,

1432 1150 1487 1175 aut
1509 1141 1543 1174 in
1566 1138 1617 1174 his
1640 1140 1774 1173 Litteris
1798 1135 1894 1171 habes
1917 1139 2084 1180 exempla3
2108 1137 2186 1182 quid
2210 1141 2359 1174 cranium
2373 1151 2443 1183 per-

1431 1183 1591 1218 terebrare
1614 1181 1784 1226 profuisset
1808 1184 1818 1213 ?
1852 1182 1950 1216 Dices
1984 1181 2116 1216 fortasse
2141 1195 2151 1215 .-
2184 1191 2217 1216 at
2242 1182 2263 1216 si
2288 1184 2337 1216 vel
2362 1193 2437 1218 ante

1433 1228 1573 1261 mortem
1597 1227 1639 1261 fic
1662 1223 1859 1265 adhaesiffet;
1880 1223 2170 1268 peritoChirurgo
2190 1236 2256 1259 non
2267 1225 2442 1262 defu-issent

1439 1282 1512 1314 quae
1536 1268 1744 1307 infunderet,
1768 1277 1805 1302 ut
1816 1267 2000 1302 dissolveret
2020 1290 2029 1307 ,
2051 1270 2332 1310 &reglutinaret.
2356 1272 2416 1304 Fac
2430 1295 2440 1309 ,

1431 1325 1498 1348 non
1519 1312 1672 1348 defuisse.
1697 1312 1819 1350 Quid?
1844 1311 1866 1345 fi
1891 1322 1960 1354 pars
1983 1312 2090 1355 aliqua
2112 1312 2181 1354 ejus
2204 1311 2369 1355 sang-uinis
2392 1316 2441 1347 ibi

1431 1356 1509 1391 esset
1533 1369 1599 1400 quo
1621 1356 1708 1391 adire
1731 1353 1855 1389 infusus
1877 1354 1998 1389 humor
2009 1365 2074 1389 non
2087 1355 2212 1397 poffet3
2236 1367 2340 1398 neque
2354 1358 2441 1390 enirn

1433 1403 1586 1443 ignoras,
1608 1400 1692 1435 arRe
1714 1409 1791 1433 cum
1812 1401 1928 1433 cranio
1938 1400 2121 1442 meningem
2143 1400 2233 1434 illam
2255 1399 2418 1434 cohaerere
2432 1421 2443 1437 ,

1433 1447 1466 1479 ὃ(
1487 1444 1564 1480 hinc
1587 1442 1762 1484 consequi,
1786 1451 1822 1476 ut
1846 1451 1984 1484 nequeat
2006 1453 2081 1476 cum
2103 1453 2170 1477 uno
2191 1444 2225 1476 in
2249 1453 2315 1485 quo
2339 1455 2356 1477 a
2374 1454 2444 1478 cra-

1436 1489 1493 1521 nio
1517 1489 1656 1530 separata
1678 1484 1717 1519 fit
1740 1486 1815 1520 loco
1833 1507 1844 1524 ,
1877 1485 1977 1526 alter,
2003 1486 2052 1519 vel
2076 1487 2358 1529 propinquussin
2372 1498 2441 1529 quo

1435 1532 1558 1574 pariter
1581 1531 1723 1573 separata
1745 1528 1807 1570 sit,
1829 1529 2071 1563 communicare
2085 1552 2095 1569 ‚
2121 1539 2176 1564 aut
2206 1539 2294 1564 certe
2315 1530 2362 1563 ita
2386 1542 2443 1563 ex-

1435 1573 1564 1617 pedite,
1588 1584 1625 1608 ut
1646 1583 1727 1615 opus
1738 1571 1811 1606 effet
1824 1581 1894 1606 tum
1908 1572 1947 1607 ad
1959 1572 2184 1612 subeundum,
2206 1582 2278 1607 tum
2301 1572 2340 1608 ad
2353 1585 2444 1616 egre-

1432 1617 1587 1652 diendum
1601 1642 1608 1649 .
1633 1616 1709 1650 Nec
1731 1627 1782 1649 me
1804 1617 1971 1658 praeterit‚
1993 1615 2114 1660 quibus
2124 1615 2443 1651 instrumentisChi-

1433 1661 1527 1703 rurgi
1562 1659 1680 1703 poffint
1705 1669 1830 1702 partem
1854 1659 1995 1703 aliquam
2021 1660 2181 1701 meningis
2216 1661 2401 1703 proximam
2425 1673 2444 1695 a

1432 1704 1570 1736 calvaria
1591 1703 1763 1739 diducere,
1786 1713 1909 1745 aegrum
1920 1710 2050 1741 autem,
2074 1701 2192 1745 spiritu
2207 1714 2265 1745 per
2287 1704 2444 1737 interval-

1434 1746 1465 1780 la
1488 1746 1642 1780 cohibito
1653 1756 1668 1783 ‚¹
1686 1743 1903 1780 cohaerentem
1926 1748 2093 1780 materiam
2117 1753 2255 1788 urgere,
2277 1747 2375 1788 eique
2397 1746 2446 1781 fa-

1434 1790 1585 1824 ciliorem
1611 1800 1650 1823 ex
1685 1789 1748 1823 suis
1779 1788 1942 1823 receffibus
1972 1792 2098 1823 exitum
2122 1799 2232 1831 parare
2253 1813 2262 1824 .
2300 1789 2361 1823 Sed
2394 1793 2446 1824 vi-

1430 1833 1530 1867 ciffim
1554 1832 1697 1876 pericula
1720 1843 1852 1875 quoque
1861 1833 1958 1867 video
1971 1854 1982 1872 ,
2007 1843 2045 1866 ne
2057 1831 2142 1866 forte
2155 1833 2340 1875 meningem
2354 1835 2444 1867 avel-

1430 1876 1551 1918 lendo,
1574 1875 1655 1922 hanc
1667 1875 1852 1916 Chirurgus
1876 1875 1996 1916 laedat,
2019 1885 2074 1910 aut
2098 1886 2154 1909 vas
2187 1875 2322 1918 aliquod
2345 1887 2383 1909 ex
2404 1878 2447 1911 iis

1431 1921 1532 1953 etiam
1557 1918 1743 1961 majusculis
1768 1919 1871 1951 violet
1894 1919 1992 1960 paulo
2015 1928 2089 1953 ante
2112 1920 2338 1961 memoratis,
2372 1931 2447 1962 quae

1433 1974 1491 2006 per
1511 1963 1709 1997 exteriorem
1732 1961 1821 1995 illius
1843 1960 1962 1996 faciem
1973 1963 2216 2005 prominentia,
2239 1963 2327 1997 intra
2338 1962 2448 1997 cal-va-

1432 2007 1493 2040 riae
1516 2005 1658 2039 ramosos
1680 2005 1756 2039 illos
1790 2004 1894 2039 sulcos
1923 2006 2049 2050 excipi,
2073 2005 2156 2039 nosti
2180 2018 2189 2038 τ
2225 2016 2331 2049 neque
2367 2005 2446 2041 istos

1431 2060 1499 2083 non
1523 2050 1625 2083 timeo
1635 2049 1825 2091 :egrotantis
1847 2059 1982 2083 conatus
1996 2073 2007 2090 ,
2029 2049 2051 2082 fi
2066 2048 2164 2084 modo
2177 2049 2337 2091 ‘imperata
2351 2050 2448 2084 audi-

1433 2104 1493 2132 re,
1518 2094 1549 2125 δε
1571 2092 1675 2126 facere
1697 2092 1724 2125 is
1746 2091 1862 2135 possit,
1886 2092 2052 2136 nequeille
2074 2093 2139 2126 sine
2163 2090 2252 2127 sensu
2268 2114 2279 2131 ‚
2302 2096 2440 2128 &motu

1434 2137 1596 2170 attonitus
1619 2135 1743 2179 jaceat.
1767 2136 1932 2169 Cohibito
1953 2137 2039 2170 enim
2053 2137 2171 2178 spiritu
2192 2136 2270 2170 dum
2291 2135 2445 2171 homines

1433 2181 1654 2214 connituntur
1667 2200 1676 2216 ‚
1700 2179 1771 2222 plus
1785 2179 1993 2222 sanguinisin
2005 2181 2114 2223 capite
2125 2180 2254 2214 retineri
2267 2202 2277 2219 ‚
2298 2182 2350 2214 vel
2365 2180 2448 2215 facie

1434 2235 1545 2258 eorum
1569 2221 1710 2266 inspecta
1733 2244 1743 2260 ‚
1776 2234 1814 2256 eo
1837 2231 1986 2265 tempore
2009 2232 2155 2257 tumente
2180 2244 2191 2261 ‚
2220 2226 2251 2257 δέ
2273 2225 2412 2259 rubente
2434 2246 2448 2263 ρ

1434 2266 1642 2301 manifestum
1664 2265 1708 2299 est
1731 2291 1740 2307 ,
1773 2264 1837 2299 sive
1858 2266 1948 2310 quod
1983 2266 2125 2309 undique
2149 2275 2228 2301 tunc
2253 2267 2361 2303 minus
2390 2268 2448 2301 ‘e‘x-

1435 2310 1561 2353 peditus
1576 2336 1586 2351 ,
1607 2311 1732 2343 otiante
1745 2308 1896 2344 videlicet
1920 2310 2074 2352 pulmone
2087 2334 2097 2349 ,
2120 2310 2164 2343 est
2187 2310 2351 2353 sanguinis
2364 2310 2447 2345 redi.

1434 2364 1488 2388 tus
1508 2363 1528 2395 ‚·
1554 2353 1620 2388 five
1662 2353 1761 2387 etiam
1803 2354 1849 2387 ob
1892 2364 1963 2387 eam
2006 2365 2106 2397 quam
2138 2353 2259 2396 ,credid
2269 2356 2297 2387 it
2328 2352 2446 2390 Santo-

1434 2399 1524 2440 rinus
1548 2401 1559 2437 (
1585 2408 1610 2440 z
1631 2398 1643 2435 )
1661 2418 1670 2435 ,
1695 2405 1748 2429 aut
1771 2396 1816 2430 ob
1839 2396 1936 2430 aliam
1959 2397 2102 2440 aliquam
2115 2396 2348 2439 ejusdemmodi
2369 2409 2447 2432 cau-

1435 2440 1500 2475 sff'm
1527 2463 1538 2481 ,
1569 2441 1673 2483 capiti
1697 2440 1914 2482 peculiarem.
1939 2441 2055 2484 Itaque
2078 2441 2202 2474 cerebri
2238 2442 2445 2484 turgentibus

1435 2479 1533 2522 vasis,
1554 2485 1685 2517 ‘Tenuis
1707 2484 1840 2516 meninx
1850 2484 1995 2526 undique
2019 2484 2056 2518 ad
2067 2483 2213 2518 Craffam
2236 2493 2390 2528 urgetur,
2414 2488 2447 2517 &

1436 2527 1543 2570 siquid
1566 2526 1713 2560 humoris
1735 2527 1823 2560 inter
1846 2526 1951 2565 hanc,
1974 2529 2006 2559 &
2028 2528 2176 2561 cranium
2201 2527 2288 2562 sorte
2307 2530 2445 2563 interce-

1437 2571 1514 2611 dit,
1534 2569 1568 2604 id
1578 2581 1646 2613 quo
1669 2572 1778 2613 minor
1800 2568 1975 2604 resistentia
1998 2571 2061 2609 est,
2085 2581 2142 2612 per
2153 2581 2301 2613 apertum
2323 2574 2358 2606 in
2381 2571 2445 2606 hoc

1437 2613 1583 2648 foramen
1605 2613 1762 2654 eliditur,
1785 2613 1808 2647 fi
1831 2614 1964 2656 quidem
1987 2612 2052 2647 huc
2077 2624 2141 2647 non
2152 2614 2360 2649 interclusum
2375 2616 2445 2649 adi-

1438 2668 1511 2692 tum
1535 2656 1649 2691 habeat
1662 2682 1671 2691 .
1696 2658 1823 2690 Verum
1842 2655 2034 2690 &vasorum
2046 2656 2199 2692 distentio
2211 2668 2304 2692 novae
2315 2659 2445 2702 sangui-

1433 2703 1485 2736 nis
1508 2711 1563 2745 per
1587 2699 1657 2734 laesa
1669 2700 1739 2734 vasa
1750 2701 1940 2743 eruptioni,
1961 2700 2100 2734 &nimis
2111 2701 2276 2739 violenta,
2302 2714 2336 2736 ac
2348 2704 2444 2736 nimis

1434 2745 1514 2788 saepe
1537 2745 1671 2787 repetita
1681 2742 1800 2777 Craffae
1824 2743 1983 2786 meningis
1994 2743 2183 2787 compressio
2204 2744 2444 2786 hujusinssam-

1439 2788 1735 2830 mationipraebere
1758 2786 1884 2821 causam
1916 2785 2022 2830 potest
2048 2810 2056 2818 .
2092 2787 2302 2822 Utrumlibet
2334 2798 2444 2824 autem

1438 2832 1557 2867 horum
1582 2833 1717 2865 minime
1738 2830 1842 2865 {acere
1867 2829 1906 2864 ad
1928 2840 2050 2873 aegrum
2082 2829 2274 2866 servandum
2290 2855 2301 2873 ,
2325 2833 2411 2866 vides
2433 2857 2444 2866 .

1571 2875 1628 2909 Est
1650 2884 1802 2917 praeterea
1825 2875 1951 2916 sanguis
1973 2871 2140 2909 interdum
2161 2873 2308 2917 fluxilis,
2330 2879 2362 2909 δι
2384 2879 2444 2919 qui

1439 2929 1495 2961 per
1518 2916 1601 2954 illud
1627 2916 1773 2952 foramen
1799 2917 1892 2961 poffit
1902 2916 2007 2956 elabi3
2031 2916 2083 2951 sed
2105 2928 2140 2951 ea
2152 2920 2269 2962 copia,
2291 2929 2327 2953 ut
2338 2919 2444 2963 prius-

1437 2973 1535 3002 quam
1548 2962 1723 3001 educatur,
1747 2961 1912 2996 cerebrum
1924 2959 2003 2995 adeo
2026 2959 2193 3004 presserit,
2216 2972 2253 2997 ut
2264 2973 2300 2996 ex
2313 2975 2346 2996 ea
2358 2962 2444 3005 pres-

1440 3005 1528 3040 sione
1550 3005 1679 3040 homini
1704 3004 1908 3040 moriendum
1930 3003 1992 3045 sit,
2014 3003 2197 3047 cujusmodi
2212 3005 2312 3039 ferme
2336 3017 2444 3040 exem-

1439 3049 1530 3091 plum
1564 3048 1660 3083 habes
1682 3050 1717 3083 in
1748 3059 1810 3088 una
1842 3049 1942 3082 etiam
1965 3059 2005 3082 ex
2028 3048 2144 3082 nostris
2175 3049 2328 3092 Epistolis
2351 3051 2444 3084 Ana-

1438 3093 1572 3127 tomicis
1597 3097 1608 3132 (
1631 3103 1649 3126 a
1670 3096 1685 3133 >
1706 3116 1717 3127 .
1749 3092 1826 3125 Huc
1849 3090 1928 3125 adde
1953 3116 1963 3131 ,
1996 3090 2131 3135 potuisse
2153 3093 2365 3136 corruptione
2387 3093 2443 3127 sua

1441 3135 1507 3178 jam
1534 3135 1649 3170 lethale
1672 3136 1788 3170 vitium
1812 3135 2018 3178 meningibus
2051 3133 2212 3171 attulisse.
2385 3138 2443 3170 In-

1443 3178 1536 3221 super
1556 3190 1629 3222 quae
1651 3179 1691 3214 de
1725 3179 1876 3220 sanguine
1896 3177 1965 3212 dixi
1989 3202 1999 3218 ‚
2034 3180 2145 3212 omnia
2176 3179 2218 3213 de
2248 3190 2325 3222 pure
2356 3191 2443 3223 quo-

1444 3234 1508 3265 que
1530 3248 1543 3265 ,
1574 3222 1638 3257 sive
1673 3222 1772 3256 mavis
1793 3221 1833 3255 de
1857 3221 1965 3263 sanie,
1988 3224 2019 3255 &
2041 3222 2155 3257 ichore
2188 3222 2276 3257 di&a
2299 3233 2415 3266 putato
2430 3245 2441 3254 .

1573 3265 1666 3308 Qid
1689 3268 1789 3299 vero?
1811 3264 1833 3297 fi
1857 3263 1941 3299 nihil
1963 3264 2081 3299 horum
2113 3264 2169 3304 fit,
2194 3267 2355 3302 concussio
2386 3278 2441 3299 au-

1440 3317 1508 3342 tem
1529 3310 1655 3343 cerebri
1680 3317 1770 3342 tanta
1792 3307 1911 3347 fuerit,
1939 3318 1975 3342 ut
2000 3309 2150 3342 intimam
2171 3309 2270 3353 ipfius
2303 3309 2439 3344 strubin-

1438 3363 1507 3385 ram
1531 3354 1750 3395 maximopere
1786 3352 1971 3386 vitiaverit.
1994 3352 2138 3394 Relege,
2160 3352 2290 3396 quaeso,
2316 3353 2438 3386 Obser-

1439 3396 1607 3430 vationem
1629 3395 1740 3432 stulti,
1765 3395 1808 3429 ob
1831 3395 1960 3430 allisum
1984 3394 2191 3430 vehementer
2212 3405 2310 3438 caput
2334 3396 2437 3430 extin-

1437 3439 1481 3472 eti
1499 3464 1508 3479 ‚
1531 3450 1631 3483 quam
1653 3438 1796 3482 Epistola
1820 3438 1859 3473 ad
1882 3448 1913 3472 te
1936 3437 2039 3473 VIII.
2064 3437 2117 3482 (b
2141 3442 2152 3477 )
2185 3438 2403 3481 descripfimus
2424 3458 2437 3476 ‚

1436 3484 1467 3514 &
1489 3493 1563 3517 cum
1588 3494 1622 3516 ea
1644 3481 1755 3516 confer
1786 3482 1969 3522 damnati,
1998 3493 2097 3525 quam
2129 3494 2168 3516 ex
2201 3483 2327 3516 Littrio
2358 3489 2438 3515 tunc

1436 3525 1662 3561 adnotavimus
1674 3526 1733 3569 (c)
1745 3548 1756 3565 ‚
1781 3528 1813 3560 &
1835 3526 1875 3561 ad
1884 3536 1982 3570 quam
1994 3524 2213 3569 superioribus
2224 3525 2359 3560 Litteris
2370 3526 2383 3562 <
2394 3525 2434 3563 d)

2305 3577 2393 3601 (Om-

1749 3663 1798 3698 (jq
1813 3663 1827 3691 Ἰ
1844 3662 1938 3693 Syllog.
1954 3659 2016 3688 obs.
2034 3662 2103 3687 Med.
2121 3662 2188 3687 chit.
2208 3667 2245 3690 ¹4·

1477 3756 1583 3787 (eju⁴
1604 3756 1644 3780 18.
1706 3754 1880 3784 (d2n.1e.
