<?xml version="1.0" encoding="UTF-8"?>
<!DOCTYPE html PUBLIC "-//W3C//DTD XHTML 1.0 Transitional//EN"
    "http://www.w3.org/TR/xhtml1/DTD/xhtml1-transitional.dtd">
<html xmlns="http://www.w3.org/1999/xhtml" xml:lang="en" lang="en">
 <head>
  <title>
</title>
<meta http-equiv="Content-Type" content="text/html;charset=utf-8" />
  <meta name='ocr-system' content='tesseract 3.04.00' />
  <meta name='ocr-capabilities' content='ocr_page ocr_carea ocr_par ocr_line ocrx_word'/>
</head>
<body>
  <div class='ocr_page' id='page_1' title='image "./desedibusetcausi00morg_0118.png"; bbox 0 0 2498 4075; ppageno 0'>
   <div class='ocr_carea' id='block_1_1' title="bbox 407 148 1343 206">
    <p class='ocr_par' dir='ltr' id='par_1_1' title="bbox 407 148 1343 206">
     <span class='ocr_line' id='line_1_1' title="bbox 407 148 1343 206; baseline -0.005 0"><span class='ocrx_word' id='word_1_1' title='bbox 407 167 473 206; x_wconf 86' lang='lat'>20</span> <span class='ocrx_word' id='word_1_2' title='bbox 995 149 1154 206; x_wconf 67' lang='lat' dir='ltr'>Uber</span> <span class='ocrx_word' id='word_1_3' title='bbox 1185 151 1223 201; x_wconf 88' lang='lat'>1.</span> <span class='ocrx_word' id='word_1_4' title='bbox 1252 148 1343 203; x_wconf 84' lang='lat' dir='ltr'>De</span> 
     </span>
    </p>
   </div>
   <div class='ocr_carea' id='block_1_2' title="bbox 278 225 1341 3498">
    <p class='ocr_par' dir='ltr' id='par_1_2' title="bbox 338 225 1341 275">
     <span class='ocr_line' id='line_1_2' title="bbox 338 225 1341 275; baseline -0.007 -10"><span class='ocrx_word' id='word_1_5' title='bbox 338 233 445 275; x_wconf 72' lang='lat' dir='ltr'>plexia</span> <span class='ocrx_word' id='word_1_6' title='bbox 475 228 616 265; x_wconf 75' lang='lat' dir='ltr'>Medico·</span> <span class='ocrx_word' id='word_1_7' title='bbox 642 228 758 264; x_wconf 81' lang='lat' dir='ltr'>obstiti</span> <span class='ocrx_word' id='word_1_8' title='bbox 791 240 853 263; x_wconf 91' lang='lat' dir='ltr'>non</span> <span class='ocrx_word' id='word_1_9' title='bbox 890 225 1030 270; x_wconf 73' lang='lat' dir='ltr'>ignobili</span> <span class='ocrx_word' id='word_1_10' title='bbox 1054 248 1068 266; x_wconf 91' lang='lat'>,</span> <span class='ocrx_word' id='word_1_11' title='bbox 1100 225 1190 261; x_wconf 74' lang='lat' dir='ltr'>{ectae</span> <span class='ocrx_word' id='word_1_12' title='bbox 1221 227 1341 268; x_wconf 87' lang='lat' dir='ltr'>Empi-</span> 
     </span>
    </p>

    <p class='ocr_par' dir='ltr' id='par_1_3' title="bbox 307 268 1341 2231">
     <span class='ocr_line' id='line_1_3' title="bbox 345 268 1341 310; baseline -0.005 -3"><span class='ocrx_word' id='word_1_13' title='bbox 345 278 487 310; x_wconf 82' lang='lat' dir='ltr'>ricorum</span> <span class='ocrx_word' id='word_1_14' title='bbox 511 271 641 306; x_wconf 63' lang='lat' dir='ltr'>additsto</span> <span class='ocrx_word' id='word_1_15' title='bbox 661 295 671 310; x_wconf 93' lang='lat'>,</span> <span class='ocrx_word' id='word_1_16' title='bbox 703 283 741 306; x_wconf 81' lang='lat' dir='ltr'>ne</span> <span class='ocrx_word' id='word_1_17' title='bbox 773 274 933 306; x_wconf 90' lang='lat' dir='ltr'>vomitum</span> <span class='ocrx_word' id='word_1_18' title='bbox 956 270 1097 305; x_wconf 80' lang='lat' dir='ltr'>excitans</span> <span class='ocrx_word' id='word_1_19' title='bbox 1129 268 1304 304; x_wconf 85' lang='lat' dir='ltr'>remedium</span> <span class='ocrx_word' id='word_1_20' title='bbox 1328 292 1341 309; x_wconf 83' lang='lat'>,</span> 
     </span>
     <span class='ocr_line' id='line_1_4' title="bbox 338 312 1337 362; baseline -0.009 -8"><span class='ocrx_word' id='word_1_21' title='bbox 338 318 429 362; x_wconf 79' lang='lat' dir='ltr'>quod</span> <span class='ocrx_word' id='word_1_22' title='bbox 453 328 509 351; x_wconf 89' lang='lat' dir='ltr'>nec</span> <span class='ocrx_word' id='word_1_23' title='bbox 533 315 691 358; x_wconf 87' lang='lat' dir='ltr'>deglutiri</span> <span class='ocrx_word' id='word_1_24' title='bbox 714 315 887 360; x_wconf 84' lang='lat' dir='ltr'>potuisset,</span> <span class='ocrx_word' id='word_1_25' title='bbox 910 316 944 347; x_wconf 87' lang='lat' dir='ltr'>in</span> <span class='ocrx_word' id='word_1_26' title='bbox 974 325 1011 347; x_wconf 83' lang='lat' dir='ltr'>os</span> <span class='ocrx_word' id='word_1_27' title='bbox 1034 312 1234 357; x_wconf 81' lang='lat' dir='ltr'>conjiceret,</span> <span class='ocrx_word' id='word_1_28' title='bbox 1267 322 1337 345; x_wconf 89' lang='lat' dir='ltr'>tum</span> 
     </span>
     <span class='ocr_line' id='line_1_5' title="bbox 339 355 1339 403; baseline -0.008 -7"><span class='ocrx_word' id='word_1_29' title='bbox 339 363 460 401; x_wconf 84' lang='lat' dir='ltr'>alteri,</span> <span class='ocrx_word' id='word_1_30' title='bbox 483 360 561 403; x_wconf 89' lang='lat' dir='ltr'>qui,</span> <span class='ocrx_word' id='word_1_31' title='bbox 585 371 636 392; x_wconf 89' lang='lat' dir='ltr'>me</span> <span class='ocrx_word' id='word_1_32' title='bbox 658 359 817 403; x_wconf 84' lang='lat' dir='ltr'>digresso,</span> <span class='ocrx_word' id='word_1_33' title='bbox 841 360 875 391; x_wconf 89' lang='lat' dir='ltr'>in</span> <span class='ocrx_word' id='word_1_34' title='bbox 899 359 979 391; x_wconf 80' lang='lat' dir='ltr'>Tira</span> <span class='ocrx_word' id='word_1_35' title='bbox 1003 356 1174 397; x_wconf 82' lang='lat' dir='ltr'>adhibuit,</span> <span class='ocrx_word' id='word_1_36' title='bbox 1196 355 1339 389; x_wconf 89' lang='lat' dir='ltr'>obstitis-</span> 
     </span>
     <span class='ocr_line' id='line_1_6' title="bbox 336 399 1339 446; baseline -0.007 -7"><span class='ocrx_word' id='word_1_37' title='bbox 336 406 418 439; x_wconf 88' lang='lat' dir='ltr'>sem.</span> <span class='ocrx_word' id='word_1_38' title='bbox 444 405 493 437; x_wconf 92' lang='lat' dir='ltr'>At</span> <span class='ocrx_word' id='word_1_39' title='bbox 516 406 602 436; x_wconf 88' lang='lat' dir='ltr'>enim</span> <span class='ocrx_word' id='word_1_40' title='bbox 625 403 702 438; x_wconf 89' lang='lat' dir='ltr'>huic</span> <span class='ocrx_word' id='word_1_41' title='bbox 724 415 793 446; x_wconf 83' lang='lat' dir='ltr'>quae</span> <span class='ocrx_word' id='word_1_42' title='bbox 818 412 916 444; x_wconf 82' lang='lat' dir='ltr'>nuper</span> <span class='ocrx_word' id='word_1_43' title='bbox 938 401 974 434; x_wconf 92' lang='lat' dir='ltr'>in</span> <span class='ocrx_word' id='word_1_44' title='bbox 1004 412 1095 434; x_wconf 84' lang='lat' dir='ltr'>coena</span> <span class='ocrx_word' id='word_1_45' title='bbox 1128 399 1300 442; x_wconf 84' lang='lat' dir='ltr'>sumpserat</span> <span class='ocrx_word' id='word_1_46' title='bbox 1327 424 1339 441; x_wconf 87' lang='lat'>,</span> 
     </span>
     <span class='ocr_line' id='line_1_7' title="bbox 336 442 1338 491; baseline -0.004 -10"><span class='ocrx_word' id='word_1_47' title='bbox 336 457 426 481; x_wconf 81' lang='lat' dir='ltr'>erant</span> <span class='ocrx_word' id='word_1_48' title='bbox 450 471 460 486; x_wconf 88' lang='lat'>,</span> <span class='ocrx_word' id='word_1_49' title='bbox 485 449 632 491; x_wconf 83' lang='lat' dir='ltr'>inquies,</span> <span class='ocrx_word' id='word_1_50' title='bbox 656 459 672 479; x_wconf 92' lang='lat' dir='ltr'>e</span> <span class='ocrx_word' id='word_1_51' title='bbox 695 445 874 480; x_wconf 91' lang='lat' dir='ltr'>ventriculo</span> <span class='ocrx_word' id='word_1_52' title='bbox 896 455 951 487; x_wconf 90' lang='lat' dir='ltr'>per</span> <span class='ocrx_word' id='word_1_53' title='bbox 974 446 1138 478; x_wconf 86' lang='lat' dir='ltr'>vomitum</span> <span class='ocrx_word' id='word_1_54' title='bbox 1170 442 1338 477; x_wconf 87' lang='lat' dir='ltr'>detrahen-</span> 
     </span>
     <span class='ocr_line' id='line_1_8' title="bbox 333 486 1337 532; baseline -0.004 -7"><span class='ocrx_word' id='word_1_55' title='bbox 333 493 396 532; x_wconf 87' lang='lat' dir='ltr'>da,</span> <span class='ocrx_word' id='word_1_56' title='bbox 420 502 458 525; x_wconf 88' lang='lat' dir='ltr'>ne</span> <span class='ocrx_word' id='word_1_57' title='bbox 481 503 560 525; x_wconf 88' lang='lat' dir='ltr'>mox</span> <span class='ocrx_word' id='word_1_58' title='bbox 581 494 615 523; x_wconf 92' lang='lat' dir='ltr'>in</span> <span class='ocrx_word' id='word_1_59' title='bbox 637 492 704 523; x_wconf 88' lang='lat' dir='ltr'>vias</span> <span class='ocrx_word' id='word_1_60' title='bbox 729 489 888 531; x_wconf 75' lang='lat' dir='ltr'>sanguinis</span> <span class='ocrx_word' id='word_1_61' title='bbox 913 488 1108 521; x_wconf 85' lang='lat' dir='ltr'>transeuntia</span> <span class='ocrx_word' id='word_1_62' title='bbox 1131 512 1144 528; x_wconf 88' lang='lat'><em>‚</em></span> <span class='ocrx_word' id='word_1_63' title='bbox 1177 486 1273 529; x_wconf 81' lang='lat' dir='ltr'>hujus</span> <span class='ocrx_word' id='word_1_64' title='bbox 1306 491 1337 521; x_wconf 86' lang='lat'>&amp;</span> 
     </span>
     <span class='ocr_line' id='line_1_9' title="bbox 331 531 1338 578; baseline -0.008 -9"><span class='ocrx_word' id='word_1_65' title='bbox 331 536 485 578; x_wconf 88' lang='lat' dir='ltr'>copiam,</span> <span class='ocrx_word' id='word_1_66' title='bbox 507 538 539 568; x_wconf 87' lang='lat'>&amp;</span> <span class='ocrx_word' id='word_1_67' title='bbox 563 535 723 577; x_wconf 86' lang='lat' dir='ltr'>impetum</span> <span class='ocrx_word' id='word_1_68' title='bbox 746 541 912 575; x_wconf 88' lang='lat' dir='ltr'>augerent.</span> <span class='ocrx_word' id='word_1_69' title='bbox 938 531 1132 573; x_wconf 89' lang='lat' dir='ltr'>Optandum</span> <span class='ocrx_word' id='word_1_70' title='bbox 1155 531 1189 562; x_wconf 88' lang='lat' dir='ltr'>id</span> <span class='ocrx_word' id='word_1_71' title='bbox 1219 539 1303 563; x_wconf 86' lang='lat' dir='ltr'>certe</span> <span class='ocrx_word' id='word_1_72' title='bbox 1324 554 1338 570; x_wconf 85' lang='lat'>,</span> 
     </span>
     <span class='ocr_line' id='line_1_10' title="bbox 331 575 1336 618; baseline -0.004 -7"><span class='ocrx_word' id='word_1_73' title='bbox 331 578 353 611; x_wconf 83' lang='lat' dir='ltr'>si</span> <span class='ocrx_word' id='word_1_74' title='bbox 373 579 446 612; x_wconf 76' lang='lat' dir='ltr'>fieri</span> <span class='ocrx_word' id='word_1_75' title='bbox 470 578 533 611; x_wconf 80' lang='lat' dir='ltr'>sine</span> <span class='ocrx_word' id='word_1_76' title='bbox 555 588 673 611; x_wconf 75' lang='lat' dir='ltr'>conatu</span> <span class='ocrx_word' id='word_1_77' title='bbox 696 576 848 618; x_wconf 82' lang='lat' dir='ltr'>potuisset</span> <span class='ocrx_word' id='word_1_78' title='bbox 874 600 881 607; x_wconf 90' lang='lat'><strong><em>.</em></strong></span> <span class='ocrx_word' id='word_1_79' title='bbox 917 575 1024 608; x_wconf 86' lang='lat' dir='ltr'>Aliter</span> <span class='ocrx_word' id='word_1_80' title='bbox 1048 598 1058 613; x_wconf 90' lang='lat'>,</span> <span class='ocrx_word' id='word_1_81' title='bbox 1105 583 1198 607; x_wconf 86' lang='lat' dir='ltr'>tanto</span> <span class='ocrx_word' id='word_1_82' title='bbox 1230 575 1336 607; x_wconf 88' lang='lat' dir='ltr'>minus</span> 
     </span>
     <span class='ocr_line' id='line_1_11' title="bbox 331 617 1337 663; baseline -0.006 -8"><span class='ocrx_word' id='word_1_83' title='bbox 331 621 542 661; x_wconf 85' lang='lat' dir='ltr'>tentandum,</span> <span class='ocrx_word' id='word_1_84' title='bbox 563 620 650 663; x_wconf 88' lang='lat' dir='ltr'>quod</span> <span class='ocrx_word' id='word_1_85' title='bbox 673 618 755 653; x_wconf 88' lang='lat' dir='ltr'>illud</span> <span class='ocrx_word' id='word_1_86' title='bbox 777 617 906 661; x_wconf 85' lang='lat' dir='ltr'>quidem</span> <span class='ocrx_word' id='word_1_87' title='bbox 929 617 1079 652; x_wconf 90' lang='lat' dir='ltr'>futurum</span> <span class='ocrx_word' id='word_1_88' title='bbox 1101 617 1263 659; x_wconf 78' lang='lat' dir='ltr'>sanguinis</span> <span class='ocrx_word' id='word_1_89' title='bbox 1285 618 1337 649; x_wconf 89' lang='lat' dir='ltr'>in-</span> 
     </span>
     <span class='ocr_line' id='line_1_12' title="bbox 330 659 1338 706; baseline -0.006 -8"><span class='ocrx_word' id='word_1_90' title='bbox 330 675 550 705; x_wconf 82' lang='lat' dir='ltr'>crementum,</span> <span class='ocrx_word' id='word_1_91' title='bbox 572 663 666 706; x_wconf 64' lang='lat' dir='ltr'>huius</span> <span class='ocrx_word' id='word_1_92' title='bbox 690 664 816 706; x_wconf 82' lang='lat' dir='ltr'>praeviis</span> <span class='ocrx_word' id='word_1_93' title='bbox 837 662 1091 695; x_wconf 73' lang='lat' dir='ltr'>detrafflonibus</span> <span class='ocrx_word' id='word_1_94' title='bbox 1123 661 1257 693; x_wconf 88' lang='lat' dir='ltr'>irritum</span> <span class='ocrx_word' id='word_1_95' title='bbox 1290 659 1338 692; x_wconf 89' lang='lat' dir='ltr'>fa-</span> 
     </span>
     <span class='ocr_line' id='line_1_13' title="bbox 330 702 1340 749; baseline -0.006 -7"><span class='ocrx_word' id='word_1_96' title='bbox 330 721 399 742; x_wconf 89' lang='lat' dir='ltr'>cere</span> <span class='ocrx_word' id='word_1_97' title='bbox 422 709 559 746; x_wconf 70' lang='lat' dir='ltr'>licebat,</span> <span class='ocrx_word' id='word_1_98' title='bbox 583 706 716 749; x_wconf 82' lang='lat' dir='ltr'>praesens</span> <span class='ocrx_word' id='word_1_99' title='bbox 738 716 846 740; x_wconf 82' lang='lat' dir='ltr'>autem</span> <span class='ocrx_word' id='word_1_100' title='bbox 870 718 885 738; x_wconf 89' lang='lat' dir='ltr'>a</span> <span class='ocrx_word' id='word_1_101' title='bbox 910 706 1080 739; x_wconf 89' lang='lat' dir='ltr'>conatibus</span> <span class='ocrx_word' id='word_1_102' title='bbox 1102 729 1114 745; x_wconf 89' lang='lat'>,</span> <span class='ocrx_word' id='word_1_103' title='bbox 1150 705 1182 736; x_wconf 89' lang='lat'>&amp;</span> <span class='ocrx_word' id='word_1_104' title='bbox 1205 702 1340 737; x_wconf 89' lang='lat' dir='ltr'>concus-</span> 
     </span>
     <span class='ocr_line' id='line_1_14' title="bbox 328 746 1338 793; baseline -0.005 -8"><span class='ocrx_word' id='word_1_105' title='bbox 328 752 470 785; x_wconf 83' lang='lat' dir='ltr'>fionibus</span> <span class='ocrx_word' id='word_1_106' title='bbox 494 750 642 793; x_wconf 70' lang='lat' dir='ltr'>augendae</span> <span class='ocrx_word' id='word_1_107' title='bbox 666 750 812 784; x_wconf 85' lang='lat' dir='ltr'>vasorum</span> <span class='ocrx_word' id='word_1_108' title='bbox 836 749 1045 791; x_wconf 83' lang='lat' dir='ltr'>disruptionis</span> <span class='ocrx_word' id='word_1_109' title='bbox 1064 771 1077 787; x_wconf 86' lang='lat'>‚</span> <span class='ocrx_word' id='word_1_110' title='bbox 1112 750 1143 780; x_wconf 74' lang='grc' dir='ltr'>ἃ</span> <span class='ocrx_word' id='word_1_111' title='bbox 1177 746 1338 789; x_wconf 80' lang='lat' dir='ltr'>sanguinis</span> 
     </span>
     <span class='ocr_line' id='line_1_15' title="bbox 327 791 1337 838; baseline -0.006 -10"><span class='ocrx_word' id='word_1_112' title='bbox 327 793 488 829; x_wconf 80' lang='lat' dir='ltr'>effusionis</span> <span class='ocrx_word' id='word_1_113' title='bbox 511 795 687 838; x_wconf 85' lang='lat' dir='ltr'>periculum</span> <span class='ocrx_word' id='word_1_114' title='bbox 710 792 859 834; x_wconf 87' lang='lat' dir='ltr'>impediri</span> <span class='ocrx_word' id='word_1_115' title='bbox 883 801 1080 836; x_wconf 80' lang='lat' dir='ltr'>nequaquam</span> <span class='ocrx_word' id='word_1_116' title='bbox 1103 797 1248 834; x_wconf 84' lang='lat' dir='ltr'>poterat.</span> <span class='ocrx_word' id='word_1_117' title='bbox 1264 791 1337 823; x_wconf 92' lang='lat' dir='ltr'>No-</span> 
     </span>
     <span class='ocr_line' id='line_1_16' title="bbox 326 835 1335 882; baseline -0.004 -12"><span class='ocrx_word' id='word_1_118' title='bbox 326 842 358 871; x_wconf 78' lang='lat' dir='ltr'>vi</span> <span class='ocrx_word' id='word_1_119' title='bbox 381 851 444 882; x_wconf 82' lang='lat' dir='ltr'>ego</span> <span class='ocrx_word' id='word_1_120' title='bbox 466 839 586 874; x_wconf 87' lang='lat' dir='ltr'>Virum</span> <span class='ocrx_word' id='word_1_121' title='bbox 610 836 895 879; x_wconf 71' lang='lat' dir='ltr'>generosissimum,</span> <span class='ocrx_word' id='word_1_122' title='bbox 919 845 974 868; x_wconf 89' lang='lat' dir='ltr'>nec</span> <span class='ocrx_word' id='word_1_123' title='bbox 997 835 1092 868; x_wconf 88' lang='lat' dir='ltr'>illum</span> <span class='ocrx_word' id='word_1_124' title='bbox 1114 845 1215 868; x_wconf 90' lang='lat' dir='ltr'>unum</span> <span class='ocrx_word' id='word_1_125' title='bbox 1236 837 1335 873; x_wconf 86' lang='lat' dir='ltr'>(n),</span> 
     </span>
     <span class='ocr_line' id='line_1_17' title="bbox 325 877 1334 924; baseline -0.005 -10"><span class='ocrx_word' id='word_1_126' title='bbox 325 884 381 924; x_wconf 86' lang='lat' dir='ltr'>qui</span> <span class='ocrx_word' id='word_1_127' title='bbox 405 893 480 916; x_wconf 85' lang='lat' dir='ltr'>curn</span> <span class='ocrx_word' id='word_1_128' title='bbox 502 882 650 920; x_wconf 69' lang='lat' dir='ltr'>sanguine</span> <span class='ocrx_word' id='word_1_129' title='bbox 673 880 784 923; x_wconf 88' lang='lat' dir='ltr'>plenus</span> <span class='ocrx_word' id='word_1_130' title='bbox 806 880 880 914; x_wconf 82' lang='lat' dir='ltr'>esset</span> <span class='ocrx_word' id='word_1_131' title='bbox 903 903 915 920; x_wconf 84' lang='lat'>‚</span> <span class='ocrx_word' id='word_1_132' title='bbox 956 879 991 911; x_wconf 90' lang='lat' dir='ltr'>in</span> <span class='ocrx_word' id='word_1_133' title='bbox 1031 877 1235 911; x_wconf 77' lang='lat' dir='ltr'>exonerandae</span> <span class='ocrx_word' id='word_1_134' title='bbox 1267 877 1334 910; x_wconf 90' lang='lat' dir='ltr'>alvi</span> 
     </span>
     <span class='ocr_line' id='line_1_18' title="bbox 322 919 1329 966; baseline -0.003 -10"><span class='ocrx_word' id='word_1_135' title='bbox 322 934 441 959; x_wconf 84' lang='lat' dir='ltr'>conatu</span> <span class='ocrx_word' id='word_1_136' title='bbox 464 923 631 958; x_wconf 70' lang='lat' dir='ltr'>fortissima</span> <span class='ocrx_word' id='word_1_137' title='bbox 655 924 823 966; x_wconf 80' lang='lat' dir='ltr'>apoplexia</span> <span class='ocrx_word' id='word_1_138' title='bbox 847 923 996 964; x_wconf 89' lang='lat' dir='ltr'>abreptus</span> <span class='ocrx_word' id='word_1_139' title='bbox 1019 921 1062 956; x_wconf 88' lang='lat' dir='ltr'>est</span> <span class='ocrx_word' id='word_1_140' title='bbox 1087 934 1098 954; x_wconf 78' lang='lat'>.-</span> <span class='ocrx_word' id='word_1_141' title='bbox 1140 919 1226 954; x_wconf 84' lang='lat' dir='ltr'>vidit</span> <span class='ocrx_word' id='word_1_142' title='bbox 1247 932 1329 966; x_wconf 88' lang='lat' dir='ltr'>quo-</span> 
     </span>
     <span class='ocr_line' id='line_1_19' title="bbox 321 964 1328 1010; baseline -0.005 -9"><span class='ocrx_word' id='word_1_143' title='bbox 321 980 384 1010; x_wconf 85' lang='lat' dir='ltr'>que</span> <span class='ocrx_word' id='word_1_144' title='bbox 408 992 420 1009; x_wconf 83' lang='lat'>,</span> <span class='ocrx_word' id='word_1_145' title='bbox 467 971 497 1002; x_wconf 76' lang='grc' dir='ltr'>δι</span> <span class='ocrx_word' id='word_1_146' title='bbox 523 966 708 1002; x_wconf 65' lang='lat' dir='ltr'>dissectione</span> <span class='ocrx_word' id='word_1_147' title='bbox 730 978 796 1000; x_wconf 89' lang='lat' dir='ltr'>rem</span> <span class='ocrx_word' id='word_1_148' title='bbox 817 966 1020 1000; x_wconf 82' lang='lat' dir='ltr'>confirmavit</span> <span class='ocrx_word' id='word_1_149' title='bbox 1042 988 1055 1006; x_wconf 86' lang='lat'>‚</span> <span class='ocrx_word' id='word_1_150' title='bbox 1099 973 1136 999; x_wconf 91' lang='lat' dir='ltr'>ut</span> <span class='ocrx_word' id='word_1_151' title='bbox 1161 964 1237 998; x_wconf 85' lang='lat' dir='ltr'>alibi</span> <span class='ocrx_word' id='word_1_152' title='bbox 1260 967 1328 1005; x_wconf 88' lang='grc' dir='ltr'>(ο)</span> 
     </span>
     <span class='ocr_line' id='line_1_20' title="bbox 323 1008 1328 1055; baseline -0.006 -10"><span class='ocrx_word' id='word_1_153' title='bbox 323 1011 465 1055; x_wconf 86' lang='lat' dir='ltr'>scripsi,</span> <span class='ocrx_word' id='word_1_154' title='bbox 511 1012 658 1046; x_wconf 82' lang='lat' dir='ltr'>Valsalva</span> <span class='ocrx_word' id='word_1_155' title='bbox 680 1036 688 1043; x_wconf 89' lang='lat'>.</span> <span class='ocrx_word' id='word_1_156' title='bbox 733 1011 809 1045; x_wconf 87' lang='lat' dir='ltr'>Huc</span> <span class='ocrx_word' id='word_1_157' title='bbox 843 1008 993 1051; x_wconf 84' lang='lat' dir='ltr'>Adolphi</span> <span class='ocrx_word' id='word_1_158' title='bbox 1025 1012 1116 1051; x_wconf 86' lang='lat' dir='ltr'>(p)</span> <span class='ocrx_word' id='word_1_159' title='bbox 1146 1008 1328 1041; x_wconf 87' lang='lat' dir='ltr'>observatio</span> 
     </span>
     <span class='ocr_line' id='line_1_21' title="bbox 325 1050 1330 1099; baseline -0.005 -10"><span class='ocrx_word' id='word_1_160' title='bbox 325 1058 468 1099; x_wconf 83' lang='lat' dir='ltr'>pertinet</span> <span class='ocrx_word' id='word_1_161' title='bbox 491 1054 621 1089; x_wconf 87' lang='lat' dir='ltr'>lethalis</span> <span class='ocrx_word' id='word_1_162' title='bbox 645 1054 823 1098; x_wconf 78' lang='lat' dir='ltr'>apoplexiae</span> <span class='ocrx_word' id='word_1_163' title='bbox 847 1065 884 1088; x_wconf 85' lang='lat' dir='ltr'>ex</span> <span class='ocrx_word' id='word_1_164' title='bbox 906 1054 983 1087; x_wconf 78' lang='lat' dir='ltr'>nixu</span> <span class='ocrx_word' id='word_1_165' title='bbox 997 1050 1131 1094; x_wconf 81' lang='lat' dir='ltr'>fortiori</span> <span class='ocrx_word' id='word_1_166' title='bbox 1153 1052 1196 1085; x_wconf 56' lang='grc' dir='ltr'><em>Θ</em></span> <span class='ocrx_word' id='word_1_167' title='bbox 1217 1052 1330 1085; x_wconf 82' lang='lat' dir='ltr'>intem-</span> 
     </span>
     <span class='ocr_line' id='line_1_22' title="bbox 321 1094 1331 1142; baseline -0.006 -10"><span class='ocrx_word' id='word_1_168' title='bbox 321 1098 463 1142; x_wconf 67' lang='lat' dir='ltr'>pestivo,</span> <span class='ocrx_word' id='word_1_169' title='bbox 485 1111 551 1142; x_wconf 88' lang='lat' dir='ltr'>quo</span> <span class='ocrx_word' id='word_1_170' title='bbox 574 1098 632 1133; x_wconf 89' lang='lat' dir='ltr'>sibi</span> <span class='ocrx_word' id='word_1_171' title='bbox 656 1100 831 1141; x_wconf 88' lang='lat' dir='ltr'>parturiens</span> <span class='ocrx_word' id='word_1_172' title='bbox 855 1098 984 1140; x_wconf 85' lang='lat' dir='ltr'>plexum</span> <span class='ocrx_word' id='word_1_173' title='bbox 1005 1094 1205 1128; x_wconf 86' lang='lat' dir='ltr'>Choroidem</span> <span class='ocrx_word' id='word_1_174' title='bbox 1238 1105 1331 1137; x_wconf 89' lang='lat' dir='ltr'>rupe-</span> 
     </span>
     <span class='ocr_line' id='line_1_23' title="bbox 322 1138 1338 1185; baseline -0.007 -9"><span class='ocrx_word' id='word_1_175' title='bbox 322 1153 399 1181; x_wconf 86' lang='lat' dir='ltr'>rat,</span> <span class='ocrx_word' id='word_1_176' title='bbox 431 1141 592 1185; x_wconf 83' lang='lat' dir='ltr'>effusoque</span> <span class='ocrx_word' id='word_1_177' title='bbox 633 1142 783 1185; x_wconf 85' lang='lat' dir='ltr'>sanguine</span> <span class='ocrx_word' id='word_1_178' title='bbox 818 1141 984 1175; x_wconf 89' lang='lat' dir='ltr'>cerebrum</span> <span class='ocrx_word' id='word_1_179' title='bbox 1017 1138 1217 1171; x_wconf 83' lang='lat' dir='ltr'>vehementer</span> <span class='ocrx_word' id='word_1_180' title='bbox 1248 1149 1338 1171; x_wconf 90' lang='lat' dir='ltr'>com-</span> 
     </span>
     <span class='ocr_line' id='line_1_24' title="bbox 322 1181 1340 1229; baseline -0.005 -10"><span class='ocrx_word' id='word_1_181' title='bbox 322 1184 472 1229; x_wconf 86' lang='lat' dir='ltr'>presserat</span> <span class='ocrx_word' id='word_1_182' title='bbox 496 1210 503 1217; x_wconf 90' lang='lat'>.</span> <span class='ocrx_word' id='word_1_183' title='bbox 529 1185 631 1229; x_wconf 75' lang='lat' dir='ltr'>Cujus</span> <span class='ocrx_word' id='word_1_184' title='bbox 653 1187 686 1218; x_wconf 92' lang='lat' dir='ltr'>in</span> <span class='ocrx_word' id='word_1_185' title='bbox 709 1186 779 1219; x_wconf 88' lang='lat' dir='ltr'>vasa</span> <span class='ocrx_word' id='word_1_186' title='bbox 802 1194 923 1228; x_wconf 88' lang='lat' dir='ltr'>quanto</span> <span class='ocrx_word' id='word_1_187' title='bbox 945 1183 1016 1226; x_wconf 89' lang='lat' dir='ltr'>plus</span> <span class='ocrx_word' id='word_1_188' title='bbox 1039 1181 1202 1225; x_wconf 88' lang='lat' dir='ltr'>sanguinis</span> <span class='ocrx_word' id='word_1_189' title='bbox 1225 1181 1260 1214; x_wconf 90' lang='lat' dir='ltr'>in</span> <span class='ocrx_word' id='word_1_190' title='bbox 1283 1192 1340 1214; x_wconf 92' lang='lat' dir='ltr'>co-</span> 
     </span>
     <span class='ocr_line' id='line_1_25' title="bbox 322 1224 1330 1272; baseline -0.006 -9"><span class='ocrx_word' id='word_1_191' title='bbox 322 1228 454 1264; x_wconf 81' lang='lat' dir='ltr'>natibus</span> <span class='ocrx_word' id='word_1_192' title='bbox 476 1239 647 1272; x_wconf 78' lang='lat' dir='ltr'>urgeatur,</span> <span class='ocrx_word' id='word_1_193' title='bbox 671 1232 704 1261; x_wconf 87' lang='lat'>&amp;</span> <span class='ocrx_word' id='word_1_194' title='bbox 727 1228 820 1263; x_wconf 89' lang='lat' dir='ltr'>simul</span> <span class='ocrx_word' id='word_1_195' title='bbox 843 1237 968 1271; x_wconf 89' lang='lat' dir='ltr'>quanto</span> <span class='ocrx_word' id='word_1_196' title='bbox 992 1226 1099 1259; x_wconf 87' lang='lat' dir='ltr'>minus</span> <span class='ocrx_word' id='word_1_197' title='bbox 1121 1224 1197 1258; x_wconf 89' lang='lat' dir='ltr'>inde</span> <span class='ocrx_word' id='word_1_198' title='bbox 1227 1225 1330 1258; x_wconf 87' lang='lat' dir='ltr'>redire</span> 
     </span>
     <span class='ocr_line' id='line_1_26' title="bbox 320 1269 1327 1316; baseline -0.007 -9"><span class='ocrx_word' id='word_1_199' title='bbox 320 1284 400 1307; x_wconf 87' lang='lat' dir='ltr'>tunc</span> <span class='ocrx_word' id='word_1_200' title='bbox 424 1273 516 1316; x_wconf 82' lang='lat' dir='ltr'>poffit</span> <span class='ocrx_word' id='word_1_201' title='bbox 543 1297 555 1313; x_wconf 92' lang='lat'>,</span> <span class='ocrx_word' id='word_1_202' title='bbox 598 1274 662 1307; x_wconf 83' lang='lat' dir='ltr'>Vir</span> <span class='ocrx_word' id='word_1_203' title='bbox 692 1274 762 1306; x_wconf 90' lang='lat' dir='ltr'>Cel.</span> <span class='ocrx_word' id='word_1_204' title='bbox 798 1271 939 1305; x_wconf 88' lang='lat' dir='ltr'>ostendit</span> <span class='ocrx_word' id='word_1_205' title='bbox 972 1269 1162 1303; x_wconf 84' lang='lat' dir='ltr'>Swietenius</span> <span class='ocrx_word' id='word_1_206' title='bbox 1205 1270 1260 1310; x_wconf 83' lang='lat' dir='ltr'>(q</span> <span class='ocrx_word' id='word_1_207' title='bbox 1281 1272 1327 1309; x_wconf 69' lang='lat'>);</span> 
     </span>
     <span class='ocr_line' id='line_1_27' title="bbox 320 1311 1328 1361; baseline -0.006 -11"><span class='ocrx_word' id='word_1_208' title='bbox 320 1317 414 1361; x_wconf 77' lang='lat' dir='ltr'>Qu</span> <span class='ocrx_word' id='word_1_209' title='bbox 436 1317 571 1350; x_wconf 89' lang='lat' dir='ltr'>minime</span> <span class='ocrx_word' id='word_1_210' title='bbox 594 1315 706 1349; x_wconf 87' lang='lat' dir='ltr'>desunt</span> <span class='ocrx_word' id='word_1_211' title='bbox 728 1316 872 1358; x_wconf 84' lang='lat' dir='ltr'>exempla</span> <span class='ocrx_word' id='word_1_212' title='bbox 894 1319 909 1355; x_wconf 90' lang='lat'>(</span> <span class='ocrx_word' id='word_1_213' title='bbox 931 1326 947 1347; x_wconf 87' lang='lat' dir='ltr'>r</span> <span class='ocrx_word' id='word_1_214' title='bbox 967 1317 981 1354; x_wconf 87' lang='grc'>)</span> <span class='ocrx_word' id='word_1_215' title='bbox 1005 1323 1117 1346; x_wconf 83' lang='lat' dir='ltr'>eorum</span> <span class='ocrx_word' id='word_1_216' title='bbox 1137 1311 1253 1355; x_wconf 82' lang='lat' dir='ltr'>quibus</span> <span class='ocrx_word' id='word_1_217' title='bbox 1276 1323 1328 1344; x_wconf 91' lang='lat' dir='ltr'>va-</span> 
     </span>
     <span class='ocr_line' id='line_1_28' title="bbox 320 1357 1327 1400; baseline -0.007 -5"><span class='ocrx_word' id='word_1_218' title='bbox 320 1362 349 1395; x_wconf 83' lang='lat' dir='ltr'>sa</span> <span class='ocrx_word' id='word_1_219' title='bbox 386 1360 506 1393; x_wconf 78' lang='lat' dir='ltr'>cerebri</span> <span class='ocrx_word' id='word_1_220' title='bbox 539 1360 672 1394; x_wconf 84' lang='lat' dir='ltr'>distenta</span> <span class='ocrx_word' id='word_1_221' title='bbox 694 1383 708 1400; x_wconf 91' lang='lat'>,</span> <span class='ocrx_word' id='word_1_222' title='bbox 752 1359 852 1394; x_wconf 70' lang='lat' dir='ltr'>levem</span> <span class='ocrx_word' id='word_1_223' title='bbox 885 1357 921 1392; x_wconf 88' lang='lat' dir='ltr'>ob</span> <span class='ocrx_word' id='word_1_224' title='bbox 956 1357 1190 1390; x_wconf 66' lang='lat' dir='ltr'>commotionem</span> <span class='ocrx_word' id='word_1_225' title='bbox 1234 1362 1327 1396; x_wconf 79' lang='lat' dir='ltr'>rupta</span> 
     </span>
     <span class='ocr_line' id='line_1_29' title="bbox 312 1399 1326 1448; baseline -0.007 -10"><span class='ocrx_word' id='word_1_226' title='bbox 312 1404 392 1448; x_wconf 79' lang='lat' dir='ltr'>sunt</span> <span class='ocrx_word' id='word_1_227' title='bbox 414 1427 428 1444; x_wconf 87' lang='lat'>,</span> <span class='ocrx_word' id='word_1_228' title='bbox 474 1405 525 1437; x_wconf 84' lang='lat' dir='ltr'>uti</span> <span class='ocrx_word' id='word_1_229' title='bbox 547 1415 566 1437; x_wconf 87' lang='lat' dir='ltr'>a</span> <span class='ocrx_word' id='word_1_230' title='bbox 588 1403 660 1446; x_wconf 84' lang='lat' dir='ltr'>casu</span> <span class='ocrx_word' id='word_1_231' title='bbox 684 1425 696 1442; x_wconf 90' lang='lat'>,</span> <span class='ocrx_word' id='word_1_232' title='bbox 739 1401 865 1444; x_wconf 82' lang='lat' dir='ltr'>colapho</span> <span class='ocrx_word' id='word_1_233' title='bbox 888 1426 897 1441; x_wconf 92' lang='lat'>,</span> <span class='ocrx_word' id='word_1_234' title='bbox 942 1399 1144 1434; x_wconf 82' lang='lat' dir='ltr'>inclinatione</span> <span class='ocrx_word' id='word_1_235' title='bbox 1174 1399 1292 1440; x_wconf 76' lang='lat' dir='ltr'>capitis</span> <span class='ocrx_word' id='word_1_236' title='bbox 1313 1421 1326 1438; x_wconf 90' lang='lat'>‚</span> 
     </span>
     <span class='ocr_line' id='line_1_30' title="bbox 316 1440 1329 1491; baseline -0.01 -8"><span class='ocrx_word' id='word_1_237' title='bbox 316 1449 387 1483; x_wconf 65' lang='lat' dir='ltr'>&amp;a</span> <span class='ocrx_word' id='word_1_238' title='bbox 414 1445 516 1491; x_wconf 82' lang='lat' dir='ltr'>Qod</span> <span class='ocrx_word' id='word_1_239' title='bbox 538 1446 559 1480; x_wconf 87' lang='lat' dir='ltr'>fi</span> <span class='ocrx_word' id='word_1_240' title='bbox 595 1457 721 1489; x_wconf 88' lang='lat' dir='ltr'>tempus</span> <span class='ocrx_word' id='word_1_241' title='bbox 745 1445 809 1480; x_wconf 89' lang='lat' dir='ltr'>fuit</span> <span class='ocrx_word' id='word_1_242' title='bbox 832 1457 897 1488; x_wconf 90' lang='lat' dir='ltr'>quo</span> <span class='ocrx_word' id='word_1_243' title='bbox 920 1442 1017 1478; x_wconf 80' lang='lat' dir='ltr'>multi</span> <span class='ocrx_word' id='word_1_244' title='bbox 1038 1466 1051 1482; x_wconf 86' lang='lat'>,</span> <span class='ocrx_word' id='word_1_245' title='bbox 1082 1453 1153 1475; x_wconf 87' lang='lat' dir='ltr'>cum</span> <span class='ocrx_word' id='word_1_246' title='bbox 1167 1440 1329 1481; x_wconf 64' lang='lat' dir='ltr'>sternutaa</span> 
     </span>
     <span class='ocr_line' id='line_1_31' title="bbox 315 1483 1327 1533; baseline -0.009 -8"><span class='ocrx_word' id='word_1_247' title='bbox 315 1499 408 1530; x_wconf 84' lang='lat' dir='ltr'>rent,</span> <span class='ocrx_word' id='word_1_248' title='bbox 431 1498 553 1532; x_wconf 79' lang='lat' dir='ltr'>repente</span> <span class='ocrx_word' id='word_1_249' title='bbox 569 1490 726 1533; x_wconf 78' lang='lat' dir='ltr'>spiritum</span> <span class='ocrx_word' id='word_1_250' title='bbox 750 1487 935 1522; x_wconf 72' lang='lat' dir='ltr'>emittebant</span> <span class='ocrx_word' id='word_1_251' title='bbox 956 1489 970 1526; x_wconf 84' lang='grc'>&lt;</span> <span class='ocrx_word' id='word_1_252' title='bbox 986 1484 1013 1528; x_wconf 85' lang='lat' dir='ltr'><em>s</em></span> <span class='ocrx_word' id='word_1_253' title='bbox 1025 1489 1061 1526; x_wconf 83' lang='lat'>)3</span> <span class='ocrx_word' id='word_1_254' title='bbox 1085 1496 1150 1519; x_wconf 92' lang='lat' dir='ltr'>non</span> <span class='ocrx_word' id='word_1_255' title='bbox 1174 1483 1210 1517; x_wconf 88' lang='lat' dir='ltr'>id</span> <span class='ocrx_word' id='word_1_256' title='bbox 1222 1485 1327 1517; x_wconf 87' lang='lat' dir='ltr'>aliun-</span> 
     </span>
     <span class='ocr_line' id='line_1_32' title="bbox 315 1529 1328 1578; baseline -0.009 -9"><span class='ocrx_word' id='word_1_257' title='bbox 315 1534 357 1569; x_wconf 90' lang='lat' dir='ltr'>de</span> <span class='ocrx_word' id='word_1_258' title='bbox 379 1532 517 1578; x_wconf 70' lang='lat' dir='ltr'>potuiss&#39;e</span> <span class='ocrx_word' id='word_1_259' title='bbox 541 1534 681 1567; x_wconf 89' lang='lat' dir='ltr'>accidere</span> <span class='ocrx_word' id='word_1_260' title='bbox 704 1531 857 1571; x_wconf 82' lang='lat' dir='ltr'>facilius,</span> <span class='ocrx_word' id='word_1_261' title='bbox 880 1529 1090 1564; x_wconf 87' lang='lat' dir='ltr'>crediderim.</span> <span class='ocrx_word' id='word_1_262' title='bbox 1117 1530 1150 1561; x_wconf 89' lang='lat' dir='ltr'>Si</span> <span class='ocrx_word' id='word_1_263' title='bbox 1173 1529 1276 1570; x_wconf 87' lang='lat' dir='ltr'>igitur</span> <span class='ocrx_word' id='word_1_264' title='bbox 1311 1538 1328 1560; x_wconf 93' lang='lat' dir='ltr'>a</span> 
     </span>
     <span class='ocr_line' id='line_1_33' title="bbox 314 1570 1328 1620; baseline -0.009 -8"><span class='ocrx_word' id='word_1_265' title='bbox 314 1577 574 1613; x_wconf 79' lang='lat' dir='ltr'>concussionibus</span> <span class='ocrx_word' id='word_1_266' title='bbox 597 1589 639 1610; x_wconf 85' lang='lat' dir='ltr'>eae</span> <span class='ocrx_word' id='word_1_267' title='bbox 663 1588 733 1620; x_wconf 81' lang='lat' dir='ltr'>quae</span> <span class='ocrx_word' id='word_1_268' title='bbox 756 1574 898 1609; x_wconf 89' lang='lat' dir='ltr'>nondum</span> <span class='ocrx_word' id='word_1_269' title='bbox 921 1582 1032 1613; x_wconf 88' lang='lat' dir='ltr'>erant,</span> <span class='ocrx_word' id='word_1_270' title='bbox 1056 1571 1203 1606; x_wconf 88' lang='lat' dir='ltr'>vasorum</span> <span class='ocrx_word' id='word_1_271' title='bbox 1226 1570 1328 1618; x_wconf 83' lang='lat' dir='ltr'>disru-</span> 
     </span>
     <span class='ocr_line' id='line_1_34' title="bbox 314 1615 1328 1665; baseline -0.009 -10"><span class='ocrx_word' id='word_1_272' title='bbox 314 1624 447 1665; x_wconf 85' lang='lat' dir='ltr'>ptiones</span> <span class='ocrx_word' id='word_1_273' title='bbox 471 1620 564 1654; x_wconf 64' lang='lat' dir='ltr'>faetae</span> <span class='ocrx_word' id='word_1_274' title='bbox 589 1622 683 1665; x_wconf 78' lang='lat' dir='ltr'>lunt5</span> <span class='ocrx_word' id='word_1_275' title='bbox 706 1628 828 1662; x_wconf 86' lang='lat' dir='ltr'>quanto</span> <span class='ocrx_word' id='word_1_276' title='bbox 849 1619 951 1660; x_wconf 82' lang='lat' dir='ltr'>magis</span> <span class='ocrx_word' id='word_1_277' title='bbox 974 1628 1044 1659; x_wconf 88' lang='lat' dir='ltr'>quae</span> <span class='ocrx_word' id='word_1_278' title='bbox 1067 1615 1230 1649; x_wconf 70' lang='lat' dir='ltr'>inchoatae</span> <span class='ocrx_word' id='word_1_279' title='bbox 1262 1625 1328 1657; x_wconf 72' lang='lat' dir='ltr'>jam</span> 
     </span>
     <span class='ocr_line' id='line_1_35' title="bbox 313 1657 1327 1708; baseline -0.008 -10"><span class='ocrx_word' id='word_1_280' title='bbox 313 1665 375 1700; x_wconf 78' lang='lat' dir='ltr'>sint</span> <span class='ocrx_word' id='word_1_281' title='bbox 391 1689 399 1703; x_wconf 94' lang='lat'>,</span> <span class='ocrx_word' id='word_1_282' title='bbox 427 1673 578 1708; x_wconf 88' lang='lat' dir='ltr'>poterunt</span> <span class='ocrx_word' id='word_1_283' title='bbox 600 1662 737 1706; x_wconf 71' lang='lat' dir='ltr'>augeri?</span> <span class='ocrx_word' id='word_1_284' title='bbox 760 1673 795 1696; x_wconf 88' lang='lat' dir='ltr'>ut</span> <span class='ocrx_word' id='word_1_285' title='bbox 817 1661 903 1695; x_wconf 89' lang='lat' dir='ltr'>nihil</span> <span class='ocrx_word' id='word_1_286' title='bbox 925 1662 1046 1694; x_wconf 86' lang='lat' dir='ltr'>interea</span> <span class='ocrx_word' id='word_1_287' title='bbox 1076 1659 1116 1693; x_wconf 89' lang='lat' dir='ltr'>de</span> <span class='ocrx_word' id='word_1_288' title='bbox 1147 1658 1245 1693; x_wconf 89' lang='lat' dir='ltr'>abusu</span> <span class='ocrx_word' id='word_1_289' title='bbox 1277 1657 1327 1690; x_wconf 87' lang='lat' dir='ltr'>di-</span> 
     </span>
     <span class='ocr_line' id='line_1_36' title="bbox 314 1702 1327 1748; baseline -0.009 -5"><span class='ocrx_word' id='word_1_290' title='bbox 314 1721 386 1743; x_wconf 87' lang='lat' dir='ltr'>cam</span> <span class='ocrx_word' id='word_1_291' title='bbox 410 1707 700 1748; x_wconf 83' lang='lat' dir='ltr'>calidislimorum,</span> <span class='ocrx_word' id='word_1_292' title='bbox 725 1707 904 1739; x_wconf 88' lang='lat' dir='ltr'>aliorumve</span> <span class='ocrx_word' id='word_1_293' title='bbox 927 1727 940 1744; x_wconf 86' lang='lat'>,</span> <span class='ocrx_word' id='word_1_294' title='bbox 973 1704 1157 1746; x_wconf 84' lang='lat' dir='ltr'>sanguinem</span> <span class='ocrx_word' id='word_1_295' title='bbox 1187 1702 1327 1736; x_wconf 81' lang='lat' dir='ltr'>maxime</span> 
     </span>
     <span class='ocr_line' id='line_1_37' title="bbox 313 1745 1328 1794; baseline -0.008 -8"><span class='ocrx_word' id='word_1_296' title='bbox 313 1754 580 1792; x_wconf 87' lang='lat' dir='ltr'>concitantium,</span> <span class='ocrx_word' id='word_1_297' title='bbox 603 1752 767 1794; x_wconf 89' lang='lat' dir='ltr'>liquorum</span> <span class='ocrx_word' id='word_1_298' title='bbox 796 1751 853 1792; x_wconf 85' lang='lat' dir='ltr'>qui</span> <span class='ocrx_word' id='word_1_299' title='bbox 882 1761 898 1782; x_wconf 93' lang='lat' dir='ltr'>a</span> <span class='ocrx_word' id='word_1_300' title='bbox 932 1747 1071 1782; x_wconf 86' lang='lat' dir='ltr'>Medicis</span> <span class='ocrx_word' id='word_1_301' title='bbox 1102 1745 1292 1789; x_wconf 84' lang='lat' dir='ltr'>quibusdam</span> <span class='ocrx_word' id='word_1_302' title='bbox 1315 1768 1328 1785; x_wconf 93' lang='lat'>,</span> 
     </span>
     <span class='ocr_line' id='line_1_38' title="bbox 313 1788 1328 1836; baseline -0.011 -5"><span class='ocrx_word' id='word_1_303' title='bbox 313 1797 407 1831; x_wconf 88' lang='lat' dir='ltr'>nullo</span> <span class='ocrx_word' id='word_1_304' title='bbox 430 1796 563 1835; x_wconf 84' lang='lat' dir='ltr'>scrosae,</span> <span class='ocrx_word' id='word_1_305' title='bbox 585 1807 624 1830; x_wconf 80' lang='lat' dir='ltr'>an</span> <span class='ocrx_word' id='word_1_306' title='bbox 649 1794 825 1836; x_wconf 67' lang='lat' dir='ltr'>sanguineae</span> <span class='ocrx_word' id='word_1_307' title='bbox 858 1791 1039 1835; x_wconf 68' lang='lat' dir='ltr'>apoplemae</span> <span class='ocrx_word' id='word_1_308' title='bbox 1071 1789 1187 1823; x_wconf 87' lang='lat' dir='ltr'>habito</span> <span class='ocrx_word' id='word_1_309' title='bbox 1216 1788 1328 1822; x_wconf 89' lang='lat' dir='ltr'>discri-</span> 
     </span>
     <span class='ocr_line' id='line_1_39' title="bbox 313 1832 1329 1883; baseline -0.011 -9"><span class='ocrx_word' id='word_1_310' title='bbox 313 1842 421 1880; x_wconf 88' lang='lat' dir='ltr'>mine,</span> <span class='ocrx_word' id='word_1_311' title='bbox 444 1839 524 1883; x_wconf 85' lang='lat' dir='ltr'>saepe</span> <span class='ocrx_word' id='word_1_312' title='bbox 549 1838 758 1881; x_wconf 69' lang='lat' dir='ltr'>apoplefflcis</span> <span class='ocrx_word' id='word_1_313' title='bbox 782 1840 992 1879; x_wconf 86' lang='lat' dir='ltr'>ingeruntur3</span> <span class='ocrx_word' id='word_1_314' title='bbox 1015 1845 1081 1866; x_wconf 89' lang='lat' dir='ltr'>non</span> <span class='ocrx_word' id='word_1_315' title='bbox 1113 1832 1213 1866; x_wconf 87' lang='lat' dir='ltr'>modo</span> <span class='ocrx_word' id='word_1_316' title='bbox 1244 1833 1329 1864; x_wconf 92' lang='lat' dir='ltr'>nari-</span> 
     </span>
     <span class='ocr_line' id='line_1_40' title="bbox 315 1876 1329 1927; baseline -0.011 -9"><span class='ocrx_word' id='word_1_317' title='bbox 315 1885 374 1918; x_wconf 87' lang='lat' dir='ltr'>bus</span> <span class='ocrx_word' id='word_1_318' title='bbox 399 1882 639 1927; x_wconf 79' lang='lat' dir='ltr'>subjiciuntur:</span> <span class='ocrx_word' id='word_1_319' title='bbox 662 1880 752 1925; x_wconf 90' lang='lat' dir='ltr'>quod</span> <span class='ocrx_word' id='word_1_320' title='bbox 775 1891 927 1923; x_wconf 83' lang='lat' dir='ltr'>magnum</span> <span class='ocrx_word' id='word_1_321' title='bbox 941 1905 948 1918; x_wconf 86' lang='lat'><em>‚</em></span> <span class='ocrx_word' id='word_1_322' title='bbox 972 1878 1054 1912; x_wconf 85' lang='lat' dir='ltr'>dum</span> <span class='ocrx_word' id='word_1_323' title='bbox 1076 1878 1198 1912; x_wconf 89' lang='lat' dir='ltr'>viveret</span> <span class='ocrx_word' id='word_1_324' title='bbox 1221 1899 1233 1916; x_wconf 83' lang='lat'>,</span> <span class='ocrx_word' id='word_1_325' title='bbox 1255 1876 1329 1908; x_wconf 87' lang='lat' dir='ltr'>Me-</span> 
     </span>
     <span class='ocr_line' id='line_1_41' title="bbox 312 1918 1325 1968; baseline -0.013 -6"><span class='ocrx_word' id='word_1_326' title='bbox 312 1928 424 1962; x_wconf 89' lang='lat' dir='ltr'>dicum</span> <span class='ocrx_word' id='word_1_327' title='bbox 447 1950 460 1968; x_wconf 91' lang='lat'>,</span> <span class='ocrx_word' id='word_1_328' title='bbox 494 1930 527 1961; x_wconf 73' lang='grc' dir='ltr'>δε</span> <span class='ocrx_word' id='word_1_329' title='bbox 548 1928 581 1959; x_wconf 89' lang='lat' dir='ltr'>in</span> <span class='ocrx_word' id='word_1_330' title='bbox 604 1927 729 1959; x_wconf 68' lang='lat' dir='ltr'>caeteris</span> <span class='ocrx_word' id='word_1_331' title='bbox 751 1937 822 1968; x_wconf 78' lang='lat' dir='ltr'>quae</span> <span class='ocrx_word' id='word_1_332' title='bbox 847 1921 997 1966; x_wconf 87' lang='lat' dir='ltr'>fugienda</span> <span class='ocrx_word' id='word_1_333' title='bbox 1019 1920 1075 1954; x_wconf 89' lang='lat' dir='ltr'>hic</span> <span class='ocrx_word' id='word_1_334' title='bbox 1098 1920 1217 1959; x_wconf 85' lang='lat' dir='ltr'>credo,</span> <span class='ocrx_word' id='word_1_335' title='bbox 1242 1918 1325 1951; x_wconf 87' lang='lat' dir='ltr'>alio-</span> 
     </span>
     <span class='ocr_line' id='line_1_42' title="bbox 309 1962 1324 2015; baseline -0.012 -9"><span class='ocrx_word' id='word_1_336' title='bbox 309 1973 389 2015; x_wconf 87' lang='lat' dir='ltr'>quin</span> <span class='ocrx_word' id='word_1_337' title='bbox 413 1970 499 2005; x_wconf 88' lang='lat' dir='ltr'>idem</span> <span class='ocrx_word' id='word_1_338' title='bbox 529 1969 616 2014; x_wconf 90' lang='lat' dir='ltr'>quod</span> <span class='ocrx_word' id='word_1_339' title='bbox 651 1970 767 2012; x_wconf 83' lang='lat' dir='ltr'>reliqui</span> <span class='ocrx_word' id='word_1_340' title='bbox 804 1967 869 2011; x_wconf 84' lang='lat' dir='ltr'>ejus</span> <span class='ocrx_word' id='word_1_341' title='bbox 900 1978 988 2010; x_wconf 86' lang='lat' dir='ltr'>pares</span> <span class='ocrx_word' id='word_1_342' title='bbox 1011 1989 1024 2005; x_wconf 90' lang='lat'>,</span> <span class='ocrx_word' id='word_1_343' title='bbox 1056 1965 1174 1998; x_wconf 89' lang='lat' dir='ltr'>merito</span> <span class='ocrx_word' id='word_1_344' title='bbox 1205 1962 1324 1996; x_wconf 88' lang='lat' dir='ltr'>docen-</span> 
     </span>
     <span class='ocr_line' id='line_1_43' title="bbox 307 2005 1322 2057; baseline -0.012 -8"><span class='ocrx_word' id='word_1_345' title='bbox 307 2024 374 2049; x_wconf 85' lang='lat' dir='ltr'>tem</span> <span class='ocrx_word' id='word_1_346' title='bbox 390 2040 401 2057; x_wconf 83' lang='lat'>,</span> <span class='ocrx_word' id='word_1_347' title='bbox 427 2014 507 2049; x_wconf 88' lang='lat' dir='ltr'>adeo</span> <span class='ocrx_word' id='word_1_348' title='bbox 530 2024 595 2047; x_wconf 90' lang='lat' dir='ltr'>non</span> <span class='ocrx_word' id='word_1_349' title='bbox 618 2011 754 2053; x_wconf 79' lang='lat' dir='ltr'>caviffe,</span> <span class='ocrx_word' id='word_1_350' title='bbox 776 2013 899 2051; x_wconf 87' lang='lat' dir='ltr'>miror,</span> <span class='ocrx_word' id='word_1_351' title='bbox 922 2019 959 2044; x_wconf 91' lang='lat' dir='ltr'>ut</span> <span class='ocrx_word' id='word_1_352' title='bbox 985 2011 1020 2042; x_wconf 87' lang='lat' dir='ltr'>in</span> <span class='ocrx_word' id='word_1_353' title='bbox 1044 2007 1104 2041; x_wconf 89' lang='lat' dir='ltr'>hac</span> <span class='ocrx_word' id='word_1_354' title='bbox 1125 2005 1164 2040; x_wconf 90' lang='lat' dir='ltr'>de</span> <span class='ocrx_word' id='word_1_355' title='bbox 1185 2018 1247 2049; x_wconf 89' lang='lat' dir='ltr'>qua</span> <span class='ocrx_word' id='word_1_356' title='bbox 1273 2006 1322 2038; x_wconf 86' lang='lat' dir='ltr'>lo·</span> 
     </span>
     <span class='ocr_line' id='line_1_44' title="bbox 313 2051 1320 2103; baseline -0.014 -9"><span class='ocrx_word' id='word_1_357' title='bbox 313 2061 468 2103; x_wconf 80' lang='lat' dir='ltr'>quirnur,</span> <span class='ocrx_word' id='word_1_358' title='bbox 490 2057 608 2093; x_wconf 80' lang='lat' dir='ltr'>cerebri</span> <span class='ocrx_word' id='word_1_359' title='bbox 633 2055 870 2099; x_wconf 80' lang='lat' dir='ltr'>haemorrhagia</span> <span class='ocrx_word' id='word_1_360' title='bbox 895 2052 1045 2097; x_wconf 87' lang='lat' dir='ltr'>spiritum</span> <span class='ocrx_word' id='word_1_361' title='bbox 1058 2051 1129 2085; x_wconf 86' lang='lat' dir='ltr'>salis</span> <span class='ocrx_word' id='word_1_362' title='bbox 1144 2051 1320 2098; x_wconf 81' lang='lat' dir='ltr'>ammonia-</span> 
     </span>
     <span class='ocr_line' id='line_1_45' title="bbox 311 2096 1321 2144; baseline -0.014 -6"><span class='ocrx_word' id='word_1_363' title='bbox 311 2105 343 2138; x_wconf 88' lang='lat' dir='ltr'>ci</span> <span class='ocrx_word' id='word_1_364' title='bbox 369 2129 379 2144; x_wconf 93' lang='lat'>,</span> <span class='ocrx_word' id='word_1_365' title='bbox 413 2111 469 2137; x_wconf 88' lang='lat' dir='ltr'>aut</span> <span class='ocrx_word' id='word_1_366' title='bbox 493 2102 561 2144; x_wconf 76' lang='lat' dir='ltr'>ejus</span> <span class='ocrx_word' id='word_1_367' title='bbox 586 2100 628 2134; x_wconf 88' lang='lat' dir='ltr'>sal</span> <span class='ocrx_word' id='word_1_368' title='bbox 666 2100 800 2133; x_wconf 88' lang='lat' dir='ltr'>volatile</span> <span class='ocrx_word' id='word_1_369' title='bbox 822 2099 932 2142; x_wconf 88' lang='lat' dir='ltr'>pluma</span> <span class='ocrx_word' id='word_1_370' title='bbox 957 2096 996 2131; x_wconf 88' lang='lat' dir='ltr'>ad</span> <span class='ocrx_word' id='word_1_371' title='bbox 1018 2097 1172 2128; x_wconf 87' lang='lat' dir='ltr'>interiora</span> <span class='ocrx_word' id='word_1_372' title='bbox 1195 2103 1321 2126; x_wconf 76' lang='lat' dir='ltr'>narium</span> 
     </span>
     <span class='ocr_line' id='line_1_46' title="bbox 312 2137 1324 2186; baseline -0.012 -6"><span class='ocrx_word' id='word_1_373' title='bbox 312 2145 581 2186; x_wconf 84' lang='lat' dir='ltr'>admovendum,</span> <span class='ocrx_word' id='word_1_374' title='bbox 611 2152 666 2177; x_wconf 85' lang='lat' dir='ltr'>aut</span> <span class='ocrx_word' id='word_1_375' title='bbox 704 2144 801 2177; x_wconf 87' lang='lat' dir='ltr'>etiam</span> <span class='ocrx_word' id='word_1_376' title='bbox 835 2153 890 2184; x_wconf 89' lang='lat' dir='ltr'>per</span> <span class='ocrx_word' id='word_1_377' title='bbox 933 2141 1093 2174; x_wconf 87' lang='lat' dir='ltr'>calamum</span> <span class='ocrx_word' id='word_1_378' title='bbox 1115 2137 1324 2180; x_wconf 89' lang='lat' dir='ltr'>scriptorium</span> 
     </span>
     <span class='ocr_line' id='line_1_47' title="bbox 310 2184 1083 2231; baseline -0.013 -7"><span class='ocrx_word' id='word_1_379' title='bbox 310 2190 544 2226; x_wconf 75' lang='lat' dir='ltr'>insufflandum</span> <span class='ocrx_word' id='word_1_380' title='bbox 567 2212 580 2229; x_wconf 82' lang='lat'>,</span> <span class='ocrx_word' id='word_1_381' title='bbox 603 2188 766 2231; x_wconf 83' lang='lat' dir='ltr'>praecipue</span> <span class='ocrx_word' id='word_1_382' title='bbox 789 2184 1083 2220; x_wconf 71' lang='lat' dir='ltr'>commendaverit„</span> 
     </span>
    </p>

    <p class='ocr_par' dir='ltr' id='par_1_4' title="bbox 278 2222 1333 3402">
     <span class='ocr_line' id='line_1_48' title="bbox 359 2222 1322 2278; baseline -0.012 -11"><span class='ocrx_word' id='word_1_383' title='bbox 359 2246 406 2278; x_wconf 84' lang='lat'>13.</span> <span class='ocrx_word' id='word_1_384' title='bbox 434 2236 480 2267; x_wconf 85' lang='lat' dir='ltr'>Et</span> <span class='ocrx_word' id='word_1_385' title='bbox 504 2233 543 2267; x_wconf 92' lang='lat' dir='ltr'>de</span> <span class='ocrx_word' id='word_1_386' title='bbox 566 2242 600 2265; x_wconf 87' lang='lat' dir='ltr'>ea</span> <span class='ocrx_word' id='word_1_387' title='bbox 625 2230 811 2273; x_wconf 85' lang='lat' dir='ltr'>tempestate</span> <span class='ocrx_word' id='word_1_388' title='bbox 835 2228 958 2271; x_wconf 86' lang='lat' dir='ltr'>aliquid</span> <span class='ocrx_word' id='word_1_389' title='bbox 981 2224 1220 2269; x_wconf 85' lang='lat' dir='ltr'>subjiciendum</span> <span class='ocrx_word' id='word_1_390' title='bbox 1242 2222 1285 2256; x_wconf 89' lang='lat' dir='ltr'>est</span> <span class='ocrx_word' id='word_1_391' title='bbox 1304 2246 1322 2271; x_wconf 10' lang='grc' dir='ltr'>ἢ,</span> 
     </span>
     <span class='ocr_line' id='line_1_49' title="bbox 334 2266 1328 2318; baseline -0.014 -6"><span class='ocrx_word' id='word_1_392' title='bbox 334 2291 372 2313; x_wconf 88' lang='lat' dir='ltr'>ua</span> <span class='ocrx_word' id='word_1_393' title='bbox 407 2279 491 2311; x_wconf 88' lang='lat' dir='ltr'>Tita</span> <span class='ocrx_word' id='word_1_394' title='bbox 513 2300 526 2318; x_wconf 87' lang='lat'>,</span> <span class='ocrx_word' id='word_1_395' title='bbox 568 2274 686 2317; x_wconf 86' lang='lat' dir='ltr'>aliique</span> <span class='ocrx_word' id='word_1_396' title='bbox 718 2275 802 2306; x_wconf 86' lang='lat' dir='ltr'>inter</span> <span class='ocrx_word' id='word_1_397' title='bbox 835 2282 971 2306; x_wconf 76' lang='lat' dir='ltr'>caeteros</span> <span class='ocrx_word' id='word_1_398' title='bbox 1002 2269 1158 2313; x_wconf 85' lang='lat' dir='ltr'>disruptis</span> <span class='ocrx_word' id='word_1_399' title='bbox 1200 2266 1328 2315; x_wconf 82' lang='lat' dir='ltr'>sangui-</span> 
     </span>
     <span class='ocr_line' id='line_1_50' title="bbox 329 2312 1328 2359; baseline -0.013 -3"><span class='ocrx_word' id='word_1_400' title='bbox 329 2324 392 2356; x_wconf 85' lang='lat' dir='ltr'>eris</span> <span class='ocrx_word' id='word_1_401' title='bbox 425 2321 504 2354; x_wconf 83' lang='lat' dir='ltr'>vasis</span> <span class='ocrx_word' id='word_1_402' title='bbox 536 2319 729 2352; x_wconf 87' lang='lat' dir='ltr'>interierunt</span> <span class='ocrx_word' id='word_1_403' title='bbox 753 2342 761 2349; x_wconf 89' lang='lat'>.</span> <span class='ocrx_word' id='word_1_404' title='bbox 797 2317 956 2359; x_wconf 86' lang='lat' dir='ltr'>Magnum</span> <span class='ocrx_word' id='word_1_405' title='bbox 990 2312 1042 2346; x_wconf 85' lang='lat' dir='ltr'>his</span> <span class='ocrx_word' id='word_1_406' title='bbox 1075 2322 1162 2346; x_wconf 89' lang='lat' dir='ltr'>certe</span> <span class='ocrx_word' id='word_1_407' title='bbox 1200 2321 1328 2352; x_wconf 80' lang='lat' dir='ltr'>pericu-</span> 
     </span>
     <span class='ocr_line' id='line_1_51' title="bbox 318 2353 1329 2403; baseline -0.015 -3"><span class='ocrx_word' id='word_1_408' title='bbox 318 2367 386 2400; x_wconf 85' lang='lat' dir='ltr'>lum</span> <span class='ocrx_word' id='word_1_409' title='bbox 408 2365 559 2399; x_wconf 86' lang='lat' dir='ltr'>imminet</span> <span class='ocrx_word' id='word_1_410' title='bbox 593 2362 716 2403; x_wconf 80' lang='lat' dir='ltr'>rigente</span> <span class='ocrx_word' id='word_1_411' title='bbox 748 2360 861 2393; x_wconf 86' lang='lat' dir='ltr'>bruma</span> <span class='ocrx_word' id='word_1_412' title='bbox 881 2380 890 2395; x_wconf 90' lang='lat'>‚</span> <span class='ocrx_word' id='word_1_413' title='bbox 925 2366 978 2391; x_wconf 90' lang='lat' dir='ltr'>aut</span> <span class='ocrx_word' id='word_1_414' title='bbox 1010 2356 1150 2390; x_wconf 85' lang='lat' dir='ltr'>fervente</span> <span class='ocrx_word' id='word_1_415' title='bbox 1189 2353 1294 2386; x_wconf 82' lang='lat' dir='ltr'>aestate</span> <span class='ocrx_word' id='word_1_416' title='bbox 1316 2376 1329 2392; x_wconf 89' lang='lat'><em>‚</em></span> 
     </span>
     <span class='ocr_line' id='line_1_52' title="bbox 314 2396 1327 2451; baseline -0.016 -7"><span class='ocrx_word' id='word_1_417' title='bbox 314 2420 398 2444; x_wconf 87' lang='lat' dir='ltr'>nunc</span> <span class='ocrx_word' id='word_1_418' title='bbox 420 2407 553 2451; x_wconf 87' lang='lat' dir='ltr'>quidem</span> <span class='ocrx_word' id='word_1_419' title='bbox 576 2405 604 2438; x_wconf 86' lang='lat' dir='ltr'>se</span> <span class='ocrx_word' id='word_1_420' title='bbox 627 2404 777 2447; x_wconf 77' lang='lat' dir='ltr'>sanguine</span> <span class='ocrx_word' id='word_1_421' title='bbox 799 2401 1019 2444; x_wconf 75' lang='lat' dir='ltr'>expandente,</span> <span class='ocrx_word' id='word_1_422' title='bbox 1042 2408 1119 2432; x_wconf 90' lang='lat' dir='ltr'>tunc</span> <span class='ocrx_word' id='word_1_423' title='bbox 1141 2408 1216 2430; x_wconf 90' lang='lat' dir='ltr'>vero</span> <span class='ocrx_word' id='word_1_424' title='bbox 1237 2396 1327 2434; x_wconf 85' lang='lat' dir='ltr'>vasis,</span> 
     </span>
     <span class='ocr_line' id='line_1_53' title="bbox 316 2439 1328 2493; baseline -0.016 -6"><span class='ocrx_word' id='word_1_425' title='bbox 316 2454 458 2487; x_wconf 85' lang='lat' dir='ltr'>externis</span> <span class='ocrx_word' id='word_1_426' title='bbox 481 2448 660 2493; x_wconf 74' lang='lat' dir='ltr'>praesertim</span> <span class='ocrx_word' id='word_1_427' title='bbox 683 2446 879 2482; x_wconf 60' lang='lat' dir='ltr'>contractis,</span> <span class='ocrx_word' id='word_1_428' title='bbox 903 2453 940 2478; x_wconf 87' lang='lat' dir='ltr'>ut</span> <span class='ocrx_word' id='word_1_429' title='bbox 971 2451 1064 2476; x_wconf 90' lang='lat' dir='ltr'>tanto</span> <span class='ocrx_word' id='word_1_430' title='bbox 1097 2442 1167 2485; x_wconf 87' lang='lat' dir='ltr'>plus</span> <span class='ocrx_word' id='word_1_431' title='bbox 1201 2439 1328 2482; x_wconf 83' lang='lat' dir='ltr'>sangui-</span> 
     </span>
     <span class='ocr_line' id='line_1_54' title="bbox 315 2482 1329 2537; baseline -0.018 -5"><span class='ocrx_word' id='word_1_432' title='bbox 315 2499 389 2537; x_wconf 83' lang='lat' dir='ltr'>nis,</span> <span class='ocrx_word' id='word_1_433' title='bbox 411 2496 498 2531; x_wconf 60' lang='lat' dir='ltr'>aufifi</span> <span class='ocrx_word' id='word_1_434' title='bbox 521 2492 648 2534; x_wconf 89' lang='lat' dir='ltr'>insuper</span> <span class='ocrx_word' id='word_1_435' title='bbox 669 2491 713 2524; x_wconf 89' lang='lat' dir='ltr'>ob</span> <span class='ocrx_word' id='word_1_436' title='bbox 733 2488 945 2523; x_wconf 80' lang='lat' dir='ltr'>insensibilem</span> <span class='ocrx_word' id='word_1_437' title='bbox 967 2485 1160 2529; x_wconf 84' lang='lat' dir='ltr'>impeditam</span> <span class='ocrx_word' id='word_1_438' title='bbox 1191 2482 1329 2525; x_wconf 85' lang='lat' dir='ltr'>transpi-</span> 
     </span>
     <span class='ocr_line' id='line_1_55' title="bbox 314 2527 1326 2576; baseline -0.016 -1"><span class='ocrx_word' id='word_1_439' title='bbox 314 2543 496 2576; x_wconf 84' lang='lat' dir='ltr'>rationem,</span> <span class='ocrx_word' id='word_1_440' title='bbox 523 2536 563 2570; x_wconf 84' lang='lat' dir='ltr'>ab</span> <span class='ocrx_word' id='word_1_441' title='bbox 586 2536 721 2568; x_wconf 86' lang='lat' dir='ltr'>internis</span> <span class='ocrx_word' id='word_1_442' title='bbox 756 2533 986 2567; x_wconf 88' lang='lat' dir='ltr'>continendum</span> <span class='ocrx_word' id='word_1_443' title='bbox 1020 2527 1060 2562; x_wconf 89' lang='lat' dir='ltr'>sit</span> <span class='ocrx_word' id='word_1_444' title='bbox 1082 2554 1090 2561; x_wconf 83' lang='lat'>.</span> <span class='ocrx_word' id='word_1_445' title='bbox 1129 2528 1188 2561; x_wconf 88' lang='lat' dir='ltr'>Sed</span> <span class='ocrx_word' id='word_1_446' title='bbox 1220 2536 1326 2561; x_wconf 87' lang='lat' dir='ltr'>tamen</span> 
     </span>
     <span class='ocr_line' id='line_1_56' title="bbox 319 2570 1329 2620; baseline -0.016 -1"><span class='ocrx_word' id='word_1_447' title='bbox 319 2596 395 2620; x_wconf 87' lang='lat' dir='ltr'>cum</span> <span class='ocrx_word' id='word_1_448' title='bbox 419 2580 553 2620; x_wconf 79' lang='lat' dir='ltr'>senfim,</span> <span class='ocrx_word' id='word_1_449' title='bbox 578 2581 610 2613; x_wconf 71' lang='grc' dir='ltr'>δε</span> <span class='ocrx_word' id='word_1_450' title='bbox 633 2589 688 2620; x_wconf 92' lang='lat' dir='ltr'>per</span> <span class='ocrx_word' id='word_1_451' title='bbox 721 2575 877 2620; x_wconf 86' lang='lat' dir='ltr'>quosdam</span> <span class='ocrx_word' id='word_1_452' title='bbox 908 2573 994 2619; x_wconf 87' lang='lat' dir='ltr'>quasi</span> <span class='ocrx_word' id='word_1_453' title='bbox 1024 2572 1141 2616; x_wconf 86' lang='lat' dir='ltr'>gradus</span> <span class='ocrx_word' id='word_1_454' title='bbox 1173 2570 1212 2605; x_wconf 89' lang='lat' dir='ltr'>ad</span> <span class='ocrx_word' id='word_1_455' title='bbox 1242 2570 1329 2604; x_wconf 90' lang='lat' dir='ltr'>sum-</span> 
     </span>
     <span class='ocr_line' id='line_1_57' title="bbox 316 2614 1329 2664; baseline -0.018 0"><span class='ocrx_word' id='word_1_456' title='bbox 316 2640 407 2664; x_wconf 87' lang='lat' dir='ltr'>mum</span> <span class='ocrx_word' id='word_1_457' title='bbox 431 2635 486 2660; x_wconf 87' lang='lat' dir='ltr'>aut</span> <span class='ocrx_word' id='word_1_458' title='bbox 510 2623 613 2663; x_wconf 58' lang='lat' dir='ltr'>frigus</span> <span class='ocrx_word' id='word_1_459' title='bbox 630 2646 638 2659; x_wconf 88' lang='lat'>‚</span> <span class='ocrx_word' id='word_1_460' title='bbox 664 2631 718 2655; x_wconf 89' lang='lat' dir='ltr'>aut</span> <span class='ocrx_word' id='word_1_461' title='bbox 741 2621 878 2654; x_wconf 75' lang='lat' dir='ltr'>calorem</span> <span class='ocrx_word' id='word_1_462' title='bbox 890 2619 1094 2663; x_wconf 82' lang='lat' dir='ltr'>pervenitur,</span> <span class='ocrx_word' id='word_1_463' title='bbox 1116 2614 1225 2649; x_wconf 84' lang='lat' dir='ltr'>senfim</span> <span class='ocrx_word' id='word_1_464' title='bbox 1248 2625 1329 2656; x_wconf 87' lang='lat' dir='ltr'>quo-</span> 
     </span>
     <span class='ocr_line' id='line_1_58' title="bbox 315 2658 1329 2717; baseline -0.018 -11"><span class='ocrx_word' id='word_1_465' title='bbox 315 2685 375 2717; x_wconf 88' lang='lat' dir='ltr'>que</span> <span class='ocrx_word' id='word_1_466' title='bbox 399 2672 427 2705; x_wconf 84' lang='lat' dir='ltr'>se</span> <span class='ocrx_word' id='word_1_467' title='bbox 450 2661 718 2703; x_wconf 79' lang='lat' dir='ltr'>contrahentibus</span> <span class='ocrx_word' id='word_1_468' title='bbox 739 2663 839 2704; x_wconf 81' lang='lat' dir='ltr'>vasis,</span> <span class='ocrx_word' id='word_1_469' title='bbox 864 2673 918 2697; x_wconf 87' lang='lat' dir='ltr'>aut</span> <span class='ocrx_word' id='word_1_470' title='bbox 943 2660 1053 2695; x_wconf 88' lang='lat' dir='ltr'>sensim</span> <span class='ocrx_word' id='word_1_471' title='bbox 1074 2671 1149 2693; x_wconf 89' lang='lat' dir='ltr'>cum</span> <span class='ocrx_word' id='word_1_472' title='bbox 1179 2658 1329 2700; x_wconf 84' lang='lat' dir='ltr'>sanguine</span> 
     </span>
     <span class='ocr_line' id='line_1_59' title="bbox 278 2702 1329 2752; baseline -0.017 -2"><span class='ocrx_word' id='word_1_473' title='bbox 278 2736 282 2739; x_wconf 42' lang='grc' dir='ltr'><em>ι</em></span> <span class='ocrx_word' id='word_1_474' title='bbox 317 2712 592 2752; x_wconf 76' lang='lat' dir='ltr'>expandentibus,</span> <span class='ocrx_word' id='word_1_475' title='bbox 617 2709 784 2752; x_wconf 81' lang='lat' dir='ltr'>aliquanto</span> <span class='ocrx_word' id='word_1_476' title='bbox 819 2708 925 2741; x_wconf 89' lang='lat' dir='ltr'>minus</span> <span class='ocrx_word' id='word_1_477' title='bbox 958 2704 1095 2749; x_wconf 87' lang='lat' dir='ltr'>periculi</span> <span class='ocrx_word' id='word_1_478' title='bbox 1118 2702 1161 2736; x_wconf 91' lang='lat' dir='ltr'>est</span> <span class='ocrx_word' id='word_1_479' title='bbox 1183 2725 1194 2742; x_wconf 83' lang='lat'>,</span> <span class='ocrx_word' id='word_1_480' title='bbox 1231 2711 1329 2743; x_wconf 77' lang='lat' dir='ltr'>quam</span> 
     </span>
     <span class='ocr_line' id='line_1_60' title="bbox 316 2746 1329 2800; baseline -0.019 -6"><span class='ocrx_word' id='word_1_481' title='bbox 316 2753 390 2795; x_wconf 85' lang='lat' dir='ltr'>cum</span> <span class='ocrx_word' id='word_1_482' title='bbox 414 2765 539 2800; x_wconf 87' lang='lat' dir='ltr'>repente</span> <span class='ocrx_word' id='word_1_483' title='bbox 562 2755 755 2788; x_wconf 87' lang='lat' dir='ltr'>alterutrum</span> <span class='ocrx_word' id='word_1_484' title='bbox 778 2750 837 2788; x_wconf 83' lang='lat' dir='ltr'>fit,</span> <span class='ocrx_word' id='word_1_485' title='bbox 871 2751 957 2784; x_wconf 89' lang='lat' dir='ltr'>velut</span> <span class='ocrx_word' id='word_1_486' title='bbox 984 2760 1022 2781; x_wconf 85' lang='lat' dir='ltr'>eo</span> <span class='ocrx_word' id='word_1_487' title='bbox 1044 2757 1207 2790; x_wconf 88' lang='lat' dir='ltr'>tempore.</span> <span class='ocrx_word' id='word_1_488' title='bbox 1233 2746 1329 2777; x_wconf 90' lang='lat' dir='ltr'>Tunc</span> 
     </span>
     <span class='ocr_line' id='line_1_61' title="bbox 318 2786 1331 2838; baseline -0.018 -1"><span class='ocrx_word' id='word_1_489' title='bbox 318 2805 403 2838; x_wconf 79' lang='lat' dir='ltr'>enim</span> <span class='ocrx_word' id='word_1_490' title='bbox 427 2801 551 2835; x_wconf 87' lang='lat' dir='ltr'>subitus</span> <span class='ocrx_word' id='word_1_491' title='bbox 574 2798 652 2831; x_wconf 87' lang='lat' dir='ltr'>aeris</span> <span class='ocrx_word' id='word_1_492' title='bbox 674 2796 762 2830; x_wconf 86' lang='lat' dir='ltr'>calor</span> <span class='ocrx_word' id='word_1_493' title='bbox 785 2794 952 2828; x_wconf 85' lang='lat' dir='ltr'>insolitam</span> <span class='ocrx_word' id='word_1_494' title='bbox 986 2791 1134 2836; x_wconf 76' lang='lat' dir='ltr'>sanguini</span> <span class='ocrx_word' id='word_1_495' title='bbox 1169 2786 1331 2838; x_wconf 73' lang='lat' dir='ltr'>expansio-</span> 
     </span>
     <span class='ocr_line' id='line_1_62' title="bbox 319 2830 1330 2882; baseline -0.019 -1"><span class='ocrx_word' id='word_1_496' title='bbox 319 2858 391 2881; x_wconf 88' lang='lat' dir='ltr'>nem</span> <span class='ocrx_word' id='word_1_497' title='bbox 415 2844 589 2882; x_wconf 84' lang='lat' dir='ltr'>attulerat,</span> <span class='ocrx_word' id='word_1_498' title='bbox 609 2851 683 2874; x_wconf 89' lang='lat' dir='ltr'>cum</span> <span class='ocrx_word' id='word_1_499' title='bbox 707 2840 751 2873; x_wconf 90' lang='lat' dir='ltr'>ob</span> <span class='ocrx_word' id='word_1_500' title='bbox 776 2839 914 2871; x_wconf 81' lang='lat' dir='ltr'>maxime</span> <span class='ocrx_word' id='word_1_501' title='bbox 937 2837 1104 2870; x_wconf 83' lang='lat' dir='ltr'>diuturnas</span> <span class='ocrx_word' id='word_1_502' title='bbox 1136 2830 1330 2881; x_wconf 68' lang='lat' dir='ltr'>subfrigidas</span> 
     </span>
     <span class='ocr_line' id='line_1_63' title="bbox 318 2876 1330 2932; baseline -0.019 -8"><span class='ocrx_word' id='word_1_503' title='bbox 318 2888 517 2932; x_wconf 77' lang='lat' dir='ltr'>tempestates</span> <span class='ocrx_word' id='word_1_504' title='bbox 541 2896 597 2918; x_wconf 89' lang='lat' dir='ltr'>nec</span> <span class='ocrx_word' id='word_1_505' title='bbox 619 2883 754 2917; x_wconf 85' lang='lat' dir='ltr'>dilatata</span> <span class='ocrx_word' id='word_1_506' title='bbox 778 2881 881 2915; x_wconf 88' lang='lat' dir='ltr'>adhuc</span> <span class='ocrx_word' id='word_1_507' title='bbox 905 2881 976 2914; x_wconf 83' lang='lat' dir='ltr'>vasa</span> <span class='ocrx_word' id='word_1_508' title='bbox 997 2903 1009 2920; x_wconf 78' lang='lat'>,</span> <span class='ocrx_word' id='word_1_509' title='bbox 1032 2891 1089 2912; x_wconf 87' lang='lat' dir='ltr'>nec</span> <span class='ocrx_word' id='word_1_510' title='bbox 1120 2876 1244 2918; x_wconf 79' lang='lat' dir='ltr'>sanguis</span> <span class='ocrx_word' id='word_1_511' title='bbox 1277 2884 1330 2916; x_wconf 89' lang='lat' dir='ltr'>per</span> 
     </span>
     <span class='ocr_line' id='line_1_64' title="bbox 319 2920 1329 2974; baseline -0.017 -6"><span class='ocrx_word' id='word_1_512' title='bbox 319 2946 388 2968; x_wconf 89' lang='lat' dir='ltr'>eam</span> <span class='ocrx_word' id='word_1_513' title='bbox 411 2942 480 2974; x_wconf 82' lang='lat' dir='ltr'>quae</span> <span class='ocrx_word' id='word_1_514' title='bbox 503 2928 615 2963; x_wconf 83' lang='lat' dir='ltr'>oculos</span> <span class='ocrx_word' id='word_1_515' title='bbox 638 2925 726 2970; x_wconf 87' lang='lat' dir='ltr'>fugit</span> <span class='ocrx_word' id='word_1_516' title='bbox 748 2949 761 2966; x_wconf 80' lang='lat'>,</span> <span class='ocrx_word' id='word_1_517' title='bbox 794 2924 1055 2968; x_wconf 83' lang='lat' dir='ltr'>perspirationem</span> <span class='ocrx_word' id='word_1_518' title='bbox 1077 2920 1150 2956; x_wconf 86' lang='lat' dir='ltr'>esset</span> <span class='ocrx_word' id='word_1_519' title='bbox 1173 2920 1329 2952; x_wconf 86' lang='lat' dir='ltr'>imminu·</span> 
     </span>
     <span class='ocr_line' id='line_1_65' title="bbox 320 2960 1331 3015; baseline -0.015 -6"><span class='ocrx_word' id='word_1_520' title='bbox 320 2988 389 3012; x_wconf 82' lang='lat' dir='ltr'>tus.</span> <span class='ocrx_word' id='word_1_521' title='bbox 415 2977 519 3009; x_wconf 81' lang='lat' dir='ltr'>Erant</span> <span class='ocrx_word' id='word_1_522' title='bbox 531 2980 682 3015; x_wconf 83' lang='lat' dir='ltr'>praeterea</span> <span class='ocrx_word' id='word_1_523' title='bbox 692 2971 736 3003; x_wconf 91' lang='lat' dir='ltr'>ob</span> <span class='ocrx_word' id='word_1_524' title='bbox 747 2980 834 3012; x_wconf 81' lang='lat' dir='ltr'>aeque</span> <span class='ocrx_word' id='word_1_525' title='bbox 847 2968 1011 3001; x_wconf 84' lang='lat' dir='ltr'>diuturnas</span> <span class='ocrx_word' id='word_1_526' title='bbox 1023 2967 1146 3010; x_wconf 85' lang='lat' dir='ltr'>pluvias</span> <span class='ocrx_word' id='word_1_527' title='bbox 1158 2974 1225 2997; x_wconf 88' lang='lat' dir='ltr'>tam</span> <span class='ocrx_word' id='word_1_528' title='bbox 1237 2960 1331 2995; x_wconf 76' lang='lat' dir='ltr'>infir-</span> 
     </span>
     <span class='ocr_line' id='line_1_66' title="bbox 320 3004 1331 3056; baseline -0.015 -3"><span class='ocrx_word' id='word_1_529' title='bbox 320 3033 379 3055; x_wconf 83' lang='lat' dir='ltr'>mae</span> <span class='ocrx_word' id='word_1_530' title='bbox 394 3017 543 3051; x_wconf 87' lang='lat' dir='ltr'>vasorum</span> <span class='ocrx_word' id='word_1_531' title='bbox 565 3014 676 3055; x_wconf 78' lang='lat' dir='ltr'>fibrae,</span> <span class='ocrx_word' id='word_1_532' title='bbox 700 3023 796 3056; x_wconf 83' lang='lat' dir='ltr'>quam</span> <span class='ocrx_word' id='word_1_533' title='bbox 819 3023 888 3055; x_wconf 80' lang='lat' dir='ltr'>quae</span> <span class='ocrx_word' id='word_1_534' title='bbox 901 3013 1059 3051; x_wconf 84' lang='lat' dir='ltr'>maxime,</span> <span class='ocrx_word' id='word_1_535' title='bbox 1082 3020 1176 3051; x_wconf 92' lang='lat' dir='ltr'>eaque</span> <span class='ocrx_word' id='word_1_536' title='bbox 1188 3007 1227 3040; x_wconf 88' lang='lat' dir='ltr'>de</span> <span class='ocrx_word' id='word_1_537' title='bbox 1239 3004 1331 3038; x_wconf 78' lang='lat' dir='ltr'>causa</span> 
     </span>
     <span class='ocr_line' id='line_1_67' title="bbox 322 3049 1330 3105; baseline -0.018 -6"><span class='ocrx_word' id='word_1_538' title='bbox 322 3063 520 3105; x_wconf 81' lang='lat' dir='ltr'>disruptioni</span> <span class='ocrx_word' id='word_1_539' title='bbox 542 3059 645 3102; x_wconf 86' lang='lat' dir='ltr'>magis</span> <span class='ocrx_word' id='word_1_540' title='bbox 668 3057 838 3090; x_wconf 81' lang='lat' dir='ltr'>obnoxiae.</span> <span class='ocrx_word' id='word_1_541' title='bbox 872 3057 924 3088; x_wconf 78' lang='lat' dir='ltr'>Ex</span> <span class='ocrx_word' id='word_1_542' title='bbox 956 3054 1007 3088; x_wconf 85' lang='lat' dir='ltr'>his</span> <span class='ocrx_word' id='word_1_543' title='bbox 1043 3063 1146 3087; x_wconf 86' lang='lat' dir='ltr'>autem</span> <span class='ocrx_word' id='word_1_544' title='bbox 1179 3049 1330 3084; x_wconf 87' lang='lat' dir='ltr'>omnibus</span> 
     </span>
     <span class='ocr_line' id='line_1_68' title="bbox 321 3092 1330 3151; baseline -0.015 -10"><span class='ocrx_word' id='word_1_545' title='bbox 321 3120 391 3151; x_wconf 87' lang='lat' dir='ltr'>quae</span> <span class='ocrx_word' id='word_1_546' title='bbox 417 3106 504 3139; x_wconf 62' lang='lat' dir='ltr'>dieta</span> <span class='ocrx_word' id='word_1_547' title='bbox 526 3103 624 3142; x_wconf 89' lang='lat' dir='ltr'>sunt,</span> <span class='ocrx_word' id='word_1_548' title='bbox 646 3100 754 3140; x_wconf 85' lang='lat' dir='ltr'>vides,</span> <span class='ocrx_word' id='word_1_549' title='bbox 778 3111 848 3142; x_wconf 85' lang='lat' dir='ltr'>quae</span> <span class='ocrx_word' id='word_1_550' title='bbox 880 3097 941 3131; x_wconf 87' lang='lat' dir='ltr'>sint</span> <span class='ocrx_word' id='word_1_551' title='bbox 976 3096 1133 3142; x_wconf 83' lang='lat' dir='ltr'>ejusmodi</span> <span class='ocrx_word' id='word_1_552' title='bbox 1164 3092 1330 3143; x_wconf 73' lang='lat' dir='ltr'>tempesta-</span> 
     </span>
     <span class='ocr_line' id='line_1_69' title="bbox 321 3138 1330 3188; baseline -0.018 -2"><span class='ocrx_word' id='word_1_553' title='bbox 321 3151 408 3185; x_wconf 85' lang='lat' dir='ltr'>tibus</span> <span class='ocrx_word' id='word_1_554' title='bbox 430 3150 471 3182; x_wconf 87' lang='lat' dir='ltr'>iis</span> <span class='ocrx_word' id='word_1_555' title='bbox 492 3145 622 3181; x_wconf 88' lang='lat' dir='ltr'>vitanda</span> <span class='ocrx_word' id='word_1_556' title='bbox 642 3144 760 3188; x_wconf 89' lang='lat' dir='ltr'>quibus</span> <span class='ocrx_word' id='word_1_557' title='bbox 781 3142 815 3176; x_wconf 83' lang='lat' dir='ltr'>id</span> <span class='ocrx_word' id='word_1_558' title='bbox 839 3143 973 3184; x_wconf 88' lang='lat' dir='ltr'>periculi</span> <span class='ocrx_word' id='word_1_559' title='bbox 996 3144 1030 3174; x_wconf 92' lang='lat' dir='ltr'>in</span> <span class='ocrx_word' id='word_1_560' title='bbox 1053 3138 1235 3176; x_wconf 87' lang='lat' dir='ltr'>universum</span> <span class='ocrx_word' id='word_1_561' title='bbox 1268 3147 1330 3169; x_wconf 85' lang='lat' dir='ltr'>im-</span> 
     </span>
     <span class='ocr_line' id='line_1_70' title="bbox 322 3181 1329 3238; baseline -0.013 -11"><span class='ocrx_word' id='word_1_562' title='bbox 322 3193 458 3238; x_wconf 86' lang='lat' dir='ltr'>pendet.</span> <span class='ocrx_word' id='word_1_563' title='bbox 484 3191 612 3232; x_wconf 73' lang='lat' dir='ltr'>Qbus</span> <span class='ocrx_word' id='word_1_564' title='bbox 634 3200 710 3222; x_wconf 90' lang='lat' dir='ltr'>vero</span> <span class='ocrx_word' id='word_1_565' title='bbox 734 3187 900 3231; x_wconf 87' lang='lat' dir='ltr'>speciatim</span> <span class='ocrx_word' id='word_1_566' title='bbox 923 3188 956 3219; x_wconf 90' lang='lat' dir='ltr'>in</span> <span class='ocrx_word' id='word_1_567' title='bbox 989 3187 1118 3219; x_wconf 83' lang='lat' dir='ltr'>cerebro</span> <span class='ocrx_word' id='word_1_568' title='bbox 1138 3207 1151 3223; x_wconf 86' lang='lat'>,</span> <span class='ocrx_word' id='word_1_569' title='bbox 1185 3181 1235 3216; x_wconf 85' lang='lat' dir='ltr'>his</span> <span class='ocrx_word' id='word_1_570' title='bbox 1269 3182 1329 3214; x_wconf 88' lang='lat' dir='ltr'>alia</span> 
     </span>
     <span class='ocr_line' id='line_1_71' title="bbox 323 3227 1333 3275; baseline -0.014 -4"><span class='ocrx_word' id='word_1_571' title='bbox 323 3234 460 3271; x_wconf 85' lang='lat' dir='ltr'>cavenda</span> <span class='ocrx_word' id='word_1_572' title='bbox 482 3234 553 3269; x_wconf 87' lang='lat' dir='ltr'>sunt</span> <span class='ocrx_word' id='word_1_573' title='bbox 577 3232 725 3275; x_wconf 85' lang='lat' dir='ltr'>insuper,</span> <span class='ocrx_word' id='word_1_574' title='bbox 748 3229 894 3272; x_wconf 82' lang='lat' dir='ltr'>illudque</span> <span class='ocrx_word' id='word_1_575' title='bbox 916 3231 1034 3270; x_wconf 84' lang='lat' dir='ltr'>etiam,</span> <span class='ocrx_word' id='word_1_576' title='bbox 1058 3240 1094 3262; x_wconf 90' lang='lat' dir='ltr'>ne</span> <span class='ocrx_word' id='word_1_577' title='bbox 1119 3228 1263 3260; x_wconf 87' lang='lat' dir='ltr'>animum</span> <span class='ocrx_word' id='word_1_578' title='bbox 1281 3227 1333 3257; x_wconf 90' lang='lat' dir='ltr'>in-</span> 
     </span>
     <span class='ocr_line' id='line_1_72' title="bbox 324 3270 1331 3321; baseline -0.012 -6"><span class='ocrx_word' id='word_1_579' title='bbox 324 3280 482 3319; x_wconf 82' lang='lat' dir='ltr'>tendant,</span> <span class='ocrx_word' id='word_1_580' title='bbox 505 3276 681 3321; x_wconf 84' lang='lat' dir='ltr'>praesertim</span> <span class='ocrx_word' id='word_1_581' title='bbox 704 3274 880 3314; x_wconf 78' lang='lat' dir='ltr'>cub‘ante5‚</span> <span class='ocrx_word' id='word_1_582' title='bbox 903 3284 968 3317; x_wconf 88' lang='lat' dir='ltr'>quo</span> <span class='ocrx_word' id='word_1_583' title='bbox 1000 3272 1150 3307; x_wconf 89' lang='lat' dir='ltr'>videlicet</span> <span class='ocrx_word' id='word_1_584' title='bbox 1183 3270 1331 3311; x_wconf 87' lang='lat' dir='ltr'>corporis</span> 
     </span>
     <span class='ocr_line' id='line_1_73' title="bbox 325 3312 1332 3366; baseline -0.015 -7"><span class='ocrx_word' id='word_1_585' title='bbox 325 3324 388 3359; x_wconf 80' lang='lat' dir='ltr'>situ</span> <span class='ocrx_word' id='word_1_586' title='bbox 409 3330 533 3366; x_wconf 85' lang='lat' dir='ltr'>quanto</span> <span class='ocrx_word' id='word_1_587' title='bbox 555 3318 685 3353; x_wconf 85' lang='lat' dir='ltr'>facilior</span> <span class='ocrx_word' id='word_1_588' title='bbox 706 3317 751 3352; x_wconf 87' lang='lat' dir='ltr'>est</span> <span class='ocrx_word' id='word_1_589' title='bbox 773 3317 933 3361; x_wconf 84' lang='lat' dir='ltr'>sanguinis</span> <span class='ocrx_word' id='word_1_590' title='bbox 958 3316 996 3350; x_wconf 90' lang='lat' dir='ltr'>ad</span> <span class='ocrx_word' id='word_1_591' title='bbox 1028 3325 1123 3359; x_wconf 86' lang='lat' dir='ltr'>caput</span> <span class='ocrx_word' id='word_1_592' title='bbox 1155 3312 1296 3347; x_wconf 88' lang='lat' dir='ltr'>ascensus</span> <span class='ocrx_word' id='word_1_593' title='bbox 1322 3338 1332 3353; x_wconf 91' lang='lat'>,</span> 
     </span>
     <span class='ocr_line' id='line_1_74' title="bbox 327 3358 1331 3402; baseline -0.014 0"><span class='ocrx_word' id='word_1_594' title='bbox 327 3378 420 3402; x_wconf 83' lang='lat' dir='ltr'>tanto</span> <span class='ocrx_word' id='word_1_595' title='bbox 451 3364 620 3400; x_wconf 89' lang='lat' dir='ltr'>difficilior</span> <span class='ocrx_word' id='word_1_596' title='bbox 651 3361 693 3395; x_wconf 88' lang='lat' dir='ltr'>est</span> <span class='ocrx_word' id='word_1_597' title='bbox 722 3361 885 3396; x_wconf 86' lang='lat' dir='ltr'>descensus</span> <span class='ocrx_word' id='word_1_598' title='bbox 906 3386 914 3393; x_wconf 92' lang='lat'>.</span> <span class='ocrx_word' id='word_1_599' title='bbox 949 3362 1001 3394; x_wconf 91' lang='lat' dir='ltr'>Sic</span> <span class='ocrx_word' id='word_1_600' title='bbox 1033 3360 1178 3394; x_wconf 60' lang='lat' dir='ltr'>Doctum</span> <span class='ocrx_word' id='word_1_601' title='bbox 1210 3358 1331 3391; x_wconf 90' lang='lat' dir='ltr'>Virum</span> 
     </span>
    </p>

    <p class='ocr_par' dir='ltr' id='par_1_5' title="bbox 327 3404 1331 3498">
     <span class='ocr_line' id='line_1_75' title="bbox 426 3404 1331 3449; baseline -0.012 -7"><span class='ocrx_word' id='word_1_602' title='bbox 426 3410 486 3442; x_wconf 84' lang='lat' dir='ltr'>niae</span> <span class='ocrx_word' id='word_1_603' title='bbox 511 3407 612 3448; x_wconf 89' lang='lat' dir='ltr'>novi,</span> <span class='ocrx_word' id='word_1_604' title='bbox 633 3407 691 3449; x_wconf 87' lang='lat' dir='ltr'>qui</span> <span class='ocrx_word' id='word_1_605' title='bbox 722 3404 877 3448; x_wconf 80' lang='lat' dir='ltr'>siquando</span> <span class='ocrx_word' id='word_1_606' title='bbox 907 3406 1052 3438; x_wconf 89' lang='lat' dir='ltr'>animum</span> <span class='ocrx_word' id='word_1_607' title='bbox 1087 3413 1178 3435; x_wconf 86' lang='lat' dir='ltr'>mane</span> <span class='ocrx_word' id='word_1_608' title='bbox 1198 3425 1211 3441; x_wconf 84' lang='lat'>,</span> <span class='ocrx_word' id='word_1_609' title='bbox 1244 3408 1331 3432; x_wconf 89' lang='lat' dir='ltr'>ante-</span> 
     </span>
     <span class='ocr_line' id='line_1_76' title="bbox 327 3443 1331 3498; baseline -0.012 -10"><span class='ocrx_word' id='word_1_610' title='bbox 327 3465 423 3498; x_wconf 75' lang='lat' dir='ltr'>quam</span> <span class='ocrx_word' id='word_1_611' title='bbox 445 3452 608 3494; x_wconf 83' lang='lat' dir='ltr'>surgeret,</span> <span class='ocrx_word' id='word_1_612' title='bbox 629 3451 663 3484; x_wconf 77' lang='lat' dir='ltr'>in</span> <span class='ocrx_word' id='word_1_613' title='bbox 686 3459 791 3482; x_wconf 86' lang='lat' dir='ltr'>rerum</span> <span class='ocrx_word' id='word_1_614' title='bbox 814 3448 1020 3482; x_wconf 82' lang='lat' dir='ltr'>abstrusarum</span> <span class='ocrx_word' id='word_1_615' title='bbox 1044 3443 1331 3483; x_wconf 81' lang='lat' dir='ltr'>meditationibus,</span> 
     </span>
    </p>
   </div>
   <div class='ocr_carea' id='block_1_3' title="bbox 1373 218 2411 3514">
    <p class='ocr_par' dir='ltr' id='par_1_6' title="bbox 1387 218 2396 744">
     <span class='ocr_line' id='line_1_77' title="bbox 1389 218 2396 266; baseline -0.001 -9"><span class='ocrx_word' id='word_1_616' title='bbox 1389 230 1426 257; x_wconf 81' lang='lat' dir='ltr'>ut</span> <span class='ocrx_word' id='word_1_617' title='bbox 1450 222 1603 255; x_wconf 82' lang='lat' dir='ltr'>Litterati</span> <span class='ocrx_word' id='word_1_618' title='bbox 1627 222 1727 256; x_wconf 82' lang='lat' dir='ltr'>solent</span> <span class='ocrx_word' id='word_1_619' title='bbox 1741 245 1754 262; x_wconf 91' lang='lat'>,</span> <span class='ocrx_word' id='word_1_620' title='bbox 1774 221 1948 264; x_wconf 84' lang='lat' dir='ltr'>defigeret,</span> <span class='ocrx_word' id='word_1_621' title='bbox 1969 220 1998 253; x_wconf 80' lang='lat' dir='ltr'>ei</span> <span class='ocrx_word' id='word_1_622' title='bbox 2021 229 2100 257; x_wconf 84' lang='lat' dir='ltr'>mox</span> <span class='ocrx_word' id='word_1_623' title='bbox 2117 218 2198 256; x_wconf 84' lang='lat' dir='ltr'>dum</span> <span class='ocrx_word' id='word_1_624' title='bbox 2231 221 2396 266; x_wconf 66' lang='lat' dir='ltr'>surgere-t,</span> 
     </span>
     <span class='ocr_line' id='line_1_78' title="bbox 1391 262 2394 309; baseline -0.001 -9"><span class='ocrx_word' id='word_1_625' title='bbox 1391 274 1493 309; x_wconf 84' lang='lat' dir='ltr'>guttae</span> <span class='ocrx_word' id='word_1_626' title='bbox 1507 266 1631 309; x_wconf 89' lang='lat' dir='ltr'>aliquot</span> <span class='ocrx_word' id='word_1_627' title='bbox 1644 265 1967 307; x_wconf 79' lang='lat' dir='ltr'>sanguiniseuaribus</span> <span class='ocrx_word' id='word_1_628' title='bbox 1979 262 2171 298; x_wconf 85' lang='lat' dir='ltr'>effluebant.</span> <span class='ocrx_word' id='word_1_629' title='bbox 2196 264 2285 298; x_wconf 71' lang='lat' dir='ltr'>Cave</span> <span class='ocrx_word' id='word_1_630' title='bbox 2308 267 2394 299; x_wconf 86' lang='lat' dir='ltr'>enim</span> 
     </span>
     <span class='ocr_line' id='line_1_79' title="bbox 1393 307 2394 352; baseline 0 -9"><span class='ocrx_word' id='word_1_631' title='bbox 1393 310 1589 352; x_wconf 82' lang='lat' dir='ltr'>argumentis</span> <span class='ocrx_word' id='word_1_632' title='bbox 1601 319 1709 342; x_wconf 88' lang='lat' dir='ltr'>eorum</span> <span class='ocrx_word' id='word_1_633' title='bbox 1721 311 1778 351; x_wconf 81' lang='lat' dir='ltr'>qui</span> <span class='ocrx_word' id='word_1_634' title='bbox 1786 308 1903 342; x_wconf 87' lang='lat' dir='ltr'>docent</span> <span class='ocrx_word' id='word_1_635' title='bbox 1913 330 1937 346; x_wconf 91' lang='lat'>‚‚</span> <span class='ocrx_word' id='word_1_636' title='bbox 1950 308 2018 341; x_wconf 87' lang='lat' dir='ltr'>vim</span> <span class='ocrx_word' id='word_1_637' title='bbox 2028 307 2197 350; x_wconf 86' lang='lat' dir='ltr'>gravitatis</span> <span class='ocrx_word' id='word_1_638' title='bbox 2206 309 2331 343; x_wconf 87' lang='lat' dir='ltr'>ratione</span> <span class='ocrx_word' id='word_1_639' title='bbox 2343 319 2394 343; x_wconf 87' lang='lat' dir='ltr'>re-</span> 
     </span>
     <span class='ocr_line' id='line_1_80' title="bbox 1389 351 2394 395; baseline 0 -9"><span class='ocrx_word' id='word_1_640' title='bbox 1389 379 1411 395; x_wconf 89' lang='lat'><strong>„</strong></span> <span class='ocrx_word' id='word_1_641' title='bbox 1433 354 1596 395; x_wconf 83' lang='lat' dir='ltr'>liquatum</span> <span class='ocrx_word' id='word_1_642' title='bbox 1608 353 1839 395; x_wconf 85' lang='lat' dir='ltr'>potentiarum,</span> <span class='ocrx_word' id='word_1_643' title='bbox 1852 360 1978 386; x_wconf 89' lang='lat' dir='ltr'>motum</span> <span class='ocrx_word' id='word_1_644' title='bbox 1989 351 2149 394; x_wconf 82' lang='lat' dir='ltr'>sanguinis</span> <span class='ocrx_word' id='word_1_645' title='bbox 2159 354 2394 393; x_wconf 85' lang='lat' dir='ltr'>generantium,</span> 
     </span>
     <span class='ocr_line' id='line_1_81' title="bbox 1390 392 2392 439; baseline 0.001 -10"><span class='ocrx_word' id='word_1_646' title='bbox 1390 422 1413 439; x_wconf 83' lang='lat'>„</span> <span class='ocrx_word' id='word_1_647' title='bbox 1438 395 1495 430; x_wconf 80' lang='lat' dir='ltr'>esse</span> <span class='ocrx_word' id='word_1_648' title='bbox 1518 397 1638 429; x_wconf 81' lang='lat' dir='ltr'>nullam</span> <span class='ocrx_word' id='word_1_649' title='bbox 1650 407 1685 436; x_wconf 89' lang='lat'>;,</span> <span class='ocrx_word' id='word_1_650' title='bbox 1706 407 1805 437; x_wconf 82' lang='lat' dir='ltr'>cave,</span> <span class='ocrx_word' id='word_1_651' title='bbox 1827 398 1983 439; x_wconf 84' lang='lat' dir='ltr'>inquam,</span> <span class='ocrx_word' id='word_1_652' title='bbox 2006 404 2133 429; x_wconf 88' lang='lat' dir='ltr'>tantum</span> <span class='ocrx_word' id='word_1_653' title='bbox 2167 392 2289 429; x_wconf 79' lang='lat' dir='ltr'>tribuas</span> <span class='ocrx_word' id='word_1_654' title='bbox 2309 419 2321 436; x_wconf 89' lang='lat'><em>‚</em></span> <span class='ocrx_word' id='word_1_655' title='bbox 2354 405 2392 430; x_wconf 90' lang='lat' dir='ltr'>ut</span> 
     </span>
     <span class='ocr_line' id='line_1_82' title="bbox 1390 435 2394 481; baseline -0.003 -7"><span class='ocrx_word' id='word_1_656' title='bbox 1390 438 1588 474; x_wconf 87' lang='lat' dir='ltr'>obliviscaris</span> <span class='ocrx_word' id='word_1_657' title='bbox 1610 450 1672 472; x_wconf 91' lang='lat' dir='ltr'>non</span> <span class='ocrx_word' id='word_1_658' title='bbox 1696 440 1853 473; x_wconf 85' lang='lat' dir='ltr'>utilitatis</span> <span class='ocrx_word' id='word_1_659' title='bbox 1878 439 2005 479; x_wconf 87' lang='lat' dir='ltr'>solum,</span> <span class='ocrx_word' id='word_1_660' title='bbox 2027 449 2124 481; x_wconf 87' lang='lat' dir='ltr'>quam</span> <span class='ocrx_word' id='word_1_661' title='bbox 2156 435 2286 471; x_wconf 76' lang='lat' dir='ltr'>soler-tes</span> <span class='ocrx_word' id='word_1_662' title='bbox 2318 439 2394 474; x_wconf 87' lang='lat' dir='ltr'>Me-</span> 
     </span>
     <span class='ocr_line' id='line_1_83' title="bbox 1390 480 2392 522; baseline -0.002 -4"><span class='ocrx_word' id='word_1_663' title='bbox 1390 485 1457 518; x_wconf 89' lang='lat' dir='ltr'>dici</span> <span class='ocrx_word' id='word_1_664' title='bbox 1481 482 1519 516; x_wconf 86' lang='lat' dir='ltr'>ad</span> <span class='ocrx_word' id='word_1_665' title='bbox 1544 481 1749 516; x_wconf 82' lang='lat' dir='ltr'>avertendum</span> <span class='ocrx_word' id='word_1_666' title='bbox 1769 484 1803 516; x_wconf 91' lang='lat' dir='ltr'>in</span> <span class='ocrx_word' id='word_1_667' title='bbox 1824 483 1923 516; x_wconf 89' lang='lat' dir='ltr'>cer-tis</span> <span class='ocrx_word' id='word_1_668' title='bbox 1946 481 2070 516; x_wconf 88' lang='lat' dir='ltr'>morbis</span> <span class='ocrx_word' id='word_1_669' title='bbox 2095 505 2108 522; x_wconf 88' lang='lat'>,</span> <span class='ocrx_word' id='word_1_670' title='bbox 2143 489 2197 515; x_wconf 86' lang='lat' dir='ltr'>aut</span> <span class='ocrx_word' id='word_1_671' title='bbox 2229 480 2392 521; x_wconf 80' lang='lat' dir='ltr'>incertis</span> 
     </span>
     <span class='ocr_line' id='line_1_84' title="bbox 1387 522 2393 568; baseline -0.005 -7"><span class='ocrx_word' id='word_1_672' title='bbox 1387 529 1425 561; x_wconf 89' lang='lat' dir='ltr'>ad</span> <span class='ocrx_word' id='word_1_673' title='bbox 1449 525 1578 560; x_wconf 86' lang='lat' dir='ltr'>morbos</span> <span class='ocrx_word' id='word_1_674' title='bbox 1600 525 1866 568; x_wconf 84' lang='lat' dir='ltr'>dispofitionibus</span> <span class='ocrx_word' id='word_1_675' title='bbox 1889 526 2026 559; x_wconf 87' lang='lat' dir='ltr'>nimium</span> <span class='ocrx_word' id='word_1_676' title='bbox 2051 525 2209 568; x_wconf 85' lang='lat' dir='ltr'>sanguinis</span> <span class='ocrx_word' id='word_1_677' title='bbox 2230 522 2272 557; x_wconf 85' lang='lat' dir='ltr'>ad</span> <span class='ocrx_word' id='word_1_678' title='bbox 2290 535 2393 568; x_wconf 72' lang='lat' dir='ltr'>caput</span> 
     </span>
     <span class='ocr_line' id='line_1_85' title="bbox 1388 568 2393 613; baseline -0.006 -9"><span class='ocrx_word' id='word_1_679' title='bbox 1388 569 1568 609; x_wconf 81' lang='lat' dir='ltr'>affluxum,</span> <span class='ocrx_word' id='word_1_680' title='bbox 1591 570 1800 613; x_wconf 85' lang='lat' dir='ltr'>experiuntur</span> <span class='ocrx_word' id='word_1_681' title='bbox 1823 569 1861 602; x_wconf 88' lang='lat' dir='ltr'>ab</span> <span class='ocrx_word' id='word_1_682' title='bbox 1884 568 1951 612; x_wconf 78' lang='lat' dir='ltr'>ejus</span> <span class='ocrx_word' id='word_1_683' title='bbox 1973 570 2078 603; x_wconf 66' lang='lat' dir='ltr'>eredo</span> <span class='ocrx_word' id='word_1_684' title='bbox 2101 569 2160 603; x_wconf 75' lang='lat' dir='ltr'>situ</span> <span class='ocrx_word' id='word_1_685' title='bbox 2175 590 2185 605; x_wconf 88' lang='lat'>‚</span> <span class='ocrx_word' id='word_1_686' title='bbox 2208 578 2321 601; x_wconf 88' lang='lat' dir='ltr'>verum</span> <span class='ocrx_word' id='word_1_687' title='bbox 2343 578 2393 608; x_wconf 75' lang='lat' dir='ltr'>et-</span> 
     </span>
     <span class='ocr_line' id='line_1_86' title="bbox 1388 610 2394 656; baseline -0.003 -9"><span class='ocrx_word' id='word_1_688' title='bbox 1388 616 1454 647; x_wconf 91' lang='lat' dir='ltr'>iam</span> <span class='ocrx_word' id='word_1_689' title='bbox 1476 612 1565 656; x_wconf 92' lang='lat' dir='ltr'>quod</span> <span class='ocrx_word' id='word_1_690' title='bbox 1587 624 1682 647; x_wconf 92' lang='lat' dir='ltr'>nemo</span> <span class='ocrx_word' id='word_1_691' title='bbox 1706 624 1770 646; x_wconf 91' lang='lat' dir='ltr'>non</span> <span class='ocrx_word' id='word_1_692' title='bbox 1794 614 1909 653; x_wconf 87' lang='lat' dir='ltr'>novit,</span> <span class='ocrx_word' id='word_1_693' title='bbox 1931 623 2026 655; x_wconf 83' lang='lat' dir='ltr'>quam</span> <span class='ocrx_word' id='word_1_694' title='bbox 2048 612 2194 646; x_wconf 87' lang='lat' dir='ltr'>celeriter</span> <span class='ocrx_word' id='word_1_695' title='bbox 2216 612 2250 643; x_wconf 91' lang='lat' dir='ltr'>in</span> <span class='ocrx_word' id='word_1_696' title='bbox 2273 610 2394 651; x_wconf 79' lang='lat' dir='ltr'>demis-</span> 
     </span>
     <span class='ocr_line' id='line_1_87' title="bbox 1389 654 2392 699; baseline -0.002 -8"><span class='ocrx_word' id='word_1_697' title='bbox 1389 658 1423 691; x_wconf 92' lang='lat' dir='ltr'>so</span> <span class='ocrx_word' id='word_1_698' title='bbox 1444 659 1551 699; x_wconf 89' lang='lat' dir='ltr'>capite</span> <span class='ocrx_word' id='word_1_699' title='bbox 1579 656 1676 690; x_wconf 89' lang='lat' dir='ltr'>facies</span> <span class='ocrx_word' id='word_1_700' title='bbox 1699 656 1830 694; x_wconf 86' lang='lat' dir='ltr'>rubeat,</span> <span class='ocrx_word' id='word_1_701' title='bbox 1852 658 1888 691; x_wconf 70' lang='grc' dir='ltr'>,δε</span> <span class='ocrx_word' id='word_1_702' title='bbox 1910 655 2078 691; x_wconf 83' lang='lat' dir='ltr'>incalescat</span> <span class='ocrx_word' id='word_1_703' title='bbox 2096 680 2105 689; x_wconf 88' lang='lat'>.</span> <span class='ocrx_word' id='word_1_704' title='bbox 2129 655 2189 690; x_wconf 87' lang='lat' dir='ltr'>Sed</span> <span class='ocrx_word' id='word_1_705' title='bbox 2212 654 2250 688; x_wconf 89' lang='lat' dir='ltr'>de</span> <span class='ocrx_word' id='word_1_706' title='bbox 2273 654 2325 688; x_wconf 90' lang='lat' dir='ltr'>his</span> <span class='ocrx_word' id='word_1_707' title='bbox 2356 655 2392 689; x_wconf 87' lang='lat' dir='ltr'>in</span> 
     </span>
     <span class='ocr_line' id='line_1_88' title="bbox 1389 700 1830 744; baseline -0.005 -11"><span class='ocrx_word' id='word_1_708' title='bbox 1389 700 1555 744; x_wconf 79' lang='lat' dir='ltr'>praesentia</span> <span class='ocrx_word' id='word_1_709' title='bbox 1580 700 1713 743; x_wconf 87' lang='lat' dir='ltr'>quidem</span> <span class='ocrx_word' id='word_1_710' title='bbox 1737 700 1830 734; x_wconf 82' lang='lat' dir='ltr'>satis.</span> 
     </span>
    </p>

    <p class='ocr_par' dir='ltr' id='par_1_7' title="bbox 1373 740 2411 3257">
     <span class='ocr_line' id='line_1_89' title="bbox 1434 740 2392 786; baseline -0.003 -10"><span class='ocrx_word' id='word_1_711' title='bbox 1434 754 1482 786; x_wconf 86' lang='lat'>14.</span> <span class='ocrx_word' id='word_1_712' title='bbox 1509 745 1660 778; x_wconf 86' lang='lat' dir='ltr'>SENEX</span> <span class='ocrx_word' id='word_1_713' title='bbox 1683 744 1739 786; x_wconf 88' lang='lat' dir='ltr'>qui</span> <span class='ocrx_word' id='word_1_714' title='bbox 1763 755 1780 776; x_wconf 88' lang='lat' dir='ltr'>a</span> <span class='ocrx_word' id='word_1_715' title='bbox 1802 743 1901 784; x_wconf 88' lang='lat' dir='ltr'>longo</span> <span class='ocrx_word' id='word_1_716' title='bbox 1923 740 1988 784; x_wconf 84' lang='lat' dir='ltr'>jam</span> <span class='ocrx_word' id='word_1_717' title='bbox 2009 752 2152 784; x_wconf 86' lang='lat' dir='ltr'>tempore</span> <span class='ocrx_word' id='word_1_718' title='bbox 2177 750 2311 785; x_wconf 87' lang='lat' dir='ltr'>propter</span> <span class='ocrx_word' id='word_1_719' title='bbox 2321 751 2392 773; x_wconf 87' lang='lat' dir='ltr'>ma-</span> 
     </span>
     <span class='ocr_line' id='line_1_90' title="bbox 1387 783 2392 832; baseline -0.005 -11"><span class='ocrx_word' id='word_1_720' title='bbox 1387 788 1600 832; x_wconf 48' lang='lat' dir='ltr'>gnum-*ulcus</span> <span class='ocrx_word' id='word_1_721' title='bbox 1624 787 1752 820; x_wconf 86' lang='lat' dir='ltr'>alterius</span> <span class='ocrx_word' id='word_1_722' title='bbox 1777 786 1877 819; x_wconf 86' lang='lat' dir='ltr'>cruris</span> <span class='ocrx_word' id='word_1_723' title='bbox 1900 784 2024 819; x_wconf 85' lang='lat' dir='ltr'>sedebat</span> <span class='ocrx_word' id='word_1_724' title='bbox 2057 785 2239 819; x_wconf 88' lang='lat' dir='ltr'>mendicans</span> <span class='ocrx_word' id='word_1_725' title='bbox 2270 784 2310 820; x_wconf 88' lang='lat' dir='ltr'>ad</span> <span class='ocrx_word' id='word_1_726' title='bbox 2344 783 2392 826; x_wconf 63' lang='lat' dir='ltr'>jaa-</span> 
     </span>
     <span class='ocr_line' id='line_1_91' title="bbox 1387 827 2392 872; baseline -0.005 -7"><span class='ocrx_word' id='word_1_727' title='bbox 1387 842 1482 866; x_wconf 87' lang='lat' dir='ltr'>nuam</span> <span class='ocrx_word' id='word_1_728' title='bbox 1503 831 1592 864; x_wconf 85' lang='lat' dir='ltr'>AEdis</span> <span class='ocrx_word' id='word_1_729' title='bbox 1616 831 1647 864; x_wconf 87' lang='lat' dir='ltr'>S.</span> <span class='ocrx_word' id='word_1_730' title='bbox 1671 830 1834 869; x_wconf 83' lang='lat' dir='ltr'>Antonii,</span> <span class='ocrx_word' id='word_1_731' title='bbox 1857 829 2027 868; x_wconf 62' lang='lat' dir='ltr'>multum,⁸</span> <span class='ocrx_word' id='word_1_732' title='bbox 2043 839 2078 864; x_wconf 93' lang='lat' dir='ltr'>ut</span> <span class='ocrx_word' id='word_1_733' title='bbox 2102 827 2260 872; x_wconf 85' lang='lat' dir='ltr'>ejusmodi</span> <span class='ocrx_word' id='word_1_734' title='bbox 2285 828 2392 862; x_wconf 83' lang='lat' dir='ltr'>horni-</span> 
     </span>
     <span class='ocr_line' id='line_1_92' title="bbox 1385 871 2392 917; baseline -0.006 -8"><span class='ocrx_word' id='word_1_735' title='bbox 1385 885 1462 909; x_wconf 91' lang='lat' dir='ltr'>num</span> <span class='ocrx_word' id='word_1_736' title='bbox 1485 874 1650 917; x_wconf 82' lang='lat' dir='ltr'>plerosque</span> <span class='ocrx_word' id='word_1_737' title='bbox 1673 872 1728 907; x_wconf 87' lang='lat' dir='ltr'>hic</span> <span class='ocrx_word' id='word_1_738' title='bbox 1753 872 1878 913; x_wconf 83' lang='lat' dir='ltr'>facere,</span> <span class='ocrx_word' id='word_1_739' title='bbox 1901 871 2018 912; x_wconf 83' lang='lat' dir='ltr'>audio,</span> <span class='ocrx_word' id='word_1_740' title='bbox 2040 872 2130 907; x_wconf 90' lang='lat' dir='ltr'>edere</span> <span class='ocrx_word' id='word_1_741' title='bbox 2155 872 2270 905; x_wconf 89' lang='lat' dir='ltr'>solitus</span> <span class='ocrx_word' id='word_1_742' title='bbox 2295 895 2308 912; x_wconf 86' lang='lat'>‚</span> <span class='ocrx_word' id='word_1_743' title='bbox 2338 873 2392 903; x_wconf 87' lang='lat' dir='ltr'>ni-</span> 
     </span>
     <span class='ocr_line' id='line_1_93' title="bbox 1385 914 2388 958; baseline -0.004 -6"><span class='ocrx_word' id='word_1_744' title='bbox 1385 919 1432 953; x_wconf 90' lang='lat' dir='ltr'>hil</span> <span class='ocrx_word' id='word_1_745' title='bbox 1457 927 1562 951; x_wconf 86' lang='lat' dir='ltr'>autem</span> <span class='ocrx_word' id='word_1_746' title='bbox 1585 918 1627 950; x_wconf 88' lang='lat' dir='ltr'>ob</span> <span class='ocrx_word' id='word_1_747' title='bbox 1650 928 1718 950; x_wconf 86' lang='lat' dir='ltr'>eam</span> <span class='ocrx_word' id='word_1_748' title='bbox 1742 916 1869 951; x_wconf 83' lang='lat' dir='ltr'>causam</span> <span class='ocrx_word' id='word_1_749' title='bbox 1891 927 1961 958; x_wconf 84' lang='lat' dir='ltr'>quae</span> <span class='ocrx_word' id='word_1_750' title='bbox 1984 914 2070 950; x_wconf 66' lang='lat' dir='ltr'>di&amp;a</span> <span class='ocrx_word' id='word_1_751' title='bbox 2092 915 2134 949; x_wconf 89' lang='lat' dir='ltr'>est</span> <span class='ocrx_word' id='word_1_752' title='bbox 2154 938 2165 955; x_wconf 86' lang='lat'>,</span> <span class='ocrx_word' id='word_1_753' title='bbox 2187 924 2243 949; x_wconf 87' lang='lat' dir='ltr'>aut</span> <span class='ocrx_word' id='word_1_754' title='bbox 2276 924 2388 957; x_wconf 86' lang='lat' dir='ltr'>parum</span> 
     </span>
     <span class='ocr_line' id='line_1_94' title="bbox 1379 958 2385 1004; baseline -0.005 -8"><span class='ocrx_word' id='word_1_755' title='bbox 1379 962 1502 996; x_wconf 88' lang='lat' dir='ltr'>moveri</span> <span class='ocrx_word' id='word_1_756' title='bbox 1524 985 1536 1002; x_wconf 84' lang='lat'>,</span> <span class='ocrx_word' id='word_1_757' title='bbox 1566 960 1735 1004; x_wconf 80' lang='lat' dir='ltr'>apoplexia</span> <span class='ocrx_word' id='word_1_758' title='bbox 1767 959 1936 1002; x_wconf 75' lang='lat' dir='ltr'>prehensus</span> <span class='ocrx_word' id='word_1_759' title='bbox 1959 958 2002 993; x_wconf 88' lang='lat' dir='ltr'>est</span> <span class='ocrx_word' id='word_1_760' title='bbox 2022 984 2031 1000; x_wconf 93' lang='lat'>,</span> <span class='ocrx_word' id='word_1_761' title='bbox 2062 971 2133 1002; x_wconf 84' lang='lat' dir='ltr'>quae</span> <span class='ocrx_word' id='word_1_762' title='bbox 2167 959 2286 992; x_wconf 83' lang='lat' dir='ltr'>mentis</span> <span class='ocrx_word' id='word_1_763' title='bbox 2304 982 2317 999; x_wconf 92' lang='lat'>,</span> <span class='ocrx_word' id='word_1_764' title='bbox 2352 960 2385 992; x_wconf 88' lang='lat'>&amp;</span> 
     </span>
     <span class='ocr_line' id='line_1_95' title="bbox 1377 999 2391 1048; baseline -0.005 -9"><span class='ocrx_word' id='word_1_765' title='bbox 1377 1007 1495 1048; x_wconf 77' lang='lat' dir='ltr'>linguae</span> <span class='ocrx_word' id='word_1_766' title='bbox 1509 1028 1522 1045; x_wconf 83' lang='lat'>,</span> <span class='ocrx_word' id='word_1_767' title='bbox 1544 1007 1577 1038; x_wconf 86' lang='lat'>&amp;</span> <span class='ocrx_word' id='word_1_768' title='bbox 1598 1003 1713 1039; x_wconf 82' lang='lat' dir='ltr'>sinistri</span> <span class='ocrx_word' id='word_1_769' title='bbox 1736 1005 1882 1046; x_wconf 84' lang='lat' dir='ltr'>corporis</span> <span class='ocrx_word' id='word_1_770' title='bbox 1904 1003 2012 1036; x_wconf 87' lang='lat' dir='ltr'>lateris</span> <span class='ocrx_word' id='word_1_771' title='bbox 2033 1002 2125 1037; x_wconf 88' lang='lat' dir='ltr'>usum</span> <span class='ocrx_word' id='word_1_772' title='bbox 2148 1001 2304 1043; x_wconf 86' lang='lat' dir='ltr'>abstulit,</span> <span class='ocrx_word' id='word_1_773' title='bbox 2326 999 2391 1038; x_wconf 78' lang='lat' dir='ltr'>fie-</span> 
     </span>
     <span class='ocr_line' id='line_1_96' title="bbox 1379 1044 2288 1092; baseline -0.006 -10"><span class='ocrx_word' id='word_1_774' title='bbox 1379 1059 1447 1092; x_wconf 62' lang='lat' dir='ltr'>quex</span> <span class='ocrx_word' id='word_1_775' title='bbox 1464 1050 1549 1081; x_wconf 88' lang='lat' dir='ltr'>intra</span> <span class='ocrx_word' id='word_1_776' title='bbox 1570 1047 1716 1082; x_wconf 83' lang='lat' dir='ltr'>triduum</span> <span class='ocrx_word' id='word_1_777' title='bbox 1731 1071 1743 1088; x_wconf 88' lang='lat'>,</span> <span class='ocrx_word' id='word_1_778' title='bbox 1767 1055 1822 1081; x_wconf 86' lang='lat' dir='ltr'>aut</span> <span class='ocrx_word' id='word_1_779' title='bbox 1853 1045 2062 1090; x_wconf 82' lang='lat' dir='ltr'>quatriduum</span> <span class='ocrx_word' id='word_1_780' title='bbox 2094 1044 2257 1079; x_wconf 85' lang='lat' dir='ltr'>interfecit</span> <span class='ocrx_word' id='word_1_781' title='bbox 2281 1071 2288 1077; x_wconf 93' lang='lat'>.</span> 
     </span>
     <span class='ocr_line' id='line_1_97' title="bbox 1386 1087 2391 1134; baseline -0.005 -8"><span class='ocrx_word' id='word_1_782' title='bbox 1386 1092 1617 1126; x_wconf 86' lang='lat' dir='ltr'>CADAVER</span> <span class='ocrx_word' id='word_1_783' title='bbox 1640 1092 1801 1134; x_wconf 88' lang='lat' dir='ltr'>reliquum</span> <span class='ocrx_word' id='word_1_784' title='bbox 1822 1090 1866 1123; x_wconf 89' lang='lat' dir='ltr'>ob</span> <span class='ocrx_word' id='word_1_785' title='bbox 1887 1100 2016 1132; x_wconf 86' lang='lat' dir='ltr'>gravem</span> <span class='ocrx_word' id='word_1_786' title='bbox 2047 1087 2182 1123; x_wconf 85' lang='lat' dir='ltr'>odorem</span> <span class='ocrx_word' id='word_1_787' title='bbox 2201 1111 2211 1127; x_wconf 92' lang='lat'>,</span> <span class='ocrx_word' id='word_1_788' title='bbox 2241 1092 2273 1122; x_wconf 73' lang='grc' dir='ltr'>δι</span> <span class='ocrx_word' id='word_1_789' title='bbox 2302 1088 2391 1123; x_wconf 77' lang='lat' dir='ltr'>foede</span> 
     </span>
     <span class='ocr_line' id='line_1_98' title="bbox 1386 1132 2390 1176; baseline -0.002 -8"><span class='ocrx_word' id='word_1_790' title='bbox 1386 1135 1530 1169; x_wconf 88' lang='lat' dir='ltr'>colorata</span> <span class='ocrx_word' id='word_1_791' title='bbox 1554 1145 1594 1166; x_wconf 88' lang='lat' dir='ltr'>ex</span> <span class='ocrx_word' id='word_1_792' title='bbox 1618 1134 1715 1168; x_wconf 82' lang='lat' dir='ltr'>viridi</span> <span class='ocrx_word' id='word_1_793' title='bbox 1740 1134 1894 1176; x_wconf 84' lang='lat' dir='ltr'>fuscoque</span> <span class='ocrx_word' id='word_1_794' title='bbox 1916 1133 2085 1173; x_wconf 88' lang='lat' dir='ltr'>intestina,</span> <span class='ocrx_word' id='word_1_795' title='bbox 2121 1132 2160 1166; x_wconf 92' lang='lat' dir='ltr'>ad</span> <span class='ocrx_word' id='word_1_796' title='bbox 2192 1134 2390 1166; x_wconf 87' lang='lat' dir='ltr'>anatomicas</span> 
     </span>
     <span class='ocr_line' id='line_1_99' title="bbox 1388 1175 2390 1221; baseline -0.003 -9"><span class='ocrx_word' id='word_1_797' title='bbox 1388 1179 1656 1216; x_wconf 86' lang='lat' dir='ltr'>exercitationes,</span> <span class='ocrx_word' id='word_1_798' title='bbox 1682 1189 1758 1221; x_wconf 90' lang='lat' dir='ltr'>quas</span> <span class='ocrx_word' id='word_1_799' title='bbox 1781 1178 1907 1210; x_wconf 87' lang='lat' dir='ltr'>Martio</span> <span class='ocrx_word' id='word_1_800' title='bbox 1929 1175 2033 1209; x_wconf 89' lang='lat' dir='ltr'>mense</span> <span class='ocrx_word' id='word_1_801' title='bbox 2054 1177 2099 1211; x_wconf 90' lang='lat' dir='ltr'>A.</span> <span class='ocrx_word' id='word_1_802' title='bbox 2125 1186 2217 1219; x_wconf 86' lang='lat'>1741.</span> <span class='ocrx_word' id='word_1_803' title='bbox 2242 1178 2276 1208; x_wconf 93' lang='lat' dir='ltr'>in</span> <span class='ocrx_word' id='word_1_804' title='bbox 2313 1177 2390 1209; x_wconf 87' lang='lat' dir='ltr'>No-</span> 
     </span>
     <span class='ocr_line' id='line_1_100' title="bbox 1379 1218 2388 1261; baseline -0.004 -5"><span class='ocrx_word' id='word_1_805' title='bbox 1379 1223 1524 1256; x_wconf 90' lang='lat' dir='ltr'>socomio</span> <span class='ocrx_word' id='word_1_806' title='bbox 1547 1220 1704 1254; x_wconf 85' lang='lat' dir='ltr'>habebam</span> <span class='ocrx_word' id='word_1_807' title='bbox 1720 1244 1732 1260; x_wconf 88' lang='lat'>,</span> <span class='ocrx_word' id='word_1_808' title='bbox 1754 1221 1888 1253; x_wconf 86' lang='lat' dir='ltr'>minime</span> <span class='ocrx_word' id='word_1_809' title='bbox 1916 1219 2071 1252; x_wconf 87' lang='lat' dir='ltr'>idoneum</span> <span class='ocrx_word' id='word_1_810' title='bbox 2088 1244 2102 1261; x_wconf 89' lang='lat'>,</span> <span class='ocrx_word' id='word_1_811' title='bbox 2135 1219 2262 1253; x_wconf 86' lang='lat' dir='ltr'>humari</span> <span class='ocrx_word' id='word_1_812' title='bbox 2295 1218 2388 1261; x_wconf 80' lang='lat' dir='ltr'>juffi5</span> 
     </span>
     <span class='ocr_line' id='line_1_101' title="bbox 1379 1261 2388 1309; baseline -0.003 -10"><span class='ocrx_word' id='word_1_813' title='bbox 1379 1268 1488 1309; x_wconf 87' lang='lat' dir='ltr'>Caput</span> <span class='ocrx_word' id='word_1_814' title='bbox 1513 1263 1681 1298; x_wconf 82' lang='lat' dir='ltr'>dumtaxat</span> <span class='ocrx_word' id='word_1_815' title='bbox 1705 1264 1841 1297; x_wconf 89' lang='lat' dir='ltr'>servari.</span> <span class='ocrx_word' id='word_1_816' title='bbox 1866 1264 1942 1296; x_wconf 90' lang='lat' dir='ltr'>Hoc</span> <span class='ocrx_word' id='word_1_817' title='bbox 1965 1262 2013 1294; x_wconf 86' lang='lat' dir='ltr'>ibi</span> <span class='ocrx_word' id='word_1_818' title='bbox 2045 1263 2080 1295; x_wconf 91' lang='lat' dir='ltr'>in</span> <span class='ocrx_word' id='word_1_819' title='bbox 2112 1261 2294 1306; x_wconf 84' lang='lat' dir='ltr'>frequentia</span> <span class='ocrx_word' id='word_1_820' title='bbox 2327 1262 2388 1296; x_wconf 90' lang='lat' dir='ltr'>do-</span> 
     </span>
     <span class='ocr_line' id='line_1_102' title="bbox 1379 1304 2390 1348; baseline -0.003 -5"><span class='ocrx_word' id='word_1_821' title='bbox 1379 1310 1509 1343; x_wconf 66' lang='lat' dir='ltr'>&amp;orum</span> <span class='ocrx_word' id='word_1_822' title='bbox 1553 1309 1701 1342; x_wconf 88' lang='lat' dir='ltr'>virorum</span> <span class='ocrx_word' id='word_1_823' title='bbox 1727 1330 1740 1348; x_wconf 90' lang='lat'>,</span> <span class='ocrx_word' id='word_1_824' title='bbox 1770 1310 1802 1339; x_wconf 87' lang='lat'>&amp;</span> <span class='ocrx_word' id='word_1_825' title='bbox 1836 1305 2048 1342; x_wconf 85' lang='lat' dir='ltr'>studiosorum</span> <span class='ocrx_word' id='word_1_826' title='bbox 2080 1304 2317 1340; x_wconf 89' lang='lat' dir='ltr'>adolescentum</span> <span class='ocrx_word' id='word_1_827' title='bbox 2349 1305 2390 1340; x_wconf 88' lang='lat' dir='ltr'>ad</span> 
     </span>
     <span class='ocr_line' id='line_1_103' title="bbox 1374 1347 2391 1395; baseline -0.002 -9"><span class='ocrx_word' id='word_1_828' title='bbox 1374 1352 1554 1395; x_wconf 73' lang='lat' dir='ltr'>apoplexia&gt;</span> <span class='ocrx_word' id='word_1_829' title='bbox 1576 1352 1664 1386; x_wconf 88' lang='lat' dir='ltr'>illius</span> <span class='ocrx_word' id='word_1_830' title='bbox 1687 1349 1885 1385; x_wconf 86' lang='lat' dir='ltr'>scrutandam</span> <span class='ocrx_word' id='word_1_831' title='bbox 1908 1348 2033 1383; x_wconf 85' lang='lat' dir='ltr'>causam</span> <span class='ocrx_word' id='word_1_832' title='bbox 2055 1360 2130 1383; x_wconf 88' lang='lat' dir='ltr'>cum</span> <span class='ocrx_word' id='word_1_833' title='bbox 2151 1347 2224 1382; x_wconf 84' lang='lat' dir='ltr'>esset</span> <span class='ocrx_word' id='word_1_834' title='bbox 2245 1349 2391 1392; x_wconf 84' lang='lat' dir='ltr'>aperien-</span> 
     </span>
     <span class='ocr_line' id='line_1_104' title="bbox 1379 1391 2390 1436; baseline -0.004 -6"><span class='ocrx_word' id='word_1_835' title='bbox 1379 1396 1480 1436; x_wconf 69' lang='lat' dir='ltr'>dum,</span> <span class='ocrx_word' id='word_1_836' title='bbox 1504 1395 1589 1429; x_wconf 85' lang='lat' dir='ltr'>forte</span> <span class='ocrx_word' id='word_1_837' title='bbox 1609 1394 1848 1435; x_wconf 82' lang='lat' dir='ltr'>animadverti,</span> <span class='ocrx_word' id='word_1_838' title='bbox 1870 1394 1903 1426; x_wconf 91' lang='lat' dir='ltr'>in</span> <span class='ocrx_word' id='word_1_839' title='bbox 1928 1393 2143 1428; x_wconf 85' lang='lat' dir='ltr'>anterioribus</span> <span class='ocrx_word' id='word_1_840' title='bbox 2166 1391 2287 1427; x_wconf 84' lang='lat' dir='ltr'>finibus</span> <span class='ocrx_word' id='word_1_841' title='bbox 2300 1392 2390 1428; x_wconf 82' lang='lat' dir='ltr'>mus-</span> 
     </span>
     <span class='ocr_line' id='line_1_105' title="bbox 1378 1436 2389 1481; baseline -0.004 -7"><span class='ocrx_word' id='word_1_842' title='bbox 1378 1440 1446 1474; x_wconf 88' lang='lat' dir='ltr'>culi</span> <span class='ocrx_word' id='word_1_843' title='bbox 1469 1439 1677 1481; x_wconf 88' lang='lat' dir='ltr'>Temporalis</span> <span class='ocrx_word' id='word_1_844' title='bbox 1702 1437 1818 1472; x_wconf 88' lang='lat' dir='ltr'>finistri</span> <span class='ocrx_word' id='word_1_845' title='bbox 1840 1438 1943 1470; x_wconf 87' lang='lat' dir='ltr'>levem</span> <span class='ocrx_word' id='word_1_846' title='bbox 1965 1437 2188 1471; x_wconf 78' lang='lat' dir='ltr'>contusionem</span> <span class='ocrx_word' id='word_1_847' title='bbox 2209 1449 2215 1469; x_wconf 87' lang='lat'><strong>:</strong></span> <span class='ocrx_word' id='word_1_848' title='bbox 2251 1436 2290 1470; x_wconf 90' lang='lat' dir='ltr'>de</span> <span class='ocrx_word' id='word_1_849' title='bbox 2322 1448 2389 1479; x_wconf 83' lang='lat' dir='ltr'>qua</span> 
     </span>
     <span class='ocr_line' id='line_1_106' title="bbox 1379 1479 2382 1526; baseline -0.003 -9"><span class='ocrx_word' id='word_1_850' title='bbox 1379 1495 1454 1517; x_wconf 88' lang='lat' dir='ltr'>curn</span> <span class='ocrx_word' id='word_1_851' title='bbox 1475 1494 1672 1526; x_wconf 78' lang='lat' dir='ltr'>quaererem,</span> <span class='ocrx_word' id='word_1_852' title='bbox 1694 1484 1727 1515; x_wconf 88' lang='lat'><strong>&amp;</strong></span> <span class='ocrx_word' id='word_1_853' title='bbox 1751 1491 1828 1515; x_wconf 91' lang='lat' dir='ltr'>tunc</span> <span class='ocrx_word' id='word_1_854' title='bbox 1852 1480 1972 1514; x_wconf 66' lang='lat' dir='ltr'>saetam</span> <span class='ocrx_word' id='word_1_855' title='bbox 2007 1479 2065 1513; x_wconf 83' lang='lat' dir='ltr'>esse</span> <span class='ocrx_word' id='word_1_856' title='bbox 2082 1504 2095 1521; x_wconf 87' lang='lat'>,</span> <span class='ocrx_word' id='word_1_857' title='bbox 2127 1480 2349 1523; x_wconf 88' lang='lat' dir='ltr'>intelligerem</span> <span class='ocrx_word' id='word_1_858' title='bbox 2368 1502 2382 1518; x_wconf 83' lang='lat'>‚</span> 
     </span>
     <span class='ocr_line' id='line_1_107' title="bbox 1378 1523 2386 1569; baseline -0.003 -9"><span class='ocrx_word' id='word_1_859' title='bbox 1378 1539 1453 1561; x_wconf 88' lang='lat' dir='ltr'>cum</span> <span class='ocrx_word' id='word_1_860' title='bbox 1479 1527 1601 1564; x_wconf 89' lang='lat' dir='ltr'>hom0‚</span> <span class='ocrx_word' id='word_1_861' title='bbox 1627 1525 1796 1569; x_wconf 87' lang='lat' dir='ltr'>apoplexia</span> <span class='ocrx_word' id='word_1_862' title='bbox 1818 1526 2009 1567; x_wconf 88' lang='lat' dir='ltr'>ingruente,</span> <span class='ocrx_word' id='word_1_863' title='bbox 2047 1535 2086 1557; x_wconf 85' lang='lat' dir='ltr'>ex</span> <span class='ocrx_word' id='word_1_864' title='bbox 2118 1523 2191 1557; x_wconf 87' lang='lat' dir='ltr'>sella</span> <span class='ocrx_word' id='word_1_865' title='bbox 2225 1523 2386 1558; x_wconf 84' lang='lat' dir='ltr'>ceciderat</span> 
     </span>
     <span class='ocr_line' id='line_1_108' title="bbox 1378 1565 2390 1612; baseline -0.002 -8"><span class='ocrx_word' id='word_1_866' title='bbox 1378 1572 1453 1610; x_wconf 84' lang='lat' dir='ltr'>sua3</span> <span class='ocrx_word' id='word_1_867' title='bbox 1479 1581 1543 1603; x_wconf 90' lang='lat' dir='ltr'>non</span> <span class='ocrx_word' id='word_1_868' title='bbox 1566 1568 1713 1603; x_wconf 86' lang='lat' dir='ltr'>dubitavi</span> <span class='ocrx_word' id='word_1_869' title='bbox 1737 1570 1816 1612; x_wconf 91' lang='lat' dir='ltr'>quin</span> <span class='ocrx_word' id='word_1_870' title='bbox 1840 1568 1997 1601; x_wconf 90' lang='lat' dir='ltr'>continuo</span> <span class='ocrx_word' id='word_1_871' title='bbox 2021 1565 2224 1610; x_wconf 85' lang='lat' dir='ltr'>praedicerem</span> <span class='ocrx_word' id='word_1_872' title='bbox 2236 1567 2282 1608; x_wconf 87' lang='lat' dir='ltr'>,fi</span> <span class='ocrx_word' id='word_1_873' title='bbox 2299 1567 2390 1603; x_wconf 80' lang='lat' dir='ltr'>istius</span> 
     </span>
     <span class='ocr_line' id='line_1_109' title="bbox 1379 1611 2411 1657; baseline -0.004 -9"><span class='ocrx_word' id='word_1_874' title='bbox 1379 1614 1553 1657; x_wconf 76' lang='lat' dir='ltr'>apoplexiae</span> <span class='ocrx_word' id='word_1_875' title='bbox 1577 1614 1665 1647; x_wconf 88' lang='lat' dir='ltr'>causa</span> <span class='ocrx_word' id='word_1_876' title='bbox 1688 1611 1745 1646; x_wconf 90' lang='lat' dir='ltr'>sub</span> <span class='ocrx_word' id='word_1_877' title='bbox 1765 1612 1880 1645; x_wconf 89' lang='lat' dir='ltr'>oculos</span> <span class='ocrx_word' id='word_1_878' title='bbox 1902 1611 2050 1651; x_wconf 87' lang='lat' dir='ltr'>caderet,</span> <span class='ocrx_word' id='word_1_879' title='bbox 2074 1621 2129 1644; x_wconf 92' lang='lat' dir='ltr'>nec</span> <span class='ocrx_word' id='word_1_880' title='bbox 2153 1612 2188 1644; x_wconf 90' lang='lat' dir='ltr'>in</span> <span class='ocrx_word' id='word_1_881' title='bbox 2210 1612 2278 1645; x_wconf 92' lang='lat' dir='ltr'>sero</span> <span class='ocrx_word' id='word_1_882' title='bbox 2310 1617 2411 1645; x_wconf 74' lang='lat' dir='ltr'>con-‘</span> 
     </span>
     <span class='ocr_line' id='line_1_110' title="bbox 1378 1653 2389 1697; baseline -0.004 -6"><span class='ocrx_word' id='word_1_883' title='bbox 1378 1657 1495 1691; x_wconf 83' lang='lat' dir='ltr'>sisteret</span> <span class='ocrx_word' id='word_1_884' title='bbox 1513 1682 1521 1697; x_wconf 87' lang='lat'><em>‚</em></span> <span class='ocrx_word' id='word_1_885' title='bbox 1546 1655 1642 1690; x_wconf 88' lang='lat' dir='ltr'>facile</span> <span class='ocrx_word' id='word_1_886' title='bbox 1665 1655 1812 1689; x_wconf 89' lang='lat' dir='ltr'>futurum</span> <span class='ocrx_word' id='word_1_887' title='bbox 1835 1653 1914 1696; x_wconf 84' lang='lat' dir='ltr'>esse,</span> <span class='ocrx_word' id='word_1_888' title='bbox 1948 1664 1984 1688; x_wconf 94' lang='lat' dir='ltr'>ut</span> <span class='ocrx_word' id='word_1_889' title='bbox 2021 1653 2191 1688; x_wconf 88' lang='lat' dir='ltr'>secundum</span> <span class='ocrx_word' id='word_1_890' title='bbox 2222 1653 2389 1697; x_wconf 66' lang='lat' dir='ltr'>conjeetu-</span> 
     </span>
     <span class='ocr_line' id='line_1_111' title="bbox 1379 1697 2387 1744; baseline -0.005 -9"><span class='ocrx_word' id='word_1_891' title='bbox 1379 1713 1446 1735; x_wconf 88' lang='lat' dir='ltr'>ram</span> <span class='ocrx_word' id='word_1_892' title='bbox 1468 1699 1627 1744; x_wconf 86' lang='lat' dir='ltr'>quandam</span> <span class='ocrx_word' id='word_1_893' title='bbox 1650 1710 1753 1732; x_wconf 84' lang='lat' dir='ltr'>meam</span> <span class='ocrx_word' id='word_1_894' title='bbox 1774 1700 1833 1737; x_wconf 86' lang='lat' dir='ltr'>(in</span> <span class='ocrx_word' id='word_1_895' title='bbox 1858 1700 2008 1739; x_wconf 83' lang='lat' dir='ltr'>proxima</span> <span class='ocrx_word' id='word_1_896' title='bbox 2042 1697 2203 1740; x_wconf 85' lang='lat' dir='ltr'>superiore</span> <span class='ocrx_word' id='word_1_897' title='bbox 2238 1698 2387 1741; x_wconf 81' lang='lat' dir='ltr'>Epistola</span> 
     </span>
     <span class='ocr_line' id='line_1_112' title="bbox 1377 1740 2390 1785; baseline -0.003 -8"><span class='ocrx_word' id='word_1_898' title='bbox 1377 1749 1392 1785; x_wconf 91' lang='lat'>(</span> <span class='ocrx_word' id='word_1_899' title='bbox 1414 1754 1428 1777; x_wconf 84' lang='lat' dir='ltr'>t</span> <span class='ocrx_word' id='word_1_900' title='bbox 1451 1748 1465 1784; x_wconf 95' lang='lat'>)</span> <span class='ocrx_word' id='word_1_901' title='bbox 1487 1744 1686 1783; x_wconf 88' lang='lat' dir='ltr'>indicatam)</span> <span class='ocrx_word' id='word_1_902' title='bbox 1710 1744 1742 1775; x_wconf 89' lang='lat' dir='ltr'>in</span> <span class='ocrx_word' id='word_1_903' title='bbox 1766 1740 1934 1784; x_wconf 80' lang='lat' dir='ltr'>opposita,</span> <span class='ocrx_word' id='word_1_904' title='bbox 1959 1741 1993 1774; x_wconf 92' lang='lat' dir='ltr'>id</span> <span class='ocrx_word' id='word_1_905' title='bbox 2016 1740 2057 1774; x_wconf 83' lang='lat' dir='ltr'>est</span> <span class='ocrx_word' id='word_1_906' title='bbox 2089 1742 2123 1774; x_wconf 90' lang='lat' dir='ltr'>in</span> <span class='ocrx_word' id='word_1_907' title='bbox 2159 1741 2286 1775; x_wconf 87' lang='lat' dir='ltr'>dextera</span> <span class='ocrx_word' id='word_1_908' title='bbox 2320 1753 2390 1774; x_wconf 80' lang='lat' dir='ltr'>cra-</span> 
     </span>
     <span class='ocr_line' id='line_1_113' title="bbox 1380 1782 2388 1831; baseline -0.005 -9"><span class='ocrx_word' id='word_1_909' title='bbox 1380 1789 1427 1822; x_wconf 91' lang='lat' dir='ltr'>nii</span> <span class='ocrx_word' id='word_1_910' title='bbox 1454 1797 1543 1831; x_wconf 78' lang='lat' dir='ltr'>parte</span> <span class='ocrx_word' id='word_1_911' title='bbox 1566 1786 1873 1830; x_wconf 77' lang='lat' dir='ltr'>deprehenderetur.</span> <span class='ocrx_word' id='word_1_912' title='bbox 1901 1785 1976 1826; x_wconf 70' lang='lat' dir='ltr'>(Qia</span> <span class='ocrx_word' id='word_1_913' title='bbox 1998 1785 2033 1817; x_wconf 87' lang='lat' dir='ltr'>iu</span> <span class='ocrx_word' id='word_1_914' title='bbox 2067 1782 2249 1827; x_wconf 71' lang='lat' dir='ltr'>conjectura</span> <span class='ocrx_word' id='word_1_915' title='bbox 2281 1786 2388 1820; x_wconf 91' lang='lat' dir='ltr'>multo</span> 
     </span>
     <span class='ocr_line' id='line_1_114' title="bbox 1380 1825 2389 1874; baseline -0.005 -8"><span class='ocrx_word' id='word_1_916' title='bbox 1380 1833 1448 1866; x_wconf 89' lang='lat' dir='ltr'>sum</span> <span class='ocrx_word' id='word_1_917' title='bbox 1473 1832 1577 1874; x_wconf 84' lang='lat' dir='ltr'>magis</span> <span class='ocrx_word' id='word_1_918' title='bbox 1600 1829 1825 1866; x_wconf 82' lang='lat' dir='ltr'>confirmatus,</span> <span class='ocrx_word' id='word_1_919' title='bbox 1851 1840 1924 1863; x_wconf 90' lang='lat' dir='ltr'>cum</span> <span class='ocrx_word' id='word_1_920' title='bbox 1954 1825 2036 1861; x_wconf 92' lang='lat' dir='ltr'>illud</span> <span class='ocrx_word' id='word_1_921' title='bbox 2074 1827 2264 1863; x_wconf 87' lang='lat' dir='ltr'>addiderunt</span> <span class='ocrx_word' id='word_1_922' title='bbox 2297 1827 2389 1872; x_wconf 89' lang='lat' dir='ltr'>quod</span> 
     </span>
     <span class='ocr_line' id='line_1_115' title="bbox 1380 1871 2388 1917; baseline -0.002 -9"><span class='ocrx_word' id='word_1_923' title='bbox 1380 1877 1467 1909; x_wconf 86' lang='lat' dir='ltr'>forte</span> <span class='ocrx_word' id='word_1_924' title='bbox 1487 1887 1525 1907; x_wconf 89' lang='lat' dir='ltr'>eo</span> <span class='ocrx_word' id='word_1_925' title='bbox 1548 1884 1690 1917; x_wconf 82' lang='lat' dir='ltr'>tempore</span> <span class='ocrx_word' id='word_1_926' title='bbox 1714 1872 1849 1907; x_wconf 87' lang='lat' dir='ltr'>necdum</span> <span class='ocrx_word' id='word_1_927' title='bbox 1873 1872 2081 1913; x_wconf 81' lang='lat' dir='ltr'>audiveram,</span> <span class='ocrx_word' id='word_1_928' title='bbox 2103 1871 2251 1912; x_wconf 75' lang='lat' dir='ltr'>finistro,</span> <span class='ocrx_word' id='word_1_929' title='bbox 2275 1881 2311 1906; x_wconf 92' lang='lat' dir='ltr'>ut</span> <span class='ocrx_word' id='word_1_930' title='bbox 2336 1871 2388 1906; x_wconf 85' lang='lat' dir='ltr'>su-</span> 
     </span>
     <span class='ocr_line' id='line_1_116' title="bbox 1379 1914 2382 1961; baseline -0.005 -9"><span class='ocrx_word' id='word_1_931' title='bbox 1379 1930 1435 1961; x_wconf 74' lang='lat' dir='ltr'>pra</span> <span class='ocrx_word' id='word_1_932' title='bbox 1456 1917 1551 1959; x_wconf 79' lang='lat' dir='ltr'>dixi,</span> <span class='ocrx_word' id='word_1_933' title='bbox 1573 1918 1719 1960; x_wconf 83' lang='lat' dir='ltr'>corporis</span> <span class='ocrx_word' id='word_1_934' title='bbox 1743 1917 1838 1949; x_wconf 85' lang='lat' dir='ltr'>latere</span> <span class='ocrx_word' id='word_1_935' title='bbox 1860 1914 1952 1953; x_wconf 84' lang='lat' dir='ltr'>fuisse</span> <span class='ocrx_word' id='word_1_936' title='bbox 1974 1914 2141 1949; x_wconf 88' lang='lat' dir='ltr'>hominem</span> <span class='ocrx_word' id='word_1_937' title='bbox 2173 1915 2348 1950; x_wconf 84' lang='lat' dir='ltr'>resolutum</span> <span class='ocrx_word' id='word_1_938' title='bbox 2367 1939 2382 1955; x_wconf 31' lang='grc'>,.</span> 
     </span>
     <span class='ocr_line' id='line_1_117' title="bbox 1374 1957 2389 2003; baseline -0.004 -7"><span class='ocrx_word' id='word_1_939' title='bbox 1374 1963 1495 1996; x_wconf 89' lang='lat' dir='ltr'>Cranio</span> <span class='ocrx_word' id='word_1_940' title='bbox 1518 1971 1595 1996; x_wconf 91' lang='lat' dir='ltr'>tunc</span> <span class='ocrx_word' id='word_1_941' title='bbox 1616 1961 1753 2003; x_wconf 87' lang='lat' dir='ltr'>denique</span> <span class='ocrx_word' id='word_1_942' title='bbox 1778 1959 1938 2002; x_wconf 63' lang='lat' dir='ltr'>perfeeto,</span> <span class='ocrx_word' id='word_1_943' title='bbox 1961 1957 2050 2002; x_wconf 87' lang='lat' dir='ltr'>quod</span> <span class='ocrx_word' id='word_1_944' title='bbox 2071 1957 2149 1993; x_wconf 90' lang='lat' dir='ltr'>dum</span> <span class='ocrx_word' id='word_1_945' title='bbox 2174 1958 2282 1998; x_wconf 80' lang='lat' dir='ltr'>fieret,</span> <span class='ocrx_word' id='word_1_946' title='bbox 2308 1969 2389 2002; x_wconf 77' lang='lat' dir='ltr'>aqua</span> 
     </span>
     <span class='ocr_line' id='line_1_118' title="bbox 1373 2002 2389 2048; baseline -0.004 -10"><span class='ocrx_word' id='word_1_947' title='bbox 1373 2016 1437 2038; x_wconf 88' lang='lat' dir='ltr'>non</span> <span class='ocrx_word' id='word_1_948' title='bbox 1460 2006 1597 2039; x_wconf 90' lang='lat' dir='ltr'>omnino</span> <span class='ocrx_word' id='word_1_949' title='bbox 1621 2016 1720 2048; x_wconf 81' lang='lat' dir='ltr'>pauca</span> <span class='ocrx_word' id='word_1_950' title='bbox 1754 2003 1892 2038; x_wconf 85' lang='lat' dir='ltr'>defluxit</span> <span class='ocrx_word' id='word_1_951' title='bbox 1911 2027 1923 2043; x_wconf 91' lang='lat'>,</span> <span class='ocrx_word' id='word_1_952' title='bbox 1959 2003 2015 2037; x_wconf 91' lang='lat' dir='ltr'>sub</span> <span class='ocrx_word' id='word_1_953' title='bbox 2052 2002 2113 2036; x_wconf 92' lang='lat' dir='ltr'>illo</span> <span class='ocrx_word' id='word_1_954' title='bbox 2144 2003 2389 2045; x_wconf 83' lang='lat' dir='ltr'>sanguinolenta</span> 
     </span>
     <span class='ocr_line' id='line_1_119' title="bbox 1373 2045 2391 2091; baseline -0.003 -10"><span class='ocrx_word' id='word_1_955' title='bbox 1373 2050 1483 2081; x_wconf 91' lang='lat' dir='ltr'>omnia</span> <span class='ocrx_word' id='word_1_956' title='bbox 1506 2049 1607 2091; x_wconf 85' lang='lat' dir='ltr'>magis</span> <span class='ocrx_word' id='word_1_957' title='bbox 1629 2059 1726 2090; x_wconf 86' lang='lat' dir='ltr'>quam</span> <span class='ocrx_word' id='word_1_958' title='bbox 1751 2047 1893 2083; x_wconf 83' lang='lat' dir='ltr'>soleant,</span> <span class='ocrx_word' id='word_1_959' title='bbox 1915 2045 2023 2080; x_wconf 83' lang='lat' dir='ltr'>statim</span> <span class='ocrx_word' id='word_1_960' title='bbox 2046 2057 2259 2089; x_wconf 82' lang='lat' dir='ltr'>apparuerunt</span> <span class='ocrx_word' id='word_1_961' title='bbox 2283 2071 2290 2077; x_wconf 95' lang='lat'>.</span> <span class='ocrx_word' id='word_1_962' title='bbox 2325 2047 2391 2080; x_wconf 88' lang='lat' dir='ltr'>Di-</span> 
     </span>
     <span class='ocr_line' id='line_1_120' title="bbox 1373 2089 2380 2134; baseline -0.002 -9"><span class='ocrx_word' id='word_1_963' title='bbox 1373 2092 1470 2126; x_wconf 62' lang='lat' dir='ltr'>dueta</span> <span class='ocrx_word' id='word_1_964' title='bbox 1494 2101 1599 2125; x_wconf 89' lang='lat' dir='ltr'>autem</span> <span class='ocrx_word' id='word_1_965' title='bbox 1623 2089 1730 2124; x_wconf 85' lang='lat' dir='ltr'>Crassa</span> <span class='ocrx_word' id='word_1_966' title='bbox 1763 2093 1936 2131; x_wconf 84' lang='lat' dir='ltr'>meninge,</span> <span class='ocrx_word' id='word_1_967' title='bbox 1958 2091 1991 2123; x_wconf 88' lang='lat' dir='ltr'>in</span> <span class='ocrx_word' id='word_1_968' title='bbox 2015 2089 2105 2134; x_wconf 83' lang='lat' dir='ltr'>cujus</span> <span class='ocrx_word' id='word_1_969' title='bbox 2127 2089 2275 2132; x_wconf 86' lang='lat' dir='ltr'>supremo</span> <span class='ocrx_word' id='word_1_970' title='bbox 2300 2091 2380 2123; x_wconf 85' lang='lat' dir='ltr'>Sinu.</span> 
     </span>
     <span class='ocr_line' id='line_1_121' title="bbox 1373 2133 2383 2176; baseline -0.003 -8"><span class='ocrx_word' id='word_1_971' title='bbox 1373 2136 1541 2169; x_wconf 88' lang='lat' dir='ltr'>concretio</span> <span class='ocrx_word' id='word_1_972' title='bbox 1566 2144 1632 2167; x_wconf 89' lang='lat' dir='ltr'>erat</span> <span class='ocrx_word' id='word_1_973' title='bbox 1658 2145 1753 2176; x_wconf 84' lang='lat' dir='ltr'>parva</span> <span class='ocrx_word' id='word_1_974' title='bbox 1776 2133 1934 2175; x_wconf 85' lang='lat' dir='ltr'>polyposa</span> <span class='ocrx_word' id='word_1_975' title='bbox 1946 2155 1960 2172; x_wconf 92' lang='lat'>,</span> <span class='ocrx_word' id='word_1_976' title='bbox 1981 2144 2048 2167; x_wconf 91' lang='lat' dir='ltr'>non</span> <span class='ocrx_word' id='word_1_977' title='bbox 2069 2133 2174 2166; x_wconf 90' lang='lat' dir='ltr'>solum</span> <span class='ocrx_word' id='word_1_978' title='bbox 2197 2135 2232 2166; x_wconf 88' lang='lat' dir='ltr'>in</span> <span class='ocrx_word' id='word_1_979' title='bbox 2256 2135 2383 2167; x_wconf 86' lang='lat' dir='ltr'>menin-</span> 
     </span>
     <span class='ocr_line' id='line_1_122' title="bbox 1374 2176 2389 2222; baseline -0.003 -10"><span class='ocrx_word' id='word_1_980' title='bbox 1374 2190 1412 2222; x_wconf 87' lang='lat' dir='ltr'>ge</span> <span class='ocrx_word' id='word_1_981' title='bbox 1435 2179 1532 2212; x_wconf 87' lang='lat' dir='ltr'>altera</span> <span class='ocrx_word' id='word_1_982' title='bbox 1557 2177 1625 2211; x_wconf 86' lang='lat' dir='ltr'>vasa</span> <span class='ocrx_word' id='word_1_983' title='bbox 1646 2176 1813 2219; x_wconf 69' lang='lat' dir='ltr'>conspecta</span> <span class='ocrx_word' id='word_1_984' title='bbox 1834 2176 1905 2209; x_wconf 91' lang='lat' dir='ltr'>sunt</span> <span class='ocrx_word' id='word_1_985' title='bbox 1930 2176 2079 2219; x_wconf 82' lang='lat' dir='ltr'>sanguine</span> <span class='ocrx_word' id='word_1_986' title='bbox 2093 2188 2109 2209; x_wconf 89' lang='lat' dir='ltr'>a</span> <span class='ocrx_word' id='word_1_987' title='bbox 2124 2176 2268 2217; x_wconf 85' lang='lat' dir='ltr'>dextris,</span> <span class='ocrx_word' id='word_1_988' title='bbox 2290 2186 2389 2219; x_wconf 84' lang='lat' dir='ltr'>quam</span> 
     </span>
     <span class='ocr_line' id='line_1_123' title="bbox 1379 2219 2389 2263; baseline -0.003 -7"><span class='ocrx_word' id='word_1_989' title='bbox 1379 2235 1396 2256; x_wconf 88' lang='lat' dir='ltr'>a</span> <span class='ocrx_word' id='word_1_990' title='bbox 1419 2221 1549 2255; x_wconf 86' lang='lat' dir='ltr'>sinistris</span> <span class='ocrx_word' id='word_1_991' title='bbox 1563 2244 1573 2259; x_wconf 90' lang='lat'>,</span> <span class='ocrx_word' id='word_1_992' title='bbox 1599 2220 1798 2259; x_wconf 85' lang='lat' dir='ltr'>tumidiora3</span> <span class='ocrx_word' id='word_1_993' title='bbox 1823 2219 1873 2254; x_wconf 87' lang='lat' dir='ltr'>sed</span> <span class='ocrx_word' id='word_1_994' title='bbox 1897 2222 1930 2253; x_wconf 90' lang='lat'>&amp;</span> <span class='ocrx_word' id='word_1_995' title='bbox 1953 2220 2045 2263; x_wconf 87' lang='lat' dir='ltr'>super</span> <span class='ocrx_word' id='word_1_996' title='bbox 2056 2219 2284 2263; x_wconf 77' lang='lat' dir='ltr'>hemisphaerio</span> <span class='ocrx_word' id='word_1_997' title='bbox 2293 2220 2389 2254; x_wconf 85' lang='lat' dir='ltr'>dum-</span> 
     </span>
     <span class='ocr_line' id='line_1_124' title="bbox 1378 2263 2391 2307; baseline -0.003 -8"><span class='ocrx_word' id='word_1_998' title='bbox 1378 2275 1467 2300; x_wconf 80' lang='lat' dir='ltr'>taxat</span> <span class='ocrx_word' id='word_1_999' title='bbox 1494 2263 1628 2298; x_wconf 86' lang='lat' dir='ltr'>dextero</span> <span class='ocrx_word' id='word_1_1000' title='bbox 1652 2264 1778 2306; x_wconf 85' lang='lat' dir='ltr'>sanguis</span> <span class='ocrx_word' id='word_1_1001' title='bbox 1801 2263 2050 2298; x_wconf 86' lang='lat' dir='ltr'>semiconcretus</span> <span class='ocrx_word' id='word_1_1002' title='bbox 2075 2289 2085 2304; x_wconf 91' lang='lat'>,</span> <span class='ocrx_word' id='word_1_1003' title='bbox 2116 2265 2174 2307; x_wconf 86' lang='lat' dir='ltr'>qui</span> <span class='ocrx_word' id='word_1_1004' title='bbox 2209 2275 2248 2297; x_wconf 88' lang='lat' dir='ltr'>ex</span> <span class='ocrx_word' id='word_1_1005' title='bbox 2280 2265 2391 2306; x_wconf 79' lang='lat' dir='ltr'>aliquo</span> 
     </span>
     <span class='ocr_line' id='line_1_125' title="bbox 1379 2304 2392 2350; baseline -0.002 -9"><span class='ocrx_word' id='word_1_1006' title='bbox 1379 2320 1491 2343; x_wconf 88' lang='lat' dir='ltr'>eorum</span> <span class='ocrx_word' id='word_1_1007' title='bbox 1513 2308 1659 2342; x_wconf 90' lang='lat' dir='ltr'>vasorum</span> <span class='ocrx_word' id='word_1_1008' title='bbox 1684 2304 1858 2350; x_wconf 79' lang='lat' dir='ltr'>prodiisse,</span> <span class='ocrx_word' id='word_1_1009' title='bbox 1882 2309 1914 2339; x_wconf 73' lang='grc' dir='ltr'>δε</span> <span class='ocrx_word' id='word_1_1010' title='bbox 1940 2306 2087 2340; x_wconf 87' lang='lat' dir='ltr'>deorsum</span> <span class='ocrx_word' id='word_1_1011' title='bbox 2110 2308 2184 2340; x_wconf 90' lang='lat' dir='ltr'>inde</span> <span class='ocrx_word' id='word_1_1012' title='bbox 2207 2307 2329 2341; x_wconf 81' lang='lat' dir='ltr'>fluxisse</span> <span class='ocrx_word' id='word_1_1013' title='bbox 2341 2308 2392 2340; x_wconf 89' lang='lat' dir='ltr'>vi-</span> 
     </span>
     <span class='ocr_line' id='line_1_126' title="bbox 1380 2348 2388 2393; baseline -0.001 -8"><span class='ocrx_word' id='word_1_1014' title='bbox 1380 2352 1536 2391; x_wconf 83' lang='lat' dir='ltr'>debatur,·</span> <span class='ocrx_word' id='word_1_1015' title='bbox 1557 2363 1632 2384; x_wconf 88' lang='lat' dir='ltr'>nam</span> <span class='ocrx_word' id='word_1_1016' title='bbox 1656 2354 1687 2384; x_wconf 92' lang='lat'>&amp;</span> <span class='ocrx_word' id='word_1_1017' title='bbox 1713 2350 1770 2384; x_wconf 91' lang='lat' dir='ltr'>sub</span> <span class='ocrx_word' id='word_1_1018' title='bbox 1793 2348 1857 2383; x_wconf 80' lang='lat' dir='ltr'>bafi</span> <span class='ocrx_word' id='word_1_1019' title='bbox 1881 2351 2048 2383; x_wconf 84' lang='lat' dir='ltr'>anterioris</span> <span class='ocrx_word' id='word_1_1020' title='bbox 2072 2352 2173 2393; x_wconf 88' lang='lat' dir='ltr'>partis</span> <span class='ocrx_word' id='word_1_1021' title='bbox 2196 2350 2262 2384; x_wconf 89' lang='lat' dir='ltr'>lobi</span> <span class='ocrx_word' id='word_1_1022' title='bbox 2285 2351 2388 2393; x_wconf 86' lang='lat' dir='ltr'>poste-</span> 
     </span>
     <span class='ocr_line' id='line_1_127' title="bbox 1383 2393 2389 2435; baseline -0.001 -6"><span class='ocrx_word' id='word_1_1023' title='bbox 1383 2397 1479 2430; x_wconf 87' lang='lat' dir='ltr'>rioris</span> <span class='ocrx_word' id='word_1_1024' title='bbox 1523 2395 1643 2428; x_wconf 87' lang='lat' dir='ltr'>cerebri</span> <span class='ocrx_word' id='word_1_1025' title='bbox 1689 2393 1813 2428; x_wconf 81' lang='lat' dir='ltr'>dexteri</span> <span class='ocrx_word' id='word_1_1026' title='bbox 1848 2393 2012 2435; x_wconf 85' lang='lat' dir='ltr'>aliquanto</span> <span class='ocrx_word' id='word_1_1027' title='bbox 2044 2393 2115 2435; x_wconf 86' lang='lat' dir='ltr'>plus</span> <span class='ocrx_word' id='word_1_1028' title='bbox 2149 2395 2313 2428; x_wconf 81' lang='lat' dir='ltr'>inventum</span> <span class='ocrx_word' id='word_1_1029' title='bbox 2345 2393 2389 2428; x_wconf 84' lang='lat' dir='ltr'>est</span> 
     </span>
     <span class='ocr_line' id='line_1_128' title="bbox 1379 2437 2387 2482; baseline -0.004 -9"><span class='ocrx_word' id='word_1_1030' title='bbox 1379 2438 1613 2482; x_wconf 85' lang='lat' dir='ltr'>ejusdemmodi</span> <span class='ocrx_word' id='word_1_1031' title='bbox 1637 2437 1800 2479; x_wconf 87' lang='lat' dir='ltr'>sanguinis</span> <span class='ocrx_word' id='word_1_1032' title='bbox 1823 2438 1944 2479; x_wconf 89' lang='lat' dir='ltr'>pariter</span> <span class='ocrx_word' id='word_1_1033' title='bbox 1968 2438 2053 2469; x_wconf 87' lang='lat' dir='ltr'>inter</span> <span class='ocrx_word' id='word_1_1034' title='bbox 2072 2446 2239 2477; x_wconf 86' lang='lat' dir='ltr'>utramque</span> <span class='ocrx_word' id='word_1_1035' title='bbox 2260 2439 2387 2470; x_wconf 78' lang='lat' dir='ltr'>menin-</span> 
     </span>
     <span class='ocr_line' id='line_1_129' title="bbox 1378 2479 2389 2527; baseline -0.003 -11"><span class='ocrx_word' id='word_1_1036' title='bbox 1378 2494 1470 2527; x_wconf 83' lang='lat' dir='ltr'>gem:</span> <span class='ocrx_word' id='word_1_1037' title='bbox 1494 2492 1549 2515; x_wconf 87' lang='lat' dir='ltr'>nec</span> <span class='ocrx_word' id='word_1_1038' title='bbox 1572 2480 1749 2525; x_wconf 88' lang='lat' dir='ltr'>quidquam</span> <span class='ocrx_word' id='word_1_1039' title='bbox 1773 2480 1852 2513; x_wconf 88' lang='lat' dir='ltr'>alibi</span> <span class='ocrx_word' id='word_1_1040' title='bbox 1876 2481 1959 2513; x_wconf 86' lang='lat' dir='ltr'>intra</span> <span class='ocrx_word' id='word_1_1041' title='bbox 1983 2481 2128 2514; x_wconf 88' lang='lat' dir='ltr'>cranium</span> <span class='ocrx_word' id='word_1_1042' title='bbox 2150 2479 2238 2513; x_wconf 69' lang='lat' dir='ltr'>effusi</span> <span class='ocrx_word' id='word_1_1043' title='bbox 2261 2480 2389 2519; x_wconf 68' lang='lat' dir='ltr'>sanaui-</span> 
     </span>
     <span class='ocr_line' id='line_1_130' title="bbox 1377 2522 2389 2569; baseline -0.002 -9"><span class='ocrx_word' id='word_1_1044' title='bbox 1377 2528 1426 2560; x_wconf 90' lang='lat' dir='ltr'>nis</span> <span class='ocrx_word' id='word_1_1045' title='bbox 1451 2534 1610 2569; x_wconf 89' lang='lat' dir='ltr'>repertum</span> <span class='ocrx_word' id='word_1_1046' title='bbox 1628 2523 1671 2558; x_wconf 87' lang='lat' dir='ltr'>est</span> <span class='ocrx_word' id='word_1_1047' title='bbox 1692 2532 1806 2567; x_wconf 85' lang='lat' dir='ltr'>praeter</span> <span class='ocrx_word' id='word_1_1048' title='bbox 1827 2524 1862 2556; x_wconf 91' lang='lat' dir='ltr'>id</span> <span class='ocrx_word' id='word_1_1049' title='bbox 1887 2523 1975 2565; x_wconf 87' lang='lat' dir='ltr'>quod</span> <span class='ocrx_word' id='word_1_1050' title='bbox 1997 2523 2092 2564; x_wconf 85' lang='lat' dir='ltr'>dixi,</span> <span class='ocrx_word' id='word_1_1051' title='bbox 2116 2522 2239 2558; x_wconf 88' lang='lat' dir='ltr'>duobus</span> <span class='ocrx_word' id='word_1_1052' title='bbox 2258 2526 2389 2558; x_wconf 88' lang='lat' dir='ltr'>circiter</span> 
     </span>
     <span class='ocr_line' id='line_1_131' title="bbox 1377 2566 2390 2611; baseline -0.001 -8"><span class='ocrx_word' id='word_1_1053' title='bbox 1377 2569 1599 2603; x_wconf 84' lang='lat' dir='ltr'>cochlearibus</span> <span class='ocrx_word' id='word_1_1054' title='bbox 1623 2566 1872 2602; x_wconf 82' lang='lat' dir='ltr'>continendum·</span> <span class='ocrx_word' id='word_1_1055' title='bbox 1896 2567 1962 2601; x_wconf 87' lang='lat' dir='ltr'>His</span> <span class='ocrx_word' id='word_1_1056' title='bbox 1985 2568 2029 2600; x_wconf 89' lang='lat' dir='ltr'>ita</span> <span class='ocrx_word' id='word_1_1057' title='bbox 2053 2568 2204 2601; x_wconf 88' lang='lat' dir='ltr'>omnibus</span> <span class='ocrx_word' id='word_1_1058' title='bbox 2226 2569 2283 2611; x_wconf 87' lang='lat' dir='ltr'>qui</span> <span class='ocrx_word' id='word_1_1059' title='bbox 2317 2568 2390 2602; x_wconf 83' lang='lat' dir='ltr'>ade-</span> 
     </span>
     <span class='ocr_line' id='line_1_132' title="bbox 1381 2610 2387 2654; baseline -0.002 -7"><span class='ocrx_word' id='word_1_1060' title='bbox 1381 2623 1472 2654; x_wconf 86' lang='lat' dir='ltr'>rant,</span> <span class='ocrx_word' id='word_1_1061' title='bbox 1495 2611 1739 2652; x_wconf 66' lang='lat' dir='ltr'>demonstmfis,</span> <span class='ocrx_word' id='word_1_1062' title='bbox 1762 2613 1794 2644; x_wconf 89' lang='lat'>&amp;</span> <span class='ocrx_word' id='word_1_1063' title='bbox 1819 2611 1940 2653; x_wconf 86' lang='lat' dir='ltr'>reliqua</span> <span class='ocrx_word' id='word_1_1064' title='bbox 1962 2610 2080 2645; x_wconf 88' lang='lat' dir='ltr'>ostensa</span> <span class='ocrx_word' id='word_1_1065' title='bbox 2103 2610 2199 2651; x_wconf 81' lang='lat' dir='ltr'>sunt,</span> <span class='ocrx_word' id='word_1_1066' title='bbox 2222 2613 2357 2645; x_wconf 83' lang='lat' dir='ltr'>minoris</span> <span class='ocrx_word' id='word_1_1067' title='bbox 2377 2636 2387 2652; x_wconf 91' lang='lat'>,</span> 
     </span>
     <span class='ocr_line' id='line_1_133' title="bbox 1380 2653 2389 2698; baseline -0.004 -7"><span class='ocrx_word' id='word_1_1068' title='bbox 1380 2667 1418 2691; x_wconf 91' lang='lat' dir='ltr'>ut</span> <span class='ocrx_word' id='word_1_1069' title='bbox 1440 2657 1562 2696; x_wconf 85' lang='lat' dir='ltr'>visum,</span> <span class='ocrx_word' id='word_1_1070' title='bbox 1587 2657 1766 2691; x_wconf 87' lang='lat' dir='ltr'>momenti,</span> <span class='ocrx_word' id='word_1_1071' title='bbox 1799 2666 1868 2698; x_wconf 81' lang='lat' dir='ltr'>quae</span> <span class='ocrx_word' id='word_1_1072' title='bbox 1900 2653 1964 2687; x_wconf 82' lang='lat' dir='ltr'>huc</span> <span class='ocrx_word' id='word_1_1073' title='bbox 1999 2653 2159 2688; x_wconf 84' lang='lat' dir='ltr'>redierunt</span> <span class='ocrx_word' id='word_1_1074' title='bbox 2188 2679 2195 2686; x_wconf 92' lang='lat'>.</span> <span class='ocrx_word' id='word_1_1075' title='bbox 2230 2657 2287 2688; x_wconf 88' lang='lat' dir='ltr'>Per</span> <span class='ocrx_word' id='word_1_1076' title='bbox 2320 2656 2389 2689; x_wconf 88' lang='lat' dir='ltr'>Te-</span> 
     </span>
     <span class='ocr_line' id='line_1_134' title="bbox 1379 2695 2386 2742; baseline -0.002 -8"><span class='ocrx_word' id='word_1_1077' title='bbox 1379 2712 1474 2734; x_wconf 87' lang='lat' dir='ltr'>nuem</span> <span class='ocrx_word' id='word_1_1078' title='bbox 1496 2702 1678 2742; x_wconf 88' lang='lat' dir='ltr'>meningem</span> <span class='ocrx_word' id='word_1_1079' title='bbox 1701 2698 1896 2732; x_wconf 85' lang='lat' dir='ltr'>translucens</span> <span class='ocrx_word' id='word_1_1080' title='bbox 1917 2695 2034 2731; x_wconf 82' lang='lat' dir='ltr'>humor</span> <span class='ocrx_word' id='word_1_1081' title='bbox 2057 2696 2144 2740; x_wconf 81' lang='lat' dir='ltr'>quasi</span> <span class='ocrx_word' id='word_1_1082' title='bbox 2173 2697 2386 2741; x_wconf 76' lang='lat' dir='ltr'>gelatinolus.</span> 
     </span>
     <span class='ocr_line' id='line_1_135' title="bbox 1380 2741 2389 2784; baseline -0.002 -7"><span class='ocrx_word' id='word_1_1083' title='bbox 1380 2744 1464 2777; x_wconf 88' lang='lat' dir='ltr'>Vasa</span> <span class='ocrx_word' id='word_1_1084' title='bbox 1488 2755 1553 2778; x_wconf 91' lang='lat' dir='ltr'>non</span> <span class='ocrx_word' id='word_1_1085' title='bbox 1574 2745 1608 2777; x_wconf 88' lang='lat' dir='ltr'>in</span> <span class='ocrx_word' id='word_1_1086' title='bbox 1632 2741 1800 2776; x_wconf 86' lang='lat' dir='ltr'>medullari</span> <span class='ocrx_word' id='word_1_1087' title='bbox 1824 2741 1925 2775; x_wconf 88' lang='lat' dir='ltr'>solum</span> <span class='ocrx_word' id='word_1_1088' title='bbox 1949 2741 2118 2774; x_wconf 83' lang='lat' dir='ltr'>substantia</span> <span class='ocrx_word' id='word_1_1089' title='bbox 2141 2764 2152 2781; x_wconf 89' lang='lat'>,</span> <span class='ocrx_word' id='word_1_1090' title='bbox 2185 2750 2220 2774; x_wconf 85' lang='lat' dir='ltr'>ut</span> <span class='ocrx_word' id='word_1_1091' title='bbox 2253 2742 2389 2784; x_wconf 83' lang='lat' dir='ltr'>plurima</span> 
     </span>
     <span class='ocr_line' id='line_1_136' title="bbox 1381 2782 2387 2830; baseline 0 -10"><span class='ocrx_word' id='word_1_1092' title='bbox 1381 2788 1488 2830; x_wconf 78' lang='lat' dir='ltr'>passim</span> <span class='ocrx_word' id='word_1_1093' title='bbox 1510 2788 1693 2830; x_wconf 86' lang='lat' dir='ltr'>sanguinem</span> <span class='ocrx_word' id='word_1_1094' title='bbox 1717 2786 1892 2819; x_wconf 67' lang='lat' dir='ltr'>eructantia</span> <span class='ocrx_word' id='word_1_1095' title='bbox 1915 2785 2031 2827; x_wconf 61' lang='lat' dir='ltr'>punCm</span> <span class='ocrx_word' id='word_1_1096' title='bbox 2064 2782 2270 2818; x_wconf 85' lang='lat' dir='ltr'>ostendebant</span> <span class='ocrx_word' id='word_1_1097' title='bbox 2291 2809 2303 2825; x_wconf 77' lang='grc'>,</span> <span class='ocrx_word' id='word_1_1098' title='bbox 2337 2786 2387 2820; x_wconf 84' lang='lat' dir='ltr'>sed</span> 
     </span>
     <span class='ocr_line' id='line_1_137' title="bbox 1380 2829 2386 2874; baseline -0.003 -10"><span class='ocrx_word' id='word_1_1099' title='bbox 1380 2834 1413 2864; x_wconf 88' lang='lat'>&amp;</span> <span class='ocrx_word' id='word_1_1100' title='bbox 1436 2843 1506 2873; x_wconf 73' lang='lat' dir='ltr'>qua:</span> <span class='ocrx_word' id='word_1_1101' title='bbox 1530 2843 1585 2874; x_wconf 89' lang='lat' dir='ltr'>per</span> <span class='ocrx_word' id='word_1_1102' title='bbox 1609 2830 1724 2863; x_wconf 86' lang='lat' dir='ltr'>faciem</span> <span class='ocrx_word' id='word_1_1103' title='bbox 1747 2838 1863 2871; x_wconf 85' lang='lat' dir='ltr'>repunt</span> <span class='ocrx_word' id='word_1_1104' title='bbox 1887 2829 2085 2862; x_wconf 87' lang='lat' dir='ltr'>Lateralium</span> <span class='ocrx_word' id='word_1_1105' title='bbox 2109 2829 2386 2870; x_wconf 81' lang='lat' dir='ltr'>ventriculorum‚</span> 
     </span>
     <span class='ocr_line' id='line_1_138' title="bbox 1381 2870 2388 2918; baseline -0.001 -11"><span class='ocrx_word' id='word_1_1106' title='bbox 1381 2873 1535 2907; x_wconf 86' lang='lat' dir='ltr'>distenta.</span> <span class='ocrx_word' id='word_1_1107' title='bbox 1561 2876 1656 2918; x_wconf 87' lang='lat' dir='ltr'>Aqua</span> <span class='ocrx_word' id='word_1_1108' title='bbox 1680 2875 1713 2906; x_wconf 88' lang='lat' dir='ltr'>in</span> <span class='ocrx_word' id='word_1_1109' title='bbox 1746 2872 1796 2906; x_wconf 90' lang='lat' dir='ltr'>his</span> <span class='ocrx_word' id='word_1_1110' title='bbox 1832 2883 1898 2904; x_wconf 88' lang='lat' dir='ltr'>non</span> <span class='ocrx_word' id='word_1_1111' title='bbox 1928 2872 2031 2905; x_wconf 88' lang='lat' dir='ltr'>multa</span> <span class='ocrx_word' id='word_1_1112' title='bbox 2059 2884 2066 2905; x_wconf 86' lang='lat'>:</span> <span class='ocrx_word' id='word_1_1113' title='bbox 2099 2870 2241 2905; x_wconf 83' lang='lat' dir='ltr'>veficulae</span> <span class='ocrx_word' id='word_1_1114' title='bbox 2280 2883 2388 2907; x_wconf 83' lang='lat' dir='ltr'>autern</span> 
     </span>
     <span class='ocr_line' id='line_1_139' title="bbox 1380 2915 2386 2961; baseline -0.002 -10"><span class='ocrx_word' id='word_1_1115' title='bbox 1380 2917 1497 2951; x_wconf 85' lang='lat' dir='ltr'>crebrae</span> <span class='ocrx_word' id='word_1_1116' title='bbox 1522 2917 1560 2952; x_wconf 89' lang='lat' dir='ltr'>ad</span> <span class='ocrx_word' id='word_1_1117' title='bbox 1584 2917 1788 2961; x_wconf 86' lang='lat' dir='ltr'>posteriorem</span> <span class='ocrx_word' id='word_1_1118' title='bbox 1812 2916 1961 2958; x_wconf 85' lang='lat' dir='ltr'>plexuum</span> <span class='ocrx_word' id='word_1_1119' title='bbox 1984 2915 2192 2949; x_wconf 87' lang='lat' dir='ltr'>Choroidum</span> <span class='ocrx_word' id='word_1_1120' title='bbox 2228 2925 2350 2957; x_wconf 87' lang='lat' dir='ltr'>partem</span> <span class='ocrx_word' id='word_1_1121' title='bbox 2375 2930 2386 2956; x_wconf 83' lang='lat'>3</span> 
     </span>
     <span class='ocr_line' id='line_1_140' title="bbox 1382 2957 2388 3003; baseline -0.002 -8"><span class='ocrx_word' id='word_1_1122' title='bbox 1382 2961 1433 2995; x_wconf 82' lang='lat' dir='ltr'>sed</span> <span class='ocrx_word' id='word_1_1123' title='bbox 1455 2972 1519 2994; x_wconf 93' lang='lat' dir='ltr'>non</span> <span class='ocrx_word' id='word_1_1124' title='bbox 1543 2974 1580 2995; x_wconf 87' lang='lat' dir='ltr'>ex</span> <span class='ocrx_word' id='word_1_1125' title='bbox 1603 2959 1797 3003; x_wconf 67' lang='lat' dir='ltr'>majoribus,</span> <span class='ocrx_word' id='word_1_1126' title='bbox 1821 2961 1960 2992; x_wconf 86' lang='lat' dir='ltr'>minores</span> <span class='ocrx_word' id='word_1_1127' title='bbox 1985 2969 2090 2992; x_wconf 89' lang='lat' dir='ltr'>tamen</span> <span class='ocrx_word' id='word_1_1128' title='bbox 2113 2959 2209 3002; x_wconf 89' lang='lat' dir='ltr'>paulo</span> <span class='ocrx_word' id='word_1_1129' title='bbox 2239 2960 2274 2991; x_wconf 93' lang='lat' dir='ltr'>in</span> <span class='ocrx_word' id='word_1_1130' title='bbox 2310 2957 2388 2993; x_wconf 75' lang='lat' dir='ltr'>elex-</span> 
     </span>
     <span class='ocr_line' id='line_1_141' title="bbox 1381 3001 2387 3047; baseline -0.001 -9"><span class='ocrx_word' id='word_1_1131' title='bbox 1381 3014 1450 3038; x_wconf 91' lang='lat' dir='ltr'>tero</span> <span class='ocrx_word' id='word_1_1132' title='bbox 1473 3006 1675 3040; x_wconf 75' lang='lat' dir='ltr'>ventriculo.</span> <span class='ocrx_word' id='word_1_1133' title='bbox 1699 3014 1794 3047; x_wconf 87' lang='lat' dir='ltr'>quam</span> <span class='ocrx_word' id='word_1_1134' title='bbox 1815 3003 1850 3034; x_wconf 89' lang='lat' dir='ltr'>in</span> <span class='ocrx_word' id='word_1_1135' title='bbox 1873 3001 2019 3043; x_wconf 82' lang='lat' dir='ltr'>sinistro,</span> <span class='ocrx_word' id='word_1_1136' title='bbox 2043 3012 2079 3036; x_wconf 88' lang='lat' dir='ltr'>ut</span> <span class='ocrx_word' id='word_1_1137' title='bbox 2101 3014 2182 3045; x_wconf 86' lang='lat' dir='ltr'>aqua</span> <span class='ocrx_word' id='word_1_1138' title='bbox 2220 3003 2317 3035; x_wconf 88' lang='lat' dir='ltr'>etiarn</span> <span class='ocrx_word' id='word_1_1139' title='bbox 2352 3006 2387 3037; x_wconf 87' lang='lat' dir='ltr'>in</span> 
     </span>
     <span class='ocr_line' id='line_1_142' title="bbox 1380 3045 2386 3092; baseline 0.001 -12"><span class='ocrx_word' id='word_1_1140' title='bbox 1380 3049 1465 3088; x_wconf 88' lang='lat' dir='ltr'>illo,</span> <span class='ocrx_word' id='word_1_1141' title='bbox 1486 3060 1584 3092; x_wconf 87' lang='lat' dir='ltr'>quam</span> <span class='ocrx_word' id='word_1_1142' title='bbox 1608 3050 1640 3081; x_wconf 89' lang='lat' dir='ltr'>in</span> <span class='ocrx_word' id='word_1_1143' title='bbox 1664 3047 1747 3087; x_wconf 84' lang='lat' dir='ltr'>hoc,</span> <span class='ocrx_word' id='word_1_1144' title='bbox 1772 3047 1922 3091; x_wconf 82' lang='lat' dir='ltr'>paucior.</span> <span class='ocrx_word' id='word_1_1145' title='bbox 1948 3048 2111 3079; x_wconf 79' lang='lat' dir='ltr'>Caeterum</span> <span class='ocrx_word' id='word_1_1146' title='bbox 2135 3047 2160 3078; x_wconf 92' lang='lat' dir='ltr'>ii</span> <span class='ocrx_word' id='word_1_1147' title='bbox 2186 3045 2297 3088; x_wconf 82' lang='lat' dir='ltr'>plexus</span> <span class='ocrx_word' id='word_1_1148' title='bbox 2322 3058 2386 3081; x_wconf 87' lang='lat' dir='ltr'>non</span> 
     </span>
     <span class='ocr_line' id='line_1_143' title="bbox 1382 3089 2389 3131; baseline -0.006 -6"><span class='ocrx_word' id='word_1_1149' title='bbox 1382 3092 1481 3125; x_wconf 90' lang='lat' dir='ltr'>modo</span> <span class='ocrx_word' id='word_1_1150' title='bbox 1503 3103 1566 3126; x_wconf 91' lang='lat' dir='ltr'>non</span> <span class='ocrx_word' id='word_1_1151' title='bbox 1590 3091 1751 3125; x_wconf 87' lang='lat' dir='ltr'>decolores</span> <span class='ocrx_word' id='word_1_1152' title='bbox 1771 3113 1783 3130; x_wconf 88' lang='lat'>,</span> <span class='ocrx_word' id='word_1_1153' title='bbox 1816 3090 1867 3121; x_wconf 87' lang='lat' dir='ltr'>sed</span> <span class='ocrx_word' id='word_1_1154' title='bbox 1899 3090 1931 3125; x_wconf 86' lang='lat' dir='ltr'>in</span> <span class='ocrx_word' id='word_1_1155' title='bbox 1963 3090 2069 3123; x_wconf 78' lang='lat' dir='ltr'>medio</span> <span class='ocrx_word' id='word_1_1156' title='bbox 2100 3089 2148 3123; x_wconf 90' lang='lat' dir='ltr'>vel</span> <span class='ocrx_word' id='word_1_1157' title='bbox 2182 3090 2284 3131; x_wconf 85' lang='lat' dir='ltr'>magis</span> <span class='ocrx_word' id='word_1_1158' title='bbox 2318 3089 2389 3124; x_wconf 84' lang='lat' dir='ltr'>san..</span> 
     </span>
     <span class='ocr_line' id='line_1_144' title="bbox 1380 3131 2388 3178; baseline 0 -10"><span class='ocrx_word' id='word_1_1159' title='bbox 1380 3139 1475 3178; x_wconf 80' lang='lat' dir='ltr'>guine</span> <span class='ocrx_word' id='word_1_1160' title='bbox 1498 3135 1605 3169; x_wconf 86' lang='lat' dir='ltr'>referti</span> <span class='ocrx_word' id='word_1_1161' title='bbox 1629 3145 1726 3177; x_wconf 85' lang='lat' dir='ltr'>quarn</span> <span class='ocrx_word' id='word_1_1162' title='bbox 1750 3133 1868 3167; x_wconf 90' lang='lat' dir='ltr'>soleant</span> <span class='ocrx_word' id='word_1_1163' title='bbox 1892 3159 1899 3164; x_wconf 94' lang='lat'>.</span> <span class='ocrx_word' id='word_1_1164' title='bbox 1940 3135 2090 3177; x_wconf 89' lang='lat' dir='ltr'>Denique</span> <span class='ocrx_word' id='word_1_1165' title='bbox 2122 3131 2163 3166; x_wconf 85' lang='lat' dir='ltr'>ad</span> <span class='ocrx_word' id='word_1_1166' title='bbox 2192 3134 2388 3168; x_wconf 87' lang='lat' dir='ltr'>anteriorem</span> 
     </span>
     <span class='ocr_line' id='line_1_145' title="bbox 1380 3175 2387 3257; baseline -0.003 -44"><span class='ocrx_word' id='word_1_1167' title='bbox 1380 3178 1478 3257; x_wconf 52' lang='lat' dir='ltr'>ldafim</span> <span class='ocrx_word' id='word_1_1168' title='bbox 1502 3179 1659 3223; x_wconf 82' lang='lat' dir='ltr'>glandulae</span> <span class='ocrx_word' id='word_1_1169' title='bbox 1684 3177 1820 3211; x_wconf 80' lang='lat' dir='ltr'>Pinealis</span> <span class='ocrx_word' id='word_1_1170' title='bbox 1833 3175 2010 3211; x_wconf 82' lang='lat' dir='ltr'>subflavum</span> <span class='ocrx_word' id='word_1_1171' title='bbox 2034 3175 2182 3220; x_wconf 81' lang='lat' dir='ltr'>aliquid,</span> <span class='ocrx_word' id='word_1_1172' title='bbox 2207 3186 2263 3209; x_wconf 84' lang='lat' dir='ltr'>nec</span> <span class='ocrx_word' id='word_1_1173' title='bbox 2278 3187 2387 3212; x_wconf 83' lang='lat' dir='ltr'>tamen</span> 
     </span>
    </p>

    <p class='ocr_par' dir='ltr' id='par_1_8' title="bbox 1407 3235 1519 3256">
     <span class='ocr_line' id='line_1_146' title="bbox 1407 3235 1519 3256; baseline -0.009 0"><span class='ocrx_word' id='word_1_1174' title='bbox 1407 3235 1519 3256; x_wconf 79' lang='lat' dir='ltr'>urum.</span> 
     </span>
    </p>

    <p class='ocr_par' dir='ltr' id='par_1_9' title="bbox 1381 3260 2387 3514">
     <span class='ocr_line' id='line_1_147' title="bbox 1430 3260 2387 3309; baseline -0.001 -11"><span class='ocrx_word' id='word_1_1175' title='bbox 1430 3277 1478 3309; x_wconf 83' lang='lat'>15.</span> <span class='ocrx_word' id='word_1_1176' title='bbox 1504 3265 1595 3308; x_wconf 76' lang='lat' dir='ltr'>Qd</span> <span class='ocrx_word' id='word_1_1177' title='bbox 1620 3265 1710 3309; x_wconf 79' lang='lat' dir='ltr'>possit</span> <span class='ocrx_word' id='word_1_1178' title='bbox 1735 3263 1774 3298; x_wconf 91' lang='lat' dir='ltr'>ad</span> <span class='ocrx_word' id='word_1_1179' title='bbox 1799 3263 1981 3305; x_wconf 84' lang='lat' dir='ltr'>sanguinem</span> <span class='ocrx_word' id='word_1_1180' title='bbox 2004 3260 2233 3300; x_wconf 86' lang='lat' dir='ltr'>cumulandum</span> <span class='ocrx_word' id='word_1_1181' title='bbox 2253 3285 2263 3300; x_wconf 94' lang='lat'>‚</span> <span class='ocrx_word' id='word_1_1182' title='bbox 2290 3275 2387 3298; x_wconf 81' lang='lat' dir='ltr'>-eum-</span> 
     </span>
     <span class='ocr_line' id='line_1_148' title="bbox 1381 3306 2387 3354; baseline -0.002 -11"><span class='ocrx_word' id='word_1_1183' title='bbox 1381 3320 1441 3351; x_wconf 82' lang='lat' dir='ltr'>que</span> <span class='ocrx_word' id='word_1_1184' title='bbox 1465 3312 1656 3354; x_wconf 86' lang='lat' dir='ltr'>impurum,</span> <span class='ocrx_word' id='word_1_1185' title='bbox 1679 3307 1820 3342; x_wconf 89' lang='lat' dir='ltr'>multum</span> <span class='ocrx_word' id='word_1_1186' title='bbox 1843 3307 1955 3348; x_wconf 85' lang='lat' dir='ltr'>edere,</span> <span class='ocrx_word' id='word_1_1187' title='bbox 1978 3311 2011 3342; x_wconf 73' lang='grc' dir='ltr'>δε</span> <span class='ocrx_word' id='word_1_1188' title='bbox 2033 3306 2282 3347; x_wconf 79' lang='lat' dir='ltr'>nihilmoveri,</span> <span class='ocrx_word' id='word_1_1189' title='bbox 2304 3318 2387 3350; x_wconf 62' lang='lat' dir='ltr'>prae,-</span> 
     </span>
     <span class='ocr_line' id='line_1_149' title="bbox 1383 3348 2387 3395; baseline 0 -10"><span class='ocrx_word' id='word_1_1190' title='bbox 1383 3353 1492 3386; x_wconf 88' lang='lat' dir='ltr'>sertim</span> <span class='ocrx_word' id='word_1_1191' title='bbox 1517 3354 1572 3387; x_wconf 87' lang='lat' dir='ltr'>ubi</span> <span class='ocrx_word' id='word_1_1192' title='bbox 1596 3354 1684 3387; x_wconf 89' lang='lat' dir='ltr'>ulcus</span> <span class='ocrx_word' id='word_1_1193' title='bbox 1709 3350 1841 3394; x_wconf 88' lang='lat' dir='ltr'>aliquod</span> <span class='ocrx_word' id='word_1_1194' title='bbox 1865 3362 2012 3395; x_wconf 86' lang='lat' dir='ltr'>magnum</span> <span class='ocrx_word' id='word_1_1195' title='bbox 2036 3351 2075 3384; x_wconf 84' lang='lat' dir='ltr'>sit</span> <span class='ocrx_word' id='word_1_1196' title='bbox 2097 3373 2110 3390; x_wconf 92' lang='lat'>,</span> <span class='ocrx_word' id='word_1_1197' title='bbox 2140 3348 2222 3383; x_wconf 88' lang='lat' dir='ltr'>unde</span> <span class='ocrx_word' id='word_1_1198' title='bbox 2248 3361 2352 3393; x_wconf 84' lang='lat' dir='ltr'>pravae</span> <span class='ocrx_word' id='word_1_1199' title='bbox 2374 3375 2387 3392; x_wconf 90' lang='lat'>‚</span> 
     </span>
     <span class='ocr_line' id='line_1_150' title="bbox 1384 3393 2387 3438; baseline -0.002 -10"><span class='ocrx_word' id='word_1_1200' title='bbox 1384 3405 1479 3437; x_wconf 88' lang='lat' dir='ltr'>atque</span> <span class='ocrx_word' id='word_1_1201' title='bbox 1502 3397 1667 3430; x_wconf 88' lang='lat' dir='ltr'>erodentes</span> <span class='ocrx_word' id='word_1_1202' title='bbox 1691 3395 1854 3438; x_wconf 81' lang='lat' dir='ltr'>particulae</span> <span class='ocrx_word' id='word_1_1203' title='bbox 1877 3395 1911 3427; x_wconf 89' lang='lat' dir='ltr'>in</span> <span class='ocrx_word' id='word_1_1204' title='bbox 1934 3406 2025 3429; x_wconf 87' lang='lat' dir='ltr'>venas</span> <span class='ocrx_word' id='word_1_1205' title='bbox 2047 3396 2188 3435; x_wconf 81' lang='lat' dir='ltr'>irrepant</span> <span class='ocrx_word' id='word_1_1206' title='bbox 2209 3406 2220 3433; x_wconf 76' lang='lat'>5</span> <span class='ocrx_word' id='word_1_1207' title='bbox 2253 3393 2286 3426; x_wconf 89' lang='lat' dir='ltr'>id</span> <span class='ocrx_word' id='word_1_1208' title='bbox 2306 3417 2319 3434; x_wconf 87' lang='lat'>,</span> <span class='ocrx_word' id='word_1_1209' title='bbox 2349 3405 2387 3432; x_wconf 86' lang='lat' dir='ltr'>ut</span> 
     </span>
     <span class='ocr_line' id='line_1_151' title="bbox 1384 3437 2385 3514; baseline -0.005 -39"><span class='ocrx_word' id='word_1_1210' title='bbox 1384 3440 1446 3472; x_wconf 77' lang='lat' dir='ltr'>alia</span> <span class='ocrx_word' id='word_1_1211' title='bbox 1469 3452 1608 3484; x_wconf 88' lang='lat' dir='ltr'>quorum</span> <span class='ocrx_word' id='word_1_1212' title='bbox 1632 3440 1883 3482; x_wconf 81' lang='lat' dir='ltr'>explicationem</span> <span class='ocrx_word' id='word_1_1213' title='bbox 1912 3438 1991 3483; x_wconf 84' lang='lat' dir='ltr'>saepe</span> <span class='ocrx_word' id='word_1_1214' title='bbox 2015 3446 2168 3482; x_wconf 83' lang='lat' dir='ltr'>praetereo</span> <span class='ocrx_word' id='word_1_1215' title='bbox 2201 3463 2212 3478; x_wconf 85' lang='lat'>,</span> <span class='ocrx_word' id='word_1_1216' title='bbox 2248 3437 2385 3514; x_wconf 48' lang='lat' dir='ltr'>nsakanife-</span> 
     </span>
    </p>

    <p class='ocr_par' dir='ltr' id='par_1_10' title="bbox 2294 3491 2349 3514">
     <span class='ocr_line' id='line_1_152' title="bbox 2294 3491 2349 3514; baseline 0 0"><span class='ocrx_word' id='word_1_1217' title='bbox 2294 3491 2349 3514; x_wconf 90' lang='lat' dir='ltr'>um</span> 
     </span>
    </p>
   </div>
   <div class='ocr_carea' id='block_1_4' title="bbox 329 3596 2385 3618">
    <p class='ocr_par' dir='ltr' id='par_1_11' title="bbox 329 3596 2385 3618">
     <span class='ocr_line' id='line_1_153' title="bbox 329 3596 2385 3618; baseline -0.006 0"><span class='ocrx_word' id='word_1_1218' title='bbox 329 3596 2385 3618; x_wconf 47' lang='lat' dir='ltr'>mcv—mmm</span> 
     </span>
    </p>
   </div>
   <div class='ocr_carea' id='block_1_5' title="bbox 388 3683 1276 3780">
    <p class='ocr_par' dir='ltr' id='par_1_12' title="bbox 388 3683 1276 3780">
     <span class='ocr_line' id='line_1_154' title="bbox 388 3683 1276 3720; baseline -0.007 -7"><span class='ocrx_word' id='word_1_1219' title='bbox 388 3690 399 3717; x_wconf 73' lang='grc' dir='ltr'>ί</span> <span class='ocrx_word' id='word_1_1220' title='bbox 416 3696 435 3713; x_wconf 72' lang='lat' dir='ltr'>n</span> <span class='ocrx_word' id='word_1_1221' title='bbox 449 3688 464 3718; x_wconf 85' lang='lat'>)</span> <span class='ocrx_word' id='word_1_1222' title='bbox 480 3687 537 3714; x_wconf 68' lang='lat' dir='ltr'>Via.</span> <span class='ocrx_word' id='word_1_1223' title='bbox 555 3686 630 3711; x_wconf 80' lang='lat' dir='ltr'>etiam</span> <span class='ocrx_word' id='word_1_1224' title='bbox 641 3685 710 3720; x_wconf 34' lang='lat' dir='ltr'>&#39;infra</span> <span class='ocrx_word' id='word_1_1225' title='bbox 721 3702 729 3715; x_wconf 90' lang='lat'>,</span> <span class='ocrx_word' id='word_1_1226' title='bbox 745 3693 770 3710; x_wconf 86' lang='lat' dir='ltr'>n.</span> <span class='ocrx_word' id='word_1_1227' title='bbox 781 3693 818 3710; x_wconf 85' lang='lat'>22.</span> <span class='ocrx_word' id='word_1_1228' title='bbox 881 3684 890 3713; x_wconf 73' lang='lat' dir='ltr'>s</span> <span class='ocrx_word' id='word_1_1229' title='bbox 910 3693 924 3709; x_wconf 88' lang='grc' dir='ltr'><strong><em>ο</em></strong></span> <span class='ocrx_word' id='word_1_1230' title='bbox 944 3684 952 3713; x_wconf 91' lang='grc'>)</span> <span class='ocrx_word' id='word_1_1231' title='bbox 967 3683 1041 3713; x_wconf 82' lang='lat' dir='ltr'>Epist.</span> <span class='ocrx_word' id='word_1_1232' title='bbox 1059 3685 1129 3712; x_wconf 78' lang='lat' dir='ltr'>Anat·</span> <span class='ocrx_word' id='word_1_1233' title='bbox 1148 3692 1186 3714; x_wconf 81' lang='lat'>13-</span> <span class='ocrx_word' id='word_1_1234' title='bbox 1202 3690 1276 3712; x_wconf 72' lang='grc' dir='ltr'>ηις.</span> 
     </span>
     <span class='ocr_line' id='line_1_155' title="bbox 390 3714 1066 3749; baseline -0.006 -6"><span class='ocrx_word' id='word_1_1235' title='bbox 390 3720 405 3748; x_wconf 86' lang='grc'><strong>(</strong></span> <span class='ocrx_word' id='word_1_1236' title='bbox 419 3727 435 3749; x_wconf 76' lang='lat' dir='ltr'><em>q</em></span> <span class='ocrx_word' id='word_1_1237' title='bbox 451 3723 463 3746; x_wconf 86' lang='lat'><strong>)</strong></span> <span class='ocrx_word' id='word_1_1238' title='bbox 480 3721 622 3743; x_wconf 82' lang='lat' dir='ltr'>Comment.</span> <span class='ocrx_word' id='word_1_1239' title='bbox 640 3724 665 3739; x_wconf 80' lang='lat' dir='ltr'>in</span> <span class='ocrx_word' id='word_1_1240' title='bbox 681 3716 767 3740; x_wconf 81' lang='lat' dir='ltr'>Boerh.</span> <span class='ocrx_word' id='word_1_1241' title='bbox 787 3714 850 3744; x_wconf 67' lang='grc' dir='ltr'>Δηὼ.</span> <span class='ocrx_word' id='word_1_1242' title='bbox 868 3715 890 3745; x_wconf 83' lang='lat'>§.</span> <span class='ocrx_word' id='word_1_1243' title='bbox 908 3723 976 3740; x_wconf 78' lang='lat'>1010.</span> <span class='ocrx_word' id='word_1_1244' title='bbox 995 3723 1017 3744; x_wconf 83' lang='lat'>3.</span> <span class='ocrx_word' id='word_1_1245' title='bbox 1035 3716 1066 3739; x_wconf 81' lang='lat' dir='ltr'>Y.</span> 
     </span>
     <span class='ocr_line' id='line_1_156' title="bbox 395 3745 1207 3780; baseline -0.006 -5"><span class='ocrx_word' id='word_1_1246' title='bbox 395 3751 412 3779; x_wconf 72' lang='grc' dir='ltr'>ζ</span> <span class='ocrx_word' id='word_1_1247' title='bbox 422 3748 466 3780; x_wconf 75' lang='lat' dir='ltr'>J)</span> <span class='ocrx_word' id='word_1_1248' title='bbox 481 3748 538 3774; x_wconf 76' lang='lat' dir='ltr'>vid.</span> <span class='ocrx_word' id='word_1_1249' title='bbox 553 3745 617 3777; x_wconf 75' lang='lat' dir='ltr'>apud</span> <span class='ocrx_word' id='word_1_1250' title='bbox 635 3746 746 3771; x_wconf 75' lang='lat' dir='ltr'>Suadam</span> <span class='ocrx_word' id='word_1_1251' title='bbox 761 3745 855 3771; x_wconf 66' lang='lat' dir='ltr'>Prosus,</span> <span class='ocrx_word' id='word_1_1252' title='bbox 871 3746 945 3770; x_wconf 74' lang='lat' dir='ltr'>Acad.</span> <span class='ocrx_word' id='word_1_1253' title='bbox 962 3749 980 3771; x_wconf 90' lang='lat'>1.</span> <span class='ocrx_word' id='word_1_1254' title='bbox 992 3753 1014 3775; x_wconf 81' lang='lat'>3.</span> <span class='ocrx_word' id='word_1_1255' title='bbox 1031 3747 1095 3772; x_wconf 78' lang='lat' dir='ltr'>Ptol.</span> <span class='ocrx_word' id='word_1_1256' title='bbox 1108 3754 1131 3775; x_wconf 78' lang='lat'>4.</span> <span class='ocrx_word' id='word_1_1257' title='bbox 1150 3753 1174 3771; x_wconf 87' lang='lat' dir='ltr'>n.</span> <span class='ocrx_word' id='word_1_1258' title='bbox 1185 3754 1207 3776; x_wconf 70' lang='grc' dir='ltr'>ς.</span> 
     </span>
    </p>
   </div>
   <div class='ocr_carea' id='block_1_6' title="bbox 1402 3677 1814 3711">
    <p class='ocr_par' dir='ltr' id='par_1_13' title="bbox 1402 3677 1814 3711">
     <span class='ocr_line' id='line_1_157' title="bbox 1402 3677 1814 3711; baseline -0.005 -6"><span class='ocrx_word' id='word_1_1259' title='bbox 1402 3681 1412 3711; x_wconf 86' lang='lat'><em>)</em></span> <span class='ocrx_word' id='word_1_1260' title='bbox 1428 3679 1483 3705; x_wconf 71' lang='lat' dir='ltr'>Ast.</span> <span class='ocrx_word' id='word_1_1261' title='bbox 1500 3682 1534 3706; x_wconf 83' lang='lat' dir='ltr'>N.</span> <span class='ocrx_word' id='word_1_1262' title='bbox 1551 3682 1579 3704; x_wconf 90' lang='lat' dir='ltr'>C.</span> <span class='ocrx_word' id='word_1_1263' title='bbox 1595 3681 1625 3704; x_wconf 83' lang='lat' dir='ltr'>T.</span> <span class='ocrx_word' id='word_1_1264' title='bbox 1645 3685 1666 3702; x_wconf 91' lang='lat'>1.</span> <span class='ocrx_word' id='word_1_1265' title='bbox 1684 3677 1740 3703; x_wconf 71' lang='grc' dir='ltr'>ΟΜ.</span> <span class='ocrx_word' id='word_1_1266' title='bbox 1758 3686 1814 3708; x_wconf 69' lang='lat'>²41.</span> 
     </span>
    </p>
   </div>
   <div class='ocr_carea' id='block_1_7' title="bbox 1129 3682 1817 3774">
    <p class='ocr_par' dir='ltr' id='par_1_14' title="bbox 1129 3682 1817 3774">
     <span class='ocr_line' id='line_1_158' title="bbox 1129 3682 1817 3774; baseline -0.009 -34"><span class='ocrx_word' id='word_1_1267' title='bbox 1129 3717 1142 3746; x_wconf 88' lang='lat'>(</span> <span class='ocrx_word' id='word_1_1268' title='bbox 1159 3725 1171 3739; x_wconf 75' lang='lat' dir='ltr'>v</span> <span class='ocrx_word' id='word_1_1269' title='bbox 1186 3715 1201 3745; x_wconf 85' lang='lat'>)</span> <span class='ocrx_word' id='word_1_1270' title='bbox 1217 3714 1282 3774; x_wconf 44' lang='grc' dir='ltr'>νὴ(</span> <span class='ocrx_word' id='word_1_1271' title='bbox 1291 3682 1419 3773; x_wconf 52' lang='lat' dir='ltr'>{cgghpacsl</span> <span class='ocrx_word' id='word_1_1272' title='bbox 1436 3711 1496 3737; x_wconf 87' lang='lat' dir='ltr'>Obs.</span> <span class='ocrx_word' id='word_1_1273' title='bbox 1514 3719 1535 3738; x_wconf 85' lang='lat'>1.</span> <span class='ocrx_word' id='word_1_1274' title='bbox 1551 3710 1614 3737; x_wconf 63' lang='lat' dir='ltr'>sect.</span> <span class='ocrx_word' id='word_1_1275' title='bbox 1631 3709 1675 3735; x_wconf 85' lang='lat' dir='ltr'>cit.</span> <span class='ocrx_word' id='word_1_1276' title='bbox 1693 3709 1817 3738; x_wconf 65' lang='lat' dir='ltr'>sepultor.</span> 
     </span>
     <span class='ocr_line' id='line_1_159' title="bbox 1357 3752 1427 3769; baseline -0.014 0"><span class='ocrx_word' id='word_1_1277' title='bbox 1357 3752 1380 3769; x_wconf 86' lang='lat' dir='ltr'>n.</span> <span class='ocrx_word' id='word_1_1278' title='bbox 1420 3759 1427 3768; x_wconf 85' lang='lat'>.</span> 
     </span>
    </p>
   </div>
  </div>
 </body>
</html>
