<?xml version="1.0" encoding="UTF-8"?>
<!DOCTYPE html PUBLIC "-//W3C//DTD XHTML 1.0 Transitional//EN"
    "http://www.w3.org/TR/xhtml1/DTD/xhtml1-transitional.dtd">
<html xmlns="http://www.w3.org/1999/xhtml" xml:lang="en" lang="en">
 <head>
  <title>
</title>
<meta http-equiv="Content-Type" content="text/html;charset=utf-8" />
  <meta name='ocr-system' content='tesseract 3.04.00' />
  <meta name='ocr-capabilities' content='ocr_page ocr_carea ocr_par ocr_line ocrx_word'/>
</head>
<body>
  <div class='ocr_page' id='page_1' title='image "./desedibusetcausi00morg_0310.png"; bbox 0 0 2498 4075; ppageno 0'>
   <div class='ocr_carea' id='block_1_1' title="bbox 415 81 537 121">
    <p class='ocr_par' dir='ltr' id='par_1_1' title="bbox 415 81 537 121">
     <span class='ocr_line' id='line_1_1' title="bbox 415 81 537 121; baseline -0.025 -1"><span class='ocrx_word' id='word_1_1' title='bbox 415 81 537 121; x_wconf 60' lang='lat'>212&gt;</span> 
     </span>
    </p>
   </div>
   <div class='ocr_carea' id='block_1_2' title="bbox 333 139 1374 3444">
    <p class='ocr_par' dir='ltr' id='par_1_2' title="bbox 333 139 1345 353">
     <span class='ocr_line' id='line_1_2' title="bbox 333 139 1345 188; baseline -0.012 -9"><span class='ocrx_word' id='word_1_2' title='bbox 333 143 387 181; x_wconf 69' lang='lat' dir='ltr'>sed</span> <span class='ocrx_word' id='word_1_3' title='bbox 411 146 520 188; x_wconf 79' lang='lat' dir='ltr'>potius</span> <span class='ocrx_word' id='word_1_4' title='bbox 544 142 581 176; x_wconf 90' lang='lat' dir='ltr'>ab</span> <span class='ocrx_word' id='word_1_5' title='bbox 603 142 728 186; x_wconf 77' lang='lat' dir='ltr'>ingenti</span> <span class='ocrx_word' id='word_1_6' title='bbox 751 142 819 175; x_wconf 87' lang='lat' dir='ltr'>illla</span> <span class='ocrx_word' id='word_1_7' title='bbox 842 140 991 184; x_wconf 74' lang='lat' dir='ltr'>jecinoris</span> <span class='ocrx_word' id='word_1_8' title='bbox 1014 139 1121 177; x_wconf 90' lang='lat' dir='ltr'>mole,</span> <span class='ocrx_word' id='word_1_9' title='bbox 1143 139 1250 170; x_wconf 79' lang='lat' dir='ltr'>minus</span> <span class='ocrx_word' id='word_1_10' title='bbox 1273 146 1345 168; x_wconf 85' lang='lat' dir='ltr'>ven-</span> 
     </span>
     <span class='ocr_line' id='line_1_3' title="bbox 336 180 1342 231; baseline -0.014 -9"><span class='ocrx_word' id='word_1_11' title='bbox 336 189 490 222; x_wconf 80' lang='lat' dir='ltr'>triculum</span> <span class='ocrx_word' id='word_1_12' title='bbox 513 196 664 231; x_wconf 76' lang='lat' dir='ltr'>gravante</span> <span class='ocrx_word' id='word_1_13' title='bbox 687 197 761 219; x_wconf 86' lang='lat' dir='ltr'>cum</span> <span class='ocrx_word' id='word_1_14' title='bbox 786 186 900 220; x_wconf 86' lang='lat' dir='ltr'>mulier</span> <span class='ocrx_word' id='word_1_15' title='bbox 923 182 1062 216; x_wconf 81' lang='lat' dir='ltr'>cubabat</span> <span class='ocrx_word' id='word_1_16' title='bbox 1084 182 1119 212; x_wconf 92' lang='lat' dir='ltr'>in</span> <span class='ocrx_word' id='word_1_17' title='bbox 1152 180 1319 213; x_wconf 86' lang='lat' dir='ltr'>dexterum</span> <span class='ocrx_word' id='word_1_18' title='bbox 1334 202 1342 208; x_wconf 91' lang='lat'>.</span> 
     </span>
     <span class='ocr_line' id='line_1_4' title="bbox 338 222 1344 272; baseline -0.012 -7"><span class='ocrx_word' id='word_1_19' title='bbox 338 233 508 271; x_wconf 81' lang='lat' dir='ltr'>Qiantum</span> <span class='ocrx_word' id='word_1_20' title='bbox 551 238 656 263; x_wconf 86' lang='lat' dir='ltr'>autem</span> <span class='ocrx_word' id='word_1_21' title='bbox 690 241 705 261; x_wconf 90' lang='lat' dir='ltr'>a</span> <span class='ocrx_word' id='word_1_22' title='bbox 738 227 915 272; x_wconf 59' lang='lat' dir='ltr'>praearandi</span> <span class='ocrx_word' id='word_1_23' title='bbox 950 225 1061 266; x_wconf 83' lang='lat' dir='ltr'>hepate</span> <span class='ocrx_word' id='word_1_24' title='bbox 1085 223 1233 257; x_wconf 86' lang='lat' dir='ltr'>deorsum</span> <span class='ocrx_word' id='word_1_25' title='bbox 1256 222 1344 255; x_wconf 86' lang='lat' dir='ltr'>trudi</span> 
     </span>
     <span class='ocr_line' id='line_1_5' title="bbox 338 267 1344 318; baseline -0.01 -10"><span class='ocrx_word' id='word_1_26' title='bbox 338 276 514 318; x_wconf 73' lang='lat' dir='ltr'>aliquando</span> <span class='ocrx_word' id='word_1_27' title='bbox 536 273 731 307; x_wconf 87' lang='lat' dir='ltr'>ventriculus</span> <span class='ocrx_word' id='word_1_28' title='bbox 754 272 846 316; x_wconf 71' lang='lat' dir='ltr'>possit</span> <span class='ocrx_word' id='word_1_29' title='bbox 861 297 869 312; x_wconf 88' lang='lat'>,</span> <span class='ocrx_word' id='word_1_30' title='bbox 886 267 1133 313; x_wconf 84' lang='lat' dir='ltr'>Sepulchretum</span> <span class='ocrx_word' id='word_1_31' title='bbox 1157 267 1236 300; x_wconf 83' lang='lat' dir='ltr'>alibi</span> <span class='ocrx_word' id='word_1_32' title='bbox 1259 269 1272 305; x_wconf 90' lang='lat'>(</span> <span class='ocrx_word' id='word_1_33' title='bbox 1295 276 1309 299; x_wconf 85' lang='lat' dir='ltr'>e</span> <span class='ocrx_word' id='word_1_34' title='bbox 1331 267 1344 304; x_wconf 91' lang='lat'>)</span> 
     </span>
     <span class='ocr_line' id='line_1_6' title="bbox 336 318 821 353; baseline 0 -1"><span class='ocrx_word' id='word_1_35' title='bbox 336 318 496 353; x_wconf 77' lang='lat' dir='ltr'>ostendet,</span> <span class='ocrx_word' id='word_1_36' title='bbox 815 339 821 343; x_wconf 51' lang='grc' dir='ltr'><em>ι</em></span> 
     </span>
    </p>

    <p class='ocr_par' dir='ltr' id='par_1_3' title="bbox 333 353 1351 1965">
     <span class='ocr_line' id='line_1_7' title="bbox 382 353 1346 399; baseline -0.012 -5"><span class='ocrx_word' id='word_1_37' title='bbox 382 365 433 394; x_wconf 83' lang='lat'>26.</span> <span class='ocrx_word' id='word_1_38' title='bbox 459 363 558 395; x_wconf 83' lang='lat' dir='ltr'>Nunc</span> <span class='ocrx_word' id='word_1_39' title='bbox 582 371 599 393; x_wconf 85' lang='lat' dir='ltr'>a</span> <span class='ocrx_word' id='word_1_40' title='bbox 623 358 817 393; x_wconf 81' lang='lat' dir='ltr'>Bononiensi</span> <span class='ocrx_word' id='word_1_41' title='bbox 853 357 910 389; x_wconf 86' lang='lat' dir='ltr'>illa</span> <span class='ocrx_word' id='word_1_42' title='bbox 941 354 1028 399; x_wconf 83' lang='lat' dir='ltr'>quasi</span> <span class='ocrx_word' id='word_1_43' title='bbox 1060 353 1236 398; x_wconf 85' lang='lat' dir='ltr'>epidemica</span> <span class='ocrx_word' id='word_1_44' title='bbox 1270 360 1346 384; x_wconf 86' lang='lat' dir='ltr'>tunc</span> 
     </span>
     <span class='ocr_line' id='line_1_8' title="bbox 337 397 1347 450; baseline -0.014 -11"><span class='ocrx_word' id='word_1_45' title='bbox 337 407 421 439; x_wconf 87' lang='lat' dir='ltr'>inter</span> <span class='ocrx_word' id='word_1_46' title='bbox 444 415 594 450; x_wconf 74' lang='lat' dir='ltr'>pauperes</span> <span class='ocrx_word' id='word_1_47' title='bbox 615 404 803 445; x_wconf 88' lang='lat' dir='ltr'>pulmonum</span> <span class='ocrx_word' id='word_1_48' title='bbox 829 400 1085 435; x_wconf 76' lang='lat' dir='ltr'>inflammatione</span> <span class='ocrx_word' id='word_1_49' title='bbox 1109 398 1147 431; x_wconf 84' lang='lat' dir='ltr'>ad</span> <span class='ocrx_word' id='word_1_50' title='bbox 1161 397 1347 443; x_wconf 76' lang='lat' dir='ltr'>Patavinam</span> 
     </span>
     <span class='ocr_line' id='line_1_9' title="bbox 340 442 1346 491; baseline -0.013 -9"><span class='ocrx_word' id='word_1_51' title='bbox 340 449 499 491; x_wconf 90' lang='lat' dir='ltr'>quandam</span> <span class='ocrx_word' id='word_1_52' title='bbox 525 447 690 486; x_wconf 78' lang='lat' dir='ltr'>transibO,</span> <span class='ocrx_word' id='word_1_53' title='bbox 715 458 785 487; x_wconf 74' lang='lat' dir='ltr'>quae</span> <span class='ocrx_word' id='word_1_54' title='bbox 810 444 925 486; x_wconf 68' lang='lat' dir='ltr'>hyeme</span> <span class='ocrx_word' id='word_1_55' title='bbox 947 445 989 475; x_wconf 89' lang='lat' dir='ltr'>A.</span> <span class='ocrx_word' id='word_1_56' title='bbox 1008 443 1098 486; x_wconf 80' lang='lat'>1738.</span> <span class='ocrx_word' id='word_1_57' title='bbox 1113 442 1269 482; x_wconf 84' lang='lat' dir='ltr'>nusquam</span> <span class='ocrx_word' id='word_1_58' title='bbox 1280 449 1346 483; x_wconf 66' lang='lat' dir='ltr'>ma-</span> 
     </span>
     <span class='ocr_line' id='line_1_10' title="bbox 336 483 1344 534; baseline -0.012 -10"><span class='ocrx_word' id='word_1_59' title='bbox 336 494 387 534; x_wconf 74' lang='lat' dir='ltr'>gis</span> <span class='ocrx_word' id='word_1_60' title='bbox 412 503 507 533; x_wconf 85' lang='lat' dir='ltr'>quam</span> <span class='ocrx_word' id='word_1_61' title='bbox 529 492 562 523; x_wconf 88' lang='lat' dir='ltr'>in</span> <span class='ocrx_word' id='word_1_62' title='bbox 587 489 780 534; x_wconf 82' lang='lat' dir='ltr'>quibusdam</span> <span class='ocrx_word' id='word_1_63' title='bbox 805 487 1040 529; x_wconf 46' lang='lat' dir='ltr'>Monachsarum</span> <span class='ocrx_word' id='word_1_64' title='bbox 1065 483 1235 518; x_wconf 81' lang='lat' dir='ltr'>Coenobiis</span> <span class='ocrx_word' id='word_1_65' title='bbox 1259 485 1344 523; x_wconf 73' lang='lat' dir='ltr'>gral-</span> 
     </span>
     <span class='ocr_line' id='line_1_11' title="bbox 338 531 1346 575; baseline -0.011 -7"><span class='ocrx_word' id='word_1_66' title='bbox 338 535 402 569; x_wconf 80' lang='lat' dir='ltr'>sata</span> <span class='ocrx_word' id='word_1_67' title='bbox 426 534 488 575; x_wconf 84' lang='lat' dir='ltr'>est,</span> <span class='ocrx_word' id='word_1_68' title='bbox 511 535 545 566; x_wconf 89' lang='lat' dir='ltr'>in</span> <span class='ocrx_word' id='word_1_69' title='bbox 567 545 631 567; x_wconf 88' lang='lat' dir='ltr'>uno</span> <span class='ocrx_word' id='word_1_70' title='bbox 655 542 759 566; x_wconf 81' lang='lat' dir='ltr'>autem</span> <span class='ocrx_word' id='word_1_71' title='bbox 782 531 942 570; x_wconf 79' lang='lat' dir='ltr'>maxime,</span> <span class='ocrx_word' id='word_1_72' title='bbox 965 539 1001 562; x_wconf 88' lang='lat' dir='ltr'>ut</span> <span class='ocrx_word' id='word_1_73' title='bbox 1024 537 1217 571; x_wconf 74' lang='lat' dir='ltr'>quaecunque</span> <span class='ocrx_word' id='word_1_74' title='bbox 1229 537 1262 558; x_wconf 83' lang='lat' dir='ltr'>ea</span> <span class='ocrx_word' id='word_1_75' title='bbox 1275 535 1346 567; x_wconf 88' lang='lat' dir='ltr'>pre-</span> 
     </span>
     <span class='ocr_line' id='line_1_12' title="bbox 339 569 1345 617; baseline -0.012 -5"><span class='ocrx_word' id='word_1_76' title='bbox 339 577 577 617; x_wconf 80' lang='lat' dir='ltr'>henderentur,</span> <span class='ocrx_word' id='word_1_77' title='bbox 600 588 729 613; x_wconf 81' lang='lat' dir='ltr'>ornnes,</span> <span class='ocrx_word' id='word_1_78' title='bbox 756 575 918 607; x_wconf 77' lang='lat' dir='ltr'>nonnullae</span> <span class='ocrx_word' id='word_1_79' title='bbox 943 574 1040 605; x_wconf 83' lang='lat' dir='ltr'>etiam</span> <span class='ocrx_word' id='word_1_80' title='bbox 1064 574 1147 604; x_wconf 87' lang='lat' dir='ltr'>intra</span> <span class='ocrx_word' id='word_1_81' title='bbox 1170 569 1236 602; x_wconf 84' lang='lat' dir='ltr'>dies</span> <span class='ocrx_word' id='word_1_82' title='bbox 1268 580 1345 611; x_wconf 84' lang='lat' dir='ltr'>qua-</span> 
     </span>
     <span class='ocr_line' id='line_1_13' title="bbox 339 613 1344 662; baseline -0.011 -7"><span class='ocrx_word' id='word_1_83' title='bbox 339 622 439 662; x_wconf 87' lang='lat' dir='ltr'>tuor,</span> <span class='ocrx_word' id='word_1_84' title='bbox 463 622 652 654; x_wconf 82' lang='lat' dir='ltr'>interirent.</span> <span class='ocrx_word' id='word_1_85' title='bbox 678 621 762 660; x_wconf 82' lang='lat' dir='ltr'>Qae</span> <span class='ocrx_word' id='word_1_86' title='bbox 784 617 872 650; x_wconf 77' lang='lat' dir='ltr'>causa</span> <span class='ocrx_word' id='word_1_87' title='bbox 897 617 1048 650; x_wconf 86' lang='lat' dir='ltr'>videlicet</span> <span class='ocrx_word' id='word_1_88' title='bbox 1073 613 1162 652; x_wconf 88' lang='lat' dir='ltr'>fuit,</span> <span class='ocrx_word' id='word_1_89' title='bbox 1198 621 1233 645; x_wconf 88' lang='lat' dir='ltr'>ut</span> <span class='ocrx_word' id='word_1_90' title='bbox 1271 623 1344 646; x_wconf 84' lang='lat' dir='ltr'>cum</span> 
     </span>
     <span class='ocr_line' id='line_1_14' title="bbox 338 656 1346 708; baseline -0.011 -10"><span class='ocrx_word' id='word_1_91' title='bbox 338 664 404 708; x_wconf 82' lang='lat' dir='ltr'>jam</span> <span class='ocrx_word' id='word_1_92' title='bbox 428 676 540 698; x_wconf 88' lang='lat' dir='ltr'>novem</span> <span class='ocrx_word' id='word_1_93' title='bbox 565 662 773 700; x_wconf 73' lang='lat' dir='ltr'>dcceffifl&#39;cnt5</span> <span class='ocrx_word' id='word_1_94' title='bbox 798 661 924 703; x_wconf 87' lang='lat' dir='ltr'>publice</span> <span class='ocrx_word' id='word_1_95' title='bbox 950 659 1031 693; x_wconf 84' lang='lat' dir='ltr'>mihi</span> <span class='ocrx_word' id='word_1_96' title='bbox 1058 656 1244 690; x_wconf 74' lang='lat' dir='ltr'>mandatum</span> <span class='ocrx_word' id='word_1_97' title='bbox 1276 659 1346 688; x_wconf 73' lang='lat' dir='ltr'>sue-</span> 
     </span>
     <span class='ocr_line' id='line_1_15' title="bbox 339 699 1347 749; baseline -0.011 -7"><span class='ocrx_word' id='word_1_98' title='bbox 339 712 403 746; x_wconf 88' lang='lat' dir='ltr'>rit,</span> <span class='ocrx_word' id='word_1_99' title='bbox 429 718 464 742; x_wconf 90' lang='lat' dir='ltr'>ut</span> <span class='ocrx_word' id='word_1_100' title='bbox 488 707 593 741; x_wconf 89' lang='lat' dir='ltr'>morbi</span> <span class='ocrx_word' id='word_1_101' title='bbox 618 715 786 741; x_wconf 79' lang='lat' dir='ltr'>naturam,</span> <span class='ocrx_word' id='word_1_102' title='bbox 813 706 911 736; x_wconf 84' lang='lat' dir='ltr'>etiam</span> <span class='ocrx_word' id='word_1_103' title='bbox 947 714 1001 745; x_wconf 87' lang='lat' dir='ltr'>per</span> <span class='ocrx_word' id='word_1_104' title='bbox 1025 699 1264 749; x_wconf 69' lang='lat' dir='ltr'>disseffionem‚</span> <span class='ocrx_word' id='word_1_105' title='bbox 1296 701 1347 731; x_wconf 89' lang='lat' dir='ltr'>in-</span> 
     </span>
     <span class='ocr_line' id='line_1_16' title="bbox 338 742 1347 795; baseline -0.013 -9"><span class='ocrx_word' id='word_1_106' title='bbox 338 755 518 795; x_wconf 85' lang='lat' dir='ltr'>quirerem.</span> <span class='ocrx_word' id='word_1_107' title='bbox 544 752 624 783; x_wconf 84' lang='lat' dir='ltr'>Non</span> <span class='ocrx_word' id='word_1_108' title='bbox 648 759 713 782; x_wconf 82' lang='lat' dir='ltr'>erat</span> <span class='ocrx_word' id='word_1_109' title='bbox 740 747 871 780; x_wconf 87' lang='lat' dir='ltr'>difficile</span> <span class='ocrx_word' id='word_1_110' title='bbox 893 747 1074 788; x_wconf 76' lang='lat' dir='ltr'>intelligere</span> <span class='ocrx_word' id='word_1_111' title='bbox 1093 767 1101 781; x_wconf 91' lang='lat'>,</span> <span class='ocrx_word' id='word_1_112' title='bbox 1126 742 1209 776; x_wconf 85' lang='lat' dir='ltr'>nihil</span> <span class='ocrx_word' id='word_1_113' title='bbox 1244 744 1276 775; x_wconf 90' lang='lat' dir='ltr'>in</span> <span class='ocrx_word' id='word_1_114' title='bbox 1309 754 1347 775; x_wconf 91' lang='lat' dir='ltr'>eo</span> 
     </span>
     <span class='ocr_line' id='line_1_17' title="bbox 338 785 1347 835; baseline -0.01 -6"><span class='ocrx_word' id='word_1_115' title='bbox 338 794 395 829; x_wconf 78' lang='lat' dir='ltr'>effe</span> <span class='ocrx_word' id='word_1_116' title='bbox 419 792 618 835; x_wconf 69' lang='lat' dir='ltr'>contagiosi,</span> <span class='ocrx_word' id='word_1_117' title='bbox 641 804 713 825; x_wconf 90' lang='lat' dir='ltr'>cum</span> <span class='ocrx_word' id='word_1_118' title='bbox 738 802 776 823; x_wconf 87' lang='lat' dir='ltr'>ex</span> <span class='ocrx_word' id='word_1_119' title='bbox 798 792 839 825; x_wconf 88' lang='lat' dir='ltr'>iis</span> <span class='ocrx_word' id='word_1_120' title='bbox 865 802 935 833; x_wconf 72' lang='lat' dir='ltr'>quae</span> <span class='ocrx_word' id='word_1_121' title='bbox 958 791 1050 832; x_wconf 73' lang='lat' dir='ltr'>aegris</span> <span class='ocrx_word' id='word_1_122' title='bbox 1061 785 1250 825; x_wconf 84' lang='lat' dir='ltr'>assederant,</span> <span class='ocrx_word' id='word_1_123' title='bbox 1275 787 1347 819; x_wconf 90' lang='lat' dir='ltr'>nul—</span> 
     </span>
     <span class='ocr_line' id='line_1_18' title="bbox 338 829 1344 877; baseline -0.01 -6"><span class='ocrx_word' id='word_1_124' title='bbox 338 839 369 871; x_wconf 87' lang='lat' dir='ltr'>la</span> <span class='ocrx_word' id='word_1_125' title='bbox 393 837 542 871; x_wconf 81' lang='lat' dir='ltr'>morbum</span> <span class='ocrx_word' id='word_1_126' title='bbox 567 832 797 874; x_wconf 78' lang='lat' dir='ltr'>contraxisset,</span> <span class='ocrx_word' id='word_1_127' title='bbox 820 835 888 866; x_wconf 91' lang='lat' dir='ltr'>imo</span> <span class='ocrx_word' id='word_1_128' title='bbox 912 845 980 875; x_wconf 80' lang='lat' dir='ltr'>quae</span> <span class='ocrx_word' id='word_1_129' title='bbox 1005 832 1044 865; x_wconf 87' lang='lat' dir='ltr'>ab</span> <span class='ocrx_word' id='word_1_130' title='bbox 1068 831 1160 877; x_wconf 64' lang='lat' dir='ltr'>:egris</span> <span class='ocrx_word' id='word_1_131' title='bbox 1185 829 1243 862; x_wconf 80' lang='lat' dir='ltr'>fibi</span> <span class='ocrx_word' id='word_1_132' title='bbox 1276 842 1344 876; x_wconf 80' lang='lat' dir='ltr'>rna-</span> 
     </span>
     <span class='ocr_line' id='line_1_19' title="bbox 338 875 1344 919; baseline -0.01 -5"><span class='ocrx_word' id='word_1_133' title='bbox 338 883 424 915; x_wconf 86' lang='lat' dir='ltr'>xime</span> <span class='ocrx_word' id='word_1_134' title='bbox 447 889 591 913; x_wconf 83' lang='lat' dir='ltr'>caverant</span> <span class='ocrx_word' id='word_1_135' title='bbox 610 905 619 919; x_wconf 86' lang='lat'>,</span> <span class='ocrx_word' id='word_1_136' title='bbox 644 880 710 913; x_wconf 76' lang='lat' dir='ltr'>illae</span> <span class='ocrx_word' id='word_1_137' title='bbox 733 877 850 910; x_wconf 85' lang='lat' dir='ltr'>morbo</span> <span class='ocrx_word' id='word_1_138' title='bbox 873 885 1028 917; x_wconf 68' lang='lat' dir='ltr'>correptae</span> <span class='ocrx_word' id='word_1_139' title='bbox 1051 875 1168 913; x_wconf 83' lang='lat' dir='ltr'>essent,</span> <span class='ocrx_word' id='word_1_140' title='bbox 1193 885 1247 906; x_wconf 90' lang='lat' dir='ltr'>nec</span> <span class='ocrx_word' id='word_1_141' title='bbox 1280 876 1344 905; x_wconf 78' lang='lat' dir='ltr'>sine</span> 
     </span>
     <span class='ocr_line' id='line_1_20' title="bbox 338 917 1345 967; baseline -0.009 -10"><span class='ocrx_word' id='word_1_142' title='bbox 338 925 493 967; x_wconf 79' lang='lat' dir='ltr'>peculiari</span> <span class='ocrx_word' id='word_1_143' title='bbox 518 922 631 962; x_wconf 82' lang='lat' dir='ltr'>causa,</span> <span class='ocrx_word' id='word_1_144' title='bbox 656 925 686 956; x_wconf 61' lang='grc' dir='ltr'>ὃ(</span> <span class='ocrx_word' id='word_1_145' title='bbox 711 920 925 965; x_wconf 72' lang='lat' dir='ltr'>dispositione</span> <span class='ocrx_word' id='word_1_146' title='bbox 949 919 1014 952; x_wconf 88' lang='lat' dir='ltr'>fere</span> <span class='ocrx_word' id='word_1_147' title='bbox 1050 918 1180 961; x_wconf 74' lang='lat' dir='ltr'>singula:</span> <span class='ocrx_word' id='word_1_148' title='bbox 1200 940 1212 956; x_wconf 87' lang='lat'>,</span> <span class='ocrx_word' id='word_1_149' title='bbox 1244 917 1345 950; x_wconf 89' lang='lat' dir='ltr'>nimi-</span> 
     </span>
     <span class='ocr_line' id='line_1_21' title="bbox 336 961 1347 1002; baseline -0.009 -1"><span class='ocrx_word' id='word_1_150' title='bbox 336 979 408 1001; x_wconf 83' lang='lat' dir='ltr'>rum</span> <span class='ocrx_word' id='word_1_151' title='bbox 433 969 494 1000; x_wconf 86' lang='lat' dir='ltr'>alia</span> <span class='ocrx_word' id='word_1_152' title='bbox 517 967 631 999; x_wconf 84' lang='lat' dir='ltr'>veteris</span> <span class='ocrx_word' id='word_1_153' title='bbox 655 967 768 1000; x_wconf 86' lang='lat' dir='ltr'>ulceris</span> <span class='ocrx_word' id='word_1_154' title='bbox 792 967 825 998; x_wconf 89' lang='lat' dir='ltr'>in</span> <span class='ocrx_word' id='word_1_155' title='bbox 850 975 939 998; x_wconf 88' lang='lat' dir='ltr'>crure</span> <span class='ocrx_word' id='word_1_156' title='bbox 963 962 1168 1000; x_wconf 76' lang='lat' dir='ltr'>occhrlione,</span> <span class='ocrx_word' id='word_1_157' title='bbox 1192 961 1251 993; x_wconf 85' lang='lat' dir='ltr'>alia</span> <span class='ocrx_word' id='word_1_158' title='bbox 1267 972 1347 1002; x_wconf 64' lang='lat' dir='ltr'>pra?-</span> 
     </span>
     <span class='ocr_line' id='line_1_22' title="bbox 335 1005 1347 1054; baseline -0.01 -9"><span class='ocrx_word' id='word_1_159' title='bbox 335 1012 391 1045; x_wconf 89' lang='lat' dir='ltr'>vio</span> <span class='ocrx_word' id='word_1_160' title='bbox 413 1013 446 1043; x_wconf 89' lang='lat' dir='ltr'>in</span> <span class='ocrx_word' id='word_1_161' title='bbox 472 1011 579 1054; x_wconf 66' lang='lat' dir='ltr'>petftus</span> <span class='ocrx_word' id='word_1_162' title='bbox 601 1009 692 1049; x_wconf 87' lang='lat' dir='ltr'>casu,</span> <span class='ocrx_word' id='word_1_163' title='bbox 715 1021 784 1052; x_wconf 83' lang='lat' dir='ltr'>quae</span> <span class='ocrx_word' id='word_1_164' title='bbox 810 1008 949 1041; x_wconf 86' lang='lat' dir='ltr'>multum</span> <span class='ocrx_word' id='word_1_165' title='bbox 972 1008 1007 1039; x_wconf 88' lang='lat' dir='ltr'>in</span> <span class='ocrx_word' id='word_1_166' title='bbox 1031 1005 1089 1039; x_wconf 88' lang='lat' dir='ltr'>hac</span> <span class='ocrx_word' id='word_1_167' title='bbox 1114 1005 1229 1039; x_wconf 81' lang='lat' dir='ltr'>ultima</span> <span class='ocrx_word' id='word_1_168' title='bbox 1244 1015 1347 1046; x_wconf 51' lang='grc' dir='ltr'>εχει-ο-</span> 
     </span>
     <span class='ocr_line' id='line_1_23' title="bbox 336 1047 1346 1094; baseline -0.008 -7"><span class='ocrx_word' id='word_1_169' title='bbox 336 1055 459 1087; x_wconf 84' lang='lat' dir='ltr'>tatione</span> <span class='ocrx_word' id='word_1_170' title='bbox 484 1054 648 1094; x_wconf 81' lang='lat' dir='ltr'>exspuerat</span> <span class='ocrx_word' id='word_1_171' title='bbox 672 1054 854 1094; x_wconf 70' lang='lat' dir='ltr'>sanguinem</span> <span class='ocrx_word' id='word_1_172' title='bbox 877 1074 885 1089; x_wconf 96' lang='lat'>,</span> <span class='ocrx_word' id='word_1_173' title='bbox 920 1052 981 1084; x_wconf 85' lang='lat' dir='ltr'>alia</span> <span class='ocrx_word' id='word_1_174' title='bbox 1016 1050 1053 1082; x_wconf 84' lang='lat' dir='ltr'>ad</span> <span class='ocrx_word' id='word_1_175' title='bbox 1088 1047 1246 1092; x_wconf 81' lang='lat' dir='ltr'>phthisim</span> <span class='ocrx_word' id='word_1_176' title='bbox 1283 1047 1346 1088; x_wconf 71' lang='lat' dir='ltr'>jam</span> 
     </span>
     <span class='ocr_line' id='line_1_24' title="bbox 336 1091 1344 1140; baseline -0.01 -8"><span class='ocrx_word' id='word_1_177' title='bbox 336 1109 407 1132; x_wconf 86' lang='lat' dir='ltr'>ante</span> <span class='ocrx_word' id='word_1_178' title='bbox 430 1097 582 1140; x_wconf 82' lang='lat' dir='ltr'>disposita</span> <span class='ocrx_word' id='word_1_179' title='bbox 599 1119 608 1134; x_wconf 90' lang='lat'>‚</span> <span class='ocrx_word' id='word_1_180' title='bbox 634 1097 702 1130; x_wconf 70' lang='lat' dir='ltr'>alia:</span> <span class='ocrx_word' id='word_1_181' title='bbox 727 1096 865 1138; x_wconf 82' lang='lat' dir='ltr'>denique</span> <span class='ocrx_word' id='word_1_182' title='bbox 892 1095 953 1127; x_wconf 84' lang='lat' dir='ltr'>alia</span> <span class='ocrx_word' id='word_1_183' title='bbox 977 1093 1067 1127; x_wconf 80' lang='lat' dir='ltr'>causa</span> <span class='ocrx_word' id='word_1_184' title='bbox 1098 1104 1168 1135; x_wconf 83' lang='lat' dir='ltr'>quae</span> <span class='ocrx_word' id='word_1_185' title='bbox 1202 1091 1344 1124; x_wconf 80' lang='lat' dir='ltr'>thoracis</span> 
     </span>
     <span class='ocr_line' id='line_1_25' title="bbox 338 1135 1351 1184; baseline -0.008 -10"><span class='ocrx_word' id='word_1_186' title='bbox 338 1144 441 1181; x_wconf 86' lang='lat' dir='ltr'>vires,</span> <span class='ocrx_word' id='word_1_187' title='bbox 465 1142 717 1184; x_wconf 74' lang='lat' dir='ltr'>pulmonumque</span> <span class='ocrx_word' id='word_1_188' title='bbox 739 1138 926 1172; x_wconf 77' lang='lat' dir='ltr'>infirmasset</span> <span class='ocrx_word' id='word_1_189' title='bbox 952 1162 965 1177; x_wconf 88' lang='lat'>,</span> <span class='ocrx_word' id='word_1_190' title='bbox 997 1148 1033 1171; x_wconf 85' lang='lat' dir='ltr'>ut</span> <span class='ocrx_word' id='word_1_191' title='bbox 1079 1148 1148 1179; x_wconf 74' lang='lat' dir='ltr'>quae</span> <span class='ocrx_word' id='word_1_192' title='bbox 1191 1135 1351 1177; x_wconf 84' lang='lat' dir='ltr'>decrepita</span> 
     </span>
     <span class='ocr_line' id='line_1_26' title="bbox 335 1185 1351 1223; baseline -0.008 -6"><span class='ocrx_word' id='word_1_193' title='bbox 335 1194 424 1218; x_wconf 86' lang='lat' dir='ltr'>erant</span> <span class='ocrx_word' id='word_1_194' title='bbox 449 1194 561 1218; x_wconf 82' lang='lat' dir='ltr'>aetate.</span> <span class='ocrx_word' id='word_1_195' title='bbox 590 1185 648 1217; x_wconf 80' lang='lat' dir='ltr'>Sed</span> <span class='ocrx_word' id='word_1_196' title='bbox 672 1194 804 1223; x_wconf 82' lang='lat' dir='ltr'>tamen,</span> <span class='ocrx_word' id='word_1_197' title='bbox 828 1194 899 1217; x_wconf 90' lang='lat' dir='ltr'>cum</span> <span class='ocrx_word' id='word_1_198' title='bbox 923 1193 1028 1215; x_wconf 82' lang='lat' dir='ltr'>earum</span> <span class='ocrx_word' id='word_1_199' title='bbox 1051 1192 1120 1223; x_wconf 82' lang='lat' dir='ltr'>quae</span> <span class='ocrx_word' id='word_1_200' title='bbox 1143 1187 1220 1212; x_wconf 90' lang='lat' dir='ltr'>tunc</span> <span class='ocrx_word' id='word_1_201' title='bbox 1245 1190 1351 1221; x_wconf 74' lang='lat' dir='ltr'>aegro-</span> 
     </span>
     <span class='ocr_line' id='line_1_27' title="bbox 336 1222 1349 1270; baseline -0.005 -10"><span class='ocrx_word' id='word_1_202' title='bbox 336 1237 504 1266; x_wconf 69' lang='lat' dir='ltr'>taverant,</span> <span class='ocrx_word' id='word_1_203' title='bbox 529 1228 690 1266; x_wconf 84' lang='lat' dir='ltr'>etsi&#39;rres‚</span> <span class='ocrx_word' id='word_1_204' title='bbox 718 1238 818 1270; x_wconf 84' lang='lat' dir='ltr'>neque</span> <span class='ocrx_word' id='word_1_205' title='bbox 841 1226 1001 1268; x_wconf 78' lang='lat' dir='ltr'>ignobiles</span> <span class='ocrx_word' id='word_1_206' title='bbox 1025 1223 1149 1258; x_wconf 86' lang='lat' dir='ltr'>Medici</span> <span class='ocrx_word' id='word_1_207' title='bbox 1174 1222 1254 1255; x_wconf 77' lang='lat' dir='ltr'>alius</span> <span class='ocrx_word' id='word_1_208' title='bbox 1280 1223 1349 1255; x_wconf 75' lang='lat' dir='ltr'>aliis</span> 
     </span>
     <span class='ocr_line' id='line_1_28' title="bbox 339 1266 1348 1313; baseline -0.005 -9"><span class='ocrx_word' id='word_1_209' title='bbox 339 1269 479 1304; x_wconf 73' lang='lat' dir='ltr'>adhibiti</span> <span class='ocrx_word' id='word_1_210' title='bbox 505 1270 624 1308; x_wconf 81' lang='lat' dir='ltr'>essent3</span> <span class='ocrx_word' id='word_1_211' title='bbox 648 1282 686 1304; x_wconf 89' lang='lat' dir='ltr'>ne</span> <span class='ocrx_word' id='word_1_212' title='bbox 710 1281 771 1303; x_wconf 84' lang='lat' dir='ltr'>una</span> <span class='ocrx_word' id='word_1_213' title='bbox 794 1270 947 1313; x_wconf 88' lang='lat' dir='ltr'>quidem,</span> <span class='ocrx_word' id='word_1_214' title='bbox 970 1279 1005 1302; x_wconf 87' lang='lat' dir='ltr'>ut</span> <span class='ocrx_word' id='word_1_215' title='bbox 1029 1268 1197 1305; x_wconf 77' lang='lat' dir='ltr'>diximus,</span> <span class='ocrx_word' id='word_1_216' title='bbox 1231 1266 1348 1299; x_wconf 80' lang='lat' dir='ltr'>servari</span> 
     </span>
     <span class='ocr_line' id='line_1_29' title="bbox 338 1310 1347 1358; baseline -0.005 -10"><span class='ocrx_word' id='word_1_217' title='bbox 338 1313 513 1358; x_wconf 73' lang='lat' dir='ltr'>potuiffet3</span> <span class='ocrx_word' id='word_1_218' title='bbox 538 1314 572 1349; x_wconf 86' lang='lat' dir='ltr'>icl</span> <span class='ocrx_word' id='word_1_219' title='bbox 595 1326 667 1348; x_wconf 85' lang='lat' dir='ltr'>vero</span> <span class='ocrx_word' id='word_1_220' title='bbox 691 1325 755 1347; x_wconf 88' lang='lat' dir='ltr'>non</span> <span class='ocrx_word' id='word_1_221' title='bbox 781 1323 847 1345; x_wconf 88' lang='lat' dir='ltr'>tam</span> <span class='ocrx_word' id='word_1_222' title='bbox 870 1313 976 1345; x_wconf 80' lang='lat' dir='ltr'>morbi</span> <span class='ocrx_word' id='word_1_223' title='bbox 1001 1312 1059 1352; x_wconf 91' lang='lat' dir='ltr'>vi,</span> <span class='ocrx_word' id='word_1_224' title='bbox 1082 1321 1177 1352; x_wconf 88' lang='lat' dir='ltr'>quam</span> <span class='ocrx_word' id='word_1_225' title='bbox 1191 1321 1253 1341; x_wconf 86' lang='lat' dir='ltr'>non</span> <span class='ocrx_word' id='word_1_226' title='bbox 1268 1310 1347 1343; x_wconf 86' lang='lat' dir='ltr'>bene</span> 
     </span>
     <span class='ocr_line' id='line_1_30' title="bbox 335 1353 1345 1401; baseline -0.005 -9"><span class='ocrx_word' id='word_1_227' title='bbox 335 1361 475 1401; x_wconf 73' lang='lat' dir='ltr'>cognnae</span> <span class='ocrx_word' id='word_1_228' title='bbox 499 1357 565 1401; x_wconf 78' lang='lat' dir='ltr'>ejus</span> <span class='ocrx_word' id='word_1_229' title='bbox 589 1368 733 1397; x_wconf 59' lang='lat' dir='ltr'>natum,</span> <span class='ocrx_word' id='word_1_230' title='bbox 760 1369 774 1389; x_wconf 83' lang='lat' dir='ltr'>a</span> <span class='ocrx_word' id='word_1_231' title='bbox 799 1356 932 1396; x_wconf 87' lang='lat' dir='ltr'>multis,</span> <span class='ocrx_word' id='word_1_232' title='bbox 956 1358 989 1388; x_wconf 87' lang='lat'>&amp;</span> <span class='ocrx_word' id='word_1_233' title='bbox 1021 1367 1037 1387; x_wconf 83' lang='lat' dir='ltr'>a</span> <span class='ocrx_word' id='word_1_234' title='bbox 1073 1353 1278 1388; x_wconf 68' lang='lat' dir='ltr'>monialibus</span> <span class='ocrx_word' id='word_1_235' title='bbox 1311 1355 1345 1387; x_wconf 89' lang='lat' dir='ltr'>in</span> 
     </span>
     <span class='ocr_line' id='line_1_31' title="bbox 333 1399 1345 1445; baseline -0.009 -9"><span class='ocrx_word' id='word_1_236' title='bbox 333 1404 472 1445; x_wconf 85' lang='lat' dir='ltr'>primis,</span> <span class='ocrx_word' id='word_1_237' title='bbox 499 1401 757 1436; x_wconf 84' lang='lat' dir='ltr'>adscribebatur.</span> <span class='ocrx_word' id='word_1_238' title='bbox 784 1401 892 1441; x_wconf 79' lang='lat' dir='ltr'>Qam</span> <span class='ocrx_word' id='word_1_239' title='bbox 928 1411 989 1442; x_wconf 73' lang='lat' dir='ltr'>ego</span> <span class='ocrx_word' id='word_1_240' title='bbox 1023 1399 1248 1441; x_wconf 69' lang='lat' dir='ltr'>opinationem</span> <span class='ocrx_word' id='word_1_241' title='bbox 1282 1409 1345 1440; x_wconf 76' lang='lat' dir='ltr'>qua</span> 
     </span>
     <span class='ocr_line' id='line_1_32' title="bbox 335 1440 1344 1487; baseline -0.006 -7"><span class='ocrx_word' id='word_1_242' title='bbox 335 1456 403 1480; x_wconf 83' lang='lat' dir='ltr'>arte</span> <span class='ocrx_word' id='word_1_243' title='bbox 426 1446 661 1486; x_wconf 85' lang='lat' dir='ltr'>convulserim,</span> <span class='ocrx_word' id='word_1_244' title='bbox 684 1457 722 1478; x_wconf 84' lang='lat' dir='ltr'>ex</span> <span class='ocrx_word' id='word_1_245' title='bbox 746 1443 882 1487; x_wconf 65' lang='lat' dir='ltr'>subjecta</span> <span class='ocrx_word' id='word_1_246' title='bbox 906 1443 1075 1486; x_wconf 75' lang='lat' dir='ltr'>cognosces</span> <span class='ocrx_word' id='word_1_247' title='bbox 1090 1440 1344 1476; x_wconf 78' lang='lat' dir='ltr'>historia.Cum</span> 
     </span>
     <span class='ocr_line' id='line_1_33' title="bbox 335 1485 1344 1531; baseline -0.005 -8"><span class='ocrx_word' id='word_1_248' title='bbox 335 1492 420 1523; x_wconf 82' lang='lat' dir='ltr'>enim</span> <span class='ocrx_word' id='word_1_249' title='bbox 442 1490 567 1524; x_wconf 80' lang='lat' dir='ltr'>decima</span> <span class='ocrx_word' id='word_1_250' title='bbox 592 1489 654 1531; x_wconf 77' lang='lat' dir='ltr'>jam</span> <span class='ocrx_word' id='word_1_251' title='bbox 679 1498 806 1521; x_wconf 84' lang='lat' dir='ltr'>mortua</span> <span class='ocrx_word' id='word_1_252' title='bbox 830 1485 904 1520; x_wconf 71' lang='lat' dir='ltr'>esset</span> <span class='ocrx_word' id='word_1_253' title='bbox 926 1513 933 1525; x_wconf 87' lang='lat'><strong><em>‚</em></strong></span> <span class='ocrx_word' id='word_1_254' title='bbox 968 1486 1154 1528; x_wconf 79' lang='lat' dir='ltr'>Medicique</span> <span class='ocrx_word' id='word_1_255' title='bbox 1192 1485 1241 1517; x_wconf 84' lang='lat' dir='ltr'>illi</span> <span class='ocrx_word' id='word_1_256' title='bbox 1264 1509 1275 1524; x_wconf 90' lang='lat'>,</span> <span class='ocrx_word' id='word_1_257' title='bbox 1311 1489 1344 1518; x_wconf 85' lang='lat'><strong>&amp;</strong></span> 
     </span>
     <span class='ocr_line' id='line_1_34' title="bbox 335 1528 1346 1578; baseline -0.006 -10"><span class='ocrx_word' id='word_1_258' title='bbox 335 1546 396 1578; x_wconf 67' lang='lat' dir='ltr'>ego</span> <span class='ocrx_word' id='word_1_259' title='bbox 421 1534 458 1567; x_wconf 86' lang='lat' dir='ltr'>ad</span> <span class='ocrx_word' id='word_1_260' title='bbox 482 1533 549 1577; x_wconf 82' lang='lat' dir='ltr'>ejus</span> <span class='ocrx_word' id='word_1_261' title='bbox 573 1532 745 1566; x_wconf 67' lang='lat' dir='ltr'>lectionem</span> <span class='ocrx_word' id='word_1_262' title='bbox 769 1529 1047 1568; x_wconf 64' lang='lat' dir='ltr'>convenissemus,</span> <span class='ocrx_word' id='word_1_263' title='bbox 1072 1530 1254 1572; x_wconf 72' lang='lat' dir='ltr'>priusquam</span> <span class='ocrx_word' id='word_1_264' title='bbox 1280 1528 1346 1563; x_wconf 71' lang='lat' dir='ltr'>haec</span> 
     </span>
     <span class='ocr_line' id='line_1_35' title="bbox 337 1572 1348 1619; baseline -0.006 -8"><span class='ocrx_word' id='word_1_265' title='bbox 337 1579 571 1617; x_wconf 77' lang='lat' dir='ltr'>inchoaretur,</span> <span class='ocrx_word' id='word_1_266' title='bbox 594 1577 698 1619; x_wconf 82' lang='lat' dir='ltr'>petii,</span> <span class='ocrx_word' id='word_1_267' title='bbox 722 1584 758 1609; x_wconf 89' lang='lat' dir='ltr'>ut</span> <span class='ocrx_word' id='word_1_268' title='bbox 782 1587 852 1618; x_wconf 81' lang='lat' dir='ltr'>quae</span> <span class='ocrx_word' id='word_1_269' title='bbox 877 1576 911 1606; x_wconf 89' lang='lat' dir='ltr'>in</span> <span class='ocrx_word' id='word_1_270' title='bbox 944 1573 1010 1615; x_wconf 86' lang='lat' dir='ltr'>ejus</span> <span class='ocrx_word' id='word_1_271' title='bbox 1047 1573 1160 1608; x_wconf 81' lang='lat' dir='ltr'>morbo</span> <span class='ocrx_word' id='word_1_272' title='bbox 1195 1572 1348 1605; x_wconf 77' lang='lat' dir='ltr'>adnotata</span> 
     </span>
     <span class='ocr_line' id='line_1_36' title="bbox 335 1617 1349 1662; baseline -0.007 -6"><span class='ocrx_word' id='word_1_273' title='bbox 335 1621 450 1660; x_wconf 80' lang='lat' dir='ltr'>essent,</span> <span class='ocrx_word' id='word_1_274' title='bbox 477 1621 630 1662; x_wconf 61' lang='lat' dir='ltr'>actaque,</span> <span class='ocrx_word' id='word_1_275' title='bbox 653 1628 839 1656; x_wconf 81' lang='lat' dir='ltr'>narrarent.</span> <span class='ocrx_word' id='word_1_276' title='bbox 869 1618 969 1660; x_wconf 81' lang='lat' dir='ltr'>Qod</span> <span class='ocrx_word' id='word_1_277' title='bbox 994 1617 1099 1651; x_wconf 87' lang='lat' dir='ltr'>senior</span> <span class='ocrx_word' id='word_1_278' title='bbox 1122 1640 1135 1656; x_wconf 97' lang='lat'>,</span> <span class='ocrx_word' id='word_1_279' title='bbox 1180 1617 1235 1658; x_wconf 91' lang='lat' dir='ltr'>qui</span> <span class='ocrx_word' id='word_1_280' title='bbox 1281 1628 1349 1649; x_wconf 83' lang='lat' dir='ltr'>eam</span> 
     </span>
     <span class='ocr_line' id='line_1_37' title="bbox 338 1659 1349 1706; baseline -0.007 -6"><span class='ocrx_word' id='word_1_281' title='bbox 338 1674 521 1703; x_wconf 79' lang='lat' dir='ltr'>curaverat,</span> <span class='ocrx_word' id='word_1_282' title='bbox 547 1665 722 1706; x_wconf 78' lang='lat' dir='ltr'>diligenter</span> <span class='ocrx_word' id='word_1_283' title='bbox 747 1663 825 1696; x_wconf 85' lang='lat' dir='ltr'>fecit</span> <span class='ocrx_word' id='word_1_284' title='bbox 850 1661 888 1695; x_wconf 79' lang='lat' dir='ltr'>ad</span> <span class='ocrx_word' id='word_1_285' title='bbox 912 1672 985 1695; x_wconf 87' lang='lat' dir='ltr'>eum</span> <span class='ocrx_word' id='word_1_286' title='bbox 1009 1659 1142 1693; x_wconf 89' lang='lat' dir='ltr'>modum</span> <span class='ocrx_word' id='word_1_287' title='bbox 1166 1670 1234 1702; x_wconf 91' lang='lat' dir='ltr'>quo</span> <span class='ocrx_word' id='word_1_288' title='bbox 1271 1671 1349 1693; x_wconf 81' lang='lat' dir='ltr'>mox</span> 
     </span>
     <span class='ocr_line' id='line_1_38' title="bbox 335 1702 1350 1748; baseline -0.008 -5"><span class='ocrx_word' id='word_1_289' title='bbox 335 1710 491 1748; x_wconf 81' lang='lat' dir='ltr'>referam3</span> <span class='ocrx_word' id='word_1_290' title='bbox 515 1706 781 1743; x_wconf 62' lang='lat' dir='ltr'>confirmantibus</span> <span class='ocrx_word' id='word_1_291' title='bbox 806 1704 937 1747; x_wconf 86' lang='lat' dir='ltr'>reliquis</span> <span class='ocrx_word' id='word_1_292' title='bbox 961 1704 1107 1743; x_wconf 87' lang='lat' dir='ltr'>duobus,</span> <span class='ocrx_word' id='word_1_293' title='bbox 1131 1702 1159 1735; x_wconf 89' lang='lat' dir='ltr'>se</span> <span class='ocrx_word' id='word_1_294' title='bbox 1182 1704 1350 1745; x_wconf 86' lang='lat' dir='ltr'>quoquein</span> 
     </span>
     <span class='ocr_line' id='line_1_39' title="bbox 335 1745 1349 1790; baseline -0.007 -3"><span class='ocrx_word' id='word_1_295' title='bbox 335 1754 458 1788; x_wconf 62' lang='lat' dir='ltr'>caeteris</span> <span class='ocrx_word' id='word_1_296' title='bbox 480 1764 545 1786; x_wconf 90' lang='lat' dir='ltr'>non</span> <span class='ocrx_word' id='word_1_297' title='bbox 568 1750 730 1784; x_wconf 74' lang='lat' dir='ltr'>diffimilia</span> <span class='ocrx_word' id='word_1_298' title='bbox 752 1747 886 1787; x_wconf 83' lang='lat' dir='ltr'>vidisse,</span> <span class='ocrx_word' id='word_1_299' title='bbox 910 1751 942 1781; x_wconf 71' lang='grc' dir='ltr'>δε</span> <span class='ocrx_word' id='word_1_300' title='bbox 966 1745 1080 1790; x_wconf 77' lang='lat' dir='ltr'>egisse,</span> <span class='ocrx_word' id='word_1_301' title='bbox 1104 1745 1161 1778; x_wconf 84' lang='lat' dir='ltr'>nisi</span> <span class='ocrx_word' id='word_1_302' title='bbox 1171 1745 1258 1788; x_wconf 88' lang='lat' dir='ltr'>quod</span> <span class='ocrx_word' id='word_1_303' title='bbox 1270 1757 1349 1780; x_wconf 86' lang='lat' dir='ltr'>unus</span> 
     </span>
     <span class='ocr_line' id='line_1_40' title="bbox 334 1790 1347 1841; baseline -0.011 -10"><span class='ocrx_word' id='word_1_304' title='bbox 334 1799 390 1841; x_wconf 88' lang='lat' dir='ltr'>qui</span> <span class='ocrx_word' id='word_1_305' title='bbox 415 1798 521 1830; x_wconf 92' lang='lat' dir='ltr'>oleum</span> <span class='ocrx_word' id='word_1_306' title='bbox 547 1794 677 1828; x_wconf 79' lang='lat' dir='ltr'>dederat</span> <span class='ocrx_word' id='word_1_307' title='bbox 700 1805 739 1827; x_wconf 89' lang='lat' dir='ltr'>ex</span> <span class='ocrx_word' id='word_1_308' title='bbox 763 1791 909 1826; x_wconf 87' lang='lat' dir='ltr'>dulcibus</span> <span class='ocrx_word' id='word_1_309' title='bbox 944 1790 1124 1833; x_wconf 78' lang='lat' dir='ltr'>amygdalis</span> <span class='ocrx_word' id='word_1_310' title='bbox 1157 1800 1262 1836; x_wconf 79' lang='lat' dir='ltr'>recens</span> <span class='ocrx_word' id='word_1_311' title='bbox 1294 1801 1347 1822; x_wconf 85' lang='lat' dir='ltr'>ex-</span> 
     </span>
     <span class='ocr_line' id='line_1_41' title="bbox 337 1832 1351 1884; baseline -0.006 -13"><span class='ocrx_word' id='word_1_312' title='bbox 337 1839 473 1884; x_wconf 72' lang='lat' dir='ltr'>pressum</span> <span class='ocrx_word' id='word_1_313' title='bbox 495 1864 503 1878; x_wconf 60' lang='lat'>2</span> <span class='ocrx_word' id='word_1_314' title='bbox 541 1840 674 1880; x_wconf 59' lang='lat' dir='ltr'>ingenue</span> <span class='ocrx_word' id='word_1_315' title='bbox 700 1836 825 1870; x_wconf 83' lang='lat' dir='ltr'>addidit</span> <span class='ocrx_word' id='word_1_316' title='bbox 840 1861 848 1875; x_wconf 90' lang='lat'>‚</span> <span class='ocrx_word' id='word_1_317' title='bbox 872 1834 947 1867; x_wconf 91' lang='lat' dir='ltr'>inde</span> <span class='ocrx_word' id='word_1_318' title='bbox 971 1846 1089 1877; x_wconf 77' lang='lat' dir='ltr'>aegram</span> <span class='ocrx_word' id='word_1_319' title='bbox 1112 1844 1200 1875; x_wconf 76' lang='lat' dir='ltr'>pejus</span> <span class='ocrx_word' id='word_1_320' title='bbox 1223 1832 1351 1867; x_wconf 61' lang='lat' dir='ltr'>habuis-2</span> 
     </span>
     <span class='ocr_line' id='line_1_42' title="bbox 336 1876 1350 1923; baseline -0.011 -4"><span class='ocrx_word' id='word_1_321' title='bbox 336 1886 383 1918; x_wconf 85' lang='lat' dir='ltr'>se.</span> <span class='ocrx_word' id='word_1_322' title='bbox 410 1886 535 1920; x_wconf 82' lang='lat' dir='ltr'>Verum</span> <span class='ocrx_word' id='word_1_323' title='bbox 558 1881 595 1917; x_wconf 81' lang='lat' dir='ltr'>ad</span> <span class='ocrx_word' id='word_1_324' title='bbox 619 1893 686 1915; x_wconf 84' lang='lat' dir='ltr'>eam</span> <span class='ocrx_word' id='word_1_325' title='bbox 709 1892 779 1923; x_wconf 85' lang='lat' dir='ltr'>quae</span> <span class='ocrx_word' id='word_1_326' title='bbox 805 1889 880 1915; x_wconf 88' lang='lat' dir='ltr'>tunc</span> <span class='ocrx_word' id='word_1_327' title='bbox 905 1876 1081 1911; x_wconf 84' lang='lat' dir='ltr'>dissecanda</span> <span class='ocrx_word' id='word_1_328' title='bbox 1105 1886 1171 1913; x_wconf 83' lang='lat' dir='ltr'>erat</span> <span class='ocrx_word' id='word_1_329' title='bbox 1193 1898 1203 1915; x_wconf 86' lang='lat'>‚</span> <span class='ocrx_word' id='word_1_330' title='bbox 1245 1879 1350 1912; x_wconf 80' lang='lat' dir='ltr'>venia-</span> 
     </span>
     <span class='ocr_line' id='line_1_43' title="bbox 336 1941 427 1965; baseline -0.055 0"><span class='ocrx_word' id='word_1_331' title='bbox 336 1941 427 1965; x_wconf 80' lang='lat' dir='ltr'>mus.</span> 
     </span>
    </p>

    <p class='ocr_par' dir='ltr' id='par_1_4' title="bbox 337 1962 1374 3444">
     <span class='ocr_line' id='line_1_44' title="bbox 381 1962 1352 2014; baseline -0.011 -8"><span class='ocrx_word' id='word_1_332' title='bbox 381 1985 433 2014; x_wconf 82' lang='lat'>27.</span> <span class='ocrx_word' id='word_1_333' title='bbox 459 1971 618 2005; x_wconf 84' lang='lat' dir='ltr'>VIRGO</span> <span class='ocrx_word' id='word_1_334' title='bbox 643 1980 740 2002; x_wconf 85' lang='lat' dir='ltr'>annos</span> <span class='ocrx_word' id='word_1_335' title='bbox 761 1976 833 2001; x_wconf 82' lang='lat' dir='ltr'>nata</span> <span class='ocrx_word' id='word_1_336' title='bbox 857 1965 895 1999; x_wconf 87' lang='lat' dir='ltr'>ad</span> <span class='ocrx_word' id='word_1_337' title='bbox 946 1964 1132 2008; x_wconf 71' lang='lat' dir='ltr'>uadraginta</span> <span class='ocrx_word' id='word_1_338' title='bbox 1144 1962 1244 2002; x_wconf 84' lang='lat' dir='ltr'>duos,</span> <span class='ocrx_word' id='word_1_339' title='bbox 1268 1975 1352 2006; x_wconf 78' lang='lat' dir='ltr'>quo-</span> 
     </span>
     <span class='ocr_line' id='line_1_45' title="bbox 337 1978 1350 2058; baseline -0.012 -8"><span class='ocrx_word' id='word_1_340' title='bbox 337 2018 443 2050; x_wconf 78' lang='lat' dir='ltr'>tannis</span> <span class='ocrx_word' id='word_1_341' title='bbox 469 2016 582 2058; x_wconf 76' lang='lat' dir='ltr'>hyeme</span> <span class='ocrx_word' id='word_1_342' title='bbox 605 2025 670 2046; x_wconf 87' lang='lat' dir='ltr'>non</span> <span class='ocrx_word' id='word_1_343' title='bbox 693 2012 849 2045; x_wconf 88' lang='lat' dir='ltr'>mediocri</span> <span class='ocrx_word' id='word_1_344' title='bbox 872 1978 943 2043; x_wconf 64' lang='lat' dir='ltr'>tussi</span> <span class='ocrx_word' id='word_1_345' title='bbox 964 2009 1124 2044; x_wconf 79' lang='lat' dir='ltr'>obnoxia,</span> <span class='ocrx_word' id='word_1_346' title='bbox 1151 2009 1281 2049; x_wconf 86' lang='lat' dir='ltr'>optimo</span> <span class='ocrx_word' id='word_1_347' title='bbox 1293 2008 1350 2041; x_wconf 67' lang='lat' dir='ltr'>ha-³</span> 
     </span>
     <span class='ocr_line' id='line_1_46' title="bbox 337 2050 1352 2100; baseline -0.012 -6"><span class='ocrx_word' id='word_1_348' title='bbox 337 2063 433 2097; x_wconf 85' lang='lat' dir='ltr'>bitu,</span> <span class='ocrx_word' id='word_1_349' title='bbox 461 2059 610 2100; x_wconf 72' lang='lat' dir='ltr'>sanguine</span> <span class='ocrx_word' id='word_1_350' title='bbox 635 2056 813 2092; x_wconf 84' lang='lat' dir='ltr'>abundans,</span> <span class='ocrx_word' id='word_1_351' title='bbox 840 2055 874 2087; x_wconf 87' lang='lat' dir='ltr'>in</span> <span class='ocrx_word' id='word_1_352' title='bbox 898 2054 1021 2094; x_wconf 75' lang='lat' dir='ltr'>magnis</span> <span class='ocrx_word' id='word_1_353' title='bbox 1043 2076 1056 2092; x_wconf 88' lang='lat'>,</span> <span class='ocrx_word' id='word_1_354' title='bbox 1077 2050 1275 2098; x_wconf 27' lang='lat' dir='ltr'>‘assiduisque</span> <span class='ocrx_word' id='word_1_355' title='bbox 1306 2051 1352 2082; x_wconf 84' lang='lat' dir='ltr'>la-</span> 
     </span>
     <span class='ocr_line' id='line_1_47' title="bbox 338 2093 1355 2141; baseline -0.011 -4"><span class='ocrx_word' id='word_1_356' title='bbox 338 2105 471 2140; x_wconf 78' lang='lat' dir='ltr'>boribus</span> <span class='ocrx_word' id='word_1_357' title='bbox 483 2126 492 2141; x_wconf 92' lang='lat'>,</span> <span class='ocrx_word' id='word_1_358' title='bbox 516 2111 551 2134; x_wconf 88' lang='lat' dir='ltr'>ut</span> <span class='ocrx_word' id='word_1_359' title='bbox 567 2101 621 2136; x_wconf 84' lang='lat' dir='ltr'>suo</span> <span class='ocrx_word' id='word_1_360' title='bbox 633 2099 796 2134; x_wconf 69' lang='lat' dir='ltr'>inserviret</span> <span class='ocrx_word' id='word_1_361' title='bbox 807 2096 975 2132; x_wconf 84' lang='lat' dir='ltr'>Coenobio</span> <span class='ocrx_word' id='word_1_362' title='bbox 988 2122 998 2136; x_wconf 91' lang='lat'>,</span> <span class='ocrx_word' id='word_1_363' title='bbox 1010 2097 1128 2129; x_wconf 82' lang='lat' dir='ltr'>versata</span> <span class='ocrx_word' id='word_1_364' title='bbox 1141 2120 1148 2133; x_wconf 80' lang='lat'>‚</span> <span class='ocrx_word' id='word_1_365' title='bbox 1161 2095 1261 2128; x_wconf 67' lang='lat' dir='ltr'>nocOcu</span> <span class='ocrx_word' id='word_1_366' title='bbox 1272 2093 1355 2126; x_wconf 84' lang='lat' dir='ltr'>febri</span> 
     </span>
     <span class='ocr_line' id='line_1_48' title="bbox 338 2138 1355 2190; baseline -0.013 -9"><span class='ocrx_word' id='word_1_367' title='bbox 338 2157 486 2190; x_wconf 84' lang='lat' dir='ltr'>correpta</span> <span class='ocrx_word' id='word_1_368' title='bbox 510 2145 574 2182; x_wconf 67' lang='lat' dir='ltr'>cst5</span> <span class='ocrx_word' id='word_1_369' title='bbox 598 2156 658 2186; x_wconf 78' lang='lat' dir='ltr'>qua</span> <span class='ocrx_word' id='word_1_370' title='bbox 673 2145 814 2184; x_wconf 85' lang='lat' dir='ltr'>primum</span> <span class='ocrx_word' id='word_1_371' title='bbox 825 2150 899 2174; x_wconf 91' lang='lat' dir='ltr'>toto</span> <span class='ocrx_word' id='word_1_372' title='bbox 910 2151 1045 2181; x_wconf 85' lang='lat' dir='ltr'>corpore</span> <span class='ocrx_word' id='word_1_373' title='bbox 1056 2138 1230 2181; x_wconf 77' lang='lat' dir='ltr'>perfriguit</span> <span class='ocrx_word' id='word_1_374' title='bbox 1246 2164 1254 2177; x_wconf 87' lang='lat'>,</span> <span class='ocrx_word' id='word_1_375' title='bbox 1277 2149 1355 2170; x_wconf 83' lang='lat' dir='ltr'>mox</span> 
     </span>
     <span class='ocr_line' id='line_1_49' title="bbox 340 2182 1358 2227; baseline -0.013 -2"><span class='ocrx_word' id='word_1_376' title='bbox 340 2192 499 2225; x_wconf 79' lang='lat' dir='ltr'>incaluit.</span> <span class='ocrx_word' id='word_1_377' title='bbox 529 2187 580 2223; x_wconf 76' lang='lat' dir='ltr'>Ad</span> <span class='ocrx_word' id='word_1_378' title='bbox 593 2187 709 2220; x_wconf 72' lang='lat' dir='ltr'>febrim</span> <span class='ocrx_word' id='word_1_379' title='bbox 729 2212 737 2225; x_wconf 84' lang='lat'>,</span> <span class='ocrx_word' id='word_1_380' title='bbox 762 2184 939 2227; x_wconf 58' lang='lat' dir='ltr'>interjeftis</span> <span class='ocrx_word' id='word_1_381' title='bbox 953 2182 1043 2222; x_wconf 87' lang='lat' dir='ltr'>horis</span> <span class='ocrx_word' id='word_1_382' title='bbox 1058 2183 1177 2225; x_wconf 77' lang='lat' dir='ltr'>viginti</span> <span class='ocrx_word' id='word_1_383' title='bbox 1194 2190 1332 2227; x_wconf 85' lang='lat' dir='ltr'>quatuor</span> <span class='ocrx_word' id='word_1_384' title='bbox 1349 2204 1358 2218; x_wconf 82' lang='lat'>,</span> 
     </span>
     <span class='ocr_line' id='line_1_50' title="bbox 340 2224 1355 2275; baseline -0.013 -5"><span class='ocrx_word' id='word_1_385' title='bbox 340 2236 435 2270; x_wconf 78' lang='lat' dir='ltr'>dolor</span> <span class='ocrx_word' id='word_1_386' title='bbox 460 2233 598 2275; x_wconf 60' lang='lat' dir='ltr'>pectoris</span> <span class='ocrx_word' id='word_1_387' title='bbox 623 2230 740 2262; x_wconf 60' lang='lat' dir='ltr'>accessit</span> <span class='ocrx_word' id='word_1_388' title='bbox 776 2229 876 2262; x_wconf 83' lang='lat' dir='ltr'>altera</span> <span class='ocrx_word' id='word_1_389' title='bbox 909 2238 948 2260; x_wconf 82' lang='lat' dir='ltr'>ex</span> <span class='ocrx_word' id='word_1_390' title='bbox 986 2234 1076 2272; x_wconf 77' lang='lat' dir='ltr'>parte</span> <span class='ocrx_word' id='word_1_391' title='bbox 1108 2236 1181 2271; x_wconf 81' lang='lat' dir='ltr'>curn</span> <span class='ocrx_word' id='word_1_392' title='bbox 1213 2224 1355 2266; x_wconf 83' lang='lat' dir='ltr'>spirandi</span> 
     </span>
     <span class='ocr_line' id='line_1_51' title="bbox 339 2266 1356 2316; baseline -0.011 -4"><span class='ocrx_word' id='word_1_393' title='bbox 339 2278 531 2313; x_wconf 71' lang='lat' dir='ltr'>difficultate</span> <span class='ocrx_word' id='word_1_394' title='bbox 546 2301 554 2314; x_wconf 89' lang='lat'>,</span> <span class='ocrx_word' id='word_1_395' title='bbox 578 2274 647 2308; x_wconf 76' lang='lat' dir='ltr'>tussi</span> <span class='ocrx_word' id='word_1_396' title='bbox 673 2272 799 2316; x_wconf 84' lang='lat' dir='ltr'>prorsus</span> <span class='ocrx_word' id='word_1_397' title='bbox 822 2274 937 2311; x_wconf 81' lang='lat' dir='ltr'>irrita,</span> <span class='ocrx_word' id='word_1_398' title='bbox 960 2268 1101 2312; x_wconf 83' lang='lat' dir='ltr'>pulsibus</span> <span class='ocrx_word' id='word_1_399' title='bbox 1126 2266 1273 2301; x_wconf 86' lang='lat' dir='ltr'>subduris</span> <span class='ocrx_word' id='word_1_400' title='bbox 1288 2290 1297 2305; x_wconf 90' lang='lat'>‚</span> <span class='ocrx_word' id='word_1_401' title='bbox 1322 2270 1356 2301; x_wconf 72' lang='grc' dir='ltr'>δεῖ</span> 
     </span>
     <span class='ocr_line' id='line_1_52' title="bbox 340 2310 1354 2358; baseline -0.014 -2"><span class='ocrx_word' id='word_1_402' title='bbox 340 2323 440 2356; x_wconf 83' lang='lat' dir='ltr'>serme</span> <span class='ocrx_word' id='word_1_403' title='bbox 464 2320 501 2354; x_wconf 80' lang='lat' dir='ltr'>ad</span> <span class='ocrx_word' id='word_1_404' title='bbox 526 2329 661 2352; x_wconf 86' lang='lat' dir='ltr'>mortem</span> <span class='ocrx_word' id='word_1_405' title='bbox 686 2316 783 2358; x_wconf 85' lang='lat' dir='ltr'>usque</span> <span class='ocrx_word' id='word_1_406' title='bbox 807 2316 988 2357; x_wconf 74' lang='lat' dir='ltr'>digitorum</span> <span class='ocrx_word' id='word_1_407' title='bbox 1012 2313 1156 2355; x_wconf 80' lang='lat' dir='ltr'>preffioni</span> <span class='ocrx_word' id='word_1_408' title='bbox 1188 2310 1354 2344; x_wconf 81' lang='lat' dir='ltr'>refistenti-</span> 
     </span>
     <span class='ocr_line' id='line_1_53' title="bbox 339 2354 1350 2402; baseline -0.014 -1"><span class='ocrx_word' id='word_1_409' title='bbox 339 2368 418 2401; x_wconf 83' lang='lat' dir='ltr'>bus.</span> <span class='ocrx_word' id='word_1_410' title='bbox 446 2362 672 2402; x_wconf 60' lang='lat' dir='ltr'>Progredoente</span> <span class='ocrx_word' id='word_1_411' title='bbox 696 2359 834 2398; x_wconf 79' lang='lat' dir='ltr'>morbo,</span> <span class='ocrx_word' id='word_1_412' title='bbox 859 2358 955 2390; x_wconf 89' lang='lat' dir='ltr'>dolor</span> <span class='ocrx_word' id='word_1_413' title='bbox 978 2356 1015 2388; x_wconf 84' lang='lat' dir='ltr'>ab</span> <span class='ocrx_word' id='word_1_414' title='bbox 1038 2356 1094 2389; x_wconf 87' lang='lat' dir='ltr'>illa</span> <span class='ocrx_word' id='word_1_415' title='bbox 1119 2354 1155 2388; x_wconf 79' lang='lat' dir='ltr'>ad</span> <span class='ocrx_word' id='word_1_416' title='bbox 1169 2355 1350 2395; x_wconf 75' lang='lat' dir='ltr'>oppositam</span> 
     </span>
     <span class='ocr_line' id='line_1_54' title="bbox 344 2397 1351 2454; baseline -0.014 -11"><span class='ocrx_word' id='word_1_417' title='bbox 344 2409 484 2454; x_wconf 60' lang='lat' dir='ltr'>peftoris</span> <span class='ocrx_word' id='word_1_418' title='bbox 508 2402 653 2440; x_wconf 69' lang='lat' dir='ltr'>{ransivit</span> <span class='ocrx_word' id='word_1_419' title='bbox 679 2414 815 2445; x_wconf 87' lang='lat' dir='ltr'>partem.</span> <span class='ocrx_word' id='word_1_420' title='bbox 843 2403 921 2433; x_wconf 70' lang='lat' dir='ltr'>Erat</span> <span class='ocrx_word' id='word_1_421' title='bbox 947 2398 1049 2431; x_wconf 86' lang='lat' dir='ltr'>sensus</span> <span class='ocrx_word' id='word_1_422' title='bbox 1083 2397 1234 2439; x_wconf 76' lang='lat' dir='ltr'>ponderis</span> <span class='ocrx_word' id='word_1_423' title='bbox 1267 2399 1351 2430; x_wconf 84' lang='lat' dir='ltr'>intra</span> 
     </span>
     <span class='ocr_line' id='line_1_55' title="bbox 342 2439 1356 2486; baseline -0.016 0"><span class='ocrx_word' id='word_1_424' title='bbox 342 2455 530 2486; x_wconf 75' lang='lat' dir='ltr'>thoracem.</span> <span class='ocrx_word' id='word_1_425' title='bbox 555 2450 722 2482; x_wconf 84' lang='lat' dir='ltr'>Neutrum</span> <span class='ocrx_word' id='word_1_426' title='bbox 746 2447 778 2477; x_wconf 85' lang='lat' dir='ltr'>in</span> <span class='ocrx_word' id='word_1_427' title='bbox 818 2446 899 2477; x_wconf 82' lang='lat' dir='ltr'>latus</span> <span class='ocrx_word' id='word_1_428' title='bbox 933 2442 1049 2475; x_wconf 87' lang='lat' dir='ltr'>cubare</span> <span class='ocrx_word' id='word_1_429' title='bbox 1087 2441 1203 2474; x_wconf 75' lang='lat' dir='ltr'>licebat</span> <span class='ocrx_word' id='word_1_430' title='bbox 1227 2466 1232 2472; x_wconf 92' lang='lat'><em>.</em></span> <span class='ocrx_word' id='word_1_431' title='bbox 1268 2439 1356 2474; x_wconf 86' lang='lat' dir='ltr'>Miffi</span> 
     </span>
     <span class='ocr_line' id='line_1_56' title="bbox 343 2483 1357 2539; baseline -0.012 -10"><span class='ocrx_word' id='word_1_432' title='bbox 343 2490 507 2539; x_wconf 69' lang='lat' dir='ltr'>sanguinis</span> <span class='ocrx_word' id='word_1_433' title='bbox 533 2491 689 2525; x_wconf 71' lang='lat' dir='ltr'>virescens</span> <span class='ocrx_word' id='word_1_434' title='bbox 712 2488 836 2526; x_wconf 86' lang='lat' dir='ltr'>serum,</span> <span class='ocrx_word' id='word_1_435' title='bbox 863 2485 1020 2529; x_wconf 75' lang='lat' dir='ltr'>polyposa</span> <span class='ocrx_word' id='word_1_436' title='bbox 1044 2484 1167 2522; x_wconf 83' lang='lat' dir='ltr'>crusta,</span> <span class='ocrx_word' id='word_1_437' title='bbox 1192 2483 1267 2517; x_wconf 88' lang='lat' dir='ltr'>huic</span> <span class='ocrx_word' id='word_1_438' title='bbox 1300 2496 1357 2517; x_wconf 87' lang='lat' dir='ltr'>au-</span> 
     </span>
     <span class='ocr_line' id='line_1_57' title="bbox 343 2527 1358 2581; baseline -0.016 -6"><span class='ocrx_word' id='word_1_439' title='bbox 343 2552 409 2574; x_wconf 88' lang='lat' dir='ltr'>tem</span> <span class='ocrx_word' id='word_1_440' title='bbox 434 2537 573 2581; x_wconf 54' lang='lat' dir='ltr'>subjeAEhr</span> <span class='ocrx_word' id='word_1_441' title='bbox 599 2546 670 2577; x_wconf 85' lang='lat' dir='ltr'>pars</span> <span class='ocrx_word' id='word_1_442' title='bbox 695 2533 815 2574; x_wconf 86' lang='lat' dir='ltr'>reliqua</span> <span class='ocrx_word' id='word_1_443' title='bbox 841 2529 1007 2572; x_wconf 68' lang='lat' dir='ltr'>nigredine</span> <span class='ocrx_word' id='word_1_444' title='bbox 1031 2527 1096 2562; x_wconf 88' lang='lat' dir='ltr'>fuit</span> <span class='ocrx_word' id='word_1_445' title='bbox 1131 2528 1253 2573; x_wconf 78' lang='lat' dir='ltr'>summa</span> <span class='ocrx_word' id='word_1_446' title='bbox 1279 2551 1291 2568; x_wconf 98' lang='lat'>,</span> <span class='ocrx_word' id='word_1_447' title='bbox 1324 2529 1358 2560; x_wconf 84' lang='lat'>&amp;</span> 
     </span>
     <span class='ocr_line' id='line_1_58' title="bbox 345 2572 1359 2621; baseline -0.016 -3"><span class='ocrx_word' id='word_1_448' title='bbox 345 2584 467 2618; x_wconf 84' lang='lat' dir='ltr'>duritie</span> <span class='ocrx_word' id='word_1_449' title='bbox 488 2606 495 2612; x_wconf 90' lang='lat'><strong>.</strong></span> <span class='ocrx_word' id='word_1_450' title='bbox 523 2580 658 2621; x_wconf 72' lang='lat' dir='ltr'>Sanguis</span> <span class='ocrx_word' id='word_1_451' title='bbox 684 2585 791 2610; x_wconf 82' lang='lat' dir='ltr'>autem</span> <span class='ocrx_word' id='word_1_452' title='bbox 815 2574 924 2607; x_wconf 80' lang='lat' dir='ltr'>statim</span> <span class='ocrx_word' id='word_1_453' title='bbox 949 2584 982 2606; x_wconf 89' lang='lat' dir='ltr'>ac</span> <span class='ocrx_word' id='word_1_454' title='bbox 1009 2572 1105 2605; x_wconf 88' lang='lat' dir='ltr'>dolor</span> <span class='ocrx_word' id='word_1_455' title='bbox 1139 2572 1255 2605; x_wconf 73' lang='lat' dir='ltr'>invasit</span> <span class='ocrx_word' id='word_1_456' title='bbox 1278 2594 1308 2617; x_wconf 33' lang='lat'>,⁸</span> <span class='ocrx_word' id='word_1_457' title='bbox 1327 2572 1359 2603; x_wconf 83' lang='lat'>&amp;</span> 
     </span>
     <span class='ocr_line' id='line_1_59' title="bbox 344 2612 1361 2665; baseline -0.017 -3"><span class='ocrx_word' id='word_1_458' title='bbox 344 2627 457 2662; x_wconf 85' lang='lat' dir='ltr'>deinde</span> <span class='ocrx_word' id='word_1_459' title='bbox 481 2625 580 2660; x_wconf 76' lang='lat' dir='ltr'>alias,</span> <span class='ocrx_word' id='word_1_460' title='bbox 605 2631 697 2665; x_wconf 86' lang='lat' dir='ltr'>atque</span> <span class='ocrx_word' id='word_1_461' title='bbox 723 2619 801 2652; x_wconf 86' lang='lat' dir='ltr'>alias</span> <span class='ocrx_word' id='word_1_462' title='bbox 825 2616 931 2651; x_wconf 80' lang='lat' dir='ltr'>missus</span> <span class='ocrx_word' id='word_1_463' title='bbox 965 2615 1006 2649; x_wconf 86' lang='lat' dir='ltr'>est</span> <span class='ocrx_word' id='word_1_464' title='bbox 1041 2615 1117 2658; x_wconf 81' lang='lat' dir='ltr'>just-a</span> <span class='ocrx_word' id='word_1_465' title='bbox 1152 2617 1247 2657; x_wconf 87' lang='lat' dir='ltr'>copia</span> <span class='ocrx_word' id='word_1_466' title='bbox 1281 2612 1361 2659; x_wconf 71' lang='lat' dir='ltr'>ejus-</span> 
     </span>
     <span class='ocr_line' id='line_1_60' title="bbox 345 2657 1362 2709; baseline -0.017 -3"><span class='ocrx_word' id='word_1_467' title='bbox 345 2672 437 2706; x_wconf 83' lang='lat' dir='ltr'>modi</span> <span class='ocrx_word' id='word_1_468' title='bbox 461 2671 495 2702; x_wconf 92' lang='lat' dir='ltr'>in</span> <span class='ocrx_word' id='word_1_469' title='bbox 518 2678 674 2709; x_wconf 84' lang='lat' dir='ltr'>corpore,</span> <span class='ocrx_word' id='word_1_470' title='bbox 701 2674 773 2697; x_wconf 89' lang='lat' dir='ltr'>tum</span> <span class='ocrx_word' id='word_1_471' title='bbox 797 2674 812 2694; x_wconf 92' lang='lat' dir='ltr'>e</span> <span class='ocrx_word' id='word_1_472' title='bbox 836 2659 1001 2699; x_wconf 85' lang='lat' dir='ltr'>brachiis,</span> <span class='ocrx_word' id='word_1_473' title='bbox 1026 2669 1096 2692; x_wconf 83' lang='lat' dir='ltr'>tum</span> <span class='ocrx_word' id='word_1_474' title='bbox 1121 2657 1201 2691; x_wconf 76' lang='lat' dir='ltr'>sicut</span> <span class='ocrx_word' id='word_1_475' title='bbox 1214 2657 1362 2690; x_wconf 78' lang='lat' dir='ltr'>hiclem-</span> 
     </span>
     <span class='ocr_line' id='line_1_61' title="bbox 346 2701 1361 2760; baseline -0.017 -12"><span class='ocrx_word' id='word_1_476' title='bbox 346 2726 400 2760; x_wconf 80' lang='lat' dir='ltr'>per</span> <span class='ocrx_word' id='word_1_477' title='bbox 424 2715 458 2747; x_wconf 83' lang='lat' dir='ltr'>in</span> <span class='ocrx_word' id='word_1_478' title='bbox 482 2711 628 2745; x_wconf 73' lang='lat' dir='ltr'>foeminis</span> <span class='ocrx_word' id='word_1_479' title='bbox 652 2708 777 2744; x_wconf 83' lang='lat' dir='ltr'>solent,</span> <span class='ocrx_word' id='word_1_480' title='bbox 801 2707 886 2737; x_wconf 88' lang='lat' dir='ltr'>intra</span> <span class='ocrx_word' id='word_1_481' title='bbox 921 2703 1054 2736; x_wconf 84' lang='lat' dir='ltr'>eundem</span> <span class='ocrx_word' id='word_1_482' title='bbox 1074 2741 1078 2747; x_wconf 28' lang='grc' dir='ltr'>ι</span> <span class='ocrx_word' id='word_1_483' title='bbox 1095 2701 1182 2737; x_wconf 85' lang='lat' dir='ltr'>diem</span> <span class='ocrx_word' id='word_1_484' title='bbox 1214 2702 1310 2733; x_wconf 82' lang='lat' dir='ltr'>etiarn</span> <span class='ocrx_word' id='word_1_485' title='bbox 1346 2712 1361 2734; x_wconf 85' lang='lat' dir='ltr'>e</span> 
     </span>
     <span class='ocr_line' id='line_1_62' title="bbox 345 2745 1363 2803; baseline -0.017 -11"><span class='ocrx_word' id='word_1_486' title='bbox 345 2757 498 2803; x_wconf 87' lang='lat' dir='ltr'>pedibus.</span> <span class='ocrx_word' id='word_1_487' title='bbox 524 2756 642 2795; x_wconf 84' lang='lat' dir='ltr'>Neque</span> <span class='ocrx_word' id='word_1_488' title='bbox 666 2759 817 2794; x_wconf 63' lang='lat' dir='ltr'>prepterea</span> <span class='ocrx_word' id='word_1_489' title='bbox 841 2747 989 2781; x_wconf 84' lang='lat' dir='ltr'>omissum</span> <span class='ocrx_word' id='word_1_490' title='bbox 1017 2745 1059 2779; x_wconf 83' lang='lat' dir='ltr'>est</span> <span class='ocrx_word' id='word_1_491' title='bbox 1096 2745 1273 2788; x_wconf 79' lang='lat' dir='ltr'>quidquam</span> <span class='ocrx_word' id='word_1_492' title='bbox 1308 2756 1363 2776; x_wconf 88' lang='lat' dir='ltr'>eo-</span> 
     </span>
     <span class='ocr_line' id='line_1_63' title="bbox 347 2787 1362 2843; baseline -0.018 -7"><span class='ocrx_word' id='word_1_493' title='bbox 347 2813 420 2838; x_wconf 85' lang='lat' dir='ltr'>rum</span> <span class='ocrx_word' id='word_1_494' title='bbox 444 2808 514 2843; x_wconf 71' lang='lat' dir='ltr'>quae</span> <span class='ocrx_word' id='word_1_495' title='bbox 539 2795 695 2840; x_wconf 79' lang='lat' dir='ltr'>ejusmodi</span> <span class='ocrx_word' id='word_1_496' title='bbox 719 2795 753 2826; x_wconf 89' lang='lat' dir='ltr'>in</span> <span class='ocrx_word' id='word_1_497' title='bbox 778 2792 904 2825; x_wconf 87' lang='lat' dir='ltr'>morbis</span> <span class='ocrx_word' id='word_1_498' title='bbox 927 2790 981 2824; x_wconf 82' lang='lat' dir='ltr'>hic</span> <span class='ocrx_word' id='word_1_499' title='bbox 1015 2788 1154 2831; x_wconf 69' lang='lat' dir='ltr'>praestari</span> <span class='ocrx_word' id='word_1_500' title='bbox 1189 2798 1224 2833; x_wconf 78' lang='lat' dir='ltr'>ut</span> <span class='ocrx_word' id='word_1_501' title='bbox 1261 2787 1362 2836; x_wconf 66' lang='lat' dir='ltr'>pluri-²</span> 
     </span>
     <span class='ocr_line' id='line_1_64' title="bbox 347 2834 1362 2880; baseline -0.018 -1"><span class='ocrx_word' id='word_1_502' title='bbox 347 2857 438 2880; x_wconf 88' lang='lat' dir='ltr'>mum</span> <span class='ocrx_word' id='word_1_503' title='bbox 460 2842 693 2876; x_wconf 80' lang='lat' dir='ltr'>consueverunt</span> <span class='ocrx_word' id='word_1_504' title='bbox 712 2863 719 2869; x_wconf 89' lang='lat'>.</span> <span class='ocrx_word' id='word_1_505' title='bbox 744 2838 896 2869; x_wconf 78' lang='lat' dir='ltr'>Attamen</span> <span class='ocrx_word' id='word_1_506' title='bbox 922 2834 973 2867; x_wconf 83' lang='lat' dir='ltr'>die</span> <span class='ocrx_word' id='word_1_507' title='bbox 1018 2834 1147 2866; x_wconf 89' lang='lat' dir='ltr'>ineunte</span> <span class='ocrx_word' id='word_1_508' title='bbox 1196 2834 1330 2874; x_wconf 75' lang='lat' dir='ltr'>septima</span> <span class='ocrx_word' id='word_1_509' title='bbox 1353 2853 1362 2868; x_wconf 90' lang='lat'>,</span> 
     </span>
     <span class='ocr_line' id='line_1_65' title="bbox 348 2875 1363 2924; baseline -0.017 -1"><span class='ocrx_word' id='word_1_510' title='bbox 348 2898 478 2924; x_wconf 88' lang='lat' dir='ltr'>mortua</span> <span class='ocrx_word' id='word_1_511' title='bbox 502 2885 562 2918; x_wconf 85' lang='lat' dir='ltr'>est.</span> <span class='ocrx_word' id='word_1_512' title='bbox 589 2886 673 2920; x_wconf 66' lang='lat' dir='ltr'>Quae</span> <span class='ocrx_word' id='word_1_513' title='bbox 697 2892 772 2913; x_wconf 88' lang='lat' dir='ltr'>cum</span> <span class='ocrx_word' id='word_1_514' title='bbox 795 2891 854 2921; x_wconf 78' lang='lat' dir='ltr'>ego</span> <span class='ocrx_word' id='word_1_515' title='bbox 880 2877 1090 2912; x_wconf 60' lang='lat' dir='ltr'>audivissem</span> <span class='ocrx_word' id='word_1_516' title='bbox 1115 2875 1217 2909; x_wconf 84' lang='lat' dir='ltr'>fretus</span> <span class='ocrx_word' id='word_1_517' title='bbox 1238 2876 1278 2907; x_wconf 82' lang='lat' dir='ltr'>iis</span> <span class='ocrx_word' id='word_1_518' title='bbox 1293 2885 1363 2916; x_wconf 71' lang='lat' dir='ltr'>qua-:-</span> 
     </span>
     <span class='ocr_line' id='line_1_66' title="bbox 349 2920 1364 2977; baseline -0.017 -12"><span class='ocrx_word' id='word_1_519' title='bbox 349 2931 421 2977; x_wconf 78' lang='lat' dir='ltr'>post</span> <span class='ocrx_word' id='word_1_520' title='bbox 445 2926 640 2972; x_wconf 85' lang='lat' dir='ltr'>ejuscemodi</span> <span class='ocrx_word' id='word_1_521' title='bbox 673 2924 838 2966; x_wconf 79' lang='lat' dir='ltr'>signorum</span> <span class='ocrx_word' id='word_1_522' title='bbox 868 2924 1026 2965; x_wconf 82' lang='lat' dir='ltr'>praecipua</span> <span class='ocrx_word' id='word_1_523' title='bbox 1073 2920 1193 2962; x_wconf 81' lang='lat' dir='ltr'>semper</span> <span class='ocrx_word' id='word_1_524' title='bbox 1238 2921 1364 2950; x_wconf 87' lang='lat' dir='ltr'>invene-</span> 
     </span>
     <span class='ocr_line' id='line_1_67' title="bbox 350 2962 1367 3015; baseline -0.018 -5"><span class='ocrx_word' id='word_1_525' title='bbox 350 2988 418 3010; x_wconf 86' lang='lat' dir='ltr'>ram</span> <span class='ocrx_word' id='word_1_526' title='bbox 440 2998 452 3015; x_wconf 83' lang='lat'>,</span> <span class='ocrx_word' id='word_1_527' title='bbox 487 2972 597 3014; x_wconf 74' lang='lat' dir='ltr'>agite,</span> <span class='ocrx_word' id='word_1_528' title='bbox 621 2971 778 3012; x_wconf 87' lang='lat' dir='ltr'>inquam,</span> <span class='ocrx_word' id='word_1_529' title='bbox 804 2966 922 3000; x_wconf 88' lang='lat' dir='ltr'>secetur</span> <span class='ocrx_word' id='word_1_530' title='bbox 945 2965 1100 3001; x_wconf 85' lang='lat' dir='ltr'>cadaver;</span> <span class='ocrx_word' id='word_1_531' title='bbox 1124 2962 1228 2996; x_wconf 88' lang='lat' dir='ltr'>morbi</span> <span class='ocrx_word' id='word_1_532' title='bbox 1254 2971 1367 2994; x_wconf 54' lang='lat' dir='ltr'>natura*</span> 
     </span>
     <span class='ocr_line' id='line_1_68' title="bbox 351 3005 1366 3056; baseline -0.018 -3"><span class='ocrx_word' id='word_1_533' title='bbox 351 3020 419 3055; x_wconf 76' lang='lat' dir='ltr'>haec</span> <span class='ocrx_word' id='word_1_534' title='bbox 443 3016 536 3051; x_wconf 84' lang='lat' dir='ltr'>facile</span> <span class='ocrx_word' id='word_1_535' title='bbox 560 3014 755 3056; x_wconf 80' lang='lat' dir='ltr'>reperietur,</span> <span class='ocrx_word' id='word_1_536' title='bbox 780 3018 815 3043; x_wconf 89' lang='lat' dir='ltr'>ut</span> <span class='ocrx_word' id='word_1_537' title='bbox 840 3012 873 3042; x_wconf 89' lang='lat' dir='ltr'>in</span> <span class='ocrx_word' id='word_1_538' title='bbox 897 3008 1102 3051; x_wconf 79' lang='lat' dir='ltr'>pulmonibus</span> <span class='ocrx_word' id='word_1_539' title='bbox 1127 3005 1297 3040; x_wconf 85' lang='lat' dir='ltr'>substantia</span> <span class='ocrx_word' id='word_1_540' title='bbox 1312 3016 1366 3046; x_wconf 87' lang='lat' dir='ltr'>ap-</span> 
     </span>
     <span class='ocr_line' id='line_1_69' title="bbox 352 3052 1366 3106; baseline -0.018 -9"><span class='ocrx_word' id='word_1_541' title='bbox 352 3071 458 3106; x_wconf 77' lang='lat' dir='ltr'>pareat</span> <span class='ocrx_word' id='word_1_542' title='bbox 484 3058 660 3104; x_wconf 73' lang='lat' dir='ltr'>jecinoris.</span> <span class='ocrx_word' id='word_1_543' title='bbox 796 3053 851 3086; x_wconf 85' lang='lat' dir='ltr'>IN</span> <span class='ocrx_word' id='word_1_544' title='bbox 876 3052 1115 3098; x_wconf 75' lang='lat' dir='ltr'><strong>THQRACE</strong></span> <span class='ocrx_word' id='word_1_545' title='bbox 1141 3052 1243 3093; x_wconf 66' lang='lat' dir='ltr'>igitur</span> <span class='ocrx_word' id='word_1_546' title='bbox 1266 3073 1277 3088; x_wconf 92' lang='lat'>,</span> <span class='ocrx_word' id='word_1_547' title='bbox 1311 3059 1366 3089; x_wconf 87' lang='lat' dir='ltr'>per</span> 
     </span>
     <span class='ocr_line' id='line_1_70' title="bbox 352 3092 1368 3146; baseline -0.016 -6"><span class='ocrx_word' id='word_1_548' title='bbox 352 3107 554 3146; x_wconf 73' lang='lat' dir='ltr'>Chirurgum</span> <span class='ocrx_word' id='word_1_549' title='bbox 578 3108 709 3143; x_wconf 87' lang='lat' dir='ltr'>aperto,</span> <span class='ocrx_word' id='word_1_550' title='bbox 733 3095 817 3130; x_wconf 84' lang='lat' dir='ltr'>nihil</span> <span class='ocrx_word' id='word_1_551' title='bbox 841 3095 907 3129; x_wconf 92' lang='lat' dir='ltr'>fuit</span> <span class='ocrx_word' id='word_1_552' title='bbox 931 3093 1018 3128; x_wconf 66' lang='lat' dir='ltr'>effusi</span> <span class='ocrx_word' id='word_1_553' title='bbox 1042 3094 1189 3128; x_wconf 87' lang='lat' dir='ltr'>humoris</span> <span class='ocrx_word' id='word_1_554' title='bbox 1206 3117 1216 3131; x_wconf 90' lang='lat'>,</span> <span class='ocrx_word' id='word_1_555' title='bbox 1242 3095 1273 3126; x_wconf 82' lang='lat'>&amp;</span> <span class='ocrx_word' id='word_1_556' title='bbox 1298 3092 1368 3124; x_wconf 83' lang='lat' dir='ltr'>nul-</span> 
     </span>
     <span class='ocr_line' id='line_1_71' title="bbox 354 3133 1369 3192; baseline -0.017 -8"><span class='ocrx_word' id='word_1_557' title='bbox 354 3153 384 3184; x_wconf 84' lang='lat' dir='ltr'>la</span> <span class='ocrx_word' id='word_1_558' title='bbox 409 3150 602 3192; x_wconf 84' lang='lat' dir='ltr'>pulmonum</span> <span class='ocrx_word' id='word_1_559' title='bbox 624 3154 697 3176; x_wconf 90' lang='lat' dir='ltr'>cum</span> <span class='ocrx_word' id='word_1_560' title='bbox 722 3142 831 3184; x_wconf 82' lang='lat' dir='ltr'>pleura</span> <span class='ocrx_word' id='word_1_561' title='bbox 855 3140 1018 3172; x_wconf 78' lang='lat' dir='ltr'>connexio</span> <span class='ocrx_word' id='word_1_562' title='bbox 1036 3163 1048 3178; x_wconf 88' lang='lat'>,</span> <span class='ocrx_word' id='word_1_563' title='bbox 1086 3147 1297 3180; x_wconf 74' lang='lat' dir='ltr'>praeterquam</span> <span class='ocrx_word' id='word_1_564' title='bbox 1331 3133 1369 3167; x_wconf 89' lang='lat' dir='ltr'>ad</span> 
     </span>
     <span class='ocr_line' id='line_1_72' title="bbox 355 3181 1370 3228; baseline -0.018 -1"><span class='ocrx_word' id='word_1_565' title='bbox 355 3195 440 3228; x_wconf 83' lang='lat' dir='ltr'>latus</span> <span class='ocrx_word' id='word_1_566' title='bbox 464 3190 647 3226; x_wconf 73' lang='lat' dir='ltr'>sinistrum,</span> <span class='ocrx_word' id='word_1_567' title='bbox 670 3190 701 3220; x_wconf 85' lang='lat'>&amp;</span> <span class='ocrx_word' id='word_1_568' title='bbox 726 3185 795 3218; x_wconf 78' lang='lat' dir='ltr'>haec</span> <span class='ocrx_word' id='word_1_569' title='bbox 819 3182 949 3226; x_wconf 83' lang='lat' dir='ltr'>quidem</span> <span class='ocrx_word' id='word_1_570' title='bbox 973 3193 1073 3224; x_wconf 85' lang='lat' dir='ltr'>neque</span> <span class='ocrx_word' id='word_1_571' title='bbox 1097 3181 1283 3217; x_wconf 70' lang='lat' dir='ltr'>arffiffimc,</span> <span class='ocrx_word' id='word_1_572' title='bbox 1316 3189 1370 3210; x_wconf 58' lang='lat' dir='ltr'>ne„</span> 
     </span>
     <span class='ocr_line' id='line_1_73' title="bbox 355 3222 1369 3279; baseline -0.016 -9"><span class='ocrx_word' id='word_1_573' title='bbox 355 3248 416 3279; x_wconf 86' lang='lat' dir='ltr'>que</span> <span class='ocrx_word' id='word_1_574' title='bbox 439 3236 580 3269; x_wconf 86' lang='lat' dir='ltr'>multum</span> <span class='ocrx_word' id='word_1_575' title='bbox 605 3229 643 3263; x_wconf 85' lang='lat' dir='ltr'>ad</span> <span class='ocrx_word' id='word_1_576' title='bbox 668 3229 825 3273; x_wconf 84' lang='lat' dir='ltr'>spatium·</span> <span class='ocrx_word' id='word_1_577' title='bbox 850 3228 940 3260; x_wconf 88' lang='lat' dir='ltr'>Dum</span> <span class='ocrx_word' id='word_1_578' title='bbox 962 3236 1029 3259; x_wconf 82' lang='lat' dir='ltr'>eam</span> <span class='ocrx_word' id='word_1_579' title='bbox 1054 3225 1274 3267; x_wconf 76' lang='lat' dir='ltr'>disjungeret,</span> <span class='ocrx_word' id='word_1_580' title='bbox 1298 3222 1369 3264; x_wconf 87' lang='lat' dir='ltr'>pul-</span> 
     </span>
     <span class='ocr_line' id='line_1_74' title="bbox 356 3266 1370 3322; baseline -0.017 -8"><span class='ocrx_word' id='word_1_581' title='bbox 356 3288 551 3322; x_wconf 86' lang='lat' dir='ltr'>monemque</span> <span class='ocrx_word' id='word_1_582' title='bbox 575 3283 744 3318; x_wconf 86' lang='lat' dir='ltr'>propterea</span> <span class='ocrx_word' id='word_1_583' title='bbox 768 3279 923 3315; x_wconf 76' lang='lat' dir='ltr'>premeret</span> <span class='ocrx_word' id='word_1_584' title='bbox 940 3294 953 3310; x_wconf 89' lang='lat'>,</span> <span class='ocrx_word' id='word_1_585' title='bbox 975 3268 1047 3302; x_wconf 85' lang='lat' dir='ltr'>inde</span> <span class='ocrx_word' id='word_1_586' title='bbox 1072 3272 1173 3302; x_wconf 85' lang='lat' dir='ltr'>serum</span> <span class='ocrx_word' id='word_1_587' title='bbox 1204 3266 1370 3301; x_wconf 82' lang='lat' dir='ltr'>turbidum</span> 
     </span>
     <span class='ocr_line' id='line_1_75' title="bbox 358 3313 1371 3362; baseline -0.018 -4"><span class='ocrx_word' id='word_1_588' title='bbox 358 3323 510 3362; x_wconf 81' lang='lat' dir='ltr'>effluxit,</span> <span class='ocrx_word' id='word_1_589' title='bbox 535 3330 592 3352; x_wconf 89' lang='lat' dir='ltr'>nec</span> <span class='ocrx_word' id='word_1_590' title='bbox 616 3318 750 3350; x_wconf 82' lang='lat' dir='ltr'>omnino</span> <span class='ocrx_word' id='word_1_591' title='bbox 773 3325 934 3357; x_wconf 85' lang='lat' dir='ltr'>paucum,</span> <span class='ocrx_word' id='word_1_592' title='bbox 959 3324 995 3346; x_wconf 87' lang='lat' dir='ltr'>an</span> <span class='ocrx_word' id='word_1_593' title='bbox 1020 3323 1058 3344; x_wconf 87' lang='lat' dir='ltr'>ex</span> <span class='ocrx_word' id='word_1_594' title='bbox 1103 3313 1253 3354; x_wconf 83' lang='lat' dir='ltr'>pulmone</span> <span class='ocrx_word' id='word_1_595' title='bbox 1279 3334 1290 3350; x_wconf 85' lang='lat'>,</span> <span class='ocrx_word' id='word_1_596' title='bbox 1336 3318 1371 3341; x_wconf 86' lang='lat' dir='ltr'>ut</span> 
     </span>
     <span class='ocr_line' id='line_1_76' title="bbox 359 3355 1373 3401; baseline -0.016 0"><span class='ocrx_word' id='word_1_597' title='bbox 359 3367 462 3400; x_wconf 89' lang='lat' dir='ltr'>visum</span> <span class='ocrx_word' id='word_1_598' title='bbox 485 3365 550 3401; x_wconf 86' lang='lat' dir='ltr'>est,</span> <span class='ocrx_word' id='word_1_599' title='bbox 573 3373 612 3396; x_wconf 87' lang='lat' dir='ltr'>an</span> <span class='ocrx_word' id='word_1_600' title='bbox 634 3372 672 3393; x_wconf 88' lang='lat' dir='ltr'>ex</span> <span class='ocrx_word' id='word_1_601' title='bbox 695 3358 870 3393; x_wconf 83' lang='lat' dir='ltr'>interstitio</span> <span class='ocrx_word' id='word_1_602' title='bbox 894 3360 977 3389; x_wconf 85' lang='lat' dir='ltr'>inter</span> <span class='ocrx_word' id='word_1_603' title='bbox 1011 3355 1096 3389; x_wconf 85' lang='lat' dir='ltr'>hunc</span> <span class='ocrx_word' id='word_1_604' title='bbox 1117 3378 1129 3395; x_wconf 97' lang='lat'>,</span> <span class='ocrx_word' id='word_1_605' title='bbox 1166 3359 1195 3389; x_wconf 65' lang='grc' dir='ltr'>ὃ(</span> <span class='ocrx_word' id='word_1_606' title='bbox 1232 3356 1373 3397; x_wconf 85' lang='lat' dir='ltr'>pleuram</span> 
     </span>
     <span class='ocr_line' id='line_1_77' title="bbox 362 3399 1374 3444; baseline -0.016 0"><span class='ocrx_word' id='word_1_607' title='bbox 362 3413 448 3444; x_wconf 84' lang='lat' dir='ltr'>intra</span> <span class='ocrx_word' id='word_1_608' title='bbox 478 3419 549 3443; x_wconf 86' lang='lat' dir='ltr'>oras</span> <span class='ocrx_word' id='word_1_609' title='bbox 583 3404 794 3439; x_wconf 84' lang='lat' dir='ltr'>connexionis</span> <span class='ocrx_word' id='word_1_610' title='bbox 829 3401 974 3440; x_wconf 62' lang='lat' dir='ltr'>relhfto,</span> <span class='ocrx_word' id='word_1_611' title='bbox 1006 3411 1043 3432; x_wconf 90' lang='lat' dir='ltr'>eo</span> <span class='ocrx_word' id='word_1_612' title='bbox 1077 3400 1181 3442; x_wconf 77' lang='lat' dir='ltr'>magis</span> <span class='ocrx_word' id='word_1_613' title='bbox 1215 3399 1374 3431; x_wconf 87' lang='lat' dir='ltr'>incertum</span> 
     </span>
    </p>
   </div>
   <div class='ocr_carea' id='block_1_3' title="bbox 940 23 1845 113">
    <p class='ocr_par' dir='ltr' id='par_1_5' title="bbox 940 23 1845 113">
     <span class='ocr_line' id='line_1_78' title="bbox 940 23 1845 113; baseline -0.009 0"><span class='ocrx_word' id='word_1_614' title='bbox 940 60 1097 113; x_wconf 74' lang='lat' dir='ltr'>Liber</span> <span class='ocrx_word' id='word_1_615' title='bbox 1130 23 1193 110; x_wconf 83' lang='lat' dir='ltr'>u.</span> <span class='ocrx_word' id='word_1_616' title='bbox 1217 58 1313 111; x_wconf 53' lang='lat' dir='ltr'>&gt;De</span> <span class='ocrx_word' id='word_1_617' title='bbox 1346 56 1556 110; x_wconf 81' lang='lat' dir='ltr'>Morbis</span> <span class='ocrx_word' id='word_1_618' title='bbox 1589 55 1845 108; x_wconf 69' lang='lat' dir='ltr'>Thoracis</span> 
     </span>
    </p>
   </div>
   <div class='ocr_carea' id='block_1_4' title="bbox 1395 119 2443 3440">
    <p class='ocr_par' dir='ltr' id='par_1_6' title="bbox 1395 119 2443 1089">
     <span class='ocr_line' id='line_1_79' title="bbox 1395 119 2409 176; baseline -0.003 -9"><span class='ocrx_word' id='word_1_619' title='bbox 1395 133 1482 175; x_wconf 85' lang='lat' dir='ltr'>fuit,</span> <span class='ocrx_word' id='word_1_620' title='bbox 1505 134 1593 176; x_wconf 85' lang='lat' dir='ltr'>quod</span> <span class='ocrx_word' id='word_1_621' title='bbox 1615 133 1664 166; x_wconf 90' lang='lat' dir='ltr'>ibi</span> <span class='ocrx_word' id='word_1_622' title='bbox 1688 144 1743 166; x_wconf 92' lang='lat' dir='ltr'>nec</span> <span class='ocrx_word' id='word_1_623' title='bbox 1768 133 1902 175; x_wconf 85' lang='lat' dir='ltr'>pulmo,</span> <span class='ocrx_word' id='word_1_624' title='bbox 1928 144 1985 165; x_wconf 88' lang='lat' dir='ltr'>nec</span> <span class='ocrx_word' id='word_1_625' title='bbox 2009 119 2081 174; x_wconf 75' lang='lat' dir='ltr'>pleri</span> <span class='ocrx_word' id='word_1_626' title='bbox 2103 143 2120 165; x_wconf 85' lang='lat' dir='ltr'>a</span> <span class='ocrx_word' id='word_1_627' title='bbox 2142 133 2333 173; x_wconf 81' lang='lat' dir='ltr'>peculiarem</span> <span class='ocrx_word' id='word_1_628' title='bbox 2355 130 2409 165; x_wconf 87' lang='lat' dir='ltr'>ul-</span> 
     </span>
     <span class='ocr_line' id='line_1_80' title="bbox 1395 145 2410 216; baseline -0.004 -5"><span class='ocrx_word' id='word_1_629' title='bbox 1395 180 1458 211; x_wconf 86' lang='lat' dir='ltr'>lam</span> <span class='ocrx_word' id='word_1_630' title='bbox 1482 177 1685 211; x_wconf 79' lang='lat' dir='ltr'>ostendebant</span> <span class='ocrx_word' id='word_1_631' title='bbox 1708 176 1891 216; x_wconf 77' lang='lat' dir='ltr'>laesionem;</span> <span class='ocrx_word' id='word_1_632' title='bbox 1914 176 1964 210; x_wconf 86' lang='lat' dir='ltr'>sed</span> <span class='ocrx_word' id='word_1_633' title='bbox 1987 176 2041 210; x_wconf 83' lang='lat' dir='ltr'>ille</span> <span class='ocrx_word' id='word_1_634' title='bbox 2054 145 2182 210; x_wconf 59' lang='lat' dir='ltr'>srrrffil‘ba</span> <span class='ocrx_word' id='word_1_635' title='bbox 2197 199 2207 214; x_wconf 94' lang='lat'>,</span> <span class='ocrx_word' id='word_1_636' title='bbox 2231 175 2410 209; x_wconf 84' lang='lat' dir='ltr'>craffiuscu-</span> 
     </span>
     <span class='ocr_line' id='line_1_81' title="bbox 1398 218 2409 264; baseline -0.002 -11"><span class='ocrx_word' id='word_1_637' title='bbox 1398 223 1428 253; x_wconf 87' lang='lat' dir='ltr'>la</span> <span class='ocrx_word' id='word_1_638' title='bbox 1450 220 1538 264; x_wconf 88' lang='lat' dir='ltr'>quasi</span> <span class='ocrx_word' id='word_1_639' title='bbox 1564 220 1780 254; x_wconf 80' lang='lat' dir='ltr'>membranula</span> <span class='ocrx_word' id='word_1_640' title='bbox 1804 220 2029 262; x_wconf 83' lang='lat' dir='ltr'>operiebatur,</span> <span class='ocrx_word' id='word_1_641' title='bbox 2051 220 2178 262; x_wconf 85' lang='lat' dir='ltr'>qualem</span> <span class='ocrx_word' id='word_1_642' title='bbox 2204 219 2279 262; x_wconf 78' lang='lat' dir='ltr'>saepe</span> <span class='ocrx_word' id='word_1_643' title='bbox 2303 222 2337 252; x_wconf 88' lang='lat' dir='ltr'>in</span> <span class='ocrx_word' id='word_1_644' title='bbox 2361 218 2409 251; x_wconf 89' lang='lat' dir='ltr'>su-</span> 
     </span>
     <span class='ocr_line' id='line_1_82' title="bbox 1398 263 2409 307; baseline 0.001 -11"><span class='ocrx_word' id='word_1_645' title='bbox 1398 264 1580 307; x_wconf 85' lang='lat' dir='ltr'>perioribus</span> <span class='ocrx_word' id='word_1_646' title='bbox 1603 263 1772 304; x_wconf 87' lang='lat' dir='ltr'>historiis,</span> <span class='ocrx_word' id='word_1_647' title='bbox 1795 265 1892 296; x_wconf 85' lang='lat' dir='ltr'>etiam</span> <span class='ocrx_word' id='word_1_648' title='bbox 1917 275 1978 305; x_wconf 86' lang='lat' dir='ltr'>qua</span> <span class='ocrx_word' id='word_1_649' title='bbox 2001 263 2116 305; x_wconf 88' lang='lat' dir='ltr'>pulmo</span> <span class='ocrx_word' id='word_1_650' title='bbox 2149 263 2271 296; x_wconf 87' lang='lat' dir='ltr'>solutus</span> <span class='ocrx_word' id='word_1_651' title='bbox 2304 271 2372 295; x_wconf 86' lang='lat' dir='ltr'>erat</span> <span class='ocrx_word' id='word_1_652' title='bbox 2399 282 2409 297; x_wconf 71' lang='lat'>²</span> 
     </span>
     <span class='ocr_line' id='line_1_83' title="bbox 1397 305 2410 349; baseline -0.004 -8"><span class='ocrx_word' id='word_1_653' title='bbox 1397 307 1637 349; x_wconf 83' lang='lat' dir='ltr'>descripsimus3</span> <span class='ocrx_word' id='word_1_654' title='bbox 1660 307 1774 349; x_wconf 79' lang='lat' dir='ltr'>pleurae</span> <span class='ocrx_word' id='word_1_655' title='bbox 1800 317 1904 340; x_wconf 86' lang='lat' dir='ltr'>autem</span> <span class='ocrx_word' id='word_1_656' title='bbox 1929 305 2149 348; x_wconf 82' lang='lat' dir='ltr'>respondenti,</span> <span class='ocrx_word' id='word_1_657' title='bbox 2175 305 2338 348; x_wconf 84' lang='lat' dir='ltr'>superficie</span> <span class='ocrx_word' id='word_1_658' title='bbox 2361 314 2410 336; x_wconf 90' lang='lat' dir='ltr'>te-</span> 
     </span>
     <span class='ocr_line' id='line_1_84' title="bbox 1397 349 2410 393; baseline -0.003 -10"><span class='ocrx_word' id='word_1_659' title='bbox 1397 362 1454 384; x_wconf 85' lang='lat' dir='ltr'>nus</span> <span class='ocrx_word' id='word_1_660' title='bbox 1479 350 1657 384; x_wconf 74' lang='lat' dir='ltr'>adhaerebat</span> <span class='ocrx_word' id='word_1_661' title='bbox 1680 350 1892 384; x_wconf 80' lang='lat' dir='ltr'>rubicundum</span> <span class='ocrx_word' id='word_1_662' title='bbox 1916 350 2081 393; x_wconf 83' lang='lat' dir='ltr'>quoddam</span> <span class='ocrx_word' id='word_1_663' title='bbox 2124 349 2210 392; x_wconf 88' lang='lat' dir='ltr'>quasi</span> <span class='ocrx_word' id='word_1_664' title='bbox 2255 349 2410 383; x_wconf 87' lang='lat' dir='ltr'>sedimen·-</span> 
     </span>
     <span class='ocr_line' id='line_1_85' title="bbox 1397 382 2443 437; baseline -0.003 -10"><span class='ocrx_word' id='word_1_665' title='bbox 1397 403 1489 433; x_wconf 85' lang='lat' dir='ltr'>tum,</span> <span class='ocrx_word' id='word_1_666' title='bbox 1512 395 1604 437; x_wconf 78' lang='lat' dir='ltr'>quale</span> <span class='ocrx_word' id='word_1_667' title='bbox 1627 395 1661 426; x_wconf 89' lang='lat' dir='ltr'>in</span> <span class='ocrx_word' id='word_1_668' title='bbox 1686 405 1767 436; x_wconf 85' lang='lat' dir='ltr'>aqua</span> <span class='ocrx_word' id='word_1_669' title='bbox 1791 393 1959 427; x_wconf 82' lang='lat' dir='ltr'>subsideret</span> <span class='ocrx_word' id='word_1_670' title='bbox 1983 395 2015 426; x_wconf 89' lang='lat' dir='ltr'>in</span> <span class='ocrx_word' id='word_1_671' title='bbox 2038 404 2099 435; x_wconf 87' lang='lat' dir='ltr'>qua</span> <span class='ocrx_word' id='word_1_672' title='bbox 2123 404 2228 426; x_wconf 88' lang='lat' dir='ltr'>recens</span> <span class='ocrx_word' id='word_1_673' title='bbox 2251 405 2327 426; x_wconf 87' lang='lat' dir='ltr'>caro</span> <span class='ocrx_word' id='word_1_674' title='bbox 2359 382 2443 424; x_wconf 52' lang='lat'>102⁴</span> 
     </span>
     <span class='ocr_line' id='line_1_86' title="bbox 1397 435 2411 478; baseline -0.002 -8"><span class='ocrx_word' id='word_1_675' title='bbox 1397 447 1429 470; x_wconf 84' lang='lat' dir='ltr'>ta</span> <span class='ocrx_word' id='word_1_676' title='bbox 1453 436 1545 471; x_wconf 82' lang='lat' dir='ltr'>esset.</span> <span class='ocrx_word' id='word_1_677' title='bbox 1570 438 1652 471; x_wconf 91' lang='lat' dir='ltr'>Alio</span> <span class='ocrx_word' id='word_1_678' title='bbox 1674 438 1707 469; x_wconf 93' lang='lat' dir='ltr'>in</span> <span class='ocrx_word' id='word_1_679' title='bbox 1732 437 1806 469; x_wconf 89' lang='lat' dir='ltr'>loco</span> <span class='ocrx_word' id='word_1_680' title='bbox 1828 437 1882 470; x_wconf 90' lang='lat' dir='ltr'>ubi</span> <span class='ocrx_word' id='word_1_681' title='bbox 1907 437 1994 470; x_wconf 82' lang='lat' dir='ltr'>nulla</span> <span class='ocrx_word' id='word_1_682' title='bbox 2018 436 2123 470; x_wconf 90' lang='lat' dir='ltr'>fuerat</span> <span class='ocrx_word' id='word_1_683' title='bbox 2145 435 2282 469; x_wconf 77' lang='lat' dir='ltr'>adhaesio</span> <span class='ocrx_word' id='word_1_684' title='bbox 2301 460 2313 476; x_wconf 95' lang='lat'>,</span> <span class='ocrx_word' id='word_1_685' title='bbox 2337 435 2411 478; x_wconf 88' lang='lat' dir='ltr'>pul-</span> 
     </span>
     <span class='ocr_line' id='line_1_87' title="bbox 1398 479 2410 523; baseline -0.002 -9"><span class='ocrx_word' id='word_1_686' title='bbox 1398 482 1502 514; x_wconf 88' lang='lat' dir='ltr'>monis</span> <span class='ocrx_word' id='word_1_687' title='bbox 1527 480 1702 523; x_wconf 79' lang='lat' dir='ltr'>superficies</span> <span class='ocrx_word' id='word_1_688' title='bbox 1726 479 1811 522; x_wconf 84' lang='lat' dir='ltr'>quafi</span> <span class='ocrx_word' id='word_1_689' title='bbox 1836 480 1868 513; x_wconf 90' lang='lat' dir='ltr'>in</span> <span class='ocrx_word' id='word_1_690' title='bbox 1879 480 2079 514; x_wconf 89' lang='lat' dir='ltr'>tuberculum</span> <span class='ocrx_word' id='word_1_691' title='bbox 2094 479 2320 523; x_wconf 83' lang='lat' dir='ltr'>prominebat,</span> <span class='ocrx_word' id='word_1_692' title='bbox 2343 490 2410 522; x_wconf 88' lang='lat' dir='ltr'>quo</span> 
     </span>
     <span class='ocr_line' id='line_1_88' title="bbox 1396 522 2410 569; baseline -0.002 -12"><span class='ocrx_word' id='word_1_693' title='bbox 1396 525 1521 564; x_wconf 89' lang='lat' dir='ltr'>inciso,</span> <span class='ocrx_word' id='word_1_694' title='bbox 1546 523 1711 558; x_wconf 86' lang='lat' dir='ltr'>subalbum</span> <span class='ocrx_word' id='word_1_695' title='bbox 1734 522 1828 569; x_wconf 83' lang='lat' dir='ltr'>instar</span> <span class='ocrx_word' id='word_1_696' title='bbox 1852 526 1940 568; x_wconf 69' lang='lat' dir='ltr'>puris</span> <span class='ocrx_word' id='word_1_697' title='bbox 1975 525 2077 558; x_wconf 88' lang='lat' dir='ltr'>serum</span> <span class='ocrx_word' id='word_1_698' title='bbox 2111 523 2254 558; x_wconf 84' lang='lat' dir='ltr'>efflluxit</span> <span class='ocrx_word' id='word_1_699' title='bbox 2277 548 2283 554; x_wconf 92' lang='lat'>.</span> <span class='ocrx_word' id='word_1_700' title='bbox 2318 525 2410 556; x_wconf 88' lang='lat' dir='ltr'>Tum</span> 
     </span>
     <span class='ocr_line' id='line_1_89' title="bbox 1396 566 2410 614; baseline -0.002 -14"><span class='ocrx_word' id='word_1_701' title='bbox 1396 569 1562 614; x_wconf 80' lang='lat' dir='ltr'>pulmones</span> <span class='ocrx_word' id='word_1_702' title='bbox 1585 567 1738 606; x_wconf 82' lang='lat' dir='ltr'>extrahi,</span> <span class='ocrx_word' id='word_1_703' title='bbox 1759 566 1930 607; x_wconf 68' lang='lat' dir='ltr'>Jusiimus:</span> <span class='ocrx_word' id='word_1_704' title='bbox 1947 567 2025 601; x_wconf 85' lang='lat' dir='ltr'>Non</span> <span class='ocrx_word' id='word_1_705' title='bbox 2048 567 2147 601; x_wconf 87' lang='lat' dir='ltr'>modo</span> <span class='ocrx_word' id='word_1_706' title='bbox 2170 578 2276 608; x_wconf 80' lang='lat' dir='ltr'>graves</span> <span class='ocrx_word' id='word_1_707' title='bbox 2296 575 2410 604; x_wconf 80' lang='lat' dir='ltr'>erant3</span> 
     </span>
     <span class='ocr_line' id='line_1_90' title="bbox 1396 610 2410 647; baseline -0.002 -2"><span class='ocrx_word' id='word_1_708' title='bbox 1396 612 1447 645; x_wconf 84' lang='lat' dir='ltr'>sed</span> <span class='ocrx_word' id='word_1_709' title='bbox 1491 613 1590 644; x_wconf 83' lang='lat' dir='ltr'>etiam</span> <span class='ocrx_word' id='word_1_710' title='bbox 1635 621 1699 644; x_wconf 85' lang='lat' dir='ltr'>non</span> <span class='ocrx_word' id='word_1_711' title='bbox 1743 622 1806 643; x_wconf 91' lang='lat' dir='ltr'>uno</span> <span class='ocrx_word' id='word_1_712' title='bbox 1840 611 1873 642; x_wconf 91' lang='lat' dir='ltr'>in</span> <span class='ocrx_word' id='word_1_713' title='bbox 1908 612 1982 644; x_wconf 91' lang='lat' dir='ltr'>loco</span> <span class='ocrx_word' id='word_1_714' title='bbox 2006 611 2098 644; x_wconf 87' lang='lat' dir='ltr'>duri.</span> <span class='ocrx_word' id='word_1_715' title='bbox 2121 610 2257 647; x_wconf 64' lang='lat' dir='ltr'>Dissefti</span> <span class='ocrx_word' id='word_1_716' title='bbox 2281 610 2410 645; x_wconf 84' lang='lat' dir='ltr'>densam</span> 
     </span>
     <span class='ocr_line' id='line_1_91' title="bbox 1396 653 2410 701; baseline 0 -14"><span class='ocrx_word' id='word_1_717' title='bbox 1396 656 1664 701; x_wconf 61' lang='lat' dir='ltr'>conipaffitamque</span> <span class='ocrx_word' id='word_1_718' title='bbox 1681 677 1689 692; x_wconf 94' lang='lat'>,</span> <span class='ocrx_word' id='word_1_719' title='bbox 1713 663 1748 687; x_wconf 90' lang='lat' dir='ltr'>ut</span> <span class='ocrx_word' id='word_1_720' title='bbox 1773 653 2007 695; x_wconf 62' lang='lat' dir='ltr'>praedixeram,</span> <span class='ocrx_word' id='word_1_721' title='bbox 2031 654 2186 697; x_wconf 82' lang='lat' dir='ltr'>hepaticae</span> <span class='ocrx_word' id='word_1_722' title='bbox 2208 653 2410 695; x_wconf 84' lang='lat' dir='ltr'>instar‚sub-</span> 
     </span>
     <span class='ocr_line' id='line_1_92' title="bbox 1398 695 2410 741; baseline 0 -11"><span class='ocrx_word' id='word_1_723' title='bbox 1398 698 1546 731; x_wconf 85' lang='lat' dir='ltr'>stantiam</span> <span class='ocrx_word' id='word_1_724' title='bbox 1572 711 1587 731; x_wconf 87' lang='lat' dir='ltr'>a</span> <span class='ocrx_word' id='word_1_725' title='bbox 1612 695 1773 741; x_wconf 80' lang='lat' dir='ltr'>superficie</span> <span class='ocrx_word' id='word_1_726' title='bbox 1797 697 1970 731; x_wconf 82' lang='lat' dir='ltr'>introrsum</span> <span class='ocrx_word' id='word_1_727' title='bbox 1996 699 2034 731; x_wconf 88' lang='lat' dir='ltr'>ad</span> <span class='ocrx_word' id='word_1_728' title='bbox 2057 710 2169 739; x_wconf 71' lang='lat' dir='ltr'>magna</span> <span class='ocrx_word' id='word_1_729' title='bbox 2194 699 2292 740; x_wconf 83' lang='lat' dir='ltr'>spatia</span> <span class='ocrx_word' id='word_1_730' title='bbox 2305 697 2410 731; x_wconf 87' lang='lat' dir='ltr'>osten-</span> 
     </span>
     <span class='ocr_line' id='line_1_93' title="bbox 1398 739 2411 781; baseline -0.001 -6"><span class='ocrx_word' id='word_1_731' title='bbox 1398 742 1534 781; x_wconf 88' lang='lat' dir='ltr'>derunt,</span> <span class='ocrx_word' id='word_1_732' title='bbox 1560 741 1635 775; x_wconf 85' lang='lat' dir='ltr'>alibi</span> <span class='ocrx_word' id='word_1_733' title='bbox 1661 741 1819 774; x_wconf 86' lang='lat' dir='ltr'>rubriores</span> <span class='ocrx_word' id='word_1_734' title='bbox 1843 739 1927 777; x_wconf 87' lang='lat' dir='ltr'>fere,</span> <span class='ocrx_word' id='word_1_735' title='bbox 1951 744 1981 773; x_wconf 70' lang='lat'>&amp;-</span> <span class='ocrx_word' id='word_1_736' title='bbox 2007 741 2137 776; x_wconf 89' lang='lat' dir='ltr'>subalbo</span> <span class='ocrx_word' id='word_1_737' title='bbox 2161 742 2220 774; x_wconf 92' lang='lat' dir='ltr'>illo</span> <span class='ocrx_word' id='word_1_738' title='bbox 2246 742 2312 775; x_wconf 86' lang='lat' dir='ltr'>sero</span> <span class='ocrx_word' id='word_1_739' title='bbox 2345 741 2411 774; x_wconf 84' lang='lat' dir='ltr'>sca-</span> 
     </span>
     <span class='ocr_line' id='line_1_94' title="bbox 1400 783 2412 828; baseline 0.001 -10"><span class='ocrx_word' id='word_1_740' title='bbox 1400 794 1501 819; x_wconf 88' lang='lat' dir='ltr'>tentes</span> <span class='ocrx_word' id='word_1_741' title='bbox 1523 785 1610 828; x_wconf 90' lang='lat' dir='ltr'>quod</span> <span class='ocrx_word' id='word_1_742' title='bbox 1632 787 1665 818; x_wconf 90' lang='lat' dir='ltr'>in</span> <span class='ocrx_word' id='word_1_743' title='bbox 1692 784 1860 817; x_wconf 89' lang='lat' dir='ltr'>tuberculo</span> <span class='ocrx_word' id='word_1_744' title='bbox 1884 783 2111 826; x_wconf 83' lang='lat' dir='ltr'>deprehensum</span> <span class='ocrx_word' id='word_1_745' title='bbox 2133 785 2261 824; x_wconf 81' lang='lat' dir='ltr'>fuerat3</span> <span class='ocrx_word' id='word_1_746' title='bbox 2287 796 2323 819; x_wconf 82' lang='lat' dir='ltr'>ut</span> <span class='ocrx_word' id='word_1_747' title='bbox 2347 786 2412 819; x_wconf 87' lang='lat' dir='ltr'>evi-</span> 
     </span>
     <span class='ocr_line' id='line_1_95' title="bbox 1396 828 2411 872; baseline 0 -10"><span class='ocrx_word' id='word_1_748' title='bbox 1396 829 1471 862; x_wconf 86' lang='lat' dir='ltr'>dens</span> <span class='ocrx_word' id='word_1_749' title='bbox 1495 829 1588 869; x_wconf 80' lang='lat' dir='ltr'>esset‚</span> <span class='ocrx_word' id='word_1_750' title='bbox 1611 828 1776 871; x_wconf 88' lang='lat' dir='ltr'>utriusque</span> <span class='ocrx_word' id='word_1_751' title='bbox 1801 828 1964 869; x_wconf 88' lang='lat' dir='ltr'>pulmonis</span> <span class='ocrx_word' id='word_1_752' title='bbox 1987 829 2278 863; x_wconf 79' lang='lat' dir='ltr'>inflammationem</span> <span class='ocrx_word' id='word_1_753' title='bbox 2296 853 2308 870; x_wconf 96' lang='lat'>,</span> <span class='ocrx_word' id='word_1_754' title='bbox 2340 840 2411 872; x_wconf 80' lang='lat' dir='ltr'>quae</span> 
     </span>
     <span class='ocr_line' id='line_1_96' title="bbox 1397 871 2409 915; baseline 0.002 -11"><span class='ocrx_word' id='word_1_755' title='bbox 1397 872 1461 915; x_wconf 82' lang='lat' dir='ltr'>jam</span> <span class='ocrx_word' id='word_1_756' title='bbox 1485 874 1518 905; x_wconf 91' lang='lat' dir='ltr'>in</span> <span class='ocrx_word' id='word_1_757' title='bbox 1544 873 1808 915; x_wconf 82' lang='lat' dir='ltr'>suppurationem</span> <span class='ocrx_word' id='word_1_758' title='bbox 1834 871 2072 913; x_wconf 77' lang='lat' dir='ltr'>degenerabat,</span> <span class='ocrx_word' id='word_1_759' title='bbox 2096 884 2233 912; x_wconf 82' lang='lat' dir='ltr'>mortem</span> <span class='ocrx_word' id='word_1_760' title='bbox 2246 874 2409 907; x_wconf 85' lang='lat' dir='ltr'>attulisse.</span> 
     </span>
     <span class='ocr_line' id='line_1_97' title="bbox 1396 914 2410 958; baseline 0.004 -10"><span class='ocrx_word' id='word_1_761' title='bbox 1396 918 1558 950; x_wconf 76' lang='lat' dir='ltr'>Caeterum</span> <span class='ocrx_word' id='word_1_762' title='bbox 1584 918 1617 949; x_wconf 92' lang='lat' dir='ltr'>in</span> <span class='ocrx_word' id='word_1_763' title='bbox 1642 914 1821 958; x_wconf 73' lang='lat' dir='ltr'>pericardlo</span> <span class='ocrx_word' id='word_1_764' title='bbox 1844 916 1898 948; x_wconf 89' lang='lat' dir='ltr'>vix</span> <span class='ocrx_word' id='word_1_765' title='bbox 1920 914 2097 957; x_wconf 78' lang='lat' dir='ltr'>quidquam</span> <span class='ocrx_word' id='word_1_766' title='bbox 2122 916 2178 949; x_wconf 85' lang='lat' dir='ltr'>seri</span> <span class='ocrx_word' id='word_1_767' title='bbox 2204 929 2213 953; x_wconf 69' lang='grc' dir='ltr'><strong>ς</strong></span> <span class='ocrx_word' id='word_1_768' title='bbox 2248 918 2279 950; x_wconf 91' lang='lat' dir='ltr'>in</span> <span class='ocrx_word' id='word_1_769' title='bbox 2315 919 2410 952; x_wconf 86' lang='lat' dir='ltr'>corde</span> 
     </span>
     <span class='ocr_line' id='line_1_98' title="bbox 1397 958 2412 1002; baseline 0.003 -10"><span class='ocrx_word' id='word_1_770' title='bbox 1397 969 1503 993; x_wconf 88' lang='lat' dir='ltr'>autem</span> <span class='ocrx_word' id='word_1_771' title='bbox 1526 960 1609 992; x_wconf 91' lang='lat' dir='ltr'>nihil</span> <span class='ocrx_word' id='word_1_772' title='bbox 1636 958 1782 1001; x_wconf 78' lang='lat' dir='ltr'>polyposi</span> <span class='ocrx_word' id='word_1_773' title='bbox 1806 960 1973 992; x_wconf 89' lang='lat' dir='ltr'>inventum</span> <span class='ocrx_word' id='word_1_774' title='bbox 1996 958 2060 991; x_wconf 84' lang='lat' dir='ltr'>est.-</span> <span class='ocrx_word' id='word_1_775' title='bbox 2084 960 2158 1002; x_wconf 87' lang='lat' dir='ltr'>quia</span> <span class='ocrx_word' id='word_1_776' title='bbox 2183 960 2301 994; x_wconf 82' lang='lat' dir='ltr'>sinister</span> <span class='ocrx_word' id='word_1_777' title='bbox 2337 973 2412 995; x_wconf 87' lang='lat' dir='ltr'>ven-</span> 
     </span>
     <span class='ocr_line' id='line_1_99' title="bbox 1397 1001 2412 1046; baseline 0.006 -12"><span class='ocrx_word' id='word_1_778' title='bbox 1397 1004 1532 1037; x_wconf 79' lang='lat' dir='ltr'>trieulus</span> <span class='ocrx_word' id='word_1_779' title='bbox 1555 1005 1609 1036; x_wconf 89' lang='lat' dir='ltr'>vix</span> <span class='ocrx_word' id='word_1_780' title='bbox 1633 1001 1780 1045; x_wconf 85' lang='lat' dir='ltr'>aliquid,·</span> <span class='ocrx_word' id='word_1_781' title='bbox 1803 1002 1913 1036; x_wconf 82' lang='lat' dir='ltr'>dexter</span> <span class='ocrx_word' id='word_1_782' title='bbox 1935 1010 2041 1035; x_wconf 86' lang='lat' dir='ltr'>autem</span> <span class='ocrx_word' id='word_1_783' title='bbox 2062 1003 2159 1045; x_wconf 86' lang='lat' dir='ltr'>paulo</span> <span class='ocrx_word' id='word_1_784' title='bbox 2192 1004 2262 1046; x_wconf 87' lang='lat' dir='ltr'>plus</span> <span class='ocrx_word' id='word_1_785' title='bbox 2300 1004 2412 1040; x_wconf 86' lang='lat' dir='ltr'>habuit</span> 
     </span>
     <span class='ocr_line' id='line_1_100' title="bbox 1396 1045 2053 1089; baseline -0.002 -11"><span class='ocrx_word' id='word_1_786' title='bbox 1396 1047 1481 1089; x_wconf 73' lang='lat' dir='ltr'>nigri</span> <span class='ocrx_word' id='word_1_787' title='bbox 1507 1046 1692 1089; x_wconf 66' lang='lat' dir='ltr'>sanguinis,</span> <span class='ocrx_word' id='word_1_788' title='bbox 1717 1048 1745 1078; x_wconf 64' lang='grc' dir='ltr'>ἃ</span> <span class='ocrx_word' id='word_1_789' title='bbox 1771 1047 1906 1079; x_wconf 87' lang='lat' dir='ltr'>minime</span> <span class='ocrx_word' id='word_1_790' title='bbox 1930 1045 2053 1080; x_wconf 53' lang='lat' dir='ltr'>fluidiq</span> 
     </span>
    </p>

    <p class='ocr_par' dir='ltr' id='par_1_7' title="bbox 1396 1088 2438 3440">
     <span class='ocr_line' id='line_1_101' title="bbox 1442 1088 2414 1132; baseline 0.005 -11"><span class='ocrx_word' id='word_1_791' title='bbox 1442 1090 1491 1121; x_wconf 76' lang='lat'>28.</span> <span class='ocrx_word' id='word_1_792' title='bbox 1517 1091 1580 1122; x_wconf 84' lang='lat' dir='ltr'>His</span> <span class='ocrx_word' id='word_1_793' title='bbox 1606 1092 1649 1123; x_wconf 83' lang='lat' dir='ltr'>ita</span> <span class='ocrx_word' id='word_1_794' title='bbox 1674 1088 1866 1132; x_wconf 57' lang='lat' dir='ltr'>perspectis,</span> <span class='ocrx_word' id='word_1_795' title='bbox 1892 1088 2027 1123; x_wconf 81' lang='lat' dir='ltr'>reversus</span> <span class='ocrx_word' id='word_1_796' title='bbox 2062 1101 2134 1124; x_wconf 84' lang='lat' dir='ltr'>cum</span> <span class='ocrx_word' id='word_1_797' title='bbox 2169 1092 2290 1124; x_wconf 85' lang='lat' dir='ltr'>caeteris</span> <span class='ocrx_word' id='word_1_798' title='bbox 2313 1114 2323 1129; x_wconf 83' lang='lat'>,</span> <span class='ocrx_word' id='word_1_799' title='bbox 2357 1092 2414 1126; x_wconf 89' lang='lat' dir='ltr'>ubi</span> 
     </span>
     <span class='ocr_line' id='line_1_102' title="bbox 1403 1133 2415 1175; baseline 0.003 -9"><span class='ocrx_word' id='word_1_800' title='bbox 1403 1133 1559 1166; x_wconf 83' lang='lat' dir='ltr'>Antistita</span> <span class='ocrx_word' id='word_1_801' title='bbox 1583 1144 1641 1166; x_wconf 86' lang='lat' dir='ltr'>nos</span> <span class='ocrx_word' id='word_1_802' title='bbox 1666 1134 1873 1175; x_wconf 64' lang='lat' dir='ltr'>expeftabat,</span> <span class='ocrx_word' id='word_1_803' title='bbox 1898 1144 1960 1165; x_wconf 79' lang='lat' dir='ltr'>non</span> <span class='ocrx_word' id='word_1_804' title='bbox 1986 1135 2141 1175; x_wconf 78' lang='lat' dir='ltr'>ignotus,</span> <span class='ocrx_word' id='word_1_805' title='bbox 2164 1134 2233 1168; x_wconf 89' lang='lat' dir='ltr'>dixi</span> <span class='ocrx_word' id='word_1_806' title='bbox 2254 1159 2266 1175; x_wconf 93' lang='lat'>,</span> <span class='ocrx_word' id='word_1_807' title='bbox 2302 1146 2337 1169; x_wconf 86' lang='lat' dir='ltr'>ut</span> <span class='ocrx_word' id='word_1_808' title='bbox 2371 1138 2415 1169; x_wconf 91' lang='lat' dir='ltr'>ti-</span> 
     </span>
     <span class='ocr_line' id='line_1_103' title="bbox 1402 1176 2416 1218; baseline 0.003 -7"><span class='ocrx_word' id='word_1_809' title='bbox 1402 1178 1559 1215; x_wconf 79' lang='lat' dir='ltr'>mebatis,</span> <span class='ocrx_word' id='word_1_810' title='bbox 1587 1176 1735 1218; x_wconf 86' lang='lat' dir='ltr'>rarusque</span> <span class='ocrx_word' id='word_1_811' title='bbox 1760 1177 1888 1208; x_wconf 79' lang='lat' dir='ltr'>morbus</span> <span class='ocrx_word' id='word_1_812' title='bbox 1912 1185 1961 1208; x_wconf 91' lang='lat' dir='ltr'>tot</span> <span class='ocrx_word' id='word_1_813' title='bbox 1986 1178 2137 1218; x_wconf 76' lang='lat' dir='ltr'>Virgines</span> <span class='ocrx_word' id='word_1_814' title='bbox 2174 1178 2299 1212; x_wconf 76' lang='lat' dir='ltr'>sustulit</span> <span class='ocrx_word' id='word_1_815' title='bbox 2320 1193 2329 1216; x_wconf 90' lang='lat'>;</span> <span class='ocrx_word' id='word_1_816' title='bbox 2363 1179 2416 1214; x_wconf 83' lang='lat' dir='ltr'>sed</span> 
     </span>
     <span class='ocr_line' id='line_1_104' title="bbox 1402 1218 2416 1264; baseline 0.003 -10"><span class='ocrx_word' id='word_1_817' title='bbox 1402 1220 1579 1260; x_wconf 67' lang='lat' dir='ltr'>notissimi,</span> <span class='ocrx_word' id='word_1_818' title='bbox 1603 1223 1634 1253; x_wconf 63' lang='grc' dir='ltr'>ὃς</span> <span class='ocrx_word' id='word_1_819' title='bbox 1659 1218 1901 1262; x_wconf 59' lang='lat' dir='ltr'>frequentissimi</span> <span class='ocrx_word' id='word_1_820' title='bbox 1924 1219 2142 1253; x_wconf 69' lang='lat' dir='ltr'>vehementia.</span> <span class='ocrx_word' id='word_1_821' title='bbox 2167 1221 2270 1264; x_wconf 76' lang='lat' dir='ltr'>Cujus</span> <span class='ocrx_word' id='word_1_822' title='bbox 2303 1224 2347 1255; x_wconf 88' lang='lat' dir='ltr'>rei</span> <span class='ocrx_word' id='word_1_823' title='bbox 2381 1223 2416 1257; x_wconf 88' lang='lat' dir='ltr'>id</span> 
     </span>
     <span class='ocr_line' id='line_1_105' title="bbox 1398 1262 2416 1307; baseline 0.004 -11"><span class='ocrx_word' id='word_1_824' title='bbox 1398 1264 1491 1298; x_wconf 86' lang='lat' dir='ltr'>vobis</span> <span class='ocrx_word' id='word_1_825' title='bbox 1515 1273 1702 1307; x_wconf 70' lang='lat' dir='ltr'>argumento</span> <span class='ocrx_word' id='word_1_826' title='bbox 1724 1262 1782 1300; x_wconf 79' lang='lat' dir='ltr'>iit,</span> <span class='ocrx_word' id='word_1_827' title='bbox 1808 1262 1894 1306; x_wconf 68' lang='lat' dir='ltr'>quoi</span> <span class='ocrx_word' id='word_1_828' title='bbox 1918 1272 1990 1296; x_wconf 82' lang='lat' dir='ltr'>ante</span> <span class='ocrx_word' id='word_1_829' title='bbox 2013 1264 2171 1298; x_wconf 80' lang='lat' dir='ltr'>cadaveris</span> <span class='ocrx_word' id='word_1_830' title='bbox 2195 1265 2416 1302; x_wconf 67' lang='lat' dir='ltr'>diffec‘tionem</span> 
     </span>
     <span class='ocr_line' id='line_1_106' title="bbox 1399 1307 2417 1351; baseline 0.003 -10"><span class='ocrx_word' id='word_1_831' title='bbox 1399 1308 1477 1342; x_wconf 86' lang='lat' dir='ltr'>tales</span> <span class='ocrx_word' id='word_1_832' title='bbox 1503 1309 1668 1350; x_wconf 76' lang='lat' dir='ltr'>pulmones</span> <span class='ocrx_word' id='word_1_833' title='bbox 1693 1308 1861 1340; x_wconf 89' lang='lat' dir='ltr'>inventum</span> <span class='ocrx_word' id='word_1_834' title='bbox 1885 1308 1925 1338; x_wconf 83' lang='lat' dir='ltr'>iri</span> <span class='ocrx_word' id='word_1_835' title='bbox 1941 1330 1952 1345; x_wconf 88' lang='lat'>,</span> <span class='ocrx_word' id='word_1_836' title='bbox 1977 1307 2206 1349; x_wconf 66' lang='lat' dir='ltr'>praedixerim,</span> <span class='ocrx_word' id='word_1_837' title='bbox 2230 1310 2337 1351; x_wconf 85' lang='lat' dir='ltr'>quales</span> <span class='ocrx_word' id='word_1_838' title='bbox 2369 1322 2417 1344; x_wconf 92' lang='lat' dir='ltr'>re-</span> 
     </span>
     <span class='ocr_line' id='line_1_107' title="bbox 1396 1350 2417 1396; baseline 0.003 -12"><span class='ocrx_word' id='word_1_839' title='bbox 1396 1363 1468 1385; x_wconf 85' lang='lat' dir='ltr'>vera</span> <span class='ocrx_word' id='word_1_840' title='bbox 1494 1353 1616 1384; x_wconf 77' lang='lat' dir='ltr'>inventi</span> <span class='ocrx_word' id='word_1_841' title='bbox 1642 1352 1738 1390; x_wconf 68' lang='lat' dir='ltr'>sunt,</span> <span class='ocrx_word' id='word_1_842' title='bbox 1763 1362 1861 1393; x_wconf 86' lang='lat' dir='ltr'>neque</span> <span class='ocrx_word' id='word_1_843' title='bbox 1886 1352 1971 1383; x_wconf 82' lang='lat' dir='ltr'>enirn</span> <span class='ocrx_word' id='word_1_844' title='bbox 1995 1351 2057 1383; x_wconf 89' lang='lat' dir='ltr'>hoc</span> <span class='ocrx_word' id='word_1_845' title='bbox 2080 1350 2184 1384; x_wconf 80' lang='lat' dir='ltr'>facere</span> <span class='ocrx_word' id='word_1_846' title='bbox 2208 1352 2380 1395; x_wconf 80' lang='lat' dir='ltr'>potuissem</span> <span class='ocrx_word' id='word_1_847' title='bbox 2403 1379 2417 1396; x_wconf 90' lang='lat'>,</span> 
     </span>
     <span class='ocr_line' id='line_1_108' title="bbox 1397 1393 2415 1437; baseline 0.003 -9"><span class='ocrx_word' id='word_1_848' title='bbox 1397 1395 1454 1428; x_wconf 82' lang='lat' dir='ltr'>nisi</span> <span class='ocrx_word' id='word_1_849' title='bbox 1479 1395 1667 1428; x_wconf 85' lang='lat' dir='ltr'>creberrime</span> <span class='ocrx_word' id='word_1_850' title='bbox 1693 1407 1730 1427; x_wconf 83' lang='lat' dir='ltr'>ex</span> <span class='ocrx_word' id='word_1_851' title='bbox 1755 1393 1818 1427; x_wconf 86' lang='lat' dir='ltr'>hoc</span> <span class='ocrx_word' id='word_1_852' title='bbox 1843 1393 1912 1437; x_wconf 88' lang='lat' dir='ltr'>ipso</span> <span class='ocrx_word' id='word_1_853' title='bbox 1935 1395 2050 1427; x_wconf 89' lang='lat' dir='ltr'>morbo</span> <span class='ocrx_word' id='word_1_854' title='bbox 2071 1394 2201 1428; x_wconf 86' lang='lat' dir='ltr'>denatos</span> <span class='ocrx_word' id='word_1_855' title='bbox 2216 1397 2415 1431; x_wconf 83' lang='lat' dir='ltr'>incidissem:</span> 
     </span>
     <span class='ocr_line' id='line_1_109' title="bbox 1398 1437 2417 1484; baseline 0.004 -13"><span class='ocrx_word' id='word_1_856' title='bbox 1398 1439 1460 1472; x_wconf 86' lang='lat' dir='ltr'>feci</span> <span class='ocrx_word' id='word_1_857' title='bbox 1485 1449 1594 1473; x_wconf 88' lang='lat' dir='ltr'>autem</span> <span class='ocrx_word' id='word_1_858' title='bbox 1617 1439 1789 1479; x_wconf 88' lang='lat' dir='ltr'>consulto,</span> <span class='ocrx_word' id='word_1_859' title='bbox 1814 1447 1850 1471; x_wconf 86' lang='lat' dir='ltr'>ut</span> <span class='ocrx_word' id='word_1_860' title='bbox 1874 1449 1930 1470; x_wconf 89' lang='lat' dir='ltr'>vos</span> <span class='ocrx_word' id='word_1_861' title='bbox 1955 1437 2030 1479; x_wconf 74' lang='lat' dir='ltr'>ipsae</span> <span class='ocrx_word' id='word_1_862' title='bbox 2053 1449 2161 1472; x_wconf 89' lang='lat' dir='ltr'>verum</span> <span class='ocrx_word' id='word_1_863' title='bbox 2187 1437 2244 1472; x_wconf 73' lang='lat' dir='ltr'>elie</span> <span class='ocrx_word' id='word_1_864' title='bbox 2270 1440 2304 1473; x_wconf 88' lang='lat' dir='ltr'>id</span> <span class='ocrx_word' id='word_1_865' title='bbox 2328 1441 2417 1484; x_wconf 88' lang='lat' dir='ltr'>quod</span> 
     </span>
     <span class='ocr_line' id='line_1_110' title="bbox 1396 1480 2418 1525; baseline 0.003 -10"><span class='ocrx_word' id='word_1_866' title='bbox 1396 1483 1494 1516; x_wconf 88' lang='lat' dir='ltr'>modo</span> <span class='ocrx_word' id='word_1_867' title='bbox 1517 1483 1750 1525; x_wconf 80' lang='lat' dir='ltr'>pronunciavi,</span> <span class='ocrx_word' id='word_1_868' title='bbox 1775 1482 1866 1523; x_wconf 80' lang='lat' dir='ltr'>plane</span> <span class='ocrx_word' id='word_1_869' title='bbox 1889 1482 2070 1525; x_wconf 74' lang='lat' dir='ltr'>intelligere</span> <span class='ocrx_word' id='word_1_870' title='bbox 2094 1480 2223 1524; x_wconf 76' lang='lat' dir='ltr'>possetis</span> <span class='ocrx_word' id='word_1_871' title='bbox 2238 1508 2245 1515; x_wconf 94' lang='lat'><strong><em>.</em></strong></span> <span class='ocrx_word' id='word_1_872' title='bbox 2276 1485 2327 1516; x_wconf 83' lang='lat' dir='ltr'>Sic</span> <span class='ocrx_word' id='word_1_873' title='bbox 2352 1497 2418 1518; x_wconf 89' lang='lat' dir='ltr'>me-</span> 
     </span>
     <span class='ocr_line' id='line_1_111' title="bbox 1400 1524 2418 1569; baseline 0.001 -10"><span class='ocrx_word' id='word_1_874' title='bbox 1400 1537 1452 1560; x_wconf 89' lang='lat' dir='ltr'>tus</span> <span class='ocrx_word' id='word_1_875' title='bbox 1467 1553 1475 1566; x_wconf 82' lang='lat'>,</span> <span class='ocrx_word' id='word_1_876' title='bbox 1499 1530 1531 1561; x_wconf 66' lang='grc' dir='ltr'>ἃς</span> <span class='ocrx_word' id='word_1_877' title='bbox 1555 1528 1705 1568; x_wconf 86' lang='lat' dir='ltr'>opinatio</span> <span class='ocrx_word' id='word_1_878' title='bbox 1729 1525 1784 1557; x_wconf 80' lang='lat' dir='ltr'>illa</span> <span class='ocrx_word' id='word_1_879' title='bbox 1808 1524 1929 1559; x_wconf 84' lang='lat' dir='ltr'>sublata</span> <span class='ocrx_word' id='word_1_880' title='bbox 1955 1526 2047 1559; x_wconf 89' lang='lat' dir='ltr'>sunt:</span> <span class='ocrx_word' id='word_1_881' title='bbox 2071 1526 2300 1569; x_wconf 73' lang='lat' dir='ltr'>conversusque</span> <span class='ocrx_word' id='word_1_882' title='bbox 2317 1527 2418 1561; x_wconf 87' lang='lat' dir='ltr'>sermo</span> 
     </span>
     <span class='ocr_line' id='line_1_112' title="bbox 1401 1567 2419 1615; baseline -0.003 -13"><span class='ocrx_word' id='word_1_883' title='bbox 1401 1569 1443 1603; x_wconf 80' lang='lat' dir='ltr'>est</span> <span class='ocrx_word' id='word_1_884' title='bbox 1479 1571 1514 1602; x_wconf 82' lang='lat' dir='ltr'>ad</span> <span class='ocrx_word' id='word_1_885' title='bbox 1551 1582 1644 1610; x_wconf 88' lang='lat' dir='ltr'>eam,</span> <span class='ocrx_word' id='word_1_886' title='bbox 1667 1580 1737 1612; x_wconf 76' lang='lat' dir='ltr'>quae</span> <span class='ocrx_word' id='word_1_887' title='bbox 1760 1567 1933 1605; x_wconf 73' lang='lat' dir='ltr'>felicissime</span> <span class='ocrx_word' id='word_1_888' title='bbox 1958 1569 2041 1602; x_wconf 85' lang='lat' dir='ltr'>ceffit</span> <span class='ocrx_word' id='word_1_889' title='bbox 2064 1590 2072 1604; x_wconf 89' lang='lat'><em>‚</em></span> <span class='ocrx_word' id='word_1_890' title='bbox 2108 1570 2266 1603; x_wconf 83' lang='lat' dir='ltr'>rationem</span> <span class='ocrx_word' id='word_1_891' title='bbox 2299 1583 2419 1615; x_wconf 73' lang='lat' dir='ltr'>propo.</span> 
     </span>
     <span class='ocr_line' id='line_1_113' title="bbox 1403 1610 2419 1658; baseline 0.004 -13"><span class='ocrx_word' id='word_1_892' title='bbox 1403 1613 1563 1653; x_wconf 87' lang='lat' dir='ltr'>nendam,</span> <span class='ocrx_word' id='word_1_893' title='bbox 1588 1625 1649 1656; x_wconf 87' lang='lat' dir='ltr'>qua</span> <span class='ocrx_word' id='word_1_894' title='bbox 1675 1621 1798 1646; x_wconf 75' lang='lat' dir='ltr'>caeterae</span> <span class='ocrx_word' id='word_1_895' title='bbox 1824 1610 1944 1658; x_wconf 50' lang='lat' dir='ltr'>posse-nt</span> <span class='ocrx_word' id='word_1_896' title='bbox 1965 1635 1974 1650; x_wconf 84' lang='lat'>,</span> <span class='ocrx_word' id='word_1_897' title='bbox 1999 1614 2031 1645; x_wconf 85' lang='lat'>&amp;</span> <span class='ocrx_word' id='word_1_898' title='bbox 2057 1611 2233 1653; x_wconf 77' lang='lat' dir='ltr'>praesertim</span> <span class='ocrx_word' id='word_1_899' title='bbox 2266 1626 2338 1656; x_wconf 62' lang='lat' dir='ltr'>quse</span> <span class='ocrx_word' id='word_1_900' title='bbox 2372 1616 2419 1649; x_wconf 85' lang='lat' dir='ltr'>la-</span> 
     </span>
     <span class='ocr_line' id='line_1_114' title="bbox 1405 1655 2421 1696; baseline 0.002 -8"><span class='ocrx_word' id='word_1_901' title='bbox 1405 1658 1576 1696; x_wconf 85' lang='lat' dir='ltr'>xioribus,</span> <span class='ocrx_word' id='word_1_902' title='bbox 1602 1660 1634 1689; x_wconf 65' lang='lat' dir='ltr'>ix</span> <span class='ocrx_word' id='word_1_903' title='bbox 1657 1656 1830 1688; x_wconf 84' lang='lat' dir='ltr'>imbecillis</span> <span class='ocrx_word' id='word_1_904' title='bbox 1867 1655 1962 1688; x_wconf 88' lang='lat' dir='ltr'>essent</span> <span class='ocrx_word' id='word_1_905' title='bbox 1996 1655 2202 1695; x_wconf 86' lang='lat' dir='ltr'>pulmonibus</span> <span class='ocrx_word' id='word_1_906' title='bbox 2224 1680 2233 1693; x_wconf 83' lang='lat'>‚</span> <span class='ocrx_word' id='word_1_907' title='bbox 2270 1659 2421 1693; x_wconf 84' lang='lat' dir='ltr'>morbum</span> 
     </span>
     <span class='ocr_line' id='line_1_115' title="bbox 1405 1698 2421 1744; baseline 0.004 -12"><span class='ocrx_word' id='word_1_908' title='bbox 1405 1712 1533 1737; x_wconf 81' lang='lat' dir='ltr'>cavere5</span> <span class='ocrx_word' id='word_1_909' title='bbox 1560 1710 1659 1741; x_wconf 88' lang='lat' dir='ltr'>neque</span> <span class='ocrx_word' id='word_1_910' title='bbox 1682 1700 1767 1731; x_wconf 88' lang='lat' dir='ltr'>enim</span> <span class='ocrx_word' id='word_1_911' title='bbox 1790 1698 1925 1732; x_wconf 86' lang='lat' dir='ltr'>dubium</span> <span class='ocrx_word' id='word_1_912' title='bbox 1949 1699 2042 1731; x_wconf 86' lang='lat' dir='ltr'>nobis</span> <span class='ocrx_word' id='word_1_913' title='bbox 2066 1698 2254 1738; x_wconf 83' lang='lat' dir='ltr'>videbatur,</span> <span class='ocrx_word' id='word_1_914' title='bbox 2278 1703 2357 1744; x_wconf 88' lang='lat' dir='ltr'>quin</span> <span class='ocrx_word' id='word_1_915' title='bbox 2378 1703 2421 1736; x_wconf 88' lang='lat' dir='ltr'>ob</span> 
     </span>
     <span class='ocr_line' id='line_1_116' title="bbox 1405 1741 2421 1785; baseline 0.003 -9"><span class='ocrx_word' id='word_1_916' title='bbox 1405 1743 1488 1777; x_wconf 87' lang='lat' dir='ltr'>hanc</span> <span class='ocrx_word' id='word_1_917' title='bbox 1512 1743 1712 1785; x_wconf 79' lang='lat' dir='ltr'>potisiimum</span> <span class='ocrx_word' id='word_1_918' title='bbox 1735 1741 1862 1775; x_wconf 89' lang='lat' dir='ltr'>causam</span> <span class='ocrx_word' id='word_1_919' title='bbox 1886 1743 1919 1774; x_wconf 94' lang='lat' dir='ltr'>in</span> <span class='ocrx_word' id='word_1_920' title='bbox 1944 1743 1984 1774; x_wconf 90' lang='lat' dir='ltr'>iis</span> <span class='ocrx_word' id='word_1_921' title='bbox 2008 1752 2081 1785; x_wconf 80' lang='lat' dir='ltr'>quae</span> <span class='ocrx_word' id='word_1_922' title='bbox 2104 1741 2291 1777; x_wconf 74' lang='lat' dir='ltr'>decesserant</span> <span class='ocrx_word' id='word_1_923' title='bbox 2308 1768 2320 1784; x_wconf 85' lang='lat'>,</span> <span class='ocrx_word' id='word_1_924' title='bbox 2344 1747 2421 1779; x_wconf 91' lang='lat' dir='ltr'>vin-</span> 
     </span>
     <span class='ocr_line' id='line_1_117' title="bbox 1404 1785 2423 1829; baseline 0.001 -10"><span class='ocrx_word' id='word_1_925' title='bbox 1404 1789 1434 1820; x_wconf 94' lang='lat' dir='ltr'>ci</span> <span class='ocrx_word' id='word_1_926' title='bbox 1459 1799 1522 1820; x_wconf 91' lang='lat' dir='ltr'>non</span> <span class='ocrx_word' id='word_1_927' title='bbox 1559 1785 1711 1829; x_wconf 84' lang='lat' dir='ltr'>potuisset</span> <span class='ocrx_word' id='word_1_928' title='bbox 1758 1786 2020 1828; x_wconf 82' lang='lat' dir='ltr'>peripneumonia</span> <span class='ocrx_word' id='word_1_929' title='bbox 2045 1810 2053 1818; x_wconf 94' lang='lat'><strong>.</strong></span> <span class='ocrx_word' id='word_1_930' title='bbox 2188 1788 2321 1828; x_wconf 74' lang='lat' dir='ltr'>Qaeres</span> <span class='ocrx_word' id='word_1_931' title='bbox 2366 1790 2423 1822; x_wconf 83' lang='lat' dir='ltr'>hic</span> 
     </span>
     <span class='ocr_line' id='line_1_118' title="bbox 1402 1829 2422 1874; baseline 0.002 -11"><span class='ocrx_word' id='word_1_932' title='bbox 1402 1830 1539 1864; x_wconf 58' lang='lat' dir='ltr'>fortassis</span> <span class='ocrx_word' id='word_1_933' title='bbox 1563 1830 1651 1863; x_wconf 88' lang='lat' dir='ltr'>duo:</span> <span class='ocrx_word' id='word_1_934' title='bbox 1676 1830 1832 1868; x_wconf 85' lang='lat' dir='ltr'>alterum,</span> <span class='ocrx_word' id='word_1_935' title='bbox 1857 1830 1915 1871; x_wconf 86' lang='lat' dir='ltr'>qui</span> <span class='ocrx_word' id='word_1_936' title='bbox 1949 1830 2048 1871; x_wconf 89' lang='lat' dir='ltr'>primi</span> <span class='ocrx_word' id='word_1_937' title='bbox 2082 1829 2164 1861; x_wconf 54' lang='lat' dir='ltr'>0⁸²rn</span> <span class='ocrx_word' id='word_1_938' title='bbox 2198 1831 2231 1862; x_wconf 87' lang='lat' dir='ltr'>in</span> <span class='ocrx_word' id='word_1_939' title='bbox 2269 1832 2309 1864; x_wconf 83' lang='lat' dir='ltr'>iis</span> <span class='ocrx_word' id='word_1_940' title='bbox 2341 1844 2422 1874; x_wconf 84' lang='lat' dir='ltr'>quos</span> 
     </span>
     <span class='ocr_line' id='line_1_119' title="bbox 1403 1872 2425 1919; baseline 0.002 -13"><span class='ocrx_word' id='word_1_941' title='bbox 1403 1874 1470 1919; x_wconf 76' lang='lat' dir='ltr'>haec</span> <span class='ocrx_word' id='word_1_942' title='bbox 1494 1873 1710 1907; x_wconf 73' lang='lat' dir='ltr'>inflammatio</span> <span class='ocrx_word' id='word_1_943' title='bbox 1733 1872 1928 1914; x_wconf 77' lang='lat' dir='ltr'>absumpsit,</span> <span class='ocrx_word' id='word_1_944' title='bbox 1952 1873 2120 1914; x_wconf 84' lang='lat' dir='ltr'>pulmones</span> <span class='ocrx_word' id='word_1_945' title='bbox 2140 1872 2425 1910; x_wconf 81' lang='lat' dir='ltr'>animadverterint:</span> 
     </span>
     <span class='ocr_line' id='line_1_120' title="bbox 1404 1915 2425 1962; baseline 0.003 -13"><span class='ocrx_word' id='word_1_946' title='bbox 1404 1917 1612 1950; x_wconf 78' lang='lat' dir='ltr'>substantiam</span> <span class='ocrx_word' id='word_1_947' title='bbox 1635 1916 1819 1958; x_wconf 83' lang='lat' dir='ltr'>hepaticam</span> <span class='ocrx_word' id='word_1_948' title='bbox 1843 1915 2041 1949; x_wconf 72' lang='lat' dir='ltr'>referentes?</span> <span class='ocrx_word' id='word_1_949' title='bbox 2077 1916 2211 1950; x_wconf 85' lang='lat' dir='ltr'>alterum</span> <span class='ocrx_word' id='word_1_950' title='bbox 2244 1929 2320 1951; x_wconf 90' lang='lat' dir='ltr'>num</span> <span class='ocrx_word' id='word_1_951' title='bbox 2342 1919 2425 1962; x_wconf 39' lang='lat' dir='ltr'>,post</span> 
     </span>
     <span class='ocr_line' id='line_1_121' title="bbox 1404 1958 2426 2002; baseline 0.004 -9"><span class='ocrx_word' id='word_1_952' title='bbox 1404 1960 1538 1993; x_wconf 74' lang='lat' dir='ltr'>lethales</span> <span class='ocrx_word' id='word_1_953' title='bbox 1563 1960 1708 1994; x_wconf 77' lang='lat' dir='ltr'>thoracis</span> <span class='ocrx_word' id='word_1_954' title='bbox 1733 1959 2030 1998; x_wconf 80' lang='lat' dir='ltr'>inflammationes,</span> <span class='ocrx_word' id='word_1_955' title='bbox 2053 1958 2149 1993; x_wconf 82' lang='lat' dir='ltr'>sicuti</span> <span class='ocrx_word' id='word_1_956' title='bbox 2180 1961 2351 2002; x_wconf 86' lang='lat' dir='ltr'>pulmones</span> <span class='ocrx_word' id='word_1_957' title='bbox 2385 1963 2426 1997; x_wconf 87' lang='lat' dir='ltr'>ad</span> 
     </span>
     <span class='ocr_line' id='line_1_122' title="bbox 1403 2001 2426 2049; baseline -0.001 -12"><span class='ocrx_word' id='word_1_958' title='bbox 1403 2003 1489 2038; x_wconf 87' lang='lat' dir='ltr'>hunc</span> <span class='ocrx_word' id='word_1_959' title='bbox 1512 2003 1647 2037; x_wconf 84' lang='lat' dir='ltr'>modum</span> <span class='ocrx_word' id='word_1_960' title='bbox 1672 2001 1801 2036; x_wconf 54' lang='lat' dir='ltr'>affedos</span> <span class='ocrx_word' id='word_1_961' title='bbox 1825 2001 1913 2040; x_wconf 91' lang='lat' dir='ltr'>vidi,</span> <span class='ocrx_word' id='word_1_962' title='bbox 1938 2004 1985 2035; x_wconf 87' lang='lat' dir='ltr'>ita</span> <span class='ocrx_word' id='word_1_963' title='bbox 2007 2013 2170 2046; x_wconf 84' lang='lat' dir='ltr'>nunquam</span> <span class='ocrx_word' id='word_1_964' title='bbox 2193 2015 2320 2041; x_wconf 57' lang='lat' dir='ltr'>magnas</span> <span class='ocrx_word' id='word_1_965' title='bbox 2335 2007 2426 2049; x_wconf 84' lang='lat' dir='ltr'>plen-</span> 
     </span>
     <span class='ocr_line' id='line_1_123' title="bbox 1407 2042 2425 2093; baseline -0.001 -15"><span class='ocrx_word' id='word_1_966' title='bbox 1407 2059 1450 2080; x_wconf 76' lang='lat' dir='ltr'>1·ae</span> <span class='ocrx_word' id='word_1_967' title='bbox 1495 2058 1622 2090; x_wconf 85' lang='lat' dir='ltr'>quoque</span> <span class='ocrx_word' id='word_1_968' title='bbox 1656 2045 1796 2079; x_wconf 81' lang='lat' dir='ltr'>laesiones</span> <span class='ocrx_word' id='word_1_969' title='bbox 1820 2044 2033 2079; x_wconf 82' lang='lat' dir='ltr'>offenderim?</span> <span class='ocrx_word' id='word_1_970' title='bbox 2167 2042 2269 2090; x_wconf 70' lang='lat' dir='ltr'>Qod</span> <span class='ocrx_word' id='word_1_971' title='bbox 2294 2049 2332 2083; x_wconf 87' lang='lat' dir='ltr'>ad</span> <span class='ocrx_word' id='word_1_972' title='bbox 2357 2052 2425 2093; x_wconf 79' lang='lat' dir='ltr'>pri..</span> 
     </span>
     <span class='ocr_line' id='line_1_124' title="bbox 1408 2087 2425 2137; baseline -0.002 -14"><span class='ocrx_word' id='word_1_973' title='bbox 1408 2102 1497 2123; x_wconf 89' lang='lat' dir='ltr'>mum</span> <span class='ocrx_word' id='word_1_974' title='bbox 1521 2093 1661 2127; x_wconf 80' lang='lat' dir='ltr'>attinet,</span> <span class='ocrx_word' id='word_1_975' title='bbox 1688 2088 1774 2123; x_wconf 86' lang='lat' dir='ltr'>haud</span> <span class='ocrx_word' id='word_1_976' title='bbox 1797 2087 1892 2124; x_wconf 85' lang='lat' dir='ltr'>facile</span> <span class='ocrx_word' id='word_1_977' title='bbox 1917 2101 2001 2123; x_wconf 89' lang='lat' dir='ltr'>nunc</span> <span class='ocrx_word' id='word_1_978' title='bbox 2024 2090 2248 2131; x_wconf 87' lang='lat' dir='ltr'>meminerim,</span> <span class='ocrx_word' id='word_1_979' title='bbox 2274 2103 2312 2125; x_wconf 86' lang='lat' dir='ltr'>an</span> <span class='ocrx_word' id='word_1_980' title='bbox 2337 2094 2425 2137; x_wconf 81' lang='lat' dir='ltr'>quis.</span> 
     </span>
     <span class='ocr_line' id='line_1_125' title="bbox 1408 2133 2425 2180; baseline 0.003 -14"><span class='ocrx_word' id='word_1_981' title='bbox 1408 2136 1496 2179; x_wconf 87' lang='lat' dir='ltr'>piam</span> <span class='ocrx_word' id='word_1_982' title='bbox 1520 2143 1591 2166; x_wconf 90' lang='lat' dir='ltr'>ante</span> <span class='ocrx_word' id='word_1_983' title='bbox 1615 2133 1758 2167; x_wconf 82' lang='lat' dir='ltr'>Laelium</span> <span class='ocrx_word' id='word_1_984' title='bbox 1781 2144 1796 2165; x_wconf 91' lang='lat' dir='ltr'>a</span> <span class='ocrx_word' id='word_1_985' title='bbox 1821 2133 1922 2166; x_wconf 83' lang='lat' dir='ltr'>Fonte</span> <span class='ocrx_word' id='word_1_986' title='bbox 1946 2133 2062 2167; x_wconf 90' lang='lat' dir='ltr'>diserte</span> <span class='ocrx_word' id='word_1_987' title='bbox 2088 2134 2165 2166; x_wconf 88' lang='lat' dir='ltr'>adeo</span> <span class='ocrx_word' id='word_1_988' title='bbox 2196 2146 2263 2167; x_wconf 90' lang='lat' dir='ltr'>rem</span> <span class='ocrx_word' id='word_1_989' title='bbox 2298 2138 2425 2180; x_wconf 86' lang='lat' dir='ltr'>expres-</span> 
     </span>
     <span class='ocr_line' id='line_1_126' title="bbox 1409 2175 2427 2225; baseline 0.003 -15"><span class='ocrx_word' id='word_1_990' title='bbox 1409 2179 1501 2225; x_wconf 80' lang='lat' dir='ltr'>serit.</span> <span class='ocrx_word' id='word_1_991' title='bbox 1529 2176 1588 2223; x_wconf 77' lang='lat' dir='ltr'>Sed</span> <span class='ocrx_word' id='word_1_992' title='bbox 1612 2175 1678 2219; x_wconf 84' lang='lat' dir='ltr'>ejus</span> <span class='ocrx_word' id='word_1_993' title='bbox 1702 2184 1835 2218; x_wconf 88' lang='lat' dir='ltr'>oportet</span> <span class='ocrx_word' id='word_1_994' title='bbox 1859 2176 1979 2210; x_wconf 90' lang='lat' dir='ltr'>librum</span> <span class='ocrx_word' id='word_1_995' title='bbox 2003 2177 2153 2220; x_wconf 81' lang='lat' dir='ltr'>inspicias</span> <span class='ocrx_word' id='word_1_996' title='bbox 2176 2201 2183 2208; x_wconf 88' lang='lat'><strong><em>.</em></strong></span> <span class='ocrx_word' id='word_1_997' title='bbox 2232 2179 2321 2212; x_wconf 82' lang='lat' dir='ltr'>Nam</span> <span class='ocrx_word' id='word_1_998' title='bbox 2366 2180 2427 2213; x_wconf 80' lang='lat' dir='ltr'>etsi</span> 
     </span>
     <span class='ocr_line' id='line_1_127' title="bbox 1407 2218 2424 2264; baseline 0.005 -11"><span class='ocrx_word' id='word_1_999' title='bbox 1407 2233 1474 2264; x_wconf 64' lang='lat' dir='ltr'>ejus</span> <span class='ocrx_word' id='word_1_1000' title='bbox 1496 2220 1690 2254; x_wconf 87' lang='lat' dir='ltr'>Observatio</span> <span class='ocrx_word' id='word_1_1001' title='bbox 1713 2229 1761 2253; x_wconf 91' lang='lat' dir='ltr'>ter</span> <span class='ocrx_word' id='word_1_1002' title='bbox 1785 2220 1895 2253; x_wconf 86' lang='lat' dir='ltr'>saltem</span> <span class='ocrx_word' id='word_1_1003' title='bbox 1919 2222 1952 2253; x_wconf 81' lang='lat' dir='ltr'>in</span> <span class='ocrx_word' id='word_1_1004' title='bbox 1977 2222 2003 2253; x_wconf 86' lang='lat' dir='ltr'>I.</span> <span class='ocrx_word' id='word_1_1005' title='bbox 2030 2218 2424 2263; x_wconf 83' lang='lat' dir='ltr'>SepulchretiVolumine</span> 
     </span>
     <span class='ocr_line' id='line_1_128' title="bbox 1408 2262 2427 2307; baseline 0.004 -10"><span class='ocrx_word' id='word_1_1006' title='bbox 1408 2264 1510 2306; x_wconf 80' lang='lat' dir='ltr'>posita</span> <span class='ocrx_word' id='word_1_1007' title='bbox 1534 2263 1598 2303; x_wconf 85' lang='lat' dir='ltr'>est,</span> <span class='ocrx_word' id='word_1_1008' title='bbox 1623 2263 1716 2297; x_wconf 87' lang='lat' dir='ltr'>semel</span> <span class='ocrx_word' id='word_1_1009' title='bbox 1740 2263 1795 2297; x_wconf 87' lang='lat' dir='ltr'>ubi</span> <span class='ocrx_word' id='word_1_1010' title='bbox 1818 2262 1856 2296; x_wconf 83' lang='lat' dir='ltr'>dc</span> <span class='ocrx_word' id='word_1_1011' title='bbox 1881 2263 1967 2303; x_wconf 73' lang='lat' dir='ltr'>Laesa</span> <span class='ocrx_word' id='word_1_1012' title='bbox 1991 2263 2215 2306; x_wconf 60' lang='lat' dir='ltr'>Respa-atione</span> <span class='ocrx_word' id='word_1_1013' title='bbox 2240 2263 2326 2307; x_wconf 87' lang='lat' dir='ltr'>(f)</span> <span class='ocrx_word' id='word_1_1014' title='bbox 2357 2279 2427 2301; x_wconf 88' lang='lat' dir='ltr'>ver-</span> 
     </span>
     <span class='ocr_line' id='line_1_129' title="bbox 1408 2307 2429 2346; baseline 0 -6"><span class='ocrx_word' id='word_1_1015' title='bbox 1408 2308 1447 2341; x_wconf 82' lang='lat' dir='ltr'>ba</span> <span class='ocrx_word' id='word_1_1016' title='bbox 1469 2307 1575 2346; x_wconf 80' lang='lat' dir='ltr'>siunt,</span> <span class='ocrx_word' id='word_1_1017' title='bbox 1598 2307 1720 2340; x_wconf 85' lang='lat' dir='ltr'>iterum</span> <span class='ocrx_word' id='word_1_1018' title='bbox 1743 2318 1778 2339; x_wconf 87' lang='lat' dir='ltr'>ac</span> <span class='ocrx_word' id='word_1_1019' title='bbox 1801 2307 1935 2340; x_wconf 86' lang='lat' dir='ltr'>tertium</span> <span class='ocrx_word' id='word_1_1020' title='bbox 1958 2309 1992 2341; x_wconf 89' lang='lat' dir='ltr'>in</span> <span class='ocrx_word' id='word_1_1021' title='bbox 2016 2308 2164 2341; x_wconf 65' lang='lat' dir='ltr'>Sestione</span> <span class='ocrx_word' id='word_1_1022' title='bbox 2186 2308 2244 2341; x_wconf 87' lang='lat' dir='ltr'>hac</span> <span class='ocrx_word' id='word_1_1023' title='bbox 2260 2308 2298 2342; x_wconf 87' lang='lat' dir='ltr'>de</span> <span class='ocrx_word' id='word_1_1024' title='bbox 2314 2312 2429 2344; x_wconf 61' lang='lat' dir='ltr'>Pecto-</span> 
     </span>
     <span class='ocr_line' id='line_1_130' title="bbox 1409 2350 2428 2397; baseline 0.005 -15"><span class='ocrx_word' id='word_1_1025' title='bbox 1409 2353 1453 2397; x_wconf 71' lang='lat' dir='ltr'>ris</span> <span class='ocrx_word' id='word_1_1026' title='bbox 1475 2350 1600 2385; x_wconf 85' lang='lat' dir='ltr'>Dolore</span> <span class='ocrx_word' id='word_1_1027' title='bbox 1622 2352 1675 2392; x_wconf 79' lang='lat' dir='ltr'>&lt;g</span> <span class='ocrx_word' id='word_1_1028' title='bbox 1699 2354 1735 2389; x_wconf 77' lang='lat'>&gt;5</span> <span class='ocrx_word' id='word_1_1029' title='bbox 1762 2350 1882 2392; x_wconf 85' lang='lat' dir='ltr'>semper</span> <span class='ocrx_word' id='word_1_1030' title='bbox 1906 2360 2013 2384; x_wconf 87' lang='lat' dir='ltr'>tamen</span> <span class='ocrx_word' id='word_1_1031' title='bbox 2038 2351 2072 2383; x_wconf 93' lang='lat' dir='ltr'>id</span> <span class='ocrx_word' id='word_1_1032' title='bbox 2096 2350 2185 2393; x_wconf 89' lang='lat' dir='ltr'>quod</span> <span class='ocrx_word' id='word_1_1033' title='bbox 2209 2351 2306 2392; x_wconf 89' lang='lat' dir='ltr'>dico,</span> <span class='ocrx_word' id='word_1_1034' title='bbox 2329 2354 2428 2387; x_wconf 88' lang='lat' dir='ltr'>omis-</span> 
     </span>
     <span class='ocr_line' id='line_1_131' title="bbox 1409 2392 2425 2432; baseline 0.002 -4"><span class='ocrx_word' id='word_1_1035' title='bbox 1409 2397 1477 2428; x_wconf 79' lang='lat' dir='ltr'>sum</span> <span class='ocrx_word' id='word_1_1036' title='bbox 1501 2392 1562 2427; x_wconf 89' lang='lat' dir='ltr'>est.</span> <span class='ocrx_word' id='word_1_1037' title='bbox 1589 2394 1659 2426; x_wconf 84' lang='lat' dir='ltr'>Vix</span> <span class='ocrx_word' id='word_1_1038' title='bbox 1683 2393 1810 2428; x_wconf 85' lang='lat' dir='ltr'>tandem</span> <span class='ocrx_word' id='word_1_1039' title='bbox 1836 2393 2025 2427; x_wconf 81' lang='lat' dir='ltr'>Voluminis</span> <span class='ocrx_word' id='word_1_1040' title='bbox 2048 2396 2113 2426; x_wconf 84' lang='lat' dir='ltr'>III.</span> <span class='ocrx_word' id='word_1_1041' title='bbox 2137 2394 2225 2428; x_wconf 89' lang='lat' dir='ltr'>libro</span> <span class='ocrx_word' id='word_1_1042' title='bbox 2264 2398 2326 2430; x_wconf 91' lang='lat' dir='ltr'>IV.</span> <span class='ocrx_word' id='word_1_1043' title='bbox 2366 2397 2425 2432; x_wconf 88' lang='lat' dir='ltr'>sub</span> 
     </span>
     <span class='ocr_line' id='line_1_132' title="bbox 1408 2436 2428 2482; baseline -0.001 -12"><span class='ocrx_word' id='word_1_1044' title='bbox 1408 2439 1462 2470; x_wconf 83' lang='lat' dir='ltr'>tit.</span> <span class='ocrx_word' id='word_1_1045' title='bbox 1478 2437 1525 2471; x_wconf 64' lang='lat' dir='ltr'>&gt;de</span> <span class='ocrx_word' id='word_1_1046' title='bbox 1549 2436 1725 2477; x_wconf 83' lang='lat' dir='ltr'>Febribus,</span> <span class='ocrx_word' id='word_1_1047' title='bbox 1747 2436 1785 2473; x_wconf 86' lang='lat' dir='ltr'>ad</span> <span class='ocrx_word' id='word_1_1048' title='bbox 1809 2448 1903 2482; x_wconf 88' lang='lat' dir='ltr'>quem</span> <span class='ocrx_word' id='word_1_1049' title='bbox 1928 2437 2078 2473; x_wconf 62' lang='lat' dir='ltr'>Leftores</span> <span class='ocrx_word' id='word_1_1050' title='bbox 2102 2437 2314 2479; x_wconf 87' lang='lat' dir='ltr'>rejiciuntur,</span> <span class='ocrx_word' id='word_1_1051' title='bbox 2337 2440 2428 2473; x_wconf 89' lang='lat' dir='ltr'>inve..</span> 
     </span>
     <span class='ocr_line' id='line_1_133' title="bbox 1409 2479 2428 2522; baseline -0.003 -8"><span class='ocrx_word' id='word_1_1052' title='bbox 1409 2482 1502 2521; x_wconf 87' lang='lat' dir='ltr'>nies,</span> <span class='ocrx_word' id='word_1_1053' title='bbox 1532 2479 1555 2513; x_wconf 88' lang='lat' dir='ltr'>fi</span> <span class='ocrx_word' id='word_1_1054' title='bbox 1578 2479 1753 2522; x_wconf 80' lang='lat' dir='ltr'>diligenter</span> <span class='ocrx_word' id='word_1_1055' title='bbox 1775 2480 1898 2514; x_wconf 78' lang='lat' dir='ltr'>excussa</span> <span class='ocrx_word' id='word_1_1056' title='bbox 1922 2481 2050 2521; x_wconf 80' lang='lat' dir='ltr'>prolixa</span> <span class='ocrx_word' id='word_1_1057' title='bbox 2075 2480 2128 2513; x_wconf 93' lang='lat' dir='ltr'>illa</span> <span class='ocrx_word' id='word_1_1058' title='bbox 2153 2482 2299 2514; x_wconf 57' lang='lat' dir='ltr'>Sectione</span> <span class='ocrx_word' id='word_1_1059' title='bbox 2324 2484 2350 2516; x_wconf 94' lang='lat' dir='ltr'>I.</span> <span class='ocrx_word' id='word_1_1060' title='bbox 2377 2485 2428 2517; x_wconf 83' lang='lat' dir='ltr'>in-</span> 
     </span>
     <span class='ocr_line' id='line_1_134' title="bbox 1411 2523 2427 2568; baseline -0.002 -12"><span class='ocrx_word' id='word_1_1061' title='bbox 1411 2524 1530 2559; x_wconf 83' lang='lat' dir='ltr'>cideris</span> <span class='ocrx_word' id='word_1_1062' title='bbox 1555 2524 1588 2556; x_wconf 87' lang='lat' dir='ltr'>in</span> <span class='ocrx_word' id='word_1_1063' title='bbox 1613 2525 1641 2563; x_wconf 85' lang='lat'>§.</span> <span class='ocrx_word' id='word_1_1064' title='bbox 1666 2525 1697 2554; x_wconf 83' lang='lat'>6.</span> <span class='ocrx_word' id='word_1_1065' title='bbox 1726 2524 1808 2558; x_wconf 89' lang='lat' dir='ltr'>Obs.</span> <span class='ocrx_word' id='word_1_1066' title='bbox 1833 2535 1885 2566; x_wconf 77' lang='lat'>45.</span> <span class='ocrx_word' id='word_1_1067' title='bbox 1915 2524 2037 2557; x_wconf 87' lang='lat' dir='ltr'>Verum</span> <span class='ocrx_word' id='word_1_1068' title='bbox 2060 2524 2108 2557; x_wconf 92' lang='lat' dir='ltr'>ibi.</span> <span class='ocrx_word' id='word_1_1069' title='bbox 2131 2523 2195 2556; x_wconf 87' lang='lat' dir='ltr'>hoc</span> <span class='ocrx_word' id='word_1_1070' title='bbox 2223 2523 2359 2568; x_wconf 84' lang='lat' dir='ltr'>quidem</span> <span class='ocrx_word' id='word_1_1071' title='bbox 2383 2528 2427 2562; x_wconf 83' lang='lat' dir='ltr'>le-</span> 
     </span>
     <span class='ocr_line' id='line_1_135' title="bbox 1414 2567 2429 2611; baseline 0.004 -11"><span class='ocrx_word' id='word_1_1072' title='bbox 1414 2580 1492 2611; x_wconf 77' lang='lat' dir='ltr'>ges.-</span> <span class='ocrx_word' id='word_1_1073' title='bbox 1520 2568 1683 2610; x_wconf 88' lang='lat' dir='ltr'>pulmonis</span> <span class='ocrx_word' id='word_1_1074' title='bbox 1707 2578 1779 2600; x_wconf 77' lang='lat' dir='ltr'>caro</span> <span class='ocrx_word' id='word_1_1075' title='bbox 1802 2567 1932 2600; x_wconf 68' lang='lat' dir='ltr'>inventa</span> <span class='ocrx_word' id='word_1_1076' title='bbox 1956 2567 2071 2609; x_wconf 79' lang='lat' dir='ltr'>densa,</span> <span class='ocrx_word' id='word_1_1077' title='bbox 2095 2567 2172 2601; x_wconf 70' lang='lat' dir='ltr'>dura</span> <span class='ocrx_word' id='word_1_1078' title='bbox 2186 2591 2199 2607; x_wconf 86' lang='lat'>,</span> <span class='ocrx_word' id='word_1_1079' title='bbox 2222 2570 2265 2601; x_wconf 59' lang='grc' dir='ltr'>Θ·</span> <span class='ocrx_word' id='word_1_1080' title='bbox 2300 2570 2393 2604; x_wconf 69' lang='lat' dir='ltr'>rubra</span> <span class='ocrx_word' id='word_1_1081' title='bbox 2417 2594 2429 2609; x_wconf 87' lang='lat'>‚</span> 
     </span>
     <span class='ocr_line' id='line_1_136' title="bbox 1415 2607 2430 2656; baseline 0.003 -12"><span class='ocrx_word' id='word_1_1082' title='bbox 1415 2611 1666 2654; x_wconf 59' lang='lat' dir='ltr'>quemadmodum</span> <span class='ocrx_word' id='word_1_1083' title='bbox 1691 2607 1746 2652; x_wconf 80' lang='lat' dir='ltr'>csse</span> <span class='ocrx_word' id='word_1_1084' title='bbox 1760 2610 1842 2652; x_wconf 75' lang='lat' dir='ltr'>solet</span> <span class='ocrx_word' id='word_1_1085' title='bbox 1876 2609 2000 2651; x_wconf 72' lang='lat' dir='ltr'>hepatis</span> <span class='ocrx_word' id='word_1_1086' title='bbox 2023 2622 2093 2643; x_wconf 80' lang='lat' dir='ltr'>caro</span> <span class='ocrx_word' id='word_1_1087' title='bbox 2117 2622 2127 2648; x_wconf 83' lang='lat'>3</span> <span class='ocrx_word' id='word_1_1088' title='bbox 2163 2610 2213 2644; x_wconf 85' lang='lat' dir='ltr'>sed</span> <span class='ocrx_word' id='word_1_1089' title='bbox 2247 2623 2311 2645; x_wconf 89' lang='lat' dir='ltr'>non</span> <span class='ocrx_word' id='word_1_1090' title='bbox 2345 2614 2430 2656; x_wconf 72' lang='lat' dir='ltr'>leges</span> 
     </span>
     <span class='ocr_line' id='line_1_137' title="bbox 1414 2652 2430 2696; baseline 0.003 -8"><span class='ocrx_word' id='word_1_1091' title='bbox 1414 2666 1542 2693; x_wconf 81' lang='lat' dir='ltr'>tamen,</span> <span class='ocrx_word' id='word_1_1092' title='bbox 1566 2653 1715 2686; x_wconf 85' lang='lat' dir='ltr'>morbum</span> <span class='ocrx_word' id='word_1_1093' title='bbox 1738 2653 1809 2696; x_wconf 86' lang='lat' dir='ltr'>post</span> <span class='ocrx_word' id='word_1_1094' title='bbox 1832 2663 1927 2696; x_wconf 86' lang='lat' dir='ltr'>quern</span> <span class='ocrx_word' id='word_1_1095' title='bbox 1950 2652 1992 2686; x_wconf 84' lang='lat' dir='ltr'>sic</span> <span class='ocrx_word' id='word_1_1096' title='bbox 2015 2655 2145 2687; x_wconf 86' lang='lat' dir='ltr'>inventa</span> <span class='ocrx_word' id='word_1_1097' title='bbox 2169 2654 2234 2694; x_wconf 84' lang='lat' dir='ltr'>est,</span> <span class='ocrx_word' id='word_1_1098' title='bbox 2261 2656 2299 2689; x_wconf 84' lang='lat' dir='ltr'>ab</span> <span class='ocrx_word' id='word_1_1099' title='bbox 2323 2658 2430 2692; x_wconf 82' lang='lat' dir='ltr'>Laelio</span> 
     </span>
     <span class='ocr_line' id='line_1_138' title="bbox 1415 2694 2430 2742; baseline 0.002 -10"><span class='ocrx_word' id='word_1_1100' title='bbox 1415 2699 1477 2732; x_wconf 85' lang='lat' dir='ltr'>sine</span> <span class='ocrx_word' id='word_1_1101' title='bbox 1500 2698 1564 2731; x_wconf 81' lang='lat' dir='ltr'>ulla</span> <span class='ocrx_word' id='word_1_1102' title='bbox 1574 2696 1776 2730; x_wconf 88' lang='lat' dir='ltr'>dubitatione</span> <span class='ocrx_word' id='word_1_1103' title='bbox 1789 2697 2091 2738; x_wconf 79' lang='lat' dir='ltr'>Peripncumoniam</span> <span class='ocrx_word' id='word_1_1104' title='bbox 2107 2694 2175 2737; x_wconf 74' lang='lat' dir='ltr'>‚ut</span> <span class='ocrx_word' id='word_1_1105' title='bbox 2199 2699 2303 2742; x_wconf 83' lang='lat' dir='ltr'>reapse</span> <span class='ocrx_word' id='word_1_1106' title='bbox 2327 2701 2430 2734; x_wconf 84' lang='lat' dir='ltr'>osten-</span> 
     </span>
     <span class='ocr_line' id='line_1_139' title="bbox 1414 2739 2432 2786; baseline 0.006 -15"><span class='ocrx_word' id='word_1_1107' title='bbox 1414 2743 1531 2775; x_wconf 74' lang='lat' dir='ltr'>debant</span> <span class='ocrx_word' id='word_1_1108' title='bbox 1557 2740 1664 2786; x_wconf 21' lang='lat' dir='ltr'>signa-V,</span> <span class='ocrx_word' id='word_1_1109' title='bbox 1690 2739 1783 2774; x_wconf 68' lang='lat' dir='ltr'>fuiss&#39;e</span> <span class='ocrx_word' id='word_1_1110' title='bbox 1807 2740 2006 2782; x_wconf 81' lang='lat' dir='ltr'>judicatum.</span> <span class='ocrx_word' id='word_1_1111' title='bbox 2029 2739 2138 2784; x_wconf 80' lang='lat' dir='ltr'>Hujus</span> <span class='ocrx_word' id='word_1_1112' title='bbox 2163 2743 2266 2784; x_wconf 76' lang='lat' dir='ltr'>igitur</span> <span class='ocrx_word' id='word_1_1113' title='bbox 2287 2744 2432 2780; x_wconf 85' lang='lat' dir='ltr'>Consul-</span> 
     </span>
     <span class='ocr_line' id='line_1_140' title="bbox 1414 2785 2434 2831; baseline 0.005 -13"><span class='ocrx_word' id='word_1_1114' title='bbox 1414 2785 1748 2831; x_wconf 35' lang='lat' dir='ltr'>tati‹2nem⁴inspicias</span> <span class='ocrx_word' id='word_1_1115' title='bbox 1771 2792 1924 2827; x_wconf 84' lang='lat' dir='ltr'>oportet,</span> <span class='ocrx_word' id='word_1_1116' title='bbox 1960 2796 2030 2827; x_wconf 84' lang='lat' dir='ltr'>quae</span> <span class='ocrx_word' id='word_1_1117' title='bbox 2063 2785 2097 2817; x_wconf 88' lang='lat' dir='ltr'>in</span> <span class='ocrx_word' id='word_1_1118' title='bbox 2131 2786 2341 2829; x_wconf 87' lang='lat' dir='ltr'>Sepulchreto</span> <span class='ocrx_word' id='word_1_1119' title='bbox 2379 2797 2434 2823; x_wconf 85' lang='lat' dir='ltr'>aut</span> 
     </span>
     <span class='ocr_line' id='line_1_141' title="bbox 1416 2827 2432 2873; baseline -0.001 -11"><span class='ocrx_word' id='word_1_1120' title='bbox 1416 2841 1480 2862; x_wconf 85' lang='lat' dir='ltr'>non</span> <span class='ocrx_word' id='word_1_1121' title='bbox 1524 2828 1707 2869; x_wconf 65' lang='lat' dir='ltr'>designatur</span> <span class='ocrx_word' id='word_1_1122' title='bbox 1730 2850 1739 2865; x_wconf 92' lang='lat'>‚</span> <span class='ocrx_word' id='word_1_1123' title='bbox 1786 2837 1841 2861; x_wconf 86' lang='lat' dir='ltr'>aut</span> <span class='ocrx_word' id='word_1_1124' title='bbox 1873 2827 1915 2861; x_wconf 79' lang='lat' dir='ltr'>fic</span> <span class='ocrx_word' id='word_1_1125' title='bbox 1948 2827 2149 2871; x_wconf 75' lang='lat' dir='ltr'>designatur,</span> <span class='ocrx_word' id='word_1_1126' title='bbox 2174 2839 2209 2861; x_wconf 90' lang='lat' dir='ltr'>ut</span> <span class='ocrx_word' id='word_1_1127' title='bbox 2232 2832 2274 2864; x_wconf 79' lang='lat' dir='ltr'>C.</span> <span class='ocrx_word' id='word_1_1128' title='bbox 2299 2830 2432 2873; x_wconf 68' lang='lat' dir='ltr'>credas,</span> 
     </span>
     <span class='ocr_line' id='line_1_142' title="bbox 1416 2870 2431 2917; baseline 0.003 -11"><span class='ocrx_word' id='word_1_1129' title='bbox 1416 2870 1552 2917; x_wconf 44' lang='lat' dir='ltr'>cum-sit</span> <span class='ocrx_word' id='word_1_1130' title='bbox 1576 2872 1740 2906; x_wconf 77' lang='lat' dir='ltr'>XCVIII.</span> <span class='ocrx_word' id='word_1_1131' title='bbox 1769 2871 1841 2904; x_wconf 81' lang='lat' dir='ltr'>Post</span> <span class='ocrx_word' id='word_1_1132' title='bbox 1872 2870 1978 2913; x_wconf 86' lang='lat' dir='ltr'>ipsum</span> <span class='ocrx_word' id='word_1_1133' title='bbox 2014 2881 2121 2905; x_wconf 84' lang='lat' dir='ltr'>autem</span> <span class='ocrx_word' id='word_1_1134' title='bbox 2155 2872 2209 2905; x_wconf 83' lang='lat' dir='ltr'>etsi</span> <span class='ocrx_word' id='word_1_1135' title='bbox 2249 2875 2329 2908; x_wconf 85' lang='lat' dir='ltr'>alios</span> <span class='ocrx_word' id='word_1_1136' title='bbox 2353 2899 2365 2916; x_wconf 91' lang='lat'>,</span> <span class='ocrx_word' id='word_1_1137' title='bbox 2398 2879 2431 2909; x_wconf 84' lang='lat'>&amp;</span> 
     </span>
     <span class='ocr_line' id='line_1_143' title="bbox 1415 2913 2426 2962; baseline 0.004 -16"><span class='ocrx_word' id='word_1_1138' title='bbox 1415 2916 1570 2958; x_wconf 77' lang='lat' dir='ltr'>quosdam</span> <span class='ocrx_word' id='word_1_1139' title='bbox 1594 2916 1689 2947; x_wconf 84' lang='lat' dir='ltr'>etiam</span> <span class='ocrx_word' id='word_1_1140' title='bbox 1714 2913 1772 2948; x_wconf 86' lang='lat' dir='ltr'>hac</span> <span class='ocrx_word' id='word_1_1141' title='bbox 1797 2913 1900 2947; x_wconf 86' lang='lat' dir='ltr'>nostra</span> <span class='ocrx_word' id='word_1_1142' title='bbox 1925 2924 2041 2956; x_wconf 74' lang='lat' dir='ltr'>aetate,</span> <span class='ocrx_word' id='word_1_1143' title='bbox 2065 2916 2098 2947; x_wconf 90' lang='lat' dir='ltr'>in</span> <span class='ocrx_word' id='word_1_1144' title='bbox 2123 2915 2225 2959; x_wconf 81' lang='lat' dir='ltr'>iisque</span> <span class='ocrx_word' id='word_1_1145' title='bbox 2253 2918 2301 2961; x_wconf 84' lang='lat' dir='ltr'>Jo.</span> <span class='ocrx_word' id='word_1_1146' title='bbox 2328 2919 2426 2962; x_wconf 84' lang='lat' dir='ltr'>Bapt.</span> 
     </span>
     <span class='ocr_line' id='line_1_144' title="bbox 1415 2957 2433 3005; baseline 0.002 -13"><span class='ocrx_word' id='word_1_1147' title='bbox 1415 2961 1646 3004; x_wconf 23' lang='lat' dir='ltr'>Fautonumq(</span> <span class='ocrx_word' id='word_1_1148' title='bbox 1668 2958 1688 2991; x_wconf 84' lang='grc' dir='ltr'>Ι)</span> <span class='ocrx_word' id='word_1_1149' title='bbox 1708 2963 1721 2998; x_wconf 87' lang='lat'>)</span> <span class='ocrx_word' id='word_1_1150' title='bbox 1744 2982 1757 2998; x_wconf 92' lang='lat'>,</span> <span class='ocrx_word' id='word_1_1151' title='bbox 1790 2959 2006 2991; x_wconf 64' lang='lat' dir='ltr'>Dominicum</span> <span class='ocrx_word' id='word_1_1152' title='bbox 2049 2957 2265 3001; x_wconf 73' lang='lat' dir='ltr'>Gagliardur&#39;n</span> <span class='ocrx_word' id='word_1_1153' title='bbox 2312 2966 2325 3002; x_wconf 82' lang='grc'>&lt;</span> <span class='ocrx_word' id='word_1_1154' title='bbox 2349 2964 2361 2996; x_wconf 83' lang='grc' dir='ltr'>ι’</span> <span class='ocrx_word' id='word_1_1155' title='bbox 2384 2967 2394 3002; x_wconf 85' lang='grc'>)</span> <span class='ocrx_word' id='word_1_1156' title='bbox 2419 2988 2433 3005; x_wconf 83' lang='lat'>,</span> 
     </span>
     <span class='ocr_line' id='line_1_145' title="bbox 1417 3001 2434 3048; baseline 0.001 -13"><span class='ocrx_word' id='word_1_1157' title='bbox 1417 3003 1504 3037; x_wconf 76' lang='lat' dir='ltr'>Frid.</span> <span class='ocrx_word' id='word_1_1158' title='bbox 1530 3002 1768 3048; x_wconf 57' lang='lat' dir='ltr'>Hosimannum</span> <span class='ocrx_word' id='word_1_1159' title='bbox 1792 3004 1805 3039; x_wconf 89' lang='lat'>(</span> <span class='ocrx_word' id='word_1_1160' title='bbox 1827 3001 1845 3040; x_wconf 66' lang='lat' dir='ltr'>l&lt;</span> <span class='ocrx_word' id='word_1_1161' title='bbox 1867 3005 1880 3040; x_wconf 90' lang='lat'>)</span> <span class='ocrx_word' id='word_1_1162' title='bbox 1903 3025 1915 3041; x_wconf 89' lang='lat'>,</span> <span class='ocrx_word' id='word_1_1163' title='bbox 1948 3012 1983 3035; x_wconf 84' lang='lat' dir='ltr'>ur</span> <span class='ocrx_word' id='word_1_1164' title='bbox 2017 3001 2103 3035; x_wconf 86' lang='lat' dir='ltr'>infra</span> <span class='ocrx_word' id='word_1_1165' title='bbox 2135 3006 2149 3042; x_wconf 83' lang='lat'>(</span> <span class='ocrx_word' id='word_1_1166' title='bbox 2171 3003 2182 3036; x_wconf 95' lang='lat' dir='ltr'><em>l</em></span> <span class='ocrx_word' id='word_1_1167' title='bbox 2204 3007 2217 3043; x_wconf 89' lang='lat'>)</span> <span class='ocrx_word' id='word_1_1168' title='bbox 2250 3006 2434 3040; x_wconf 76' lang='lat' dir='ltr'>ostendetur</span> 
     </span>
     <span class='ocr_line' id='line_1_146' title="bbox 1418 3044 2434 3089; baseline 0.001 -10"><span class='ocrx_word' id='word_1_1169' title='bbox 1418 3045 1516 3080; x_wconf 79' lang='lat' dir='ltr'>fusius</span> <span class='ocrx_word' id='word_1_1170' title='bbox 1538 3070 1550 3086; x_wconf 98' lang='lat'>,</span> <span class='ocrx_word' id='word_1_1171' title='bbox 1584 3047 1626 3078; x_wconf 75' lang='lat' dir='ltr'>iic</span> <span class='ocrx_word' id='word_1_1172' title='bbox 1650 3044 1819 3082; x_wconf 75' lang='lat' dir='ltr'>invenisse,</span> <span class='ocrx_word' id='word_1_1173' title='bbox 1844 3055 1910 3077; x_wconf 89' lang='lat' dir='ltr'>non</span> <span class='ocrx_word' id='word_1_1174' title='bbox 1933 3046 2117 3089; x_wconf 74' lang='lat' dir='ltr'>ignoremus</span> <span class='ocrx_word' id='word_1_1175' title='bbox 2141 3058 2151 3085; x_wconf 77' lang='lat'>5</span> <span class='ocrx_word' id='word_1_1176' title='bbox 2176 3049 2229 3080; x_wconf 90' lang='lat' dir='ltr'>cui</span> <span class='ocrx_word' id='word_1_1177' title='bbox 2253 3058 2357 3083; x_wconf 80' lang='lat' dir='ltr'>tamen</span> <span class='ocrx_word' id='word_1_1178' title='bbox 2382 3061 2434 3082; x_wconf 85' lang='lat' dir='ltr'>ac..</span> 
     </span>
     <span class='ocr_line' id='line_1_147' title="bbox 1420 3088 2433 3133; baseline -0.002 -10"><span class='ocrx_word' id='word_1_1179' title='bbox 1420 3090 1557 3128; x_wconf 86' lang='lat' dir='ltr'>ciderit3</span> <span class='ocrx_word' id='word_1_1180' title='bbox 1581 3089 1672 3123; x_wconf 81' lang='lat' dir='ltr'>sicuti</span> <span class='ocrx_word' id='word_1_1181' title='bbox 1698 3088 1880 3128; x_wconf 83' lang='lat' dir='ltr'>Valsalvae,</span> <span class='ocrx_word' id='word_1_1182' title='bbox 1904 3100 2061 3131; x_wconf 82' lang='lat' dir='ltr'>quantum</span> <span class='ocrx_word' id='word_1_1183' title='bbox 2084 3089 2213 3123; x_wconf 85' lang='lat' dir='ltr'>videtur</span> <span class='ocrx_word' id='word_1_1184' title='bbox 2229 3114 2237 3128; x_wconf 95' lang='lat'>‚</span> <span class='ocrx_word' id='word_1_1185' title='bbox 2263 3096 2295 3126; x_wconf 57' lang='grc' dir='ltr'>ὃς</span> <span class='ocrx_word' id='word_1_1186' title='bbox 2319 3092 2433 3133; x_wconf 69' lang='lat' dir='ltr'>nobis,</span> 
     </span>
     <span class='ocr_line' id='line_1_148' title="bbox 1419 3130 2433 3174; baseline -0.001 -7"><span class='ocrx_word' id='word_1_1187' title='bbox 1419 3133 1441 3167; x_wconf 84' lang='lat' dir='ltr'>fi</span> <span class='ocrx_word' id='word_1_1188' title='bbox 1466 3145 1562 3168; x_wconf 82' lang='lat' dir='ltr'>unam</span> <span class='ocrx_word' id='word_1_1189' title='bbox 1585 3130 1806 3165; x_wconf 63' lang='lat' dir='ltr'>dissectionem</span> <span class='ocrx_word' id='word_1_1190' title='bbox 1830 3134 1993 3174; x_wconf 82' lang='lat' dir='ltr'>excipias,</span> <span class='ocrx_word' id='word_1_1191' title='bbox 2016 3141 2100 3166; x_wconf 84' lang='lat' dir='ltr'>certe</span> <span class='ocrx_word' id='word_1_1192' title='bbox 2125 3133 2264 3174; x_wconf 63' lang='lat' dir='ltr'>accidit,</span> <span class='ocrx_word' id='word_1_1193' title='bbox 2289 3148 2326 3170; x_wconf 81' lang='lat' dir='ltr'>ut</span> <span class='ocrx_word' id='word_1_1194' title='bbox 2350 3137 2433 3171; x_wconf 85' lang='lat' dir='ltr'>sem..</span> 
     </span>
     <span class='ocr_line' id='line_1_149' title="bbox 1420 3175 2435 3220; baseline 0.004 -10"><span class='ocrx_word' id='word_1_1195' title='bbox 1420 3189 1474 3220; x_wconf 89' lang='lat' dir='ltr'>per</span> <span class='ocrx_word' id='word_1_1196' title='bbox 1519 3177 1557 3210; x_wconf 83' lang='lat' dir='ltr'>ad</span> <span class='ocrx_word' id='word_1_1197' title='bbox 1604 3175 1689 3209; x_wconf 88' lang='lat' dir='ltr'>hunc</span> <span class='ocrx_word' id='word_1_1198' title='bbox 1726 3176 1881 3209; x_wconf 75' lang='lat' dir='ltr'>inveniret</span> <span class='ocrx_word' id='word_1_1199' title='bbox 1906 3176 2062 3217; x_wconf 82' lang='lat' dir='ltr'>modum,</span> <span class='ocrx_word' id='word_1_1200' title='bbox 2086 3188 2149 3210; x_wconf 91' lang='lat' dir='ltr'>non</span> <span class='ocrx_word' id='word_1_1201' title='bbox 2172 3176 2265 3212; x_wconf 84' lang='lat' dir='ltr'>facile</span> <span class='ocrx_word' id='word_1_1202' title='bbox 2288 3179 2435 3214; x_wconf 86' lang='lat' dir='ltr'>recorda-</span> 
     </span>
     <span class='ocr_line' id='line_1_150' title="bbox 1424 3219 2435 3263; baseline 0.006 -11"><span class='ocrx_word' id='word_1_1203' title='bbox 1424 3233 1497 3255; x_wconf 87' lang='lat' dir='ltr'>mur</span> <span class='ocrx_word' id='word_1_1204' title='bbox 1521 3245 1527 3252; x_wconf 89' lang='lat'>.</span> <span class='ocrx_word' id='word_1_1205' title='bbox 1662 3222 1712 3253; x_wconf 88' lang='lat' dir='ltr'>De</span> <span class='ocrx_word' id='word_1_1206' title='bbox 1736 3220 1838 3251; x_wconf 85' lang='lat' dir='ltr'>altero</span> <span class='ocrx_word' id='word_1_1207' title='bbox 1861 3229 1990 3259; x_wconf 81' lang='lat' dir='ltr'>autem,</span> <span class='ocrx_word' id='word_1_1208' title='bbox 2017 3219 2080 3253; x_wconf 86' lang='lat' dir='ltr'>hoc</span> <span class='ocrx_word' id='word_1_1209' title='bbox 2102 3220 2145 3253; x_wconf 86' lang='lat' dir='ltr'>est</span> <span class='ocrx_word' id='word_1_1210' title='bbox 2168 3220 2206 3254; x_wconf 88' lang='lat' dir='ltr'>de</span> <span class='ocrx_word' id='word_1_1211' title='bbox 2230 3224 2347 3263; x_wconf 84' lang='lat' dir='ltr'>pleurae</span> <span class='ocrx_word' id='word_1_1212' title='bbox 2381 3225 2435 3257; x_wconf 83' lang='lat' dir='ltr'>lae-</span> 
     </span>
     <span class='ocr_line' id='line_1_151' title="bbox 1423 3263 2437 3310; baseline 0.005 -13"><span class='ocrx_word' id='word_1_1213' title='bbox 1423 3265 1510 3297; x_wconf 78' lang='lat' dir='ltr'>sione</span> <span class='ocrx_word' id='word_1_1214' title='bbox 1534 3263 1677 3306; x_wconf 74' lang='lat' dir='ltr'>insigni,</span> <span class='ocrx_word' id='word_1_1215' title='bbox 1700 3265 1734 3310; x_wconf 50' lang='grc' dir='ltr'>ὃς</span> <span class='ocrx_word' id='word_1_1216' title='bbox 1754 3274 1824 3304; x_wconf 71' lang='lat' dir='ltr'>quse</span> <span class='ocrx_word' id='word_1_1217' title='bbox 1848 3275 1920 3309; x_wconf 75' lang='lat' dir='ltr'>cum</span> <span class='ocrx_word' id='word_1_1218' title='bbox 1943 3276 1976 3296; x_wconf 81' lang='lat' dir='ltr'>ea</span> <span class='ocrx_word' id='word_1_1219' title='bbox 1999 3276 2093 3306; x_wconf 84' lang='lat' dir='ltr'>quam</span> <span class='ocrx_word' id='word_1_1220' title='bbox 2117 3266 2150 3296; x_wconf 90' lang='lat' dir='ltr'>in</span> <span class='ocrx_word' id='word_1_1221' title='bbox 2185 3268 2336 3308; x_wconf 84' lang='lat' dir='ltr'>pulmone</span> <span class='ocrx_word' id='word_1_1222' title='bbox 2382 3267 2437 3301; x_wconf 88' lang='lat' dir='ltr'>de-</span> 
     </span>
     <span class='ocr_line' id='line_1_152' title="bbox 1427 3307 2436 3351; baseline 0 -11"><span class='ocrx_word' id='word_1_1223' title='bbox 1427 3307 1628 3350; x_wconf 77' lang='lat' dir='ltr'>scripsimus,</span> <span class='ocrx_word' id='word_1_1224' title='bbox 1651 3308 1792 3340; x_wconf 72' lang='lat' dir='ltr'>conserri</span> <span class='ocrx_word' id='word_1_1225' title='bbox 1817 3307 1935 3348; x_wconf 83' lang='lat' dir='ltr'>possct,</span> <span class='ocrx_word' id='word_1_1226' title='bbox 1959 3307 1982 3340; x_wconf 79' lang='lat' dir='ltr'>si</span> <span class='ocrx_word' id='word_1_1227' title='bbox 2004 3307 2161 3342; x_wconf 77' lang='lat' dir='ltr'>Valsalvae</span> <span class='ocrx_word' id='word_1_1228' title='bbox 2185 3331 2193 3345; x_wconf 94' lang='lat'>,</span> <span class='ocrx_word' id='word_1_1229' title='bbox 2240 3313 2272 3343; x_wconf 64' lang='grc' dir='ltr'>δε</span> <span class='ocrx_word' id='word_1_1230' title='bbox 2319 3322 2402 3344; x_wconf 81' lang='lat' dir='ltr'>meas</span> <span class='ocrx_word' id='word_1_1231' title='bbox 2423 3334 2436 3351; x_wconf 67' lang='lat'>³</span> 
     </span>
     <span class='ocr_line' id='line_1_153' title="bbox 1426 3349 2438 3394; baseline 0.003 -10"><span class='ocrx_word' id='word_1_1232' title='bbox 1426 3362 1625 3394; x_wconf 70' lang='lat' dir='ltr'>quaecunque</span> <span class='ocrx_word' id='word_1_1233' title='bbox 1649 3349 1687 3383; x_wconf 87' lang='lat' dir='ltr'>acl</span> <span class='ocrx_word' id='word_1_1234' title='bbox 1711 3350 1844 3383; x_wconf 85' lang='lat' dir='ltr'>lethales</span> <span class='ocrx_word' id='word_1_1235' title='bbox 1877 3349 2022 3385; x_wconf 78' lang='lat' dir='ltr'>thoracis</span> <span class='ocrx_word' id='word_1_1236' title='bbox 2053 3350 2325 3388; x_wconf 68' lang='lat' dir='ltr'>inflammationes</span> <span class='ocrx_word' id='word_1_1237' title='bbox 2358 3356 2438 3387; x_wconf 86' lang='lat' dir='ltr'>atti-</span> 
     </span>
     <span class='ocr_line' id='line_1_154' title="bbox 1426 3394 2436 3440; baseline 0.003 -12"><span class='ocrx_word' id='word_1_1238' title='bbox 1426 3405 1527 3436; x_wconf 87' lang='lat' dir='ltr'>nent,</span> <span class='ocrx_word' id='word_1_1239' title='bbox 1551 3395 1589 3429; x_wconf 88' lang='lat' dir='ltr'>ad</span> <span class='ocrx_word' id='word_1_1240' title='bbox 1612 3404 1709 3427; x_wconf 89' lang='lat' dir='ltr'>unam</span> <span class='ocrx_word' id='word_1_1241' title='bbox 1731 3405 1841 3428; x_wconf 84' lang='lat' dir='ltr'>omnes</span> <span class='ocrx_word' id='word_1_1242' title='bbox 1852 3394 2102 3429; x_wconf 85' lang='lat' dir='ltr'>Observationes</span> <span class='ocrx_word' id='word_1_1243' title='bbox 2125 3396 2321 3439; x_wconf 69' lang='lat' dir='ltr'>perlegeris,</span> <span class='ocrx_word' id='word_1_1244' title='bbox 2344 3398 2436 3440; x_wconf 83' lang='lat' dir='ltr'>plane</span> 
     </span>
    </p>
   </div>
   <div class='ocr_carea' id='block_1_5' title="bbox 2271 3452 2393 3484">
    <p class='ocr_par' dir='ltr' id='par_1_8' title="bbox 2271 3452 2393 3484">
     <span class='ocr_line' id='line_1_155' title="bbox 2271 3452 2393 3484; baseline 0.008 -11"><span class='ocrx_word' id='word_1_1245' title='bbox 2271 3452 2393 3484; x_wconf 77' lang='lat' dir='ltr'>cogno-</span> 
     </span>
    </p>
   </div>
   <div class='ocr_carea' id='block_1_6' title="bbox 367 3553 2443 3576">
    <p class='ocr_par' dir='ltr' id='par_1_9' title="bbox 367 3553 2443 3576">
     <span class='ocr_line' id='line_1_156' title="bbox 367 3553 2443 3576; baseline -0.007 0"><span class='ocrx_word' id='word_1_1246' title='bbox 367 3553 2443 3576; x_wconf 46' lang='lat' dir='ltr'>*W</span> 
     </span>
    </p>
   </div>
   <div class='ocr_carea' id='block_1_7' title="bbox 425 3632 1264 3670">
    <p class='ocr_par' dir='ltr' id='par_1_10' title="bbox 425 3632 1264 3670">
     <span class='ocr_line' id='line_1_157' title="bbox 425 3632 1264 3670; baseline -0.011 -5"><span class='ocrx_word' id='word_1_1247' title='bbox 425 3641 464 3670; x_wconf 65' lang='grc' dir='ltr'>(ε</span> <span class='ocrx_word' id='word_1_1248' title='bbox 479 3641 493 3670; x_wconf 72' lang='grc'>&gt;</span> <span class='ocrx_word' id='word_1_1249' title='bbox 510 3640 564 3665; x_wconf 66' lang='lat' dir='ltr'>vid.</span> <span class='ocrx_word' id='word_1_1250' title='bbox 582 3643 598 3664; x_wconf 92' lang='lat'>1.</span> <span class='ocrx_word' id='word_1_1251' title='bbox 616 3649 637 3665; x_wconf 87' lang='lat'>2.</span> <span class='ocrx_word' id='word_1_1252' title='bbox 655 3641 679 3663; x_wconf 71' lang='lat' dir='ltr'>S.</span> <span class='ocrx_word' id='word_1_1253' title='bbox 696 3648 718 3668; x_wconf 86' lang='lat'>7.</span> <span class='ocrx_word' id='word_1_1254' title='bbox 735 3639 794 3664; x_wconf 66' lang='lat' dir='ltr'>osc.</span> <span class='ocrx_word' id='word_1_1255' title='bbox 811 3643 850 3664; x_wconf 79' lang='lat'>⁶1.</span> <span class='ocrx_word' id='word_1_1256' title='bbox 913 3632 1264 3667; x_wconf 63' lang='lat' dir='ltr'>(f)1.2.s.1.0bs.24.</span> 
     </span>
    </p>
   </div>
   <div class='ocr_carea' id='block_1_8' title="bbox 432 3670 889 3703">
    <p class='ocr_par' dir='ltr' id='par_1_11' title="bbox 432 3670 889 3703">
     <span class='ocr_line' id='line_1_158' title="bbox 432 3670 889 3703; baseline -0.002 -8"><span class='ocrx_word' id='word_1_1257' title='bbox 432 3673 447 3703; x_wconf 88' lang='lat'>(</span> <span class='ocrx_word' id='word_1_1258' title='bbox 464 3672 473 3695; x_wconf 78' lang='lat' dir='ltr'><em>i</em></span> <span class='ocrx_word' id='word_1_1259' title='bbox 489 3672 502 3701; x_wconf 84' lang='lat'>)</span> <span class='ocrx_word' id='word_1_1260' title='bbox 522 3671 605 3695; x_wconf 73' lang='lat' dir='ltr'>Relaz.</span> <span class='ocrx_word' id='word_1_1261' title='bbox 622 3670 660 3696; x_wconf 76' lang='lat' dir='ltr'>de’</span> <span class='ocrx_word' id='word_1_1262' title='bbox 676 3670 741 3695; x_wconf 79' lang='lat' dir='ltr'>Mali</span> <span class='ocrx_word' id='word_1_1263' title='bbox 756 3670 781 3695; x_wconf 84' lang='lat' dir='ltr'>di</span> <span class='ocrx_word' id='word_1_1264' title='bbox 800 3675 867 3700; x_wconf 73' lang='lat' dir='ltr'>petto</span> <span class='ocrx_word' id='word_1_1265' title='bbox 883 3685 889 3692; x_wconf 89' lang='lat'>-</span> 
     </span>
    </p>
   </div>
   <div class='ocr_carea' id='block_1_9' title="bbox 953 3628 1929 3695">
    <p class='ocr_par' dir='ltr' id='par_1_12' title="bbox 953 3628 1929 3695">
     <span class='ocr_line' id='line_1_159' title="bbox 1330 3628 1785 3661; baseline -0.004 -6"><span class='ocrx_word' id='word_1_1266' title='bbox 1330 3631 1344 3660; x_wconf 83' lang='grc'>(</span> <span class='ocrx_word' id='word_1_1267' title='bbox 1357 3638 1375 3661; x_wconf 86' lang='lat' dir='ltr'><em>g</em></span> <span class='ocrx_word' id='word_1_1268' title='bbox 1393 3631 1406 3659; x_wconf 82' lang='lat'>)</span> <span class='ocrx_word' id='word_1_1269' title='bbox 1423 3629 1482 3654; x_wconf 85' lang='lat' dir='ltr'>Obs.</span> <span class='ocrx_word' id='word_1_1270' title='bbox 1500 3638 1520 3658; x_wconf 83' lang='lat'>9.</span> <span class='ocrx_word' id='word_1_1271' title='bbox 1539 3629 1560 3659; x_wconf 83' lang='lat'>§.</span> <span class='ocrx_word' id='word_1_1272' title='bbox 1579 3636 1614 3653; x_wconf 85' lang='grc' dir='ltr'>ιο.</span> <span class='ocrx_word' id='word_1_1273' title='bbox 1631 3631 1651 3653; x_wconf 86' lang='grc' dir='ltr'>8ι</span> <span class='ocrx_word' id='word_1_1274' title='bbox 1669 3628 1730 3653; x_wconf 87' lang='lat' dir='ltr'>Obs.</span> <span class='ocrx_word' id='word_1_1275' title='bbox 1749 3633 1785 3653; x_wconf 81' lang='lat'>16.</span> 
     </span>
     <span class='ocr_line' id='line_1_160' title="bbox 953 3660 1929 3695; baseline -0.005 -6"><span class='ocrx_word' id='word_1_1276' title='bbox 953 3666 968 3695; x_wconf 88' lang='lat'><strong>(</strong></span> <span class='ocrx_word' id='word_1_1277' title='bbox 983 3665 999 3689; x_wconf 72' lang='lat' dir='ltr'><em>k</em></span> <span class='ocrx_word' id='word_1_1278' title='bbox 1015 3665 1029 3694; x_wconf 81' lang='grc'>)</span> <span class='ocrx_word' id='word_1_1279' title='bbox 1044 3665 1134 3691; x_wconf 83' lang='lat' dir='ltr'>Medic.</span> <span class='ocrx_word' id='word_1_1280' title='bbox 1154 3668 1208 3690; x_wconf 69' lang='lat' dir='ltr'>Rat·</span> <span class='ocrx_word' id='word_1_1281' title='bbox 1227 3662 1285 3694; x_wconf 86' lang='lat' dir='ltr'>Syst.</span> <span class='ocrx_word' id='word_1_1282' title='bbox 1305 3663 1379 3688; x_wconf 87' lang='lat' dir='ltr'>Tom.</span> <span class='ocrx_word' id='word_1_1283' title='bbox 1396 3671 1421 3691; x_wconf 83' lang='lat'>4.</span> <span class='ocrx_word' id='word_1_1284' title='bbox 1439 3664 1468 3686; x_wconf 85' lang='lat' dir='ltr'>P.</span> <span class='ocrx_word' id='word_1_1285' title='bbox 1487 3668 1508 3685; x_wconf 87' lang='lat'>1.</span> <span class='ocrx_word' id='word_1_1286' title='bbox 1526 3662 1550 3684; x_wconf 84' lang='lat' dir='ltr'>S.</span> <span class='ocrx_word' id='word_1_1287' title='bbox 1569 3667 1590 3685; x_wconf 86' lang='lat'>².</span> <span class='ocrx_word' id='word_1_1288' title='bbox 1609 3667 1630 3684; x_wconf 82' lang='lat' dir='ltr'>c.</span> <span class='ocrx_word' id='word_1_1289' title='bbox 1648 3663 1670 3685; x_wconf 85' lang='lat'>6.</span> <span class='ocrx_word' id='word_1_1290' title='bbox 1689 3660 1743 3684; x_wconf 78' lang='lat' dir='ltr'>thes</span> <span class='ocrx_word' id='word_1_1291' title='bbox 1766 3660 1832 3689; x_wconf 77' lang='lat' dir='ltr'>path.</span> <span class='ocrx_word' id='word_1_1292' title='bbox 1853 3660 1873 3690; x_wconf 86' lang='lat'>§.</span> <span class='ocrx_word' id='word_1_1293' title='bbox 1894 3668 1929 3685; x_wconf 87' lang='lat'>12.</span> 
     </span>
    </p>
   </div>
   <div class='ocr_carea' id='block_1_10' title="bbox 1847 3629 2233 3691">
    <p class='ocr_par' dir='ltr' id='par_1_13' title="bbox 1847 3629 2233 3691">
     <span class='ocr_line' id='line_1_161' title="bbox 1847 3629 2233 3661; baseline 0.01 -8"><span class='ocrx_word' id='word_1_1294' title='bbox 1847 3630 1861 3658; x_wconf 85' lang='lat'>(</span> <span class='ocrx_word' id='word_1_1295' title='bbox 1879 3630 1893 3653; x_wconf 84' lang='lat' dir='ltr'>b</span> <span class='ocrx_word' id='word_1_1296' title='bbox 1912 3629 1919 3659; x_wconf 95' lang='lat'><em>)</em></span> <span class='ocrx_word' id='word_1_1297' title='bbox 1936 3630 1994 3655; x_wconf 78' lang='lat' dir='ltr'>obs.</span> <span class='ocrx_word' id='word_1_1298' title='bbox 2012 3631 2084 3655; x_wconf 84' lang='lat' dir='ltr'>Anat.</span> <span class='ocrx_word' id='word_1_1299' title='bbox 2102 3629 2170 3655; x_wconf 80' lang='lat' dir='ltr'>Med.</span> <span class='ocrx_word' id='word_1_1300' title='bbox 2194 3639 2233 3661; x_wconf 81' lang='lat'>27·</span> 
     </span>
     <span class='ocr_line' id='line_1_162' title="bbox 1993 3662 2160 3691; baseline -0.006 -6"><span class='ocrx_word' id='word_1_1301' title='bbox 1993 3662 2006 3689; x_wconf 86' lang='lat'><strong>(</strong></span> <span class='ocrx_word' id='word_1_1302' title='bbox 2023 3662 2032 3685; x_wconf 86' lang='grc' dir='ltr'><em>Ι</em></span> <span class='ocrx_word' id='word_1_1303' title='bbox 2047 3663 2062 3691; x_wconf 89' lang='grc'>)</span> <span class='ocrx_word' id='word_1_1304' title='bbox 2079 3669 2101 3686; x_wconf 87' lang='lat' dir='ltr'>n.</span> <span class='ocrx_word' id='word_1_1305' title='bbox 2118 3669 2160 3690; x_wconf 80' lang='lat'>40.</span> 
     </span>
    </p>
   </div>
  </div>
 </body>
</html>
