2498 4075
512 246 666 307 Epist.
706 247 871 300 Anat.
907 247 1121 302 Medica
1156 247 1346 302 XLIV.
1386 249 1504 307 Art.
1542 265 1583 305 3.

79 324 205 359 Summi
230 328 306 361 Viri
329 326 454 362 Senacii
480 331 492 366 (
515 325 534 360 b
555 325 568 366 )
593 325 847 361 Observationes
870 350 884 368 ,
906 329 1079 364 secundum

79 378 158 409 quas
181 370 307 411 globuli
335 371 475 404 materiae
499 370 531 401 in
557 369 753 411 gonorrhoea
777 371 943 405 effluentis
974 373 1077 415 majo-

79 425 126 447 res
150 411 221 446 sunt
245 439 254 454 ,
286 415 412 457 globuli
446 422 551 446 autem
580 414 638 455 qui
661 415 803 447 ulcerum
828 426 885 457 pus
918 415 1040 451 faciunt
1062 439 1075 456 ,

79 458 154 491 {unt
178 458 342 497 minores,
364 460 395 489 &
419 456 611 498 inaequales,
638 457 662 489 si
686 458 819 499 utrique
842 458 938 492 oculo
962 460 1075 503 exqui-

79 500 231 536 fitillimis
254 502 345 535 vitris
369 500 523 532 inllrufto
546 497 740 541 aspiciantur
761 523 774 540 ,
797 504 828 534 &
850 512 924 535 cum
948 501 1075 544 sangui-

78 545 129 578 nis
151 544 292 585 globulis
323 552 554 585 comparentur
578 566 586 573 .

78 587 195 630 primis
217 585 361 625 secutuS,
385 588 444 628 qui
467 595 559 619 caute
582 584 827 630 sapienterque,
850 597 885 622 ut
909 590 942 621 in
967 591 1073 631 Sepul.

75 631 191 666 chreto
215 631 265 672 (c
287 634 301 670 )
322 629 447 668 habe5‚
481 630 648 662 materiam
669 630 758 663 illam
777 632 869 672 puris
893 631 1079 674 fimilitudi-

75 685 144 708 nem
168 673 282 716 referre
296 697 307 714 ,
332 680 385 706 aut
408 674 483 713 puri
498 671 636 714 fimilem
659 673 739 709 elle,
764 674 848 708 dixit
873 700 882 714 ,
915 686 974 716 ego
998 688 1077 717 quo-

76 729 138 761 que
157 714 360 758 purzformem
384 715 543 757 appellavi
566 743 573 749 .
607 716 736 749 Placuit
759 729 792 750 ea
816 719 1021 758 gonorrhoeae
1044 722 1077 752 in

75 761 260 795 canaliculis
285 760 369 793 sedes
388 783 397 798 ‚
418 770 484 792 non
505 759 582 792 dico
604 759 820 794 Cockburnio
840 762 854 799 (
876 761 928 802 d)
952 775 961 798 ·,
999 763 1076 795 huic

74 806 184 843 enim,
208 805 319 837 Doeto
343 802 488 844 alioquin
512 804 622 843 Viro,
645 804 694 836 vel
717 813 828 846 praeter
853 804 983 838 modum
1007 817 1078 847 per-

74 848 216 889 placuit3
239 845 290 879 sed
314 856 433 887 magno
456 845 656 880 Boerhaavio
679 850 693 886 (
715 846 763 887 e)
787 846 862 880 dico
877 870 889 886 ‚
911 848 1075 882 &Illustri

75 891 210 924 Hallero
234 887 312 932 (f),
336 888 385 921 ibi
405 889 514 931 primae
528 888 645 931 speciei
663 889 844 931 gonorrhoeae
849 889 952 931 sedem
976 901 1075 933 agno-

79 933 241 967 scentibus
263 956 274 972 ‚
307 935 340 965 &
364 945 421 966 eur
446 934 630 966 irritatione
663 934 697 965 in
731 932 909 966 erofionem
942 934 1073 968 demum

75 978 213 1011 abeunte
237 975 401 1019 spongiosi
424 976 562 1010 urethrae
585 976 729 1018 corporis
753 998 763 1012 ‚
797 977 864 1009 sola
881 978 1073 1011 'membrana

75 1033 92 1054 a
114 1020 303 1066 canaliculis
325 1019 418 1053 divisi
446 1045 455 1059 ,
488 1031 552 1053 non
576 1030 648 1052 raro
672 1019 797 1061 sanguis
822 1018 890 1059 ipse
924 1019 1037 1054 effluat
1063 1045 1071 1052 .

74 1065 200 1098 Placuit
222 1065 254 1096 &
279 1064 372 1097 Viris
395 1064 465 1096 aliis
490 1062 719 1096 Eruditislimis
750 1062 933 1096 cellularum
964 1063 1073 1097 multi-

66 1107 203 1150 plicium
225 1108 357 1141 nomine
379 1106 574 1141 canaliculos
597 1105 854 1149 designantibus.-
878 1106 1071 1147 quibuscum

72 1161 202 1189 tamen,
228 1149 315 1185 haud
341 1150 416 1184 satis
439 1149 615 1191 intelligo,
637 1148 805 1191 quomodo
820 1150 916 1182 Litrii
940 1162 1072 1195 quoque

70 1194 260 1236 glandulam
284 1193 561 1236 comprehendant
586 1214 596 1229 ,
632 1203 686 1226 aut
722 1192 891 1234 quomodo
922 1194 980 1235 ipn
1014 1195 1071 1237 qni

72 1238 270 1272 canaliculos
294 1248 460 1280 nunquam
485 1237 678 1270 memoravit
693 1261 702 1276 ‚
725 1235 844 1269 horum
875 1237 973 1270 etiam
997 1261 1006 1277 ,
1037 1239 1072 1269 in

71 1280 272 1324 gomorrhaea
295 1280 375 1315 male
400 1281 428 1314 se
452 1280 641 1314 habentium
667 1303 676 1318 ‚
717 1278 989 1313 observationem
1012 1281 1073 1314 tri-

70 1325 168 1358 buere
193 1325 387 1364 videantur,
408 1323 496 1366 quali
521 1335 553 1357 ea
577 1324 610 1356 in
635 1324 888 1356 Commentariis
910 1324 1071 1366 legeretur

70 1369 184 1410 Regiae
218 1368 435 1412 Scientiarum
469 1368 656 1401 Academiae
688 1366 865 1400 Parifiensis
900 1369 945 1400 A.
975 1377 1070 1411 1711.

200 1413 252 1446 De
276 1411 443 1445 muliebris
466 1420 572 1445 autem
597 1408 734 1444 urethrae
756 1409 941 1444 canaliculis
965 1434 974 1449 ,
1009 1422 1073 1444 non

69 1454 164 1488 secus
187 1467 222 1489 ac
245 1456 278 1488 in
303 1454 393 1488 virili
418 1466 434 1487 a
459 1466 509 1488 me
532 1453 701 1496 descriptis
723 1456 777 1496 (g
797 1457 834 1494 ),
870 1455 901 1486 &
924 1454 964 1488 de
986 1454 1076 1488 seba-

69 1500 133 1533 ceis
158 1510 237 1541 quas
259 1501 339 1532 item
371 1499 472 1540 reperi
498 1520 509 1537 ‚
545 1495 763 1541 nympharum
786 1521 799 1537 ‚
833 1498 1074 1539 proximorum-

69 1542 134 1584 que
157 1542 321 1576 labiorum
346 1541 503 1584 glandulis
525 1543 540 1580 ζ
561 1541 581 1574 h
605 1544 615 1578 )
642 1563 652 1577 ‚
674 1551 810 1581 quarum
834 1540 890 1573 has
915 1540 975 1573 hoc
1000 1541 1074 1583 ipso

70 1586 223 1626 nomine,
247 1585 322 1618 illos
343 1585 533 1618 cellularum
545 1584 759 1627 appellatione
784 1582 965 1625 significant
979 1606 988 1621 ‚
1003 1597 1073 1617 ver-

70 1629 110 1662 ba
146 1628 200 1662 hic
232 1639 298 1662 non
322 1627 439 1662 faciam
464 1638 633 1670 propterea
657 1628 734 1669 quia
757 1638 831 1660 cum
866 1628 900 1660 in
926 1629 1074 1662 mulieres

67 1672 244 1705 inciderim·
265 1682 429 1714 nunquam
454 1681 526 1713 quae
551 1680 636 1705 certa
658 1671 797 1714 quadam
822 1672 979 1704 exteriore
1013 1684 1076 1714 go-

68 1714 223 1748 norrhoea
248 1715 452 1757 laborarent,
476 1724 529 1748 aut
554 1726 627 1748 cum
649 1714 807 1747 interiore
840 1725 1034 1749 vexarentur
1061 1741 1070 1754 ,

67 1759 236 1795 obierint;
259 1758 394 1792 statuere
418 1769 483 1792 non
508 1756 631 1801 possum
647 1781 657 1796 ,
682 1769 719 1790 an
744 1758 810 1791 haec
837 1758 1011 1800 aliquando
1034 1760 1067 1792 in

66 1803 108 1835 iis
132 1801 321 1834 canaliculis
345 1824 355 1838 ‚
389 1802 444 1835 illa
468 1803 502 1834 in
526 1803 565 1835 iis
598 1800 759 1842 glandulis
783 1800 885 1834 sedem
919 1801 1032 1835 habeat
1058 1827 1066 1833 .

64 1845 140 1879 Nec
164 1848 198 1877 in
223 1845 299 1878 viris
323 1844 450 1878 felicior
475 1843 522 1877 fui
541 1868 551 1883 ,
586 1853 621 1877 ut
653 1841 790 1878 infestos
815 1846 984 1887 reperirem
1007 1857 1069 1886 go-

64 1887 219 1922 norrhoea
240 1890 348 1922 eadem
372 1889 550 1928 exteriore,
571 1898 668 1930 quam
685 1886 830 1929 spuriam
852 1889 933 1921 olim
956 1890 1068 1931 appel-

62 1932 136 1966 laffe
158 1931 310 1966 dicuntur
334 1932 455 1966 Medici
481 1931 730 1973 Monspelienses
754 1932 802 1973 (ι’
824 1935 858 1970 ),
884 1942 918 1964 ut
942 1943 1068 1973 quaere-

62 1986 97 2009 re
121 1975 261 2017 possem,
286 1987 324 2009 an
347 1975 416 2016 ejus
441 1976 575 2009 materia
599 1986 615 2007 e
638 1974 763 2017 glandis
787 1974 954 2017 superficie
989 1986 1068 2017 pro-

62 2019 150 2053 diret
183 2019 272 2052 nullo
309 2019 413 2052 ulcere
449 2019 561 2052 affeeta
584 2039 594 2055 ‚
626 2030 665 2051 an
688 2030 725 2051 ex
760 2018 919 2061 glandulis
940 2029 1069 2052 coronae

62 2063 188 2105 glandis
211 2060 373 2104 ejusdem,
399 2071 434 2095 ut
459 2062 499 2095 lic
526 2063 643 2096 Littrii
669 2061 827 2094 sententia
860 2060 1071 2095 confirmare-

62 2115 142 2145 tur,
163 2118 199 2139 ea
220 2116 348 2138 coronae
371 2106 502 2147 granula
530 2115 588 2147 pro
610 2104 773 2148 glandulis
792 2128 804 2144 ,
838 2116 904 2137 non
928 2116 989 2147 pro
1014 2117 1070 2147 pa-

62 2150 174 2192 pillis,
198 2148 472 2191 quemadmodum
496 2148 682 2190 Ruyschius
706 2171 714 2186 ,
754 2147 922 2182 habentis·.
949 2148 1066 2181 Littrii

63 2193 256 2227 sententiam
279 2192 373 2231 dixi7·
396 2203 497 2234 neque
520 2194 606 2225 enim
633 2192 695 2224 mei
721 2203 860 2233 unquam
885 2191 950 2224 fnit
975 2213 983 2227 ,
1010 2194 1066 2233 qui

64 2248 141 2270 cum
165 2236 255 2268 illam
277 2245 566 2268 commemorarem
581 2257 590 2272 ‚
614 2234 768 2268 assensum
791 2236 830 2267 ab
845 2232 991 2276 ‘utraque
1014 2246 1069 2266 co-

64 2279 160 2314 hibui
175 2301 183 2314 ‚
206 2278 395 2320 diligentius
420 2278 524 2320 postea
545 2279 760 2321 quaefituru53
787 2287 822 2311 ut
847 2280 942 2311 mirer
965 2299 974 2313 ,
1007 2278 1068 2311 effe

65 2322 208 2365 potuisse
232 2324 289 2363 qui
314 2333 390 2355 cum
412 2333 479 2355 mea
504 2324 532 2356 I.
556 2324 570 2360 <
594 2320 612 2360 l<
633 2325 666 2362 >,
691 2323 722 2354 &
747 2321 810 2354 IV.
837 2325 847 2359 (
872 2321 883 2353 l
905 2324 918 2359 >
944 2320 1068 2354 Adver-

64 2367 147 2404 saria
170 2364 335 2407 legissent,
361 2366 498 2408 primam
524 2364 606 2398 mihi
632 2366 828 2398 sententiam
851 2364 1030 2397 tribuerent
1054 2387 1066 2403 ,

63 2411 136 2442 imo
159 2421 192 2442 ea
214 2408 252 2442 de
276 2420 308 2441 re
330 2408 476 2442 celebrem
499 2407 611 2449 litem,
634 2407 655 2441 si
682 2408 955 2449 Superisplacet,
980 2410 1067 2449 Ray-

58 2451 183 2495 schz'um
204 2453 288 2484 inter
309 2460 402 2494 atque
423 2454 627 2494 Morgagnum
643 2450 804 2493 subortam
827 2448 881 2493 effe
903 2471 912 2487 ‚
946 2451 1064 2484 scribe-

62 2505 156 2529 rent.
183 2494 353 2535 Ruvschio
376 2495 464 2527 enim
489 2494 552 2528 hoc
576 2494 707 2537 quidem
732 2496 848 2527 excidit
874 2497 888 2532 (
910 2504 940 2526 m
963 2497 1061 2534 >me,

64 2538 199 2581 granula
222 2538 277 2571 illa
296 2547 354 2579 pro
374 2537 533 2580 glandulis
557 2535 734 2580 descripfiffe
767 2540 808 2571 (at
839 2537 986 2569 delineari
1007 2549 1061 2570 cn-

62 2578 196 2624 ravz'ffi’:
221 2592 281 2623 ego
306 2592 384 2614 vero
405 2582 549 2624 sperans,
573 2593 612 2614 ex
637 2583 714 2614 meis
726 2581 928 2614 Adversariis
950 2591 1060 2615 omnes

62 2624 157 2659 facile
182 2627 373 2667 agnituros,
394 2627 558 2664 optimum
586 2628 616 2656 ἅ·
640 2624 920 2666 occupatiffimum
939 2625 1058 2663 *Senem

63 2680 165 2703 meam
189 2679 253 2701 non
279 2668 352 2701 satis
377 2667 551 2703 assecutum
576 2668 635 2701 esle
660 2678 799 2701 mentem
824 2691 834 2705 ‚
859 2665 1060 2710 superfluum

62 2712 241 2745 existimavi
264 2712 312 2744 vel
338 2723 403 2744 uno
426 2712 524 2745 verbo
547 2711 756 2753 respondere.
781 2711 857 2745 Huc
881 2720 952 2744 tota
984 2712 1063 2746 cele-

62 2755 130 2788 bris
154 2754 194 2786 lis
217 2755 273 2787 illa
298 2756 414 2788 recidit
439 2781 447 2789 .
481 2755 581 2788 Hisce
614 2755 830 2788 exterioribus
851 2754 1060 2797 gonorrhoeis

66 2797 173 2831 multo
207 2798 311 2830 rarior
339 2798 394 2831 illa
428 2799 469 2832 est
501 2809 601 2841 quam
634 2798 717 2832 vidit
745 2822 754 2836 ‚
785 2800 975 2839 curavitque
1006 2798 1060 2831 Cl.

65 2839 222 2882 Wolffius
246 2844 256 2879 (
279 2851 298 2872 n
325 2845 336 2880 )
364 2866 371 2873 .
396 2842 526 2876 Humor
549 2842 636 2874 enim
660 2853 699 2875 ex
724 2843 855 2876 urethra
879 2840 1063 2875 destillabat

61 2883 177 2928 semini
199 2883 346 2926 antilogus
371 2886 512 2926 primum
535 2886 647 2923 albus,
670 2884 746 2918 dein
779 2886 892 2918 viridis
925 2883 1027 2918 factus
1052 2910 1062 2925 ,

66 2938 142 2961 cum
165 2927 313 2960 maximis
334 2927 367 2960 in
391 2928 565 2971 mingendo
586 2928 774 2966 doloribus,
800 2932 830 2962 δι
854 2929 1064 2971 penisincur-

66 2974 199 3004 vatione
215 2994 224 3010 ‚
246 2981 302 3003 nee
326 2978 432 3004 tamen
454 2974 615 3013 impuram
641 2983 788 3006 venerem
810 2995 819 3010 ,
844 2976 915 3006 imo
939 2971 1061 3005 nullam

67 3025 237 3051 venerem,
261 3012 312 3047 sed
336 3014 412 3047 alias
426 3039 434 3055 ‚
456 3026 533 3059 quas
557 3026 721 3049 enumerat
739 3038 749 3054 ,
782 3017 887 3049 causas
923 3023 989 3049 erat
1010 3017 1066 3049 illa

66 3056 265 3100 gonorrhoea
289 3058 456 3092 consecuta
471 3081 482 3098 ,
504 3059 592 3100 quod
613 3062 644 3092 δι
668 3059 720 3092 ille
744 3059 896 3093 asseverat
911 3083 920 3098 ,
943 3059 1064 3099 etiosa,

68 3110 106 3134 ut
130 3101 350 3142 Hippocrates
373 3105 383 3139 (
407 3112 423 3133 ο
446 3105 456 3140 )
482 3102 648 3144 loquitur,
671 3103 796 3142 ostendit
815 3102 960 3145 sanatio,
985 3101 1064 3136 faci-

69 3145 98 3177 le
122 3145 300 3182 nimirum,
325 3145 358 3176 ἃ
380 3145 448 3177 cito
460 3156 513 3186 per
536 3146 610 3179 data
623 3145 762 3179 remedia
786 3147 1065 3188 obveniens‚quae

69 3185 170 3223 causis
193 3188 260 3222 illis
284 3196 373 3220 etant
398 3190 545 3230 opposita
569 3215 576 3221 .
611 3189 668 3223 Sed
693 3190 752 3223 hac
777 3213 790 3230 ,
812 3193 841 3223 &
866 3191 1064 3231 gonorrhoea

67 3242 140 3272 quae
164 3231 263 3272 vulgo
286 3230 408 3263 dicitur
423 3230 524 3272 sicca,
549 3232 639 3274 sive,
661 3243 697 3266 ut
721 3235 849 3274 proprie
872 3234 945 3266 eslet
976 3232 1068 3276 juxta

69 3274 141 3308 Cel.
168 3273 312 3307 Astrncii
335 3276 389 3314 (p
410 3277 424 3312 >
449 3276 609 3308 monitum
626 3276 811 3319 appellanda
826 3299 834 3313 ‚
859 3277 986 3319 dysuria
1013 3290 1067 3311 ve-

67 3328 160 3350 nerea
185 3317 264 3350 sicca
280 3344 288 3357 ‚
313 3317 542 3358 praetermiffis‚
568 3319 606 3352 ad
632 3331 700 3353 eam
722 3332 793 3363 quae
816 3319 1068 3363 fsequentiffima

67 3361 135 3399 est,
156 3363 190 3394 δέ
212 3361 251 3394 de
274 3370 336 3402 qua
361 3359 495 3393 scribere
510 3372 725 3404 coeperamus,
749 3363 853 3397 noster
876 3363 1068 3398 contrahen-

67 3404 127 3437 dus
150 3403 191 3437 est
215 3405 337 3436 sermo.
363 3405 551 3446 Igiturquae
574 3406 679 3447 dehac
705 3418 761 3448 per
783 3405 982 3440 dissefflones
994 3420 1070 3442 con-

70 3447 190 3489 spicere
216 3446 335 3493 potuil,
359 3457 397 3479 ex
421 3448 461 3480 iis
483 3450 657 3489 cognosces
679 3449 979 3484 Observationibus
991 3463 1068 3493 quas

69 3493 228 3523 continuo
252 3490 422 3531 subjiciam
439 3515 448 3530 ,
472 3491 570 3524 initio
591 3491 693 3527 duero
715 3506 730 3526 a
757 3494 953 3536 longiuscula
966 3494 1068 3529 histo-

69 3533 141 3572 ria,
166 3533 216 3566 sed
242 3546 280 3566 eo
308 3535 448 3574 gratiore
473 3534 536 3566 tibi
560 3534 668 3570 futura
685 3559 694 3572 ,
716 3539 803 3577 quod
819 3548 891 3571 curn
907 3539 982 3572 alias
1007 3540 1073 3581 (q)

68 3576 107 3611 de
130 3577 262 3618 Angina
286 3578 484 3610 mentionem
507 3578 626 3620 injeci,
651 3580 789 3613 maxime
821 3580 945 3623 questus
979 3581 1046 3616 sum
1062 3605 1071 3620 ‚

157 3620 321 3662 Morgagni
333 3622 367 3652 de
378 3620 445 3652 Sed.
464 3619 602 3664 &Caufi
616 3621 717 3655 Morb.
731 3624 831 3656 Tom.
844 3625 890 3656 II.

627 544 741 585 Itaque
775 545 1009 579 Rondeletium
1041 548 1099 579 in*

1965 263 2052 310 195

1131 331 1163 363 in
1188 331 1371 372 gravislimo
1395 332 1552 376 ejusmodi
1577 331 1712 369 morbo,
1738 330 1896 364 Sestiones
1930 341 2041 362 eorum
2065 327 2123 370 qui

1131 374 1270 409 confeffl
1294 376 1352 408 illo
1375 376 1461 418 fint,
1484 376 1587 410 adhuc
1609 375 1797 408 desiderari.
1823 373 1924 416 Qod
1949 374 2049 415 igitur
2072 370 2121 403 vel

1131 416 1212 451 mihi
1224 428 1299 452 tunc
1313 418 1418 454 deerat
1434 447 1442 459 ‚
1467 421 1519 453 hic
1531 420 1671 462 primum
1683 418 1835 454 habebis;
1859 427 2003 449 extremo
2017 424 2124 448 autem

1126 462 1201 494 loco
1223 474 1294 504 quae
1318 463 1355 496 ad
1378 464 1472 507 hujus
1483 462 1635 505 Epistolae
1661 471 1883 503 argumentum
1906 461 2069 502 speetant,
2087 469 2125 490 ex

1127 505 1234 537 eadem
1258 505 1392 540 historia
1417 508 1482 540 non
1504 507 1717 539 omittentur.

1169 560 1199 589 3-
1225 548 1291 583 ΕΛ
1307 550 1331 582 Β
1345 550 1373 582 E
1387 552 1419 584 R
1443 549 1600 592 lignarius
1625 549 1763 590 triginta
1787 556 1851 580 tres
1873 547 2002 580 circiter
2025 547 2123 579 annos

1126 601 1241 629 natus,
1266 603 1440 635 procerus,
1465 596 1496 626 δι
1519 602 1638 635 magno
1661 601 1797 633 corpore
1812 615 1820 630 ‚
1843 588 1956 623 habitu
1991 589 2127 631 subpin-

1133 636 1189 675 gui
1211 657 1220 672 ‚
1256 644 1346 668 antea
1367 662 1375 676 ‚
1408 645 1567 679 quantum
1591 636 1664 669 sciri
1690 643 1815 676 poterat
1834 644 1850 670 '‚
1877 632 1989 672 sanus,
2011 643 2084 665 cum
2109 642 2125 664 a

1130 679 1229 716 vino,
1251 680 1281 711 δι
1305 680 1379 721 igne
1403 689 1518 721 praeter
1542 679 1674 712 modum
1700 677 1879 711 incaluisset
1900 699 1908 713 ‚
1942 676 2041 708 noftu
2065 674 2127 707 fri-

1129 720 1286 760 gidiffima
1310 723 1497 764 tempestate
1519 721 1653 756 domum
1665 723 1759 761 petiit
1778 746 1785 753 .
1812 720 1865 751 Ibi
1890 717 2067 752 vehementi
2080 716 2127 750 fe·-

1129 765 1185 796 bre
1206 787 1218 803 ‚
1247 768 1278 799 &
1307 769 1423 808 angina
1446 775 1596 808 correpto
1619 763 1788 798 accersitus
1824 764 1879 796 illa
1903 760 2012 808 eadem
2036 761 2128 808 noete

1133 808 1281 841 Medicus
1303 810 1489 852 sanguinem
1511 821 1527 842 e
1551 808 1684 842 brachio
1710 808 1815 839 mittit
1837 831 1844 837 .
1881 804 1980 838 Nihil
2012 812 2129 853 remit-

1131 859 1217 883 tente
1240 853 1357 886 morbo
1378 852 1480 887 fertur
1502 864 1594 886 mane
1617 853 1651 885 in
1674 850 1939 885 Nosocomium:
1965 848 2020 880 ubi
2043 846 2129 879 idem

1130 895 1289 928 auxilium
1311 898 1466 935 iteratur,
1491 895 1541 929 sed
1563 895 1678 929 frustra
1702 894 1779 927 adeo
1805 918 1814 933 ‚
1840 902 1875 925 ut
1899 889 2130 933 pomeridianis

1127 937 1220 970 horis
1254 938 1441 982 sanguinem
1475 940 1615 973 miserint
1643 951 1658 972 e
1682 937 1779 980 pede.
1803 936 1957 969 Proximo
1979 935 2029 967 die
2053 944 2129 981 qum

1125 989 1240 1014 caetera
1265 985 1384 1023 pariter
1410 994 1480 1025 quae
1505 992 1594 1016 antea
1611 1004 1620 1019 ,
1645 985 1675 1015 δε
1697 992 1768 1024 quae
1790 990 1861 1013 tum
1883 977 2129 1013 dabanturlivc,

1125 1034 1161 1057 nt
1182 1024 1267 1057 lente
1292 1035 1440 1066 poterat,
1466 1025 1692 1068 deglutienda,
1716 1026 1779 1058 five
1792 1024 1930 1057 exterius
1954 1021 2131 1055 admoven-

1124 1068 1164 1100 da
1182 1091 1191 1105 ,
1227 1067 1348 1102 nullam
1374 1068 1522 1103 afferrent
1546 1069 1722 1102 utilitatem
1742 1079 1751 1106 ;
1778 1078 1868 1100 mane
1891 1065 1995 1098 rursus
2019 1078 2035 1097 e
2057 1064 2131 1097 bra-

1123 1111 1202 1144 chio
1225 1110 1349 1153 sanguis
1373 1112 1415 1145 est
1439 1111 1568 1148 missus,
1593 1124 1608 1144 a
1634 1112 1768 1145 meridie
1793 1119 1898 1144 autem
1922 1120 1961 1142 ex
1985 1109 2022 1141 iis
2057 1118 2131 1156 quae

1125 1154 1184 1188 sub
1217 1155 1327 1196 lingua
1364 1156 1436 1189 sunt
1460 1180 1472 1196 ,
1505 1157 1592 1188 venis
1615 1168 1625 1194 ,-
1652 1166 1723 1188 nam
1744 1154 1932 1198 Jugularis,
1953 1161 1989 1185 ut
2013 1149 2133 1183 voluis-

1125 1198 1220 1237 sent,
1244 1209 1331 1240 aegro
1355 1210 1426 1232 eum
1451 1200 1508 1243 qui
1533 1198 1758 1242 requirebatur
1780 1218 1789 1234 ,
1825 1195 1963 1238 positum
1986 1206 2051 1227 non
2085 1191 2134 1225 fe-

1127 1251 1238 1279 rente,
1263 1242 1364 1276 incidi
1391 1254 1459 1276 non
1484 1252 1654 1285 potuerat.
1683 1241 1754 1275 Post
1765 1239 1832 1275 haec
1854 1241 1963 1272 omnia
1987 1248 2051 1271 non
2063 1247 2135 1269 mo-

1128 1285 1171 1317 do
1195 1297 1258 1319 non
1283 1285 1557 1323 decrescentibus,
1582 1287 1649 1319 imo
1673 1286 1793 1327 semper
1817 1284 1918 1325 magis
1941 1281 2134 1328 invalescen-

1128 1328 1217 1362 tibus
1242 1329 1332 1363 febre
1348 1352 1357 1367 ,
1379 1333 1409 1362 &
1433 1331 1579 1373 corporis
1601 1328 1796 1372 jaelatione,
1820 1329 1850 1359 &
1873 1338 1946 1360 cum
1969 1324 2020 1358 his
2042 1323 2135 1357 simul

1128 1372 1353 1413 deglutiendi,
1378 1374 1553 1416 loquendi,
1576 1372 1715 1416 spirandi
1738 1370 1948 1407 difficultate,
1973 1378 2046 1402 cum
2070 1377 2136 1399 ter-

1129 1417 1180 1448 tio
1202 1415 1267 1458 jam
1291 1417 1397 1450 morbi
1421 1416 1472 1450 die
1497 1416 1525 1451 se
1547 1416 1676 1450 dixisset
1701 1428 1716 1449 a
1741 1414 1925 1457 quindecim
1941 1435 1948 1449 ³
1974 1421 2026 1445 aut
2049 1419 2138 1443 certe

1130 1469 1196 1492 non
1220 1459 1324 1494 multo
1349 1461 1496 1503 pluribus
1517 1460 1631 1494 diebus
1656 1459 1816 1494 virulenta
1827 1454 2025 1500 gonorrhoea
2049 1453 2138 1502 labo-

1130 1513 1199 1535 rare
1222 1526 1234 1542 >
1270 1515 1348 1537 vena
1372 1505 1490 1537 iterum
1516 1503 1606 1546 pedis
1630 1502 1710 1537 festa
1733 1503 1777 1536 est
1800 1527 1807 1533 .
1842 1501 1977 1542 Sanguis
1996 1523 2004 1539 ,
2039 1506 2138 1530 toties

1131 1546 1284 1584 edustus,
1310 1548 1447 1581 crustam
1482 1549 1515 1579 in
1540 1546 1669 1580 summo
1703 1545 1819 1579 habuit
1854 1552 2052 1585 nunquam3
2085 1538 2140 1572 sed

1130 1590 1335 1623 duriusculus
1359 1590 1479 1632 semper
1500 1588 1589 1630 fuit,
1612 1599 1777 1631 paucoque
1801 1586 1956 1621 cumsero
1971 1612 1979 1617 -
2003 1584 2138 1617 Collum

1131 1643 1197 1666 erat
1222 1633 1470 1672 subtumidum;
1491 1644 1557 1667 non
1582 1631 1704 1670 facies,
1728 1642 1798 1674 qnae
1823 1641 1879 1664 nec
1906 1626 2084 1678 rubicunda
2108 1638 2140 1659 e-

1130 1686 1203 1710 rat.
1231 1678 1366 1710 Duabus
1391 1677 1522 1710 circiter
1547 1689 1562 1710 a
1589 1676 1758 1711 noviffima
1783 1685 1869 1707 venae
1893 1672 1982 1715 pedis
2006 1672 2140 1720 lenione

1128 1718 1313 1762 itnerjeffis
1335 1719 1426 1754 horis
1449 1719 1505 1754 etsi
1529 1720 1638 1763 pulsus
1662 1720 1766 1753 adhuc
1790 1717 1969 1760 perstabant
2006 1714 2105 1761 validi
2130 1724 2141 1751 3

1129 1763 1196 1804 ipse
1221 1773 1328 1796 tamen
1356 1775 1438 1806 aeger
1461 1766 1645 1806 proximam
1670 1762 1730 1796 esse
1755 1770 1895 1795 mortem
1920 1782 1930 1798 ‚
1956 1757 2115 1809 praescnsit
2131 1781 2138 1788 .

1129 1807 1214 1844 Quae
1238 1818 1346 1840 revera
1371 1819 1448 1839 mox
1472 1808 1596 1849 ingruit
1620 1806 1735 1840 eodem
1759 1805 1810 1838 die
1835 1805 1935 1837 tertio
1958 1814 2043 1836 circa
2076 1813 2142 1834 me-

1123 1851 1239 1883 ridiem
1259 1874 1266 1887 ‚
1293 1849 1334 1883 fic
1359 1860 1463 1883 tamen
1489 1872 1498 1887 ‚
1537 1861 1572 1884 ut
1596 1850 1670 1884 casu
1694 1849 1800 1883 videri
1824 1847 1927 1890 pollet
1954 1843 2107 1887 ingruisse
2131 1871 2140 1878 .

1122 1894 1212 1926 Cum
1222 1895 1306 1927 enim
1322 1905 1391 1926 eam
1406 1906 1467 1935 qua
1482 1895 1765 1936 utebatur,aquam
1779 1890 2018 1936 poposciffet‚&
2030 1890 2142 1938 incau-

1123 1938 1192 1970 tius
1220 1935 1394 1969 fortassein
1418 1936 1525 1971 fauces
1549 1939 1681 1979 paululo
1694 1938 1765 1979 plus
1784 1931 2143 1972 demitterevolurffem

1125 1981 1286 2013 continuo
1310 1992 1345 2014 ea
1370 1982 1497 2014 ratione
1521 1992 1668 2016 mortuus
1695 1981 1739 2014 est
1764 2003 1773 2018 ‚
1800 1989 1835 2013 ut
1859 1981 1918 2020 qui
1945 1976 2109 2011 adstabant
2132 2001 2141 2015 ‚

1125 2023 1202 2056 inde
1226 2022 1418 2058 suffocatum
1443 2025 1682 2059 existimarent.
1707 2025 1797 2058 Cum
1821 2023 1891 2056 dies
1917 2022 2050 2054 instaret
2075 2031 2145 2062 quo

1125 2067 1180 2099 die
1215 2067 1374 2101 tradenda>
1407 2070 1586 2102 Anatomes
1623 2070 1758 2102 initium
1795 2066 1898 2101 facere
1931 2066 1964 2096 in
1990 2065 2142 2096 Theatro

1126 2111 1282 2142 debebam
1299 2134 1306 2147 ,
1333 2111 1367 2144 id
1391 2111 1432 2144 est
1457 2112 1552 2145 XIV.
1578 2113 1655 2146 Kal.
1680 2112 1873 2146 Februarias
1897 2109 1940 2141 A.
1970 2107 2062 2149 1748.
2088 2119 2143 2140 ca—

1124 2154 1245 2190 daver,
1271 2153 1406 2187 biduum
1424 2178 1433 2193 ‚
1455 2166 1492 2188 an
1517 2156 1663 2190 triduum
1689 2157 1873 2191 servatum,
1903 2151 2140 2188 nihilominus,

1124 2198 1247 2239 quippe
1272 2197 1476 2239 frigidiffimo
1501 2200 1575 2232 anni
1600 2211 1744 2243 tempore
1770 2224 1779 2239 ,
1813 2198 1974 2231 idoneum
1999 2197 2141 2228 maxime

1125 2238 1212 2279 fuit,
1237 2249 1272 2272 ut
1298 2241 1345 2273 vel
1372 2241 1526 2283 vigesimo
1551 2243 1641 2276 sexto
1667 2245 1706 2276 ab
1730 2243 1871 2276 interitu
1897 2240 1950 2273 die
1974 2238 2140 2272 nonnullis

1124 2284 1295 2316 etiamtum
1319 2283 1384 2325 ejus
1408 2287 1554 2326 partibus
1577 2289 1625 2320 uti
1643 2285 1762 2330 possem
1778 2311 1785 2320 2
1813 2286 1943 2318 Totum
1970 2283 2073 2324 igitur
2085 2293 2140 2329 ora

1124 2325 1201 2359 dine
1224 2339 1257 2359 ac
1283 2328 1455 2369 diligenter
1490 2329 1674 2371 profectum
1700 2354 1709 2369 ,
1744 2341 1818 2363 cum
1846 2328 1905 2362 alia
1933 2337 2005 2369 quae
2039 2325 2140 2366 hujus

1123 2370 1188 2401 loci
1213 2381 1277 2403 non
1302 2369 1394 2410 sunt,
1421 2371 1603 2407 adnotanda
1628 2374 1775 2412 obtulit,
1800 2383 1870 2407 tum
1905 2371 1983 2416 haeq
2009 2369 2139 2411 praesetu

1123 2415 1206 2450 tim,
1234 2425 1304 2456 quse
1328 2416 1367 2447 ab
1391 2416 1515 2449 ultimis
1540 2419 1579 2450 ad
1604 2419 1710 2458 prima
1736 2417 1860 2451 rediens
1885 2414 1937 2449 hic
1964 2413 2104 2451 lcribam
2129 2438 2135 2444 .

1252 2458 1460 2492 CEREBRI
1487 2458 1557 2493 vasa
1584 2469 1654 2494 tum
1677 2473 1748 2503 quae
1761 2470 1872 2495 extra,
1898 2468 1969 2493 tum
1985 2470 2056 2501 quae
2084 2459 2134 2492 in„

1118 2510 1174 2541 rus¹
1197 2495 1267 2532 s'sint
1293 2512 1355 2533 non
1380 2503 1465 2534 intra
1489 2504 1685 2537 ventriculos
1710 2503 1890 2543 modo,sed
1905 2505 1935 2536 &
1950 2504 2058 2545 paffim
2077 2514 2136 2548 per

1117 2542 1328 2577 medullarem
1353 2544 1562 2580 substantiam
1579 2569 1586 2583 ,
1612 2547 1764 2589 sanguine
1789 2556 1878 2579 erant
1906 2546 2038 2586 distenta
2064 2571 2073 2585 ,
2097 2561 2132 2582 ea

1117 2596 1226 2621 autem
1251 2590 1353 2630 magis
1375 2599 1447 2630 quae
1472 2601 1527 2632 per
1551 2589 1706 2629 sinistram
1731 2592 1857 2625 Tenuis
1883 2593 2045 2632 meningis
2058 2603 2132 2634 par-

1115 2642 1184 2663 tem
1208 2641 1347 2672 repunt.
1374 2633 1420 2665 Ea
1446 2635 1595 2673 meninx,
1621 2643 1789 2668 utcaeterae
1815 2645 1926 2668 omnes
1952 2635 2045 2675 hujus
2056 2647 2130 2669 cor-

1115 2675 1208 2717 poris
1233 2675 1427 2708 membranae
1444 2702 1453 2717 ,
1478 2677 1544 2710 live
1568 2678 1708 2711 incidere
1730 2700 1738 2715 ‚
1769 2677 1832 2710 live
1857 2678 2038 2712 discindere
2062 2680 2128 2711 vel-

1113 2718 1184 2757 les,
1209 2720 1311 2759 magis
1335 2730 1432 2760 quam
1458 2719 1535 2754 solet
1557 2744 1566 2758 ,
1603 2722 1804 2754 renitebatur
1826 2746 1833 2753 .
1860 2721 1898 2755 ln
1925 2722 2127 2757 Lateralibus

1115 2761 1308 2795 ventriculis
1332 2774 1421 2804 aquae
1447 2765 1626 2806 pauxillum
1654 2764 1717 2797 fuit
1746 2764 1969 2798 subcruentae.
1996 2766 2125 2807 Lingua

1115 2804 1184 2838 visa
1208 2805 1252 2837 est
1276 2816 1369 2847 aequo
1392 2807 1542 2840 crailior:
1566 2816 1651 2840 certe
1675 2816 1783 2840 autem
1809 2807 1880 2840 vasa
1904 2807 2041 2841 ostendit
2068 2820 2124 2851 per

1117 2847 1234 2881 faciem
1269 2849 1465 2890 superiorem
1501 2861 1515 2881 a
1540 2850 1604 2883 basi
1642 2852 1762 2892 apicem
1789 2851 1894 2883 versus
1922 2851 2084 2886 tendentia
2108 2864 2125 2885 a

1115 2889 1470 2939 remorante-sanguine
1493 2894 1715 2933 craffiuscula,
1740 2892 2055 2928 nedumrnanifesta.
2081 2897 2124 2928 Et

1114 2935 1212 2968 uvula
1236 2936 1389 2977 quidem,
1413 2948 1447 2970 ac
1472 2938 1613 2978 palatum
1640 2937 1763 2970 mobile·
1786 2937 1856 2971 sana
1886 2947 1976 2972 erant
1997 2964 2004 2972 .
2029 2940 2122 2974 Tou*

1118 2979 1199 3012 fillae
1223 2989 1302 3010 vero
1323 2980 1353 3010 ὃς
1377 2979 1595 3014 membranam
1620 2980 1781 3015 habebant
1806 2994 1867 3025 qua
1892 2982 2090 3026 obteguntur·
2114 2991 2124 3025 ζ

1119 3035 1137 3056 a
1161 3022 1244 3056 flavo
1269 3020 1336 3054 sero
1359 3021 1545 3057 subsistente
1567 3025 1747 3059 craffiorem
1774 3025 1891 3060 facfftam
1916 3052 1924 3066 ‚
1950 3038 1985 3069 ut
2006 3029 2123 3071 gelati-

1118 3076 1191 3099 nam
1213 3065 1374 3106 quandam
1400 3062 1575 3101 subflavam
1599 3068 1752 3107 referret,
1779 3071 1811 3103 &
1837 3070 1913 3113 ipsae
1936 3076 2121 3114 tumebant,

1118 3110 1170 3143 sed
1195 3109 1295 3150 magis
1318 3106 1435 3144 sinistra
1449 3134 1457 3148 ‚
1482 3123 1554 3152 quae
1578 3111 1690 3146 durior
1710 3124 1776 3156 erat
1794 3121 1807 3149 Α
1826 3118 1854 3147 &
1868 3117 1890 3148 fi
1915 3118 2119 3157 exprimeres,

1118 3163 1174 3186 ant
1204 3152 1344 3192 secares,
1368 3165 1426 3195 pus
1450 3156 1622 3188 emittebat
1645 3180 1652 3187 .
1690 3158 1850 3195 Proximae
1884 3159 2027 3200 laryngis
2053 3171 2119 3192 non

1118 3196 1322 3237 cartilagines
1347 3195 1470 3237 solum,
1496 3198 1549 3231 sed'
1569 3201 1600 3231 8„-
1625 3201 1748 3241 proprii
1774 3200 1931 3236 musculi,
1955 3212 2034 3242 quos
2060 3202 2119 3235 lin-

1118 3240 1211 3282 gulos
1236 3239 1441 3281 perlustravi,
1465 3241 1535 3275 labe
1569 3244 1659 3276 omni
1683 3267 1690 3281 ,
1714 3245 1745 3275 &
1777 3242 2036 3277 inflammatione
2069 3258 2119 3279 ca-

1119 3283 1230 3316 rebant
1252 3306 1259 3313 .
1296 3283 1429 3317 Vitium
1461 3296 1567 3319 autem
1602 3288 1635 3317 in
1670 3286 1954 3319 membranaserat
1988 3290 2119 3330 quala-

1118 3337 1204 3368 rynx
1235 3326 1324 3358 intus
1347 3349 1359 3366 ,
1391 3338 1545 3370 extraque
1579 3330 1709 3362 vestitur
1732 3352 1741 3365 ‚
1789 3332 1875 3361 intus
1908 3330 2037 3373 quidem
2071 3332 2119 3365 le-

1118 3371 1212 3407 vius,
1237 3367 1287 3402 sed
1311 3380 1400 3403 extra
1423 3374 1570 3413 gravius.
1594 3374 1687 3405 Intus
1711 3373 1796 3404 enim
1832 3372 2045 3406 rubicundior
2078 3377 2118 3407 il-

1120 3414 1149 3446 la
1174 3421 1266 3451 erat,
1289 3424 1385 3455 quam
1410 3414 1489 3447 solet
1514 3439 1525 3455 ,
1557 3425 1594 3447 ut
1618 3416 1651 3446 in
1676 3416 1780 3447 vicina
1804 3417 1900 3447 etiam
1935 3427 2023 3457 parte
2057 3418 2120 3450 As-

1123 3467 1204 3498 perae
1243 3458 1364 3489 arteriae
1396 3460 1426 3489 δι
1469 3456 1653 3491 subtumida
1686 3469 1816 3500 quoque
1841 3481 1849 3495 ‚
1884 3458 1934 3492 sed
1969 3460 2083 3493 leviter
2109 3485 2118 3498 ,

1121 3509 1157 3531 ut
1191 3499 1339 3542 glottidis
1383 3501 1464 3534 rima
1504 3512 1568 3535 non
1615 3511 1781 3543 propterea
1821 3512 1987 3542 appareret
2017 3515 2118 3545 angu-

1124 3543 1203 3585 stior
1227 3568 1234 3575 .
1268 3544 1342 3579 Qua
1367 3553 1471 3576 autem
1518 3544 1624 3577 eadem
1670 3544 1855 3577 membrana
1889 3547 2116 3588 epiglottidem

1125 3585 1298 3619 amiciebat
1333 3607 1343 3623 ,
1388 3596 1457 3621 tum
1502 3599 1518 3619 a
1563 3586 1663 3662 facieB
1674 3598 1752 3663 {ava
1774 3608 1784 3624 ,
1807 3596 1877 3621 tum
1900 3600 1916 3621 a
1939 3601 2082 3623 convexa
2104 3615 2115 3630 ‚

1741 3642 1757 3662 2
2007 3641 2077 3666 tum

189 3724 204 3752 3
220 3723 307 3749 Traia?
322 3723 353 3747 du
370 3725 449 3749 Coeur
464 3725 589 3754 supplem.
607 3725 644 3750 eh.
663 3727 686 3750 8.
703 3734 726 3751 n.
745 3734 764 3754 ς.
826 3728 836 3757 <

191 3755 204 3781 3
222 3755 275 3778 The
292 3756 435 3789 Symptoms
450 3757 494 3780 ἃς.
511 3756 566 3780 ofa
582 3756 731 3782 Gonorrhoea
746 3756 785 3781 ch.
802 3767 826 3787 4.

192 3785 205 3812 )
222 3785 318 3808 Advers.
333 3793 357 3813 4.
375 3787 487 3810 Animad.
505 3794 543 3814 ²4·
605 3786 616 3815 (
632 3788 646 3810 h
662 3787 675 3815 J
694 3787 789 3813 advers.
805 3794 827 3813 1.
843 3797 866 3814 n.

171 3831 178 3837 κ
191 3819 206 3847 >)
224 3822 247 3838 n·
268 3822 301 3838 it·
362 3815 432 3844 (Ι)
449 3815 560 3841 Animad.
579 3824 615 3845 ¹4-
631 3817 656 3841 in
674 3817 715 3841 fin.
777 3819 791 3848 (
806 3826 830 3842 m
849 3819 856 3848 )

191 3848 197 3874 l
214 3845 274 3871 Sect.
293 3853 313 3869 2·
335 3846 397 3875 Aph.
415 3854 453 3876 ¹7·

886 3796 921 3812 ιι.
940 3791 960 3813 8ι
979 3798 1015 3814 12.

511 3848 555 3876 (p
571 3847 585 3876 )
601 3849 636 3872 De
655 3848 737 3874 Morb.
754 3851 838 3874 Vener.
857 3851 874 3874 1.
892 3858 913 3880 3.
930 3857 950 3875 c.
971 3858 992 3880 3.

881 3729 889 3757 )
907 3729 966 3754 Sest.
985 3729 1028 3754 hac
1046 3738 1082 3759 31.
1100 3732 1118 3755 1.
1135 3741 1156 3762 3.
1174 3733 1198 3757 in
1215 3734 1293 3758 Schol.
1312 3736 1340 3758 ad
1356 3736 1413 3760 Obs.
1433 3744 1454 3761 1.

887 3760 955 3788 (ε)
974 3761 1078 3786 Praelest.
1096 3763 1124 3786 ad
1144 3763 1219 3787 instit.
1239 3764 1259 3794 ᾗ.
1278 3768 1331 3793 654·

1393 3766 1458 3796 (f)
1475 3773 1525 3791 not.
1543 3767 1595 3790 iad
1613 3774 1667 3790 eum
1684 3767 1783 3795 locum,
1799 3768 1821 3792 δε
1838 3774 1895 3795 nota
1913 3771 1930 3794 d
1945 3771 1974 3795 ad
1993 3771 2017 3802 §.
2036 3771 2091 3801 ⁶57·

1077 3792 1144 3821 (i)
1161 3794 1219 3818 Hist.
1237 3796 1265 3818 de
1283 3795 1298 3818 l'
1314 3797 1388 3820 Aead.
1407 3798 1436 3821 R.
1454 3798 1482 3821 de
1499 3801 1536 3822 Sc.
1555 3800 1585 3821 A.
1603 3805 1670 3826 1722·
1687 3798 1740 3821 Ob(
1764 3801 1837 3823 Anat.
1854 3808 1877 3828 4-

872 3820 944 3843 Thes.
961 3822 1034 3845 Anat.
1053 3829 1081 3846 ιο
1108 3830 1131 3845 n.
1152 3826 1190 3851 98.

1055 3851 1063 3883 (
1082 3861 1095 3882 q
1112 3853 1125 3881 )
1141 3854 1213 3883 Epist.
1234 3862 1269 3883 ¹4·
1287 3864 1310 3879 n.
1329 3864 1365 3886 39.

1251 3824 1261 3856 (
1277 3833 1293 3848 ¹⁹
1315 3828 1321 3853 )
1339 3829 1475 3853 Commerc.
1493 3830 1580 3853 Litter.
1599 3831 1629 3852 A.
1647 3835 1705 3857 1742
1733 3829 1806 3853 Hebd.
1825 3837 1863 3859 47.
1880 3838 1904 3856 n.
1921 3840 1943 3857 2.
