2498 4075
458 223 682 289 Epistola
719 223 880 277 Anat.
914 221 1127 277 Medica

117 297 279 340 aliquando
298 298 507 341 prosternebat
530 299 813 341 atqueenecabat:
841 300 1034 343 Rudolphus
1058 313 1114 335 au-

117 352 182 375 tem
199 342 270 387 Jac.
294 344 493 376 Camerarius
516 346 576 382 (t)
598 343 773 376 excitatum
798 343 917 378 fatetur
939 344 968 377 se
991 344 1029 377 ab
1060 356 1116 377 eo-

116 385 188 418 dem
212 383 367 427 Wepfero
390 385 426 419 ad
439 384 592 428 ejusmodi
615 383 758 418 facienda
769 388 906 429 pericula
920 387 1115 430 exemplofic

117 428 158 475 ab
179 427 239 461 illo
261 428 439 462 occisorum
462 429 617 465 vervecis,
642 428 674 461 &
697 439 819 462 vaccae.
844 433 891 464 At
912 430 1115 472 siWepferus

117 482 185 514 ejus
207 474 416 513 experimenti
439 472 549 504 auftor
574 470 639 503 fuit
653 495 662 509 ,
687 472 793 505 multo
815 484 903 507 antea
916 474 1088 507 instituerit
1102 496 1111 511 ‚

116 525 214 559 quam
238 515 287 547 illi
312 515 517 558 seripserunt,
539 523 691 556 oportet.-
717 526 772 548 nec
796 518 926 550 memini
950 527 1054 551 tamen
1078 519 1111 550 in

117 558 187 593 ullo
211 569 248 591 ex
270 558 358 592 illius
379 557 505 599 scriptis
527 556 622 598 hujus
648 560 690 590 rei
715 561 912 593 mentionem
947 558 1113 604 reperisse,

114 613 186 644 qum
210 611 280 642 ante
304 611 419 634 annum
445 602 535 643 1667.
560 601 742 644 evulgavit:
765 614 832 644 quo
864 603 994 647 quidem
1031 614 1113 637 anno

114 643 237 680 Redius
259 648 273 684 <
294 656 312 678 u
335 648 349 684 >
370 642 408 689 ad
431 643 620 679 Stenonium
653 644 787 679 scribens
806 670 819 686 ,
851 656 1079 681 commemorat
1101 669 1115 687 ,

114 689 144 723 se
165 697 332 731 utrumque
345 688 485 730 ipsorum
496 686 606 720 eodem
618 689 991 730 experimentoinstituto
1002 714 1014 730 ,
1036 690 1118 724 duos

112 742 225 771 canes,
248 734 279 764 &
300 731 440 772 leporem
459 729 586 770 statim,
608 742 699 764 ovem
708 734 910 766 autemintra
923 733 1041 768 sextam
1061 733 1117 767 de-

115 778 231 809 cimam
254 773 340 807 horae
363 782 505 816 partem,
525 773 696 817 vulpesque
719 777 797 809 item
822 775 1114 812 duasintei·seciffe:

115 820 223 861 itaque
247 817 275 850 se
297 828 335 850 ex
358 827 395 849 eo
416 826 558 859 tempo-re
583 816 735 851 affirmare
758 820 969 860 consuevisse,
992 819 1116 854 causam

117 860 355 896 intermiffionis
379 859 487 902 pulsus
509 860 694 904 plerumque
716 860 773 895 effe
796 864 830 896 in
853 864 992 906 aliquam
1017 862 1116 905 majo·

115 917 181 939 rem
204 905 279 937 aeris
302 902 444 941 bullam,
470 914 525 945 per
546 915 603 936 cor
626 905 838 940 transeuntem
853 930 865 947 ,
889 906 1113 949 rejiciendam:

114 960 212 991 quarn
234 947 424 981 sententiam
447 949 480 979 in
490 946 640 980 Consilio
651 949 791 991 quodam
812 953 879 990 (x)
901 961 959 992 pro
969 950 1117 983 laboran-

115 1002 147 1025 te
171 990 276 1035 pulsus
288 988 515 1024 intermissione
526 990 699 1025 declaravit
713 1017 722 1024 .
734 993 792 1026 Sed
803 994 982 1036 quicunque
994 995 1115 1036 primus

114 1035 163 1069 vel
187 1044 258 1068 ante
279 1032 420 1068 Redium
442 1033 638 1073 instituerim
659 1036 824 1070 Antonius
848 1036 997 1078 Heydius
1019 1037 1052 1069 in
1075 1038 1116 1070 ii's

113 1076 401 1111 Observationibus
423 1087 498 1119 quas
509 1076 611 1111 edidit
622 1080 663 1112 A.
679 1079 769 1121 1683.
781 1082 824 1121 (y
836 1083 850 1118 )
861 1090 933 1114 cum
945 1080 1117 1124 aliquoties

75 1145 77 1147 -
113 1124 148 1155 in
160 1122 353 1164 canibusper
363 1121 651 1155 Cruralernvenam
662 1133 761 1156 aerem
772 1120 950 1164 injecisset,
973 1123 1117 1157 animad-

113 1169 236 1205 vertit,
251 1164 410 1207 strependo
430 1173 486 1206 per
508 1163 676 1206 abdomen,
701 1174 853 1199 momento
869 1164 940 1208 fere
964 1167 1116 1209 temporis

114 1222 167 1244 cor
177 1218 301 1251 petere:
325 1218 429 1240 canem
443 1206 687 1249 convulfionibus
698 1210 835 1251 corripi,
858 1209 1093 1251 respirationem
1105 1233 1118 1249 ,

114 1256 157 1288 Θ
181 1253 281 1285 cordis
300 1258 424 1284 ‘motum
435 1273 448 1290 ,
469 1258 620 1296 quantum
629 1251 668 1290 eli
674 1253 851 1294 percipere,
857 1251 1013 1296 subsistere
1023 1253 1118 1293 adeo,

120 1305 159 1331 ut
181 1296 265 1329 canis
287 1304 345 1337 pro
366 1301 490 1328 mortuo
513 1292 692 1336 diffecetur.
720 1296 816 1329 Tunc
839 1306 855 1330 e
876 1295 960 1339 'nafis
981 1296 1116 1336 interco-

112 1339 246 1381 statibus
270 1336 350 1370 nihil
367 1336 531 1380 sanguinis
554 1334 701 1381 effluere.
724 1340 851 1380 Aperta
869 1336 991 1380 peHore
1011 1361 1025 1378 ,
1048 1338 1120 1372 *mo-

116 1392 185 1417 tum
208 1383 240 1416 in
265 1381 368 1414 cordis
392 1381 501 1413 dextra
524 1380 666 1414 auricula
689 1380 865 1423 obfiernari,
895 1381 949 1413 diu
977 1380 1120 1424 perseve-

114 1434 236 1461 rantem
260 1448 280 1469 μ.
326 1427 382 1457 Cor
412 1433 473 1455 una
504 1434 574 1457 cum
605 1424 714 1457 dextra
744 1423 887 1457 auricula
930 1422 984 1468 effe
1027 1424 1119 1459 valde

113 1466 280 1512 expansum
311 1490 324 1507 ,
366 1477 381 1501 e
414 1467 504 1508 cujus
547 1466 731 1501 ventriculis
776 1467 957 1501 detruncato
1000 1478 1073 1501 cono
1105 1491 1119 1508 ,

113 1520 315 1555 prorumpere
351 1510 455 1553 primo
492 1518 610 1552 purum
652 1517 770 1551 putum
812 1520 915 1543 aerem
936 1532 949 1549 ‚
981 1510 1124 1553 deinceps

109 1554 285 1600 spumosum
301 1553 487 1596 sanguinem
508 1576 521 1593 ,
556 1552 598 1585 Εἴ)
627 1553 752 1586 tandem
781 1563 919 1586 cruorem
958 1552 1092 1596 fluidum
1114 1578 1121 1586 .

114 1597 280 1642 Heydium
304 1607 368 1629 non
392 1596 465 1628 satis
489 1595 566 1628 aeris
588 1593 772 1638 immisisse,
795 1604 848 1630 aut
871 1605 956 1628 certe
980 1607 1043 1629 non
1055 1604 1125 1630 tan-

113 1643 172 1676 diu
194 1641 362 1675 sefflonem
386 1637 558 1679 distulisse,
580 1638 724 1681 quandiu
756 1638 795 1672 ad
818 1638 946 1682 prorsus
971 1639 1123 1674 occiden-

115 1685 192 1722 dum
215 1694 323 1718 canem
349 1681 596 1725 requirebatur,
617 1692 659 1716 ex
680 1683 836 1716 Brunneri
852 1706 864 1722 ,
887 1685 918 1716 ὃς
942 1683 1122 1717 Camerarii

115 1727 341 1771 experimentis
364 1724 459 1759 facile
485 1725 705 1767 intelligitur.
731 1726 830 1762 Nam,
846 1727 1025 1760 Erunnerus
1048 1730 1122 1769 (z)

114 1774 334 1815 experimento
358 1767 398 1802 ad
419 1768 552 1803 eundem
567 1767 697 1801 modurn
711 1767 866 1802 inchoato
878 1793 889 1809 ,
901 1772 931 1802 &-
944 1767 1076 1803 stridore
1088 1772 1123 1804 in

116 1813 305 1859 praecordiis
328 1812 441 1846 audito
456 1837 465 1852 ,
487 1824 560 1847 curn
584 1812 681 1856 paulo
702 1812 772 1855 post
794 1823 904 1846 canem
926 1823 984 1847 ceu
1019 1822 1129 1847 tetano

118 1867 326 1902 correptum,
350 1857 589 1890 concitatissime
612 1854 816 1898 respirantem
830 1879 842 1896 ,
876 1855 1129 1899 prostratumque

118 1901 215 1937 instar
238 1910 328 1935 certo
350 1901 502 1934 morituri
526 1896 676 1938 vidisset,
710 1901 742 1932 &
777 1909 881 1933 tamen
906 1900 974 1942 post
998 1900 1129 1943 aliquod

120 1955 249 1988 tempus
273 1942 459 1984 surrexisse,
481 1953 551 1977 tum
575 1941 643 1985 post
666 1940 756 1975 horae
768 1940 907 1985 spatium
920 1945 1059 1985 repetito
1071 1955 1127 1976 ex-

118 1991 297 2033 perimento
308 2011 321 2028 ,
344 1997 422 2020 mox
432 1985 619 2021 convulsum
632 1989 802 2031 ὀπισθὸτρνον
816 2011 824 2026 ,
847 1985 957 2030 ejeffis
968 1985 1100 2021 faecibus
1111 2009 1125 2027 ,

114 2032 217 2076 reapse
229 2033 312 2066 mori
322 2031 429 2073 coegit
446 2054 454 2069 ,
474 2028 551 2063 valis
563 2030 875 2072 plerisqueianguine
899 2030 1101 2073 turgentibus
1113 2042 1124 2069 3

115 2082 144 2111 ἃ
159 2087 234 2110 cum
246 2076 279 2109 in
290 2075 416 2108 arteriis
427 2075 507 2109 nulli
522 2073 616 2107 effent
631 2072 723 2106 flatus
737 2095 746 2110 ‚
767 2072 884 2107 horum
895 2076 990 2116 copia
1001 2076 1033 2107 in
1045 2085 1125 2106 vena

113 2123 200 2154 Cava
211 2144 222 2161 ,
240 2122 272 2153 δε
284 2117 389 2153 cordis
400 2118 549 2153 auriculis
561 2116 693 2149 collecta
707 2140 714 2147 .
728 2117 933 2151 Camerarius
943 2126 1048 2151 autem
1059 2120 1101 2155 (a
1114 2121 1128 2156 )

114 2165 149 2198 in
166 2163 336 2209 Jugulares
357 2173 449 2196 venas
473 2160 617 2203 injiciens
642 2170 743 2191 aerem
754 2161 895 2201 primum
908 2159 1039 2203 quidem
1049 2170 1128 2202 pau-

115 2209 236 2241 ciorem
253 2232 262 2247 ‚
285 2209 315 2240 &
345 2206 472 2245 lenius,
494 2203 607 2237 deinde
621 2226 634 2247 ,
657 2201 726 2244 post
749 2203 954 2236 intervallum
970 2201 1126 2246 aliquod,

115 2250 336 2285 vehementius
350 2261 360 2287 5
373 2247 427 2281 etsi
443 2257 604 2290 nunquam
619 2245 835 2278 membrorum
848 2245 951 2279 ullum
963 2247 1101 2288 rigorem
1113 2269 1127 2286 ,

116 2294 239 2328 nullam
267 2302 407 2334 unquam
429 2290 660 2324 concuffionem
673 2312 685 2328 ‚
711 2286 761 2320 sed
786 2288 952 2322 laxitatem
984 2290 1093 2332 potius
1115 2311 1128 2329 ,

118 2341 151 2370 δε
175 2335 263 2381 quafi
287 2334 517 2368 resolutionem
543 2332 664 2374 semper
696 2330 919 2365 animadvertit
942 2344 952 2370 3
986 2333 1128 2374 primum

117 2380 253 2424 quidem
277 2377 545 2411 obmutescentem
570 2374 761 2420 adnotavit,
784 2378 816 2407 ὃ(
842 2377 988 2417 quietum
998 2386 1125 2413 canem,

121 2427 153 2457 δε
201 2423 247 2457 ost
271 2422 414 2455 offitavam
439 2419 526 2453 horae
539 2427 660 2461 partem
674 2417 730 2450 sibi
747 2416 858 2451 sensim
872 2417 1073 2456 restitutum3
1095 2428 1127 2452 at

122 2479 166 2511 po
195 2476 324 2508 eaquam
347 2463 389 2497 est
412 2462 627 2500 vehementius
653 2472 703 2493 aer
727 2459 905 2502 immissus,
928 2460 1127 2504 ejulantem,

115 2513 152 2544 ὅς
163 2509 232 2552 post
246 2505 527 2551 frequentiffimam
539 2504 641 2539 hianti
656 2516 709 2537 ore
722 2504 974 2546 respirationem,
990 2507 1130 2539 morien-

119 2555 205 2587 te‘m.
230 2552 348 2585 Altero
371 2558 502 2588 autem,
526 2560 599 2582 nam
625 2546 666 2580 sic
688 2549 721 2580 in
745 2547 870 2583 duobus
895 2559 1041 2592 expertus
1062 2549 1132 2583 fue-

98 2601 102 2620 ῐ
117 2606 190 2636 rat,
214 2606 324 2629 eorum
345 2604 458 2627 canum
470 2591 626 2630 diist-61:05
649 2591 757 2625 cordis
771 2592 991 2633 ventriculos,
1013 2592 1127 2625 &vasa

118 2652 186 2675 aere
210 2638 288 2673 adeo
310 2636 443 2671 distenta
457 2638 577 2669 invenit
593 2659 608 2674 ,⁷
628 2645 663 2669 ut
678 2647 692 2667 a
705 2634 799 2668 corde
812 2635 1023 2679 pericardium
1037 2647 1127 2679 pror-

119 2684 169 2718 sus
193 2683 398 2726 impleretur,
421 2683 453 2714 ἃ
476 2679 583 2713 cordis
614 2678 684 2712 vasa
706 2680 885 2713 Coronaria
908 2681 978 2722 plus
1011 2681 1090 2713 aeris
1114 2702 1127 2719 ,

103 2732 217 2771 'quam
240 2725 417 2768 sanguinis,
440 2724 663 2757 continerent.
687 2723 843 2757 Auricula
876 2732 982 2756 autem
1016 2726 1128 2766 praeci-

121 2782 185 2814 pue
208 2770 357 2806 dextera,
382 2779 452 2811 quae
475 2768 575 2809 magis
597 2764 733 2809 expandi
757 2767 843 2800 nulla
867 2777 931 2798 arte
954 2764 1128 2809 potuisset,

123 2813 210 2846 nihil
235 2811 395 2854 sanguinis
418 2811 623 2844 continebat:
649 2819 679 2841 at
706 2820 721 2841 e
745 2811 918 2843 vulneratis
942 2810 1129 2844 ventriculis

121 2868 195 2890 cum
219 2867 284 2889 aere
308 2855 430 2897 sanguis
453 2857 588 2887 omnino
611 2852 754 2892 fluidus,
778 2852 981 2895 &spumosus
991 2853 1128 2895 proflue-

123 2901 195 2932 bat.
220 2901 256 2932 In
279 2898 423 2932 universo
446 2897 583 2941 denique
604 2897 750 2939 corporis
776 2896 897 2930 ambitu
909 2897 1030 2930 arteriae
1044 2898 1126 2938 pari-

120 2953 168 2977 ter
194 2954 227 2975 ac
250 2945 334 2974 vente
356 2940 458 2975 bullas
481 2943 513 2974 in
539 2941 681 2974 minimis
704 2951 830 2983 quoque
852 2940 983 2974 ramulis
994 2939 1128 2974 manife-

124 2987 182 3020 stas
194 2985 386 3019 exhibebant
399 3009 405 3016 .
418 2984 583 3018 Harderus
606 2981 671 3023 (b)
694 2984 791 3016 etiam
803 2984 1030 3027 inJugularem
1040 2986 1125 3017 canis

122 3038 260 3069 venam,
283 3026 334 3061 sed
357 3026 511 3069 validius,
534 3026 692 3069 conjecit:
715 3027 772 3069 qui
795 3027 864 3069 post
888 3038 960 3061 uam
971 3027 1126 3070 tantisper

124 3061 292 3116 ejulasset‘}
312 3069 459 3113 respirare
469 3068 636 3106 confestim
648 3068 738 3104 desiit
753 3093 766 3111 ,
778 3069 862 3105 secto
878 3082 957 3114 que,
969 3081 1025 3104 cor
1036 3081 1127 3113 pror-

126 3117 175 3151 sus
198 3115 370 3149 distentum
393 3113 562 3156 exhibuit,
584 3113 675 3156 cujus
699 3122 805 3147 tamen
828 3115 986 3157 parietes,
1007 3113 1135 3147 vulnere

127 3160 278 3197 inflhfto,
302 3158 393 3190 illico
414 3157 625 3192 conciderunt
643 3156 1000 3200 flaccidi&ener·vati,
1022 3158 1136 3191 tantil-

127 3204 194 3237 lum
219 3200 357 3245 spumosi
370 3199 527 3242 sanguinis
537 3203 738 3235 continentes
751 3224 758 3232 .
772 3201 907 3235 Bullulae
916 3212 1044 3244 quoque
1058 3200 1130 3242 spu-

127 3246 224 3281 mosae
249 3245 366 3288 ubique
389 3243 566 3285 conspeerae
590 3244 681 3278 sunt.
707 3245 857 3288 Denique
881 3246 1055 3286 Experiens
1067 3246 1131 3277 Vir

129 3288 330 3332 Sp'roegelius
353 3290 436 3327 (c),
460 3294 495 3320 ut
519 3287 587 3321 haec
598 3290 734 3330 relegens
745 3290 904 3330 cognovi,
930 3288 1046 3323 cumin
1060 3299 1133 3321 ean-

128 3334 201 3367 dem
224 3332 324 3365 catuli
349 3340 461 3363 venam
483 3330 656 3365 immisisset
680 3330 839 3364 modicam
863 3331 941 3365 aeris
971 3332 1099 3371 copiam
1121 3354 1134 3372 ,

130 3387 217 3410 mors
240 3384 345 3409 autem
371 3373 482 3414 brevi,
505 3374 573 3416 post
595 3374 673 3408 leves
696 3373 847 3418 quasdam
880 3373 1097 3409 convulsiones
1118 3397 1131 3414 ,

120 3420 236 3454 'secuta
258 3417 329 3452 esset
342 3430 355 3458 ,·
377 3416 541 3450 dexteram
563 3417 669 3452 cordis
693 3419 889 3457 auriculam,
913 3429 1130 3461 annexumque

129 3462 343 3496 ventriculum
367 3471 433 3493 aere
456 3460 667 3495 distentiffima
689 3461 921 3505 deprehendit,
943 3471 979 3496 ut
1011 3464 1131 3495 ventris

128 3517 257 3549 quoque
279 3515 388 3538 omnes
412 3513 524 3537 venas:
547 3514 701 3547 cumque,
725 3508 842 3540 iterato
866 3507 977 3547 saepius
999 3506 1033 3538 in
1043 3506 1132 3539 cani-

216 3549 381 3591 Morgagni
392 3548 426 3582 de
439 3548 506 3581 Sed.
522 3548 563 3581 (θ’
573 3547 657 3590 Ceius.
669 3548 771 3583 Morb.
785 3551 882 3583 Tom.
898 3552 924 3583 1.

1163 224 1229 277 V.
1265 222 1382 274 Art.
1415 237 1492 276 22.
1528 237 1601 290 23.
1636 222 1689 275 &
1723 234 1802 285 24·
2031 238 2094 288 43

1162 302 1220 335 bus
1241 299 1481 341 experimento,
1503 298 1562 333 hos
1585 298 1657 331 inde
1678 298 1833 332 continuo
1844 296 2165 338 mortuosincidisset,

1164 344 1264 378 videri
1286 341 1509 384 confirmavit,
1533 343 1571 376 ab
1592 352 1659 375 aere
1681 352 1738 374 cor
1760 342 1805 374 ita
1818 338 1972 379 distendi,
1996 348 2031 374 ut
2044 340 2070 373 se
2084 351 2163 372 con-

1164 387 1287 421 trahere
1311 396 1375 418 non
1400 387 1489 428 poffit
1504 412 1511 425 ,
1536 386 1702 427 statimque
1725 392 1894 426 propterea
1916 382 2163 425 cessaresangui-

1165 432 1213 464 nis
1236 439 1384 469 motum,
1405 439 1480 464 tunc
1505 430 1598 463 fluidi
1623 428 1762 469 semper,
1785 428 1852 461 imo
1876 426 2036 461 fluidioris
2068 438 2162 469 aequo

1167 474 1205 507 ab
1217 473 1244 506 se
1256 473 1401 512 inventi,
1425 484 1510 512 non,
1524 483 1557 507 ut
1569 471 1699 515 quidam
1712 470 1907 505 affirmarunt
1920 491 1930 506 ‚
1953 473 1984 503 &
1997 472 2114 513 aliquis
2128 471 2161 502 in

1163 517 1313 560 pulmone
1337 515 1366 549 se
1386 515 1608 556 vidisse,ait‚
1630 513 1791 557 coagulati
1801 526 1818 559 .³
1845 513 2013 555 namquod
2024 515 2062 547 ad
2074 512 2160 546 Βοὴ-

1162 562 1252 593 nium
1276 560 1341 598 (d)
1364 559 1477 592 attinet
1491 571 1500 597 ς
1514 570 1578 591 non
1589 570 1682 602 quain
1692 569 1746 592 aer
1759 556 1894 598 injecistis
1905 557 2117 589 mutationem
2130 558 2163 589 in

1164 604 1312 645 sanguine
1322 601 1434 636 efficiat
1447 615 1457 641 3
1471 602 1521 635 sed
1530 602 1723 635 celeritatem
1733 612 1795 644 qua
1806 598 1926 646 occidit
1939 611 1950 637 3
1962 599 2000 633 de
2011 599 2068 633 hac
2080 601 2165 632 enim

1166 647 1378 689 loquebatur5
1404 644 1486 680 milii
1518 645 1646 687 quidem
1665 645 1792 678 videtur
1816 641 1989 684 significare
2009 641 2164 683 voluisse,

1168 701 1241 723 cum
1253 688 1552 731 instarpotentiffimi
1568 687 1777 729 coagulatoris
1790 709 1799 725 ‚
1826 691 1883 718 aut
1894 685 2025 719 alterius
2035 687 2142 719 veneni
2155 708 2167 725 ,

1167 734 1252 766 dixit
1263 756 1275 772 ,
1297 731 1412 766 animal
1421 742 1542 766 enecare
1553 755 1560 761 .
1575 731 1690 773 Neque
1700 730 1780 764 illud
1793 739 1899 763 tamen
1910 730 2149 772 praetermittam
2159 750 2171 768 ,

1167 775 1396 809 Vallisneiium
1419 775 1559 809 nostrum
1580 776 1669 814 (e),
1691 785 1763 807 cum
1775 771 2094 814 Rediiexperirnenta
2110 773 2170 805 ite-

1165 817 1273 857 rasset,
1301 817 1568 856 animadvertisse,
1593 828 1656 850 non
1681 817 1780 850 modo
1801 827 1890 849 canes
1913 816 2009 850 citius
2033 838 2047 856 ,
2083 818 2115 848 &
2151 827 2168 847 a

1167 865 1313 904 pauciore
1324 873 1390 895 aere
1403 861 1527 904 injusto
1539 863 1645 901 mori,
1657 871 1753 903 quam
1763 871 1835 894 oves
1845 882 1857 899 ‚
1868 870 2007 893 verveces
2019 883 2032 900 ,
2043 862 2075 893 δι
2088 859 2168 891 arie-

1167 916 1234 944 tes;
1259 905 1308 938 sed
1332 906 1430 939 etiam
1442 916 1504 938 non
1517 907 1601 940 mori
1612 914 1706 941 oves,
1720 902 1871 945 sipaucus
1881 903 2061 936 aerinditus
2072 900 2141 936 esset
2154 925 2163 933 .

1211 960 1260 981 22.
1284 950 1394 991 Atque
1417 947 1483 982 haec
1507 958 1678 981 memorare
1689 948 1796 979 omnia
1807 947 1917 986 volui,
1941 956 1976 979 ut
1989 945 2070 990 quid
2080 956 2172 978 com-

1169 1003 1263 1026 mune
1286 989 1346 1032 fit,
1371 991 1511 1035 intelligi
1536 990 1661 1024 facilius
1684 989 1798 1033 poffit:
1823 1001 1892 1032 quae
1915 991 1993 1023 item
2029 990 2061 1022 in
2093 987 2171 1022 effe-

1168 1035 1274 1069 ctibus
1297 1033 1482 1068 discrimina
1505 1046 1564 1075 pro
1585 1036 1670 1067 varia
1694 1043 1771 1066 vena
1796 1033 1831 1065 in
1855 1044 1949 1073 quam
1973 1031 2173 1066 aei-intrudi-

1169 1089 1246 1119 tur,
1268 1087 1322 1111 aut
1345 1079 1431 1110 varia
1454 1077 1547 1119 hujus
1569 1078 1685 1120 copia,
1708 1075 1908 1118 &impulsu,
1934 1079 1962 1109 &
1979 1077 2065 1108 varia
2077 1074 2171 1108 deni-

1166 1133 1227 1164 que
1251 1122 1462 1154 animantium
1486 1130 1613 1158 natura,
1640 1119 1690 1153 seu
1724 1120 1810 1152 varia
1840 1130 1950 1152 eorum
1983 1118 2143 1160 sanguinis
2164 1140 2176 1156 ,

1167 1164 1326 1207 hujusque
1351 1168 1477 1199 viarum
1501 1163 1729 1206 dispofitione.
1756 1164 1831 1195 Imo
1852 1162 1998 1204 quaedam
2034 1161 2106 1194 sunt
2137 1162 2173 1193 in

1166 1220 1309 1250 quorum
1332 1207 1484 1244 sanguine
1507 1207 1616 1241 multae
1639 1204 1746 1248 paffim
1770 1206 1851 1238 aeris
1873 1204 1968 1239 bullae
2002 1202 2174 1238 secundum

1168 1261 1312 1285 naturam
1334 1251 1598 1294 conspiciuntur,
1621 1250 1708 1282 velut
1738 1247 1908 1283 testudines
1928 1272 1937 1286 ‚
1972 1248 2006 1280 in
2037 1258 2173 1290 quarum

1168 1295 1234 1328 illis
1257 1307 1327 1338 quae
1349 1296 1481 1328 marinae
1504 1293 1595 1332 sunt,
1619 1294 1715 1327 etiam
1738 1300 1808 1326 tum
1832 1292 2013 1325 viventibus
2024 1303 2097 1325 cum
2109 1291 2176 1334 pri-

1169 1349 1259 1372 mum
1282 1336 1401 1372 Redius
1424 1334 1484 1382 (f)
1506 1337 1574 1370 vasa
1597 1334 1774 1380 sanguifera
1796 1334 2004 1378 deprehendit
2028 1335 2177 1377 sauguine

1171 1380 1277 1424 reapse
1302 1380 1426 1424 frigido
1448 1382 1563 1424 plena,
1586 1378 1672 1415 hunc
1694 1388 1801 1414 autem
1823 1380 1918 1413 aereis
1940 1379 2037 1412 bullis
2062 1376 2178 1421 plenil-

1171 1424 1308 1465 fimum,
1330 1423 1529 1459 vehementer
1551 1425 1705 1464 miratus,
1727 1423 1812 1456 idem
1834 1425 1867 1456 in
1890 1421 2086 1456 terrestribus
2097 1432 2180 1464 quo-

1172 1479 1234 1508 que
1256 1470 1289 1501 8:
1314 1467 1524 1503 fluviatilibus
1547 1467 1603 1501 fibi
1651 1466 1833 1501 uaerendum
1854 1464 1912 1500 esse
1931 1489 1944 1506 ,
1975 1465 2142 1499 constituit
2167 1487 2175 1494 .

1177 1510 1278 1552 Qod
1302 1511 1404 1553 postea
1427 1523 1501 1546 cum
1513 1535 1525 1552 ,
1548 1511 1620 1553 ipso
1666 1519 1816 1551 ortante,
1838 1518 1874 1543 ut
1896 1510 2038 1552 opinor,
2060 1507 2182 1541 Calde-

1176 1553 1237 1588 sius
1260 1557 1321 1596 (g)
1343 1552 1488 1595 fecisset,
1510 1553 1639 1588 videtur
1660 1556 1693 1587 in
1716 1553 1866 1587 omnibus
1891 1564 1946 1595 per
1968 1551 2144 1595 pellucidas
2168 1573 2185 1590 ,

1175 1597 1218 1630 ob
1241 1598 1453 1638 tenuitatem,
1474 1608 1622 1632 venarum
1643 1597 1829 1631 cuncftarum
1851 1597 1976 1630 tunicas
1989 1595 2115 1636 ,bullas
2139 1592 2182 1627 il-

1174 1640 1220 1674 las
1241 1641 1365 1683 ingenti
1389 1652 1521 1676 numero
1544 1641 1627 1674 intra
1652 1645 1763 1675 eorum
1786 1639 1970 1682 sanguinem
1994 1639 2187 1675 fluctuantes

1174 1682 1308 1724 vidisse,
1330 1685 1387 1727 qui
1401 1696 1516 1727 ,revera
1540 1684 1658 1727 semper
1680 1683 1818 1727 Erigidus
1840 1683 1903 1721 est,
1927 1695 1983 1717 nec
1994 1684 2076 1717 secus
2086 1693 2184 1726 quam

1175 1736 1365 1761 caeterorum
1391 1728 1580 1762 animalium
1604 1728 1752 1770 sanguis,
1774 1726 1954 1761 concrescit
1968 1752 1976 1759 .
2001 1727 2074 1760 Nos
2097 1735 2184 1759 certe

1175 1780 1211 1804 ut
1236 1773 1268 1804 in
1291 1772 1434 1810 marina,
1459 1771 1500 1804 iic
1523 1772 1556 1805 in
1580 1770 1716 1805 terrestri
1735 1782 1789 1805 >eas
1812 1770 1915 1805 bullas
1938 1769 2182 1813 conspeximus:

1181 1823 1330 1856 praeterea
1354 1817 1387 1847 &
1410 1817 1443 1849 in
1466 1816 1582 1857 viperis
1610 1814 1747 1853 multas,
1783 1817 1815 1848 &
1844 1815 1879 1847 in
1912 1814 2040 1848 variolo
2072 1813 2185 1856 pisce,

1181 1860 1215 1890 ὅ(
1239 1859 1272 1890 in
1295 1858 1503 1900 carpionibus
1526 1870 1564 1891 ex
1587 1858 1738 1898 Benaco,
1760 1867 1797 1891 ut
1819 1858 1854 1891 in
1877 1858 2021 1891 erinaceo
2044 1856 2187 1890 terrestri

1180 1899 1344 1934 Lancisius
1367 1904 1381 1941 (
1402 1901 1423 1935 h
1443 1904 1478 1940 )‚
1502 1913 1571 1944 qiiae
1598 1901 1788 1935 animalium
1810 1912 1921 1943 genera
1944 1904 1977 1935 δι
2001 1900 2185 1944 sanguinem

1179 1943 1298 1977 habent
1322 1943 1505 1987 frigidum,
1527 1948 1560 1977 &
1586 1954 1713 1978 motum
1736 1943 1843 1978 cordis
1868 1943 1966 1978 ferme
1989 1946 2098 1977 omnia
2111 1956 2184 1987 per-

1178 1988 1387 2021 tinaciorem.
1415 1987 1539 2022 Eodem
1563 1999 1600 2022 ue
1625 1986 1751 2022 fortasse
1772 1988 1892 2031 speetat
1916 1988 2001 2032 quod
2025 1989 2121 2032 paulo
2132 2000 2187 2022 an«-

1179 2039 1212 2064 te
1232 2031 1292 2070 (i)
1315 2031 1505 2065 adnotatum
1529 2043 1544 2064 e
1582 2056 1595 2072 ,
1627 2034 1759 2066 ovinum
1783 2042 1903 2075 genus,
1927 2042 1962 2066 ut
1986 2033 2104 2065 canino
2125 2032 2186 2065 fri-

1180 2073 1288 2114 gidius
1312 2074 1381 2115 est,
1404 2077 1450 2108 ita
1473 2075 1579 2109 minus
1603 2074 1642 2108 ab
1665 2074 1787 2117 miecio
1810 2076 1843 2111 in
1867 2086 1958 2110 venas
1982 2087 2048 2109 aere
2079 2074 2183 2110 affici.

1180 2117 1402 2151 Veruntamen
1426 2130 1463 2151 ne
1485 2130 1578 2161 aequo
1598 2120 1697 2153 citius
1721 2118 1759 2152 ad
1769 2121 1980 2162 pronunciata
1993 2118 2185 2154 universalia

1178 2160 1407 2202 decurramus,
1431 2174 1447 2194 a
1469 2162 1585 2204 quibus
1608 2163 1744 2205 persaepe
1768 2172 1833 2196 non
1857 2162 1932 2197 satis
1957 2173 2068 2197 cavent
2101 2164 2186 2203 haud

1179 2204 1271 2244 pauci
1286 2213 1405 2237 naturae
1415 2203 1617 2248 indagatores
1631 2218 1640 2244 3
1656 2206 1732 2239 scire
1742 2206 1818 2239 licet
1827 2229 1841 2247 ,
1851 2207 1885 2239 in
1897 2207 2036 2251 serpente
2049 2233 2060 2249 ,
2069 2208 2187 2250 viperae

1179 2244 1303 2286 simili,
1327 2246 1438 2282 frustra
1462 2259 1479 2280 a
1501 2248 1593 2281 nobis
1616 2249 1717 2282 bullas
1741 2251 1776 2282 in
1789 2249 1940 2292 sanguine
1951 2249 2096 2294 quaefitas
2107 2250 2185 2286 esse.

1225 2300 1275 2332 23.
1295 2290 1371 2338 Jam
1394 2301 1469 2324 vero
1492 2290 1531 2324 ad
1554 2292 1682 2333 calida,
1702 2304 1803 2335 eoque
1825 2294 1922 2327 etiarn
1945 2293 2186 2329 nobissimilio-

1181 2343 1236 2373 ra,
1260 2334 1408 2366 animalia
1421 2335 1653 2369 revertentibus
1665 2358 1675 2373 ,
1699 2334 1900 2370 manifestum
1911 2337 1954 2371 est
1968 2340 2185 2383 ³quaecunque

1180 2387 1218 2409 ex
1242 2376 1333 2418 illis,
1357 2377 1427 2419 post
1449 2376 1625 2411 immissum
1648 2381 1900 2413 aeremmortuis
1915 2404 1928 2421 ,
1951 2380 2184 2424 diffectasunt,

1179 2418 1265 2452 hunc
1288 2420 1321 2452 in
1346 2420 1462 2458 corde,
1487 2429 1542 2454 aut
1565 2422 1599 2454 in
1621 2422 1729 2456 cordis
1760 2423 1909 2457 auriculis
1945 2436 2056 2466 magna
2091 2429 2184 2470 copia

1179 2460 1345 2496 ostendisse
1366 2464 1566 2504 colleffum,
1595 2476 1768 2509 eorumque
1791 2468 1925 2509 parietes
1955 2463 2185 2505 dissentientem

1185 2504 1262 2538 adeo
1277 2529 1289 2546 ‚
1312 2515 1347 2539 ut
1366 2508 1422 2549 qui
1458 2506 1605 2542 viderunt
1628 2532 1641 2549 ‚
1675 2509 1854 2543 Brunnerus
1876 2510 1958 2552 (lq),
1984 2514 2187 2549 Camerarius

1183 2547 1220 2598 (J
1229 2551 1242 2588 )
1251 2572 1264 2588 ‚
1287 2549 1452 2584 Han-derus
1462 2553 1516 2590 (m
1526 2555 1560 2591 ):
1580 2553 1782 2595 Sproegelius
1793 2556 1807 2592 (
1817 2564 1836 2586 n
1846 2558 1860 2594 )
1872 2555 1905 2587 in
1917 2555 2047 2591 eandem
2058 2557 2183 2593 senten-

1183 2600 1263 2625 tiam
1285 2595 1512 2636 convenerint,
1535 2596 1694 2637 immani,
1717 2598 1750 2629 &
1768 2599 1920 2639 pertinaci
1933 2599 2120 2635 distentione
2130 2602 2184 2637 sua

1177 2645 1241 2684 non
1265 2637 1348 2670 secus
1371 2649 1422 2670 eos
1445 2640 1582 2680 parietes
1602 2652 1618 2672 a
1631 2640 1852 2673 conti-afflone
1865 2641 2185 2689 proliibuisle,quam

1177 2679 1297 2712 lotium
1321 2681 1404 2714 ultra
1428 2682 1563 2715 modum
1586 2683 1621 2715 in
1644 2682 1776 2717 vesicam
1798 2684 1981 2727 congestum
1992 2687 2186 2732 solet:quin

1177 2733 1287 2756 eorum
1308 2726 1468 2766 parietum
1491 2725 1587 2759 fibras
1609 2726 1682 2760 inde
1706 2729 1972 2768 pariterenervari
1988 2754 1999 2770 ‚
2023 2731 2184 2766 Harderus

1178 2765 1318 2800 censuit:
1344 2779 1442 2811 neque
1464 2770 1498 2802 in
1523 2769 1586 2802 alia
1611 2781 1645 2802 ac
1666 2769 1750 2812 ipfi,
1771 2771 1948 2813 opinione3
1972 2773 1994 2806 fi
2018 2775 2116 2816 probe
2138 2787 2184 2808 at-

1180 2809 1361 2851 tendimus;
1383 2813 1530 2854 Heydius
1554 2812 1657 2846 fuerat
1679 2816 1766 2852 (o).
1791 2814 1876 2854 Quae
1898 2813 1971 2850 fiad
1986 2827 2057 2858 eas,
2080 2829 2116 2853 ut
2128 2831 2182 2862 par

1180 2852 1244 2891 est,
1269 2854 1436 2888 transferas
1459 2867 1534 2899 quas
1557 2855 1648 2897 supra
1670 2859 1734 2897 (p)
1757 2857 1790 2889 in
1814 2857 1958 2892 medium
1982 2861 2147 2897 attulimus
2170 2887 2185 2904 ,

1178 2896 1357 2940 Valsalvae,
1379 2898 1523 2932 Peclilini
1537 2924 1546 2939 ‚
1570 2899 1733 2940 Graetzii,
1756 2902 1787 2933 δε
1808 2900 1967 2944 Ruyschii
1987 2904 2184 2940 observatio-

1177 2949 1250 2980 nes,
1274 2940 1404 2975 humani
1428 2941 1576 2975 videlicet
1587 2941 1693 2976 cordis
1704 2954 1770 2976 aere
1780 2944 1900 2986 pariter
1914 2946 2064 2987 distenti3
2087 2948 2193 2984 facere

1177 2992 1242 3033 non
1255 2987 1373 3026 poteris
1387 2986 1463 3027 quin
1476 3010 1488 3026 ,
1511 2996 1545 3020 ut
1556 2986 1684 3020 illarum
1697 2987 1865 3021 bestiarum
1875 3014 1884 3030 ,
1907 2988 1948 3023 fic
1961 2993 1993 3024 &
2005 3002 2115 3026 eorum
2124 2993 2186 3028 lio—

1177 3037 1302 3061 minum
1326 3037 1461 3076 mortem
1483 3029 1522 3063 ad
1545 3029 1750 3071 prohibitum
1761 3030 1868 3065 cordis
1880 3033 2023 3070 officium
2046 3036 2158 3071 referas
2173 3063 2180 3072 .

1232 3082 1281 3122 ²:4¹
1306 3071 1406 3114 Qod
1430 3073 1451 3104 ii
1476 3074 1508 3105 in
1533 3072 1718 3121 Piscatore,
1740 3072 1832 3117 cujus
1855 3076 1916 3110 tibi
1940 3077 2105 3113 historiam
2127 3080 2184 3114 de-

1186 3115 1291 3155 seripfi
1318 3118 1405 3157 (q),
1426 3127 1508 3158 cor,
1531 3126 1585 3151 aut
1597 3129 1663 3159 ejus
1674 3119 1832 3152 auriculas
1842 3131 1909 3152 aere
1920 3121 2068 3156 distentas
2081 3122 2183 3157 offen-

1187 3156 1323 3198 diffem5
1348 3158 1459 3193 eodem
1482 3161 1572 3203 plane
1592 3163 1707 3194 mortis
1744 3173 1854 3204 genere
1887 3164 2045 3198 sublatum
2079 3167 2183 3201 cense—

1181 3213 1266 3235 rem.
1292 3204 1391 3236 Nunc
1415 3214 1513 3245 vero,
1535 3206 1680 3247 quamvis
1703 3205 1745 3238 ob
1769 3207 1914 3239 arteriam
1939 3208 2157 3243 Pulmonarem
2169 3215 2185 3251 ,⁸
2232 3242 2239 3253 χ

1204 3257 1279 3280 uam
1303 3258 1369 3279 aere
1391 3245 1470 3280 adeo
1493 3256 1672 3291 turgentem
1702 3249 1887 3291 conspexi,
1921 3251 2182 3287 circumitionem

1199 3290 1348 3332 anguinis
1372 3293 1467 3323 etiam
1489 3292 1525 3324 in
1547 3291 1732 3333 praecordiis
1755 3291 1946 3334 impeditam
1978 3297 2145 3338 agnoscam
2167 3310 2178 3337 3

1183 3341 1288 3366 tamen
1311 3334 1387 3376 quia
1411 3334 1496 3368 nulla
1520 3335 1581 3368 alia
1604 3337 1638 3367 in
1663 3344 1750 3378 parte
1773 3346 1860 3377 aeque
1885 3337 1953 3370 vasa
1977 3343 2085 3374 omnia
2109 3341 2182 3383 spu-

1183 3377 1275 3410 moso
1297 3376 1448 3417 sanguine
1471 3379 1594 3412 tumida
1619 3379 1747 3417 inveni,
1770 3388 1867 3421 atque
1891 3381 1924 3413 in
1958 3383 2087 3416 cerebro
2104 3406 2116 3423 ,
2147 3389 2180 3418 ὃς

1181 3420 1356 3461 cerebello;
1378 3431 1441 3454 non
1485 3431 1577 3455 raeter
1599 3423 1755 3455 rationem
1779 3432 1829 3455 me
1840 3423 1998 3459 far-[iurum
2009 3425 2155 3460 existimo
2169 3453 2183 3470 ‚

1186 3462 1209 3496 si
1232 3463 1271 3496 ab
1295 3462 1431 3506 ejusdem
1455 3432 1616 3509 Enguinis
1639 3474 1735 3499 motu
1766 3465 1812 3498 ob
1846 3477 1947 3501 aereas
1982 3468 2084 3503 bullas
2117 3471 2182 3504 im-

1181 3508 1294 3549 pedito
1327 3532 1340 3548 ,
1525 3508 1775 3542 tenuissimarum
1816 3511 1851 3544 in
1891 3521 1925 3543 ea
1970 3521 2058 3553 parte
2100 3524 2184 3548 arte-

1696 3552 1720 3584 1³
1768 3563 1784 3585 2

1393 3519 1465 3551 quae

2046 3557 2142 3592 riola-

134 3628 2186 3647 *Ἣ

190 3675 206 3704 (
221 3680 231 3697 t
249 3673 258 3703 )
274 3673 337 3701 Eph.
353 3677 394 3697 eit.
411 3674 471 3707 Dee.
488 3680 510 3697 2.
527 3673 559 3696 Α.
579 3683 600 3703 5.
617 3671 678 3697 Obs.
696 3681 733 3703 53.
798 3675 813 3704 (
828 3683 844 3698 u
864 3673 872 3704 )
888 3676 970 3704 opere
985 3675 1060 3709 Toni.
1078 3683 1100 3704 5.
1167 3677 1181 3706 ζ
1196 3684 1211 3700 κ
1229 3676 1238 3707 )
1253 3675 1363 3701 Consulti
1380 3675 1482 3701 Medici.
1543 3679 1557 3708 (
1570 3686 1588 3708 y
1608 3678 1615 3708 )
1631 3677 1701 3703 Ceut.
1718 3677 1775 3702 obs.
1792 3677 1883 3702 Medic.
1901 3679 1960 3704 Obs.
1980 3688 2019 3710 90.

190 3705 199 3733 (
218 3712 236 3732 z
252 3704 261 3733 )
278 3705 419 3736 cpmnient.
435 3711 462 3727 in
480 3704 561 3727 Pauci.
580 3703 682 3728 Secund.
699 3711 718 3727 e.
738 3712 759 3733 9.
821 3706 836 3734 (
851 3713 872 3739 a*
913 3704 969 3730 obs.
988 3711 1029 3729 eit.
1048 3714 1085 3736 53.
1147 3706 1156 3736 (
1174 3707 1187 3730 b
1206 3707 1220 3736 >
1235 3706 1319 3735 Apiar.
1334 3707 1391 3730 ΟΜ.
1408 3715 1443 3736 ²3·
1463 3707 1487 3732 in
1504 3709 1585 3733 Schol.
1647 3709 1659 3736 (
1677 3716 1687 3731 c
1705 3708 1717 3735 )
1734 3710 1857 3736 Experim.
1874 3708 1936 3733 circa
1953 3719 2041 3736 venena
2062 3712 2084 3742 §.
2099 3719 2138 3740 4²-

190 3736 200 3761 ί
217 3734 233 3757 d
250 3739 258 3761 )
274 3735 338 3757 circ.
354 3735 429 3758 Anat.
447 3735 516 3762 frog.
534 3742 556 3760 4-
620 3735 633 3764 ζ
649 3742 662 3767 ι,
678 3732 686 3762 )
706 3735 784 3763 Suppl.
803 3737 826 3759 al
842 3736 927 3760 Giorn.
945 3735 983 3760 de'
997 3737 1087 3761 Letter.
1107 3739 1139 3762 T.
1155 3744 1180 3767 3.
1196 3743 1241 3762 art.
1258 3745 1281 3761 2.
1343 3738 1358 3766 ζ
1372 3736 1388 3767 f
1399 3740 1411 3764 )
1428 3737 1471 3761 cit·
1487 3740 1561 3763 Tom.
1575 3749 1594 3768 5·
1657 3739 1714 3768 (g)
1727 3739 1896 3763 ΟίῖὲῐνιΑΠΕῒ-
1910 3741 2185 3773 int.a11eTaitaiughe.

195 3765 232 3791 (h
244 3764 258 3792 )
276 3766 311 3797 pe
328 3769 387 3787 mot.
402 3764 474 3789 Cord‚
493 3764 580 3789 Postul.
598 3772 626 3798 ¹5
656 3771 681 3787 in
697 3765 776 3789 Sehol.
793 3766 816 3789 δι
832 3765 849 3789 1.
866 3773 886 3790 1.
903 3768 927 3791 S.
944 3773 964 3790 1.
981 3772 1004 3789 c.
1022 3773 1045 3789 2.
1064 3767 1128 3796 Digr.
1147 3775 1170 3792 1.
1231 3767 1240 3795 (
1259 3769 1269 3792 i
1285 3767 1299 3796 )
1315 3775 1336 3791 n.
1355 3775 1390 3792 21-
1453 3768 1462 3798 (
1480 3768 1496 3792 k
1514 3772 1524 3799 J
1541 3771 1599 3800 Eph.
1619 3771 1653 3792 N.
1672 3771 1699 3793 C.
1718 3771 1774 3793 Dee.
1794 3777 1814 3797 3·
1832 3771 1860 3793 Α.
1876 3777 1900 3793 2.
1915 3771 1976 3796 obs.
1993 3780 2047 3802 223.

192 3793 400 3853 {lqgisnug'eakiolri
417 3795 446 3849 ald
462 3793 519 3819 Obs.
540 3803 577 3825 53.
595 3801 636 3820 eit.
655 3793 721 3824 supra
737 3796 767 3820 ad
784 3802 809 3819 n.
825 3803 864 3820 ιι.
922 3797 930 3826 (
949 3804 972 3820 m
989 3797 999 3826 )
1016 3797 1097 3822 διίησι.
1114 3797 1174 3823 ibid.
1191 3798 1233 3823 eit.
1295 3799 1310 3827 (
1324 3806 1340 3821 n
1356 3799 1367 3826 )
1386 3797 1405 3828 §.
1423 3805 1458 3827 42,
1475 3799 1519 3824 eit.
1579 3798 1588 3830 ζ
1605 3808 1617 3825 o
1635 3799 1721 3830 )Obs.
1738 3799 1796 3825 ibid.
1813 3799 1854 3824 cit.
1872 3808 1908 3831 90.
1970 3803 1984 3832 (
1998 3810 2014 3832 p
2030 3804 2043 3832 )
2059 3812 2083 3829 n.
2102 3811 2141 3829 ιο.

295 3833 296 3836 ’
362 3839 370 3853 2
405 3842 408 3848 v
444 3833 463 3854 9·
2002 3848 2005 3854 .
