<?xml version="1.0" encoding="UTF-8"?>
<!DOCTYPE html PUBLIC "-//W3C//DTD XHTML 1.0 Transitional//EN"
    "http://www.w3.org/TR/xhtml1/DTD/xhtml1-transitional.dtd">
<html xmlns="http://www.w3.org/1999/xhtml" xml:lang="en" lang="en">
 <head>
  <title>
</title>
<meta http-equiv="Content-Type" content="text/html;charset=utf-8" />
  <meta name='ocr-system' content='tesseract 3.04.00' />
  <meta name='ocr-capabilities' content='ocr_page ocr_carea ocr_par ocr_line ocrx_word'/>
</head>
<body>
  <div class='ocr_page' id='page_1' title='image "./desedibusetcausi00morg_0666.png"; bbox 0 0 2498 4075; ppageno 0'>
   <div class='ocr_carea' id='block_1_1' title="bbox 415 168 519 228">
    <p class='ocr_par' dir='ltr' id='par_1_1' title="bbox 415 168 519 228">
     <span class='ocr_line' id='line_1_1' title="bbox 415 168 519 228; baseline -0.077 1"><span class='ocrx_word' id='word_1_1' title='bbox 415 168 519 228; x_wconf 80' lang='lat'>266</span> 
     </span>
    </p>
   </div>
   <div class='ocr_carea' id='block_1_2' title="bbox 349 230 1413 3509">
    <p class='ocr_par' dir='ltr' id='par_1_2' title="bbox 349 230 1413 3509">
     <span class='ocr_line' id='line_1_2' title="bbox 351 230 1364 288; baseline -0.029 2"><span class='ocrx_word' id='word_1_2' title='bbox 351 241 660 288; x_wconf 83' lang='lat' dir='ltr'>Diemerbroeckius</span> <span class='ocrx_word' id='word_1_3' title='bbox 681 241 697 279; x_wconf 93' lang='lat'>(</span> <span class='ocrx_word' id='word_1_4' title='bbox 718 250 735 271; x_wconf 81' lang='lat' dir='ltr'>r</span> <span class='ocrx_word' id='word_1_5' title='bbox 753 239 791 281; x_wconf 87' lang='lat'>),</span> <span class='ocrx_word' id='word_1_6' title='bbox 812 236 870 279; x_wconf 88' lang='lat' dir='ltr'>qui</span> <span class='ocrx_word' id='word_1_7' title='bbox 893 231 1019 268; x_wconf 88' lang='lat' dir='ltr'>eosdem</span> <span class='ocrx_word' id='word_1_8' title='bbox 1042 232 1186 274; x_wconf 83' lang='lat' dir='ltr'>legerant</span> <span class='ocrx_word' id='word_1_9' title='bbox 1201 256 1211 271; x_wconf 96' lang='lat'>,</span> <span class='ocrx_word' id='word_1_10' title='bbox 1234 230 1364 265; x_wconf 78' lang='lat' dir='ltr'>censue-</span> 
     </span>
     <span class='ocr_line' id='line_1_3' title="bbox 355 274 1365 332; baseline -0.02 -7"><span class='ocrx_word' id='word_1_11' title='bbox 355 297 427 332; x_wconf 63' lang='lat' dir='ltr'>rint</span> <span class='ocrx_word' id='word_1_12' title='bbox 452 300 585 329; x_wconf 70' lang='lat' dir='ltr'>tamen,</span> <span class='ocrx_word' id='word_1_13' title='bbox 609 281 844 318; x_wconf 71' lang='lat' dir='ltr'>animadverti.</span> <span class='ocrx_word' id='word_1_14' title='bbox 867 278 958 311; x_wconf 82' lang='lat' dir='ltr'>Nam</span> <span class='ocrx_word' id='word_1_15' title='bbox 982 276 1132 323; x_wconf 77' lang='lat' dir='ltr'>primus,</span> <span class='ocrx_word' id='word_1_16' title='bbox 1155 274 1291 315; x_wconf 81' lang='lat' dir='ltr'>nollem,</span> <span class='ocrx_word' id='word_1_17' title='bbox 1313 276 1365 307; x_wconf 84' lang='lat' dir='ltr'>in-</span> 
     </span>
     <span class='ocr_line' id='line_1_4' title="bbox 354 317 1362 384; baseline -0.026 -10"><span class='ocrx_word' id='word_1_18' title='bbox 354 342 432 384; x_wconf 85' lang='lat' dir='ltr'>quit</span> <span class='ocrx_word' id='word_1_19' title='bbox 455 360 465 376; x_wconf 89' lang='lat'>,</span> <span class='ocrx_word' id='word_1_20' title='bbox 489 335 600 370; x_wconf 83' lang='lat' dir='ltr'>eorum</span> <span class='ocrx_word' id='word_1_21' title='bbox 624 325 808 361; x_wconf 85' lang='lat' dir='ltr'>rationibus</span> <span class='ocrx_word' id='word_1_22' title='bbox 831 322 964 355; x_wconf 84' lang='lat' dir='ltr'>nimium</span> <span class='ocrx_word' id='word_1_23' title='bbox 981 318 1077 361; x_wconf 81' lang='lat' dir='ltr'>fidere</span> <span class='ocrx_word' id='word_1_24' title='bbox 1102 333 1111 355; x_wconf 88' lang='lat'>·,</span> <span class='ocrx_word' id='word_1_25' title='bbox 1149 317 1230 352; x_wconf 86' lang='lat' dir='ltr'>alter</span> <span class='ocrx_word' id='word_1_26' title='bbox 1253 328 1329 351; x_wconf 88' lang='lat' dir='ltr'>vero</span> <span class='ocrx_word' id='word_1_27' title='bbox 1352 339 1362 354; x_wconf 93' lang='lat'>,</span> 
     </span>
     <span class='ocr_line' id='line_1_5' title="bbox 354 359 1363 419; baseline -0.025 -8"><span class='ocrx_word' id='word_1_28' title='bbox 354 383 490 419; x_wconf 64' lang='lat' dir='ltr'>cadaver</span> <span class='ocrx_word' id='word_1_29' title='bbox 514 400 523 416; x_wconf 94' lang='lat'>,</span> <span class='ocrx_word' id='word_1_30' title='bbox 557 383 630 408; x_wconf 87' lang='lat' dir='ltr'>cum</span> <span class='ocrx_word' id='word_1_31' title='bbox 654 370 719 412; x_wconf 85' lang='lat' dir='ltr'>jam</span> <span class='ocrx_word' id='word_1_32' title='bbox 753 368 845 410; x_wconf 84' lang='lat' dir='ltr'>plane</span> <span class='ocrx_word' id='word_1_33' title='bbox 868 359 1117 407; x_wconf 80' lang='lat' dir='ltr'>perfrigeratum</span> <span class='ocrx_word' id='word_1_34' title='bbox 1154 363 1197 395; x_wconf 83' lang='lat' dir='ltr'>est</span> <span class='ocrx_word' id='word_1_35' title='bbox 1220 385 1229 401; x_wconf 83' lang='lat'>,</span> <span class='ocrx_word' id='word_1_36' title='bbox 1264 360 1363 394; x_wconf 65' lang='lat' dir='ltr'><em>multo</em></span> 
     </span>
     <span class='ocr_line' id='line_1_6' title="bbox 355 402 1363 469; baseline -0.029 -9"><span class='ocrx_word' id='word_1_37' title='bbox 355 426 488 469; x_wconf 79' lang='lat' dir='ltr'>quidem</span> <span class='ocrx_word' id='word_1_38' title='bbox 521 418 625 453; x_wconf 84' lang='lat' dir='ltr'>minus</span> <span class='ocrx_word' id='word_1_39' title='bbox 647 408 855 454; x_wconf 67' lang='lat' dir='ltr'><em>contagiosum</em></span> <span class='ocrx_word' id='word_1_40' title='bbox 878 406 917 446; x_wconf 71' lang='lat' dir='ltr'>esi</span> <span class='ocrx_word' id='word_1_41' title='bbox 939 428 949 444; x_wconf 95' lang='lat'>,</span> <span class='ocrx_word' id='word_1_42' title='bbox 985 414 1077 446; x_wconf 77' lang='lat' dir='ltr'>quam</span> <span class='ocrx_word' id='word_1_43' title='bbox 1099 412 1210 445; x_wconf 80' lang='lat' dir='ltr'>corpus</span> <span class='ocrx_word' id='word_1_44' title='bbox 1243 402 1363 438; x_wconf 76' lang='lat' dir='ltr'>morbo-</span> 
     </span>
     <span class='ocr_line' id='line_1_7' title="bbox 349 447 1363 515; baseline -0.027 -12"><span class='ocrx_word' id='word_1_45' title='bbox 349 470 424 515; x_wconf 86' lang='lat' dir='ltr'>sum</span> <span class='ocrx_word' id='word_1_46' title='bbox 444 465 578 500; x_wconf 62' lang='lat' dir='ltr'>vivens:</span> <span class='ocrx_word' id='word_1_47' title='bbox 605 454 830 497; x_wconf 81' lang='lat' dir='ltr'>contagiosum</span> <span class='ocrx_word' id='word_1_48' title='bbox 854 456 962 483; x_wconf 72' lang='lat' dir='ltr'>aut&#39;e&#39;tn</span> <span class='ocrx_word' id='word_1_49' title='bbox 983 447 1041 481; x_wconf 81' lang='lat' dir='ltr'>esse</span> <span class='ocrx_word' id='word_1_50' title='bbox 1066 471 1076 485; x_wconf 88' lang='lat'>,</span> <span class='ocrx_word' id='word_1_51' title='bbox 1109 452 1174 480; x_wconf 77' lang='lat' dir='ltr'>non</span> <span class='ocrx_word' id='word_1_52' title='bbox 1199 448 1327 490; x_wconf 82' lang='lat' dir='ltr'>negavit</span> <span class='ocrx_word' id='word_1_53' title='bbox 1353 471 1363 484; x_wconf 87' lang='lat'><strong>‚</strong></span> 
     </span>
     <span class='ocr_line' id='line_1_8' title="bbox 355 489 1361 549; baseline -0.031 -1"><span class='ocrx_word' id='word_1_54' title='bbox 355 517 426 549; x_wconf 88' lang='lat' dir='ltr'>imo</span> <span class='ocrx_word' id='word_1_55' title='bbox 449 504 596 548; x_wconf 88' lang='lat' dir='ltr'>exemplo</span> <span class='ocrx_word' id='word_1_56' title='bbox 619 499 676 534; x_wconf 90' lang='lat' dir='ltr'>suo</span> <span class='ocrx_word' id='word_1_57' title='bbox 699 498 780 540; x_wconf 90' lang='lat' dir='ltr'>quid</span> <span class='ocrx_word' id='word_1_58' title='bbox 803 494 932 540; x_wconf 73' lang='lat' dir='ltr'>sentiret</span> <span class='ocrx_word' id='word_1_59' title='bbox 954 513 963 529; x_wconf 85' lang='lat'>,</span> <span class='ocrx_word' id='word_1_60' title='bbox 983 490 1125 524; x_wconf 78' lang='lat' dir='ltr'>ostendit</span> <span class='ocrx_word' id='word_1_61' title='bbox 1139 514 1147 530; x_wconf 90' lang='lat'>,</span> <span class='ocrx_word' id='word_1_62' title='bbox 1173 497 1248 525; x_wconf 83' lang='lat' dir='ltr'>cum</span> <span class='ocrx_word' id='word_1_63' title='bbox 1271 513 1281 528; x_wconf 91' lang='lat'>,</span> <span class='ocrx_word' id='word_1_64' title='bbox 1305 489 1361 523; x_wconf 76' lang='lat' dir='ltr'>etfi</span> 
     </span>
     <span class='ocr_line' id='line_1_9' title="bbox 354 533 1363 595; baseline -0.024 -4"><span class='ocrx_word' id='word_1_65' title='bbox 354 564 425 592; x_wconf 82' lang='lat' dir='ltr'>erat</span> <span class='ocrx_word' id='word_1_66' title='bbox 448 551 505 595; x_wconf 87' lang='lat' dir='ltr'>qui</span> <span class='ocrx_word' id='word_1_67' title='bbox 529 541 740 583; x_wconf 83' lang='lat' dir='ltr'>carbunculos</span> <span class='ocrx_word' id='word_1_68' title='bbox 764 541 798 573; x_wconf 88' lang='lat' dir='ltr'>in</span> <span class='ocrx_word' id='word_1_69' title='bbox 830 534 988 578; x_wconf 66' lang='lat' dir='ltr'>eiusmodi</span> <span class='ocrx_word' id='word_1_70' title='bbox 1012 533 1176 568; x_wconf 81' lang='lat' dir='ltr'>cadaveris</span> <span class='ocrx_word' id='word_1_71' title='bbox 1199 535 1363 568; x_wconf 85' lang='lat' dir='ltr'>ventricu-</span> 
     </span>
     <span class='ocr_line' id='line_1_10' title="bbox 356 576 1362 636; baseline -0.028 -3"><span class='ocrx_word' id='word_1_72' title='bbox 356 603 391 636; x_wconf 86' lang='lat' dir='ltr'>lo</span> <span class='ocrx_word' id='word_1_73' title='bbox 414 598 443 631; x_wconf 89' lang='lat' dir='ltr'>se</span> <span class='ocrx_word' id='word_1_74' title='bbox 467 593 525 636; x_wconf 87' lang='lat' dir='ltr'>ipsi</span> <span class='ocrx_word' id='word_1_75' title='bbox 550 585 752 624; x_wconf 84' lang='lat' dir='ltr'>ostensurum</span> <span class='ocrx_word' id='word_1_76' title='bbox 778 581 985 625; x_wconf 82' lang='lat' dir='ltr'>promitteret</span> <span class='ocrx_word' id='word_1_77' title='bbox 1013 592 1022 615; x_wconf 76' lang='lat'><em>3</em></span> <span class='ocrx_word' id='word_1_78' title='bbox 1046 583 1055 617; x_wconf 94' lang='lat'><strong>(</strong></span> <span class='ocrx_word' id='word_1_79' title='bbox 1075 577 1129 620; x_wconf 92' lang='lat' dir='ltr'>s)</span> <span class='ocrx_word' id='word_1_80' title='bbox 1156 576 1213 610; x_wconf 83' lang='lat' dir='ltr'>[ibi</span> <span class='ocrx_word' id='word_1_81' title='bbox 1238 600 1247 615; x_wconf 91' lang='lat'>,</span> <span class='ocrx_word' id='word_1_82' title='bbox 1282 578 1327 610; x_wconf 78' lang='lat' dir='ltr'>ait</span> <span class='ocrx_word' id='word_1_83' title='bbox 1353 602 1362 616; x_wconf 87' lang='lat'>‚</span> 
     </span>
     <span class='ocr_line' id='line_1_11' title="bbox 606 619 1365 665; baseline -0.016 -1"><span class='ocrx_word' id='word_1_84' title='bbox 606 631 734 665; x_wconf 77' lang='lat' dir='ltr'>irritare</span> <span class='ocrx_word' id='word_1_85' title='bbox 757 624 920 659; x_wconf 74' lang='lat' dir='ltr'><em>crabrones</em></span> <span class='ocrx_word' id='word_1_86' title='bbox 943 648 952 663; x_wconf 96' lang='lat'>,</span> <span class='ocrx_word' id='word_1_87' title='bbox 989 623 1031 656; x_wconf 67' lang='lat'>(9⁹</span> <span class='ocrx_word' id='word_1_88' title='bbox 1052 628 1160 662; x_wconf 66' lang='lat' dir='ltr'>aperta</span> <span class='ocrx_word' id='word_1_89' title='bbox 1193 619 1365 654; x_wconf 68' lang='lat' dir='ltr'>abdominis</span> 
     </span>
     <span class='ocr_line' id='line_1_12' title="bbox 357 662 1367 721; baseline -0.03 0"><span class='ocrx_word' id='word_1_90' title='bbox 357 685 496 721; x_wconf 68' lang='lat' dir='ltr'>cavitate</span> <span class='ocrx_word' id='word_1_91' title='bbox 519 674 654 718; x_wconf 75' lang='lat' dir='ltr'>contagii</span> <span class='ocrx_word' id='word_1_92' title='bbox 674 668 810 714; x_wconf 83' lang='lat' dir='ltr'>periculo</span> <span class='ocrx_word' id='word_1_93' title='bbox 827 667 860 710; x_wconf 88' lang='lat' dir='ltr'>se</span> <span class='ocrx_word' id='word_1_94' title='bbox 885 670 1032 708; x_wconf 71' lang='lat' dir='ltr'>exponere</span> <span class='ocrx_word' id='word_1_95' title='bbox 1054 677 1063 697; x_wconf 86' lang='lat'>:</span> <span class='ocrx_word' id='word_1_96' title='bbox 1088 662 1227 706; x_wconf 81' lang='lat' dir='ltr'>illudque</span> <span class='ocrx_word' id='word_1_97' title='bbox 1243 664 1276 706; x_wconf 69' lang='lat' dir='ltr'>fi?</span> <span class='ocrx_word' id='word_1_98' title='bbox 1300 673 1367 697; x_wconf 73' lang='lat' dir='ltr'>cre-</span> 
     </span>
     <span class='ocr_line' id='line_1_13' title="bbox 358 707 1368 765; baseline -0.024 -6"><span class='ocrx_word' id='word_1_99' title='bbox 358 732 427 764; x_wconf 70' lang='lat' dir='ltr'>dere</span> <span class='ocrx_word' id='word_1_100' title='bbox 451 747 460 763; x_wconf 90' lang='lat'>‚</span> <span class='ocrx_word' id='word_1_101' title='bbox 492 731 584 765; x_wconf 79' lang='lat' dir='ltr'>quam</span> <span class='ocrx_word' id='word_1_102' title='bbox 604 716 733 755; x_wconf 72' lang='lat' dir='ltr'>videre,</span> <span class='ocrx_word' id='word_1_103' title='bbox 755 707 893 753; x_wconf 72' lang='lat' dir='ltr'>maluisse</span> <span class='ocrx_word' id='word_1_104' title='bbox 908 723 917 740; x_wconf 91' lang='grc'>.-</span> <span class='ocrx_word' id='word_1_105' title='bbox 942 711 974 741; x_wconf 89' lang='lat'>&amp;</span> <span class='ocrx_word' id='word_1_106' title='bbox 997 707 1103 742; x_wconf 85' lang='lat' dir='ltr'>rursus</span> <span class='ocrx_word' id='word_1_107' title='bbox 1125 709 1139 746; x_wconf 89' lang='lat'>(</span> <span class='ocrx_word' id='word_1_108' title='bbox 1162 714 1176 740; x_wconf 78' lang='lat' dir='ltr'>t</span> <span class='ocrx_word' id='word_1_109' title='bbox 1199 710 1213 747; x_wconf 91' lang='lat'><em>)</em></span> <span class='ocrx_word' id='word_1_110' title='bbox 1235 718 1311 742; x_wconf 83' lang='lat' dir='ltr'>cum</span> <span class='ocrx_word' id='word_1_111' title='bbox 1335 708 1368 738; x_wconf 77' lang='lat' dir='ltr'>in</span> 
     </span>
     <span class='ocr_line' id='line_1_14' title="bbox 359 750 1365 816; baseline -0.022 -12"><span class='ocrx_word' id='word_1_112' title='bbox 359 769 544 816; x_wconf 74' lang='lat' dir='ltr'>refrigerato</span> <span class='ocrx_word' id='word_1_113' title='bbox 575 760 728 796; x_wconf 88' lang='lat' dir='ltr'>cadavere</span> <span class='ocrx_word' id='word_1_114' title='bbox 751 756 980 791; x_wconf 82' lang='lat' dir='ltr'>exatubemata</span> <span class='ocrx_word' id='word_1_115' title='bbox 1005 762 1059 792; x_wconf 85' lang='lat' dir='ltr'>per</span> <span class='ocrx_word' id='word_1_116' title='bbox 1084 760 1212 784; x_wconf 87' lang='lat' dir='ltr'>artuum</span> <span class='ocrx_word' id='word_1_117' title='bbox 1238 750 1365 784; x_wconf 90' lang='lat' dir='ltr'>muscu-</span> 
     </span>
     <span class='ocr_line' id='line_1_15' title="bbox 360 793 1366 850; baseline -0.032 0"><span class='ocrx_word' id='word_1_118' title='bbox 360 818 409 850; x_wconf 86' lang='lat' dir='ltr'>los</span> <span class='ocrx_word' id='word_1_119' title='bbox 432 812 528 847; x_wconf 86' lang='lat' dir='ltr'>altius</span> <span class='ocrx_word' id='word_1_120' title='bbox 553 814 704 847; x_wconf 80' lang='lat' dir='ltr'>pergere,</span> <span class='ocrx_word' id='word_1_121' title='bbox 728 813 743 833; x_wconf 85' lang='lat' dir='ltr'>a</span> <span class='ocrx_word' id='word_1_122' title='bbox 767 797 966 838; x_wconf 76' lang='lat' dir='ltr'>Chirurgis,</span> <span class='ocrx_word' id='word_1_123' title='bbox 991 794 1022 828; x_wconf 87' lang='lat' dir='ltr'>se</span> <span class='ocrx_word' id='word_1_124' title='bbox 1034 793 1207 837; x_wconf 69' lang='lat' dir='ltr'>praesente,</span> <span class='ocrx_word' id='word_1_125' title='bbox 1232 794 1366 828; x_wconf 69' lang='lat' dir='ltr'>demon-</span> 
     </span>
     <span class='ocr_line' id='line_1_16' title="bbox 360 835 1366 894; baseline -0.024 -1"><span class='ocrx_word' id='word_1_126' title='bbox 360 859 495 894; x_wconf 83' lang='lat' dir='ltr'>stratum</span> <span class='ocrx_word' id='word_1_127' title='bbox 519 849 602 888; x_wconf 86' lang='lat' dir='ltr'>esse,</span> <span class='ocrx_word' id='word_1_128' title='bbox 630 843 809 880; x_wconf 81' lang='lat' dir='ltr'>narraffet3</span> <span class='ocrx_word' id='word_1_129' title='bbox 834 852 873 890; x_wconf 77' lang='lat' dir='ltr'>an</span> <span class='ocrx_word' id='word_1_130' title='bbox 895 839 1013 889; x_wconf 46' lang='lat' dir='ltr'>uiscera</span> <span class='ocrx_word' id='word_1_131' title='bbox 1036 849 1103 881; x_wconf 90' lang='lat' dir='ltr'>quo</span> <span class='ocrx_word' id='word_1_132' title='bbox 1130 835 1291 871; x_wconf 88' lang='lat' dir='ltr'>ueiisdem</span> <span class='ocrx_word' id='word_1_133' title='bbox 1316 837 1366 870; x_wconf 89' lang='lat' dir='ltr'>in-</span> 
     </span>
     <span class='ocr_line' id='line_1_17' title="bbox 361 880 1366 938; baseline -0.025 -1"><span class='ocrx_word' id='word_1_134' title='bbox 361 902 537 938; x_wconf 83' lang='lat' dir='ltr'>ficiantur,</span> <span class='ocrx_word' id='word_1_135' title='bbox 559 890 717 927; x_wconf 80' lang='lat' dir='ltr'>oculo-rum</span> <span class='ocrx_word' id='word_1_136' title='bbox 740 891 964 927; x_wconf 71' lang='lat' dir='ltr'>experientzam</span> <span class='ocrx_word' id='word_1_137' title='bbox 986 892 1046 929; x_wconf 60' lang='grc' dir='ltr'>ηομ</span> <span class='ocrx_word' id='word_1_138' title='bbox 1069 880 1108 914; x_wconf 71' lang='lat' dir='ltr'>ha</span> <span class='ocrx_word' id='word_1_139' title='bbox 1131 891 1164 914; x_wconf 85' lang='lat' dir='ltr'>eo</span> <span class='ocrx_word' id='word_1_140' title='bbox 1188 906 1197 921; x_wconf 86' lang='lat'>,</span> <span class='ocrx_word' id='word_1_141' title='bbox 1221 882 1255 915; x_wconf 89' lang='lat' dir='ltr'>in</span> <span class='ocrx_word' id='word_1_142' title='bbox 1283 881 1331 915; x_wconf 86' lang='lat' dir='ltr'>uit</span> <span class='ocrx_word' id='word_1_143' title='bbox 1357 902 1366 917; x_wconf 88' lang='lat'>,</span> 
     </span>
     <span class='ocr_line' id='line_1_18' title="bbox 356 924 1369 990; baseline -0.029 -10"><span class='ocrx_word' id='word_1_144' title='bbox 356 950 521 990; x_wconf 77' lang='lat' dir='ltr'>propterea</span> <span class='ocrx_word' id='word_1_145' title='bbox 543 935 624 980; x_wconf 87' lang='lat' dir='ltr'>quod</span> <span class='ocrx_word' id='word_1_146' title='bbox 645 932 720 966; x_wconf 81' lang='lat' dir='ltr'>licet</span> <span class='ocrx_word' id='word_1_147' title='bbox 731 929 911 971; x_wconf 77' lang='lat' dir='ltr'><em>contagium</em></span> <span class='ocrx_word' id='word_1_148' title='bbox 934 924 1137 967; x_wconf 68' lang='lat' dir='ltr'>adiſjeflione</span> <span class='ocrx_word' id='word_1_149' title='bbox 1161 924 1265 967; x_wconf 75' lang='lat' dir='ltr'>muscu</span> <span class='ocrx_word' id='word_1_150' title='bbox 1281 935 1369 958; x_wconf 78' lang='lat' dir='ltr'>orum</span> 
     </span>
     <span class='ocr_line' id='line_1_19' title="bbox 357 966 1367 1031; baseline -0.023 -10"><span class='ocrx_word' id='word_1_151' title='bbox 357 986 454 1031; x_wconf 68' lang='lat' dir='ltr'>parvi</span> <span class='ocrx_word' id='word_1_152' title='bbox 470 981 594 1027; x_wconf 82' lang='lat' dir='ltr'>faciam</span> <span class='ocrx_word' id='word_1_153' title='bbox 615 999 625 1014; x_wconf 87' lang='lat'>‚</span> <span class='ocrx_word' id='word_1_154' title='bbox 648 975 728 1010; x_wconf 82' lang='lat' dir='ltr'>illud</span> <span class='ocrx_word' id='word_1_155' title='bbox 750 980 853 1007; x_wconf 75' lang='lat' dir='ltr'>tamen</span> <span class='ocrx_word' id='word_1_156' title='bbox 876 980 914 1004; x_wconf 88' lang='lat' dir='ltr'>ex</span> <span class='ocrx_word' id='word_1_157' title='bbox 935 969 1093 1011; x_wconf 72' lang='lat' dir='ltr'>apertione</span> <span class='ocrx_word' id='word_1_158' title='bbox 1115 968 1291 1001; x_wconf 64' lang='lat' dir='ltr'>caricarum</span> <span class='ocrx_word' id='word_1_159' title='bbox 1315 966 1367 999; x_wconf 82' lang='lat' dir='ltr'>ab·</span> 
     </span>
     <span class='ocr_line' id='line_1_20' title="bbox 362 1008 1367 1066; baseline -0.026 1"><span class='ocrx_word' id='word_1_160' title='bbox 362 1028 519 1066; x_wconf 80' lang='lat' dir='ltr'>dominis,</span> <span class='ocrx_word' id='word_1_161' title='bbox 543 1024 581 1058; x_wconf 65' lang='lat'>(9&#39;</span> <span class='ocrx_word' id='word_1_162' title='bbox 601 1018 735 1064; x_wconf 55' lang='lat' dir='ltr'>pectoris</span> <span class='ocrx_word' id='word_1_163' title='bbox 751 1012 905 1059; x_wconf 78' lang='lat' dir='ltr'>furiosius</span> <span class='ocrx_word' id='word_1_164' title='bbox 928 1013 960 1046; x_wconf 83' lang='lat' dir='ltr'>in</span> <span class='ocrx_word' id='word_1_165' title='bbox 982 1011 1116 1051; x_wconf 75' lang='lat' dir='ltr'>astantes</span> <span class='ocrx_word' id='word_1_166' title='bbox 1139 1012 1257 1045; x_wconf 79' lang='lat' dir='ltr'>irruere</span> <span class='ocrx_word' id='word_1_167' title='bbox 1265 1008 1367 1054; x_wconf 63' lang='lat' dir='ltr'>poſsse,</span> 
     </span>
     <span class='ocr_line' id='line_1_21' title="bbox 528 1053 1370 1105; baseline -0.024 -4"><span class='ocrx_word' id='word_1_168' title='bbox 528 1065 614 1101; x_wconf 88' lang='lat' dir='ltr'>Noli</span> <span class='ocrx_word' id='word_1_169' title='bbox 637 1063 740 1105; x_wconf 82' lang='lat' dir='ltr'>igitur</span> <span class='ocrx_word' id='word_1_170' title='bbox 763 1058 875 1092; x_wconf 88' lang='lat' dir='ltr'>mirari</span> <span class='ocrx_word' id='word_1_171' title='bbox 897 1079 910 1097; x_wconf 88' lang='lat'>,</span> <span class='ocrx_word' id='word_1_172' title='bbox 940 1055 1028 1100; x_wconf 88' lang='lat' dir='ltr'>quod</span> <span class='ocrx_word' id='word_1_173' title='bbox 1051 1055 1137 1088; x_wconf 85' lang='lat' dir='ltr'>inter</span> <span class='ocrx_word' id='word_1_174' title='bbox 1168 1053 1370 1096; x_wconf 76' lang='lat' dir='ltr'><strong>quampluri-</strong></span> 
     </span>
     <span class='ocr_line' id='line_1_22' title="bbox 361 1096 1368 1153; baseline -0.029 0"><span class='ocrx_word' id='word_1_175' title='bbox 361 1128 432 1153; x_wconf 83' lang='lat' dir='ltr'>mos</span> <span class='ocrx_word' id='word_1_176' title='bbox 454 1113 515 1149; x_wconf 79' lang='lat' dir='ltr'>esl&#39;e</span> <span class='ocrx_word' id='word_1_177' title='bbox 540 1110 652 1144; x_wconf 84' lang='lat' dir='ltr'>malim</span> <span class='ocrx_word' id='word_1_178' title='bbox 678 1131 688 1147; x_wconf 91' lang='lat'>‚</span> <span class='ocrx_word' id='word_1_179' title='bbox 720 1114 818 1147; x_wconf 80' lang='lat' dir='ltr'>quam</span> <span class='ocrx_word' id='word_1_180' title='bbox 841 1102 927 1134; x_wconf 89' lang='lat' dir='ltr'>inter</span> <span class='ocrx_word' id='word_1_181' title='bbox 954 1097 1150 1141; x_wconf 76' lang='lat' dir='ltr'>pauciffimos</span> <span class='ocrx_word' id='word_1_182' title='bbox 1177 1119 1183 1133; x_wconf 89' lang='lat'>,</span> <span class='ocrx_word' id='word_1_183' title='bbox 1220 1107 1256 1132; x_wconf 86' lang='lat' dir='ltr'>ut</span> <span class='ocrx_word' id='word_1_184' title='bbox 1280 1096 1368 1131; x_wconf 76' lang='lat' dir='ltr'>idem</span> 
     </span>
     <span class='ocr_line' id='line_1_23' title="bbox 362 1138 1368 1200; baseline -0.029 -4"><span class='ocrx_word' id='word_1_185' title='bbox 362 1163 409 1196; x_wconf 84' lang='lat' dir='ltr'>ait</span> <span class='ocrx_word' id='word_1_186' title='bbox 433 1164 443 1200; x_wconf 93' lang='lat'><strong>(</strong></span> <span class='ocrx_word' id='word_1_187' title='bbox 469 1168 488 1191; x_wconf 90' lang='lat' dir='ltr'><em>u</em></span> <span class='ocrx_word' id='word_1_188' title='bbox 511 1160 547 1197; x_wconf 79' lang='lat'>),</span> <span class='ocrx_word' id='word_1_189' title='bbox 569 1155 610 1187; x_wconf 91' lang='lat' dir='ltr'>iis</span> <span class='ocrx_word' id='word_1_190' title='bbox 634 1150 813 1184; x_wconf 78' lang='lat' dir='ltr'>credentes,</span> <span class='ocrx_word' id='word_1_191' title='bbox 838 1145 891 1187; x_wconf 79' lang='lat' dir='ltr'>qui</span> <span class='ocrx_word' id='word_1_192' title='bbox 900 1144 1052 1177; x_wconf 71' lang='lat' dir='ltr'>cadavera</span> <span class='ocrx_word' id='word_1_193' title='bbox 1071 1138 1286 1184; x_wconf 72' lang='lat' dir='ltr'>pestiferorum</span> <span class='ocrx_word' id='word_1_194' title='bbox 1297 1151 1368 1174; x_wconf 73' lang='lat' dir='ltr'>con-</span> 
     </span>
     <span class='ocr_line' id='line_1_24' title="bbox 360 1182 1370 1247; baseline -0.024 -9"><span class='ocrx_word' id='word_1_195' title='bbox 360 1200 481 1247; x_wconf 80' lang='lat' dir='ltr'>tagiosa</span> <span class='ocrx_word' id='word_1_196' title='bbox 504 1209 563 1233; x_wconf 90' lang='lat' dir='ltr'>non</span> <span class='ocrx_word' id='word_1_197' title='bbox 586 1194 641 1240; x_wconf 76' lang='lat' dir='ltr'>effe</span> <span class='ocrx_word' id='word_1_198' title='bbox 663 1216 677 1234; x_wconf 86' lang='lat'><em>‚</em></span> <span class='ocrx_word' id='word_1_199' title='bbox 709 1189 845 1234; x_wconf 68' lang='lat' dir='ltr'>afferunt</span> <span class='ocrx_word' id='word_1_200' title='bbox 869 1212 876 1219; x_wconf 90' lang='lat'>-</span> <span class='ocrx_word' id='word_1_201' title='bbox 911 1186 1013 1228; x_wconf 83' lang='lat' dir='ltr'>Qod</span> <span class='ocrx_word' id='word_1_202' title='bbox 1037 1182 1059 1217; x_wconf 84' lang='lat' dir='ltr'>fi</span> <span class='ocrx_word' id='word_1_203' title='bbox 1093 1184 1271 1226; x_wconf 74' lang='lat' dir='ltr'>pauciffimi</span> <span class='ocrx_word' id='word_1_204' title='bbox 1306 1196 1370 1218; x_wconf 74' lang='lat' dir='ltr'>non</span> 
     </span>
     <span class='ocr_line' id='line_1_25' title="bbox 361 1228 1371 1285; baseline -0.027 -3"><span class='ocrx_word' id='word_1_205' title='bbox 361 1247 495 1282; x_wconf 76' lang='lat' dir='ltr'>fuissent</span> <span class='ocrx_word' id='word_1_206' title='bbox 520 1243 578 1285; x_wconf 91' lang='lat' dir='ltr'>qui</span> <span class='ocrx_word' id='word_1_207' title='bbox 599 1240 640 1273; x_wconf 88' lang='lat' dir='ltr'>iis</span> <span class='ocrx_word' id='word_1_208' title='bbox 663 1235 852 1270; x_wconf 79' lang='lat' dir='ltr'>crederent5</span> <span class='ocrx_word' id='word_1_209' title='bbox 875 1230 1032 1274; x_wconf 85' lang='lat' dir='ltr'>putasne,</span> <span class='ocrx_word' id='word_1_210' title='bbox 1056 1229 1124 1270; x_wconf 88' lang='lat' dir='ltr'>post</span> <span class='ocrx_word' id='word_1_211' title='bbox 1148 1236 1200 1260; x_wconf 89' lang='lat' dir='ltr'>tot</span> <span class='ocrx_word' id='word_1_212' title='bbox 1222 1228 1371 1270; x_wconf 73' lang='lat' dir='ltr'>pestilen-</span> 
     </span>
     <span class='ocr_line' id='line_1_26' title="bbox 361 1270 1374 1329; baseline -0.02 -6"><span class='ocrx_word' id='word_1_213' title='bbox 361 1292 423 1325; x_wconf 83' lang='lat' dir='ltr'>tias</span> <span class='ocrx_word' id='word_1_214' title='bbox 438 1313 447 1327; x_wconf 95' lang='lat'>,</span> <span class='ocrx_word' id='word_1_215' title='bbox 469 1287 595 1324; x_wconf 85' lang='lat' dir='ltr'>futuras</span> <span class='ocrx_word' id='word_1_216' title='bbox 618 1279 711 1329; x_wconf 62' lang='lat' dir='ltr'>fuffl&#39;e</span> <span class='ocrx_word' id='word_1_217' title='bbox 736 1287 804 1311; x_wconf 87' lang='lat' dir='ltr'>tam</span> <span class='ocrx_word' id='word_1_218' title='bbox 827 1285 942 1318; x_wconf 83' lang='lat' dir='ltr'>paucas</span> <span class='ocrx_word' id='word_1_219' title='bbox 965 1272 1156 1306; x_wconf 84' lang='lat' dir='ltr'>cadaverum</span> <span class='ocrx_word' id='word_1_220' title='bbox 1173 1273 1204 1303; x_wconf 83' lang='lat' dir='ltr'>in</span> <span class='ocrx_word' id='word_1_221' title='bbox 1230 1270 1305 1314; x_wconf 84' lang='lat' dir='ltr'>ipsis</span> <span class='ocrx_word' id='word_1_222' title='bbox 1318 1284 1374 1304; x_wconf 80' lang='lat' dir='ltr'>ex-</span> 
     </span>
     <span class='ocr_line' id='line_1_27' title="bbox 361 1311 1374 1369; baseline -0.021 -1"><span class='ocrx_word' id='word_1_223' title='bbox 361 1333 546 1369; x_wconf 67' lang='lat' dir='ltr'>tinftorum</span> <span class='ocrx_word' id='word_1_224' title='bbox 571 1323 846 1359; x_wconf 71' lang='lat' dir='ltr'>Observationes,</span> <span class='ocrx_word' id='word_1_225' title='bbox 869 1328 941 1360; x_wconf 82' lang='lat' dir='ltr'>quae</span> <span class='ocrx_word' id='word_1_226' title='bbox 964 1316 999 1349; x_wconf 90' lang='lat' dir='ltr'>in</span> <span class='ocrx_word' id='word_1_227' title='bbox 1012 1311 1193 1349; x_wconf 58' lang='lat' dir='ltr'>Sectionern</span> <span class='ocrx_word' id='word_1_228' title='bbox 1217 1314 1299 1349; x_wconf 83' lang='lat' dir='ltr'>hanc</span> <span class='ocrx_word' id='word_1_229' title='bbox 1323 1317 1374 1348; x_wconf 86' lang='lat' dir='ltr'>Se-</span> 
     </span>
     <span class='ocr_line' id='line_1_28' title="bbox 361 1357 1375 1423; baseline -0.03 -11"><span class='ocrx_word' id='word_1_230' title='bbox 361 1373 525 1423; x_wconf 86' lang='lat' dir='ltr'>pulchreti</span> <span class='ocrx_word' id='word_1_231' title='bbox 549 1362 772 1406; x_wconf 74' lang='lat' dir='ltr'>referrentur?</span> <span class='ocrx_word' id='word_1_232' title='bbox 796 1370 960 1404; x_wconf 84' lang='lat' dir='ltr'>perpaucae</span> <span class='ocrx_word' id='word_1_233' title='bbox 984 1360 1070 1393; x_wconf 90' lang='lat' dir='ltr'>enirn</span> <span class='ocrx_word' id='word_1_234' title='bbox 1094 1357 1168 1392; x_wconf 87' lang='lat' dir='ltr'>sunt</span> <span class='ocrx_word' id='word_1_235' title='bbox 1187 1384 1195 1397; x_wconf 80' lang='lat'>,</span> <span class='ocrx_word' id='word_1_236' title='bbox 1217 1357 1240 1391; x_wconf 84' lang='lat' dir='ltr'>fi</span> <span class='ocrx_word' id='word_1_237' title='bbox 1265 1357 1375 1392; x_wconf 62' lang='lat' dir='ltr'>demas</span> 
     </span>
     <span class='ocr_line' id='line_1_29' title="bbox 362 1402 1374 1465; baseline -0.019 -10"><span class='ocrx_word' id='word_1_238' title='bbox 362 1432 436 1465; x_wconf 81' lang='lat' dir='ltr'>quae</span> <span class='ocrx_word' id='word_1_239' title='bbox 460 1429 500 1452; x_wconf 89' lang='lat' dir='ltr'>ex</span> <span class='ocrx_word' id='word_1_240' title='bbox 523 1413 637 1449; x_wconf 87' lang='lat' dir='ltr'>auditu</span> <span class='ocrx_word' id='word_1_241' title='bbox 660 1409 790 1450; x_wconf 86' lang='lat' dir='ltr'>scriptae</span> <span class='ocrx_word' id='word_1_242' title='bbox 805 1430 814 1446; x_wconf 91' lang='lat'>,</span> <span class='ocrx_word' id='word_1_243' title='bbox 837 1413 892 1439; x_wconf 84' lang='lat' dir='ltr'>aut</span> <span class='ocrx_word' id='word_1_244' title='bbox 915 1414 988 1447; x_wconf 78' lang='lat' dir='ltr'>quae</span> <span class='ocrx_word' id='word_1_245' title='bbox 1012 1402 1218 1436; x_wconf 84' lang='lat' dir='ltr'>incredibilia</span> <span class='ocrx_word' id='word_1_246' title='bbox 1231 1402 1374 1443; x_wconf 82' lang='lat' dir='ltr'>habent,</span> 
     </span>
     <span class='ocr_line' id='line_1_30' title="bbox 363 1446 1373 1504; baseline -0.021 -5"><span class='ocrx_word' id='word_1_247' title='bbox 363 1470 437 1500; x_wconf 82' lang='lat' dir='ltr'>tum</span> <span class='ocrx_word' id='word_1_248' title='bbox 468 1471 540 1504; x_wconf 81' lang='lat' dir='ltr'>quae</span> <span class='ocrx_word' id='word_1_249' title='bbox 572 1462 760 1500; x_wconf 87' lang='lat' dir='ltr'>repetuntur</span> <span class='ocrx_word' id='word_1_250' title='bbox 784 1471 795 1488; x_wconf 84' lang='lat'>‚</span> <span class='ocrx_word' id='word_1_251' title='bbox 827 1458 865 1482; x_wconf 87' lang='lat' dir='ltr'>ut</span> <span class='ocrx_word' id='word_1_252' title='bbox 898 1458 969 1490; x_wconf 81' lang='lat' dir='ltr'>quae</span> <span class='ocrx_word' id='word_1_253' title='bbox 994 1446 1233 1483; x_wconf 82' lang='lat' dir='ltr'>Observatione</span> <span class='ocrx_word' id='word_1_254' title='bbox 1266 1447 1373 1480; x_wconf 85' lang='lat' dir='ltr'>LXII.</span> 
     </span>
     <span class='ocr_line' id='line_1_31' title="bbox 364 1491 1373 1552; baseline -0.034 -10"><span class='ocrx_word' id='word_1_255' title='bbox 364 1507 532 1552; x_wconf 83' lang='lat' dir='ltr'>postquam</span> <span class='ocrx_word' id='word_1_256' title='bbox 554 1503 583 1544; x_wconf 88' lang='lat'>§.</span> <span class='ocrx_word' id='word_1_257' title='bbox 608 1510 638 1543; x_wconf 82' lang='lat'>3.</span> <span class='ocrx_word' id='word_1_258' title='bbox 664 1494 768 1540; x_wconf 83' lang='lat' dir='ltr'>posita</span> <span class='ocrx_word' id='word_1_259' title='bbox 792 1491 917 1529; x_wconf 87' lang='lat' dir='ltr'>fuerat,</span> <span class='ocrx_word' id='word_1_260' title='bbox 942 1492 1123 1539; x_wconf 28' lang='lat' dir='ltr'>§.equoque</span> <span class='ocrx_word' id='word_1_261' title='bbox 1147 1500 1179 1532; x_wconf 71' lang='lat'>7,</span> <span class='ocrx_word' id='word_1_262' title='bbox 1206 1491 1344 1523; x_wconf 79' lang='lat' dir='ltr'>iteratur</span> <span class='ocrx_word' id='word_1_263' title='bbox 1366 1514 1373 1521; x_wconf 48' lang='lat'><strong>·</strong></span> 
     </span>
     <span class='ocr_line' id='line_1_32' title="bbox 363 1532 1376 1587; baseline -0.02 -1"><span class='ocrx_word' id='word_1_264' title='bbox 363 1553 411 1587; x_wconf 86' lang='lat' dir='ltr'>Et</span> <span class='ocrx_word' id='word_1_265' title='bbox 433 1561 471 1583; x_wconf 90' lang='lat' dir='ltr'>ne</span> <span class='ocrx_word' id='word_1_266' title='bbox 495 1546 580 1581; x_wconf 88' lang='lat' dir='ltr'>forte</span> <span class='ocrx_word' id='word_1_267' title='bbox 603 1540 769 1585; x_wconf 86' lang='lat' dir='ltr'>suspiceris</span> <span class='ocrx_word' id='word_1_268' title='bbox 791 1560 799 1575; x_wconf 85' lang='lat'>‚</span> <span class='ocrx_word' id='word_1_269' title='bbox 826 1537 1043 1569; x_wconf 76' lang='lat' dir='ltr'>Anatomicos</span> <span class='ocrx_word' id='word_1_270' title='bbox 1066 1534 1104 1566; x_wconf 87' lang='lat' dir='ltr'>ab</span> <span class='ocrx_word' id='word_1_271' title='bbox 1127 1534 1258 1567; x_wconf 87' lang='lat' dir='ltr'>illorum</span> <span class='ocrx_word' id='word_1_272' title='bbox 1281 1532 1376 1567; x_wconf 82' lang='lat' dir='ltr'>diffe-</span> 
     </span>
     <span class='ocr_line' id='line_1_33' title="bbox 363 1575 1375 1629; baseline -0.02 0"><span class='ocrx_word' id='word_1_273' title='bbox 363 1593 529 1629; x_wconf 66' lang='lat' dir='ltr'>&amp;ionibus</span> <span class='ocrx_word' id='word_1_274' title='bbox 552 1587 643 1622; x_wconf 83' lang='lat' dir='ltr'>inani</span> <span class='ocrx_word' id='word_1_275' title='bbox 668 1584 776 1628; x_wconf 90' lang='lat' dir='ltr'>potius</span> <span class='ocrx_word' id='word_1_276' title='bbox 801 1587 889 1613; x_wconf 87' lang='lat' dir='ltr'>metu</span> <span class='ocrx_word' id='word_1_277' title='bbox 913 1600 925 1618; x_wconf 87' lang='lat'><em>‚</em></span> <span class='ocrx_word' id='word_1_278' title='bbox 955 1588 1053 1620; x_wconf 88' lang='lat' dir='ltr'>quam</span> <span class='ocrx_word' id='word_1_279' title='bbox 1077 1578 1261 1611; x_wconf 82' lang='lat' dir='ltr'>rationibus</span> <span class='ocrx_word' id='word_1_280' title='bbox 1284 1575 1375 1611; x_wconf 85' lang='lat' dir='ltr'>fuisse</span> 
     </span>
     <span class='ocr_line' id='line_1_34' title="bbox 366 1619 1376 1672; baseline -0.026 1"><span class='ocrx_word' id='word_1_281' title='bbox 366 1636 551 1672; x_wconf 85' lang='lat' dir='ltr'>absterritos</span> <span class='ocrx_word' id='word_1_282' title='bbox 576 1644 587 1671; x_wconf 83' lang='lat'>3</span> <span class='ocrx_word' id='word_1_283' title='bbox 611 1630 666 1664; x_wconf 86' lang='lat' dir='ltr'>has</span> <span class='ocrx_word' id='word_1_284' title='bbox 689 1625 798 1670; x_wconf 76' lang='lat' dir='ltr'>legesis</span> <span class='ocrx_word' id='word_1_285' title='bbox 822 1622 913 1656; x_wconf 84' lang='lat' dir='ltr'>fimul</span> <span class='ocrx_word' id='word_1_286' title='bbox 935 1631 1010 1655; x_wconf 88' lang='lat' dir='ltr'>cum</span> <span class='ocrx_word' id='word_1_287' title='bbox 1022 1621 1196 1655; x_wconf 84' lang='lat' dir='ltr'>contrariis</span> <span class='ocrx_word' id='word_1_288' title='bbox 1207 1619 1376 1664; x_wconf 67' lang='lat' dir='ltr'>perpensas</span> 
     </span>
     <span class='ocr_line' id='line_1_35' title="bbox 367 1663 1376 1725; baseline -0.019 -9"><span class='ocrx_word' id='word_1_289' title='bbox 367 1682 451 1725; x_wconf 89' lang='lat' dir='ltr'>apud</span> <span class='ocrx_word' id='word_1_290' title='bbox 475 1677 602 1714; x_wconf 88' lang='lat' dir='ltr'>eosdem</span> <span class='ocrx_word' id='word_1_291' title='bbox 625 1669 857 1707; x_wconf 87' lang='lat' dir='ltr'>Bartholinum</span> <span class='ocrx_word' id='word_1_292' title='bbox 881 1667 973 1705; x_wconf 68' lang='lat' dir='ltr'>(x),</span> <span class='ocrx_word' id='word_1_293' title='bbox 996 1667 1028 1697; x_wconf 63' lang='grc' dir='ltr'>δέ</span> <span class='ocrx_word' id='word_1_294' title='bbox 1046 1663 1376 1699; x_wconf 87' lang='lat' dir='ltr'>Diemerbroeckium</span> 
     </span>
     <span class='ocr_line' id='line_1_36' title="bbox 366 1706 1378 1768; baseline -0.023 -8"><span class='ocrx_word' id='word_1_295' title='bbox 366 1731 421 1768; x_wconf 84' lang='lat' dir='ltr'>(y</span> <span class='ocrx_word' id='word_1_296' title='bbox 445 1727 479 1763; x_wconf 90' lang='lat'>).</span> <span class='ocrx_word' id='word_1_297' title='bbox 505 1723 552 1755; x_wconf 86' lang='lat' dir='ltr'>At</span> <span class='ocrx_word' id='word_1_298' title='bbox 576 1719 598 1752; x_wconf 75' lang='lat' dir='ltr'>si</span> <span class='ocrx_word' id='word_1_299' title='bbox 622 1717 689 1750; x_wconf 90' lang='lat' dir='ltr'>illis</span> <span class='ocrx_word' id='word_1_300' title='bbox 713 1710 863 1756; x_wconf 68' lang='lat' dir='ltr'>perlectis</span> <span class='ocrx_word' id='word_1_301' title='bbox 885 1731 895 1746; x_wconf 87' lang='lat'>‚</span> <span class='ocrx_word' id='word_1_302' title='bbox 922 1706 1056 1756; x_wconf 30' lang='lat' dir='ltr'>*nullum</span> <span class='ocrx_word' id='word_1_303' title='bbox 1078 1717 1186 1740; x_wconf 87' lang='lat' dir='ltr'>tamen</span> <span class='ocrx_word' id='word_1_304' title='bbox 1209 1708 1267 1741; x_wconf 81' lang='lat' dir='ltr'>effe</span> <span class='ocrx_word' id='word_1_305' title='bbox 1291 1708 1378 1749; x_wconf 84' lang='lat' dir='ltr'>peri-</span> 
     </span>
     <span class='ocr_line' id='line_1_37' title="bbox 365 1750 1376 1809; baseline -0.024 -5"><span class='ocrx_word' id='word_1_306' title='bbox 365 1769 476 1803; x_wconf 90' lang='lat' dir='ltr'>culum</span> <span class='ocrx_word' id='word_1_307' title='bbox 499 1761 589 1809; x_wconf 89' lang='lat' dir='ltr'>quod</span> <span class='ocrx_word' id='word_1_308' title='bbox 613 1766 793 1795; x_wconf 79' lang='lat' dir='ltr'>metuamus</span> <span class='ocrx_word' id='word_1_309' title='bbox 818 1775 827 1791; x_wconf 75' lang='lat'><em>2</em></span> <span class='ocrx_word' id='word_1_310' title='bbox 861 1752 1027 1786; x_wconf 81' lang='lat' dir='ltr'>arbitraris</span> <span class='ocrx_word' id='word_1_311' title='bbox 1051 1762 1061 1788; x_wconf 77' lang='lat'>5</span> <span class='ocrx_word' id='word_1_312' title='bbox 1094 1752 1204 1792; x_wconf 81' lang='lat' dir='ltr'>accipe</span> <span class='ocrx_word' id='word_1_313' title='bbox 1237 1750 1316 1792; x_wconf 85' lang='lat' dir='ltr'>quid</span> <span class='ocrx_word' id='word_1_314' title='bbox 1342 1752 1376 1783; x_wconf 83' lang='lat' dir='ltr'>in</span> 
     </span>
     <span class='ocr_line' id='line_1_38' title="bbox 367 1793 1377 1847; baseline -0.023 1"><span class='ocrx_word' id='word_1_315' title='bbox 367 1811 518 1847; x_wconf 83' lang='lat' dir='ltr'>Theatro</span> <span class='ocrx_word' id='word_1_316' title='bbox 541 1807 604 1842; x_wconf 89' lang='lat' dir='ltr'>hoc</span> <span class='ocrx_word' id='word_1_317' title='bbox 627 1804 737 1838; x_wconf 85' lang='lat' dir='ltr'>nostro</span> <span class='ocrx_word' id='word_1_318' title='bbox 762 1795 915 1833; x_wconf 83' lang='lat' dir='ltr'>acciderit</span> <span class='ocrx_word' id='word_1_319' title='bbox 938 1804 1075 1836; x_wconf 83' lang='lat' dir='ltr'>corpora</span> <span class='ocrx_word' id='word_1_320' title='bbox 1090 1805 1202 1828; x_wconf 86' lang='lat' dir='ltr'>eorum</span> <span class='ocrx_word' id='word_1_321' title='bbox 1224 1793 1377 1828; x_wconf 77' lang='lat' dir='ltr'>dissecan-</span> 
     </span>
     <span class='ocr_line' id='line_1_39' title="bbox 368 1835 1378 1897; baseline -0.023 -5"><span class='ocrx_word' id='word_1_322' title='bbox 368 1856 456 1892; x_wconf 80' lang='lat' dir='ltr'>tibus</span> <span class='ocrx_word' id='word_1_323' title='bbox 478 1863 559 1897; x_wconf 89' lang='lat' dir='ltr'>quos</span> <span class='ocrx_word' id='word_1_324' title='bbox 583 1849 724 1890; x_wconf 82' lang='lat' dir='ltr'>maligna</span> <span class='ocrx_word' id='word_1_325' title='bbox 746 1842 938 1877; x_wconf 83' lang='lat' dir='ltr'>dumtaxat,</span> <span class='ocrx_word' id='word_1_326' title='bbox 962 1848 1029 1871; x_wconf 88' lang='lat' dir='ltr'>non</span> <span class='ocrx_word' id='word_1_327' title='bbox 1054 1836 1226 1879; x_wconf 86' lang='lat' dir='ltr'>pestifera,</span> <span class='ocrx_word' id='word_1_328' title='bbox 1248 1835 1378 1871; x_wconf 87' lang='lat' dir='ltr'>occide-</span> 
     </span>
     <span class='ocr_line' id='line_1_40' title="bbox 368 1879 1382 1936; baseline -0.025 -1"><span class='ocrx_word' id='word_1_329' title='bbox 368 1910 419 1936; x_wconf 85' lang='lat' dir='ltr'>rat</span> <span class='ocrx_word' id='word_1_330' title='bbox 444 1898 565 1933; x_wconf 89' lang='lat' dir='ltr'>febris.</span> <span class='ocrx_word' id='word_1_331' title='bbox 593 1896 643 1928; x_wconf 82' lang='lat' dir='ltr'>Ex</span> <span class='ocrx_word' id='word_1_332' title='bbox 666 1887 864 1934; x_wconf 88' lang='lat' dir='ltr'>peticulari‚</span> <span class='ocrx_word' id='word_1_333' title='bbox 886 1892 988 1926; x_wconf 87' lang='lat' dir='ltr'>quam</span> <span class='ocrx_word' id='word_1_334' title='bbox 1012 1891 1130 1915; x_wconf 83' lang='lat' dir='ltr'>vocant</span> <span class='ocrx_word' id='word_1_335' title='bbox 1150 1907 1159 1921; x_wconf 94' lang='lat'>,</span> <span class='ocrx_word' id='word_1_336' title='bbox 1184 1879 1266 1914; x_wconf 83' lang='lat' dir='ltr'>febri</span> <span class='ocrx_word' id='word_1_337' title='bbox 1294 1892 1382 1913; x_wconf 83' lang='lat' dir='ltr'>mor..</span> 
     </span>
     <span class='ocr_line' id='line_1_41' title="bbox 368 1924 1383 1980; baseline -0.025 0"><span class='ocrx_word' id='word_1_338' title='bbox 368 1955 463 1980; x_wconf 88' lang='lat' dir='ltr'>tuum</span> <span class='ocrx_word' id='word_1_339' title='bbox 488 1937 676 1975; x_wconf 69' lang='lat' dir='ltr'>Profecior,</span> <span class='ocrx_word' id='word_1_340' title='bbox 702 1930 829 1975; x_wconf 81' lang='lat' dir='ltr'>juvenis</span> <span class='ocrx_word' id='word_1_341' title='bbox 852 1927 960 1962; x_wconf 84' lang='lat' dir='ltr'>valens</span> <span class='ocrx_word' id='word_1_342' title='bbox 983 1936 1018 1958; x_wconf 84' lang='lat' dir='ltr'>ac</span> <span class='ocrx_word' id='word_1_343' title='bbox 1044 1924 1193 1959; x_wconf 86' lang='lat' dir='ltr'>robustus</span> <span class='ocrx_word' id='word_1_344' title='bbox 1203 1925 1383 1966; x_wconf 78' lang='lat' dir='ltr'>Stegagno-</span> 
     </span>
     <span class='ocr_line' id='line_1_42' title="bbox 370 1966 1382 2026; baseline -0.024 -3"><span class='ocrx_word' id='word_1_345' title='bbox 370 1990 443 2023; x_wconf 84' lang='lat' dir='ltr'>nius</span> <span class='ocrx_word' id='word_1_346' title='bbox 468 2012 476 2026; x_wconf 94' lang='lat'>‚</span> <span class='ocrx_word' id='word_1_347' title='bbox 501 1983 654 2018; x_wconf 71' lang='lat' dir='ltr'>haetenus</span> <span class='ocrx_word' id='word_1_348' title='bbox 677 1975 838 2010; x_wconf 83' lang='lat' dir='ltr'>inciderat</span> <span class='ocrx_word' id='word_1_349' title='bbox 860 1993 870 2009; x_wconf 84' lang='lat'>‚</span> <span class='ocrx_word' id='word_1_350' title='bbox 904 1978 940 2004; x_wconf 91' lang='lat' dir='ltr'>ut</span> <span class='ocrx_word' id='word_1_351' title='bbox 966 1968 1050 2002; x_wconf 88' lang='lat' dir='ltr'>solos</span> <span class='ocrx_word' id='word_1_352' title='bbox 1073 1968 1159 2002; x_wconf 81' lang='lat' dir='ltr'>dorsi</span> <span class='ocrx_word' id='word_1_353' title='bbox 1185 1966 1347 2001; x_wconf 86' lang='lat' dir='ltr'>musculos</span> <span class='ocrx_word' id='word_1_354' title='bbox 1369 1989 1382 2007; x_wconf 91' lang='lat'>,</span> 
     </span>
     <span class='ocr_line' id='line_1_43' title="bbox 370 2010 1382 2067; baseline -0.025 0"><span class='ocrx_word' id='word_1_355' title='bbox 370 2024 666 2067; x_wconf 84' lang='lat' dir='ltr'>Diemerbroeckio</span> <span class='ocrx_word' id='word_1_356' title='bbox 678 2017 810 2054; x_wconf 79' lang='lat' dir='ltr'>fortasse</span> <span class='ocrx_word' id='word_1_357' title='bbox 833 2014 962 2051; x_wconf 89' lang='lat' dir='ltr'>credens</span> <span class='ocrx_word' id='word_1_358' title='bbox 976 2011 1010 2046; x_wconf 86' lang='lat' dir='ltr'>id</span> <span class='ocrx_word' id='word_1_359' title='bbox 1034 2012 1125 2054; x_wconf 88' lang='lat' dir='ltr'>parvi</span> <span class='ocrx_word' id='word_1_360' title='bbox 1141 2010 1298 2049; x_wconf 77' lang='lat' dir='ltr'>facienti,</span> <span class='ocrx_word' id='word_1_361' title='bbox 1325 2021 1382 2053; x_wconf 89' lang='lat' dir='ltr'>ap-</span> 
     </span>
     <span class='ocr_line' id='line_1_44' title="bbox 372 2056 1383 2120; baseline -0.025 -9"><span class='ocrx_word' id='word_1_362' title='bbox 372 2083 519 2120; x_wconf 85' lang='lat' dir='ltr'>pararet,</span> <span class='ocrx_word' id='word_1_363' title='bbox 545 2080 621 2105; x_wconf 88' lang='lat' dir='ltr'>cum</span> <span class='ocrx_word' id='word_1_364' title='bbox 643 2065 755 2101; x_wconf 83' lang='lat' dir='ltr'>eadem</span> <span class='ocrx_word' id='word_1_365' title='bbox 776 2060 860 2094; x_wconf 85' lang='lat' dir='ltr'>febri</span> <span class='ocrx_word' id='word_1_366' title='bbox 885 2064 1053 2099; x_wconf 84' lang='lat' dir='ltr'>correptus</span> <span class='ocrx_word' id='word_1_367' title='bbox 1077 2080 1087 2096; x_wconf 94' lang='lat'>,</span> <span class='ocrx_word' id='word_1_368' title='bbox 1109 2067 1127 2089; x_wconf 89' lang='lat' dir='ltr'>e</span> <span class='ocrx_word' id='word_1_369' title='bbox 1149 2056 1233 2100; x_wconf 79' lang='lat' dir='ltr'>vivis</span> <span class='ocrx_word' id='word_1_370' title='bbox 1256 2063 1383 2096; x_wconf 86' lang='lat' dir='ltr'>ereptus</span> 
     </span>
     <span class='ocr_line' id='line_1_45' title="bbox 371 2097 1384 2154; baseline -0.027 1"><span class='ocrx_word' id='word_1_371' title='bbox 371 2119 416 2154; x_wconf 88' lang='lat' dir='ltr'>est</span> <span class='ocrx_word' id='word_1_372' title='bbox 440 2144 447 2150; x_wconf 92' lang='lat'>.</span> <span class='ocrx_word' id='word_1_373' title='bbox 486 2118 531 2150; x_wconf 86' lang='lat' dir='ltr'>At</span> <span class='ocrx_word' id='word_1_374' title='bbox 554 2114 655 2148; x_wconf 87' lang='lat' dir='ltr'>fuerit</span> <span class='ocrx_word' id='word_1_375' title='bbox 678 2108 813 2143; x_wconf 84' lang='lat' dir='ltr'>cadaver</span> <span class='ocrx_word' id='word_1_376' title='bbox 834 2102 918 2137; x_wconf 84' lang='lat' dir='ltr'>illud</span> <span class='ocrx_word' id='word_1_377' title='bbox 943 2110 1008 2133; x_wconf 90' lang='lat' dir='ltr'>non</span> <span class='ocrx_word' id='word_1_378' title='bbox 1023 2100 1171 2146; x_wconf 47' lang='lat' dir='ltr'>‚omnino</span> <span class='ocrx_word' id='word_1_379' title='bbox 1197 2097 1300 2132; x_wconf 82' lang='lat' dir='ltr'>adhuc</span> <span class='ocrx_word' id='word_1_380' title='bbox 1323 2097 1384 2131; x_wconf 86' lang='lat' dir='ltr'>fri-</span> 
     </span>
     <span class='ocr_line' id='line_1_46' title="bbox 374 2141 1384 2206; baseline -0.028 -8"><span class='ocrx_word' id='word_1_381' title='bbox 374 2161 511 2206; x_wconf 86' lang='lat' dir='ltr'>gidum;</span> <span class='ocrx_word' id='word_1_382' title='bbox 533 2167 618 2193; x_wconf 86' lang='lat' dir='ltr'>certe</span> <span class='ocrx_word' id='word_1_383' title='bbox 641 2162 708 2189; x_wconf 86' lang='lat' dir='ltr'>erat</span> <span class='ocrx_word' id='word_1_384' title='bbox 732 2153 819 2185; x_wconf 86' lang='lat' dir='ltr'>intus</span> <span class='ocrx_word' id='word_1_385' title='bbox 842 2155 996 2187; x_wconf 86' lang='lat' dir='ltr'>extraque</span> <span class='ocrx_word' id='word_1_386' title='bbox 1019 2154 1084 2185; x_wconf 72' lang='lat' dir='ltr'>jam</span> <span class='ocrx_word' id='word_1_387' title='bbox 1110 2142 1271 2185; x_wconf 81' lang='lat' dir='ltr'>frigidum</span> <span class='ocrx_word' id='word_1_388' title='bbox 1291 2141 1384 2175; x_wconf 79' lang='lat' dir='ltr'>cada-</span> 
     </span>
     <span class='ocr_line' id='line_1_47' title="bbox 374 2186 1383 2242; baseline -0.023 -2"><span class='ocrx_word' id='word_1_389' title='bbox 374 2217 429 2240; x_wconf 89' lang='lat' dir='ltr'>ver</span> <span class='ocrx_word' id='word_1_390' title='bbox 455 2202 627 2242; x_wconf 72' lang='lat' dir='ltr'>Aniculae,</span> <span class='ocrx_word' id='word_1_391' title='bbox 651 2196 744 2239; x_wconf 87' lang='lat' dir='ltr'>cujus</span> <span class='ocrx_word' id='word_1_392' title='bbox 768 2200 881 2227; x_wconf 85' lang='lat' dir='ltr'>venter</span> <span class='ocrx_word' id='word_1_393' title='bbox 893 2199 967 2224; x_wconf 90' lang='lat' dir='ltr'>cum</span> <span class='ocrx_word' id='word_1_394' title='bbox 992 2187 1074 2221; x_wconf 85' lang='lat' dir='ltr'>aCl.</span> <span class='ocrx_word' id='word_1_395' title='bbox 1091 2187 1220 2228; x_wconf 81' lang='lat' dir='ltr'>Vulpio</span> <span class='ocrx_word' id='word_1_396' title='bbox 1232 2186 1274 2219; x_wconf 91' lang='lat' dir='ltr'>A.</span> <span class='ocrx_word' id='word_1_397' title='bbox 1290 2195 1383 2228; x_wconf 89' lang='lat'>1717.</span> 
     </span>
     <span class='ocr_line' id='line_1_48' title="bbox 370 2230 1385 2296; baseline -0.026 -11"><span class='ocrx_word' id='word_1_398' title='bbox 370 2249 529 2296; x_wconf 81' lang='lat' dir='ltr'>Januario</span> <span class='ocrx_word' id='word_1_399' title='bbox 553 2243 656 2279; x_wconf 86' lang='lat' dir='ltr'>mense</span> <span class='ocrx_word' id='word_1_400' title='bbox 680 2238 881 2283; x_wconf 87' lang='lat' dir='ltr'>aperiretur,</span> <span class='ocrx_word' id='word_1_401' title='bbox 903 2231 971 2275; x_wconf 86' lang='lat' dir='ltr'>ipse</span> <span class='ocrx_word' id='word_1_402' title='bbox 995 2239 1102 2264; x_wconf 88' lang='lat' dir='ltr'>autem</span> <span class='ocrx_word' id='word_1_403' title='bbox 1126 2230 1280 2264; x_wconf 87' lang='lat' dir='ltr'>adstarem</span> <span class='ocrx_word' id='word_1_404' title='bbox 1304 2252 1313 2267; x_wconf 90' lang='lat'>,</span> <span class='ocrx_word' id='word_1_405' title='bbox 1351 2238 1385 2263; x_wconf 80' lang='lat' dir='ltr'>ut</span> 
     </span>
     <span class='ocr_line' id='line_1_49' title="bbox 376 2272 1387 2336; baseline -0.024 -7"><span class='ocrx_word' id='word_1_406' title='bbox 376 2293 578 2336; x_wconf 68' lang='lat' dir='ltr'>singulorum</span> <span class='ocrx_word' id='word_1_407' title='bbox 602 2287 759 2321; x_wconf 86' lang='lat' dir='ltr'>viscerum</span> <span class='ocrx_word' id='word_1_408' title='bbox 783 2279 886 2313; x_wconf 85' lang='lat' dir='ltr'>sedem</span> <span class='ocrx_word' id='word_1_409' title='bbox 909 2274 1131 2309; x_wconf 82' lang='lat' dir='ltr'>Auditoribus</span> <span class='ocrx_word' id='word_1_410' title='bbox 1153 2272 1353 2307; x_wconf 86' lang='lat' dir='ltr'>ostenderem</span> <span class='ocrx_word' id='word_1_411' title='bbox 1376 2294 1387 2310; x_wconf 92' lang='lat'>‚</span> 
     </span>
     <span class='ocr_line' id='line_1_50' title="bbox 376 2316 1389 2373; baseline -0.024 0"><span class='ocrx_word' id='word_1_412' title='bbox 376 2337 433 2373; x_wconf 82' lang='lat' dir='ltr'>etsi</span> <span class='ocrx_word' id='word_1_413' title='bbox 458 2334 565 2370; x_wconf 89' lang='lat' dir='ltr'>nullus</span> <span class='ocrx_word' id='word_1_414' title='bbox 587 2331 669 2365; x_wconf 82' lang='lat' dir='ltr'>odor</span> <span class='ocrx_word' id='word_1_415' title='bbox 693 2325 828 2370; x_wconf 79' lang='lat' dir='ltr'>gravior</span> <span class='ocrx_word' id='word_1_416' title='bbox 850 2320 948 2354; x_wconf 89' lang='lat' dir='ltr'>solito</span> <span class='ocrx_word' id='word_1_417' title='bbox 969 2319 1124 2353; x_wconf 85' lang='lat' dir='ltr'>existebat</span> <span class='ocrx_word' id='word_1_418' title='bbox 1138 2341 1147 2357; x_wconf 91' lang='lat'>,</span> <span class='ocrx_word' id='word_1_419' title='bbox 1171 2327 1229 2350; x_wconf 89' lang='lat' dir='ltr'>nec</span> <span class='ocrx_word' id='word_1_420' title='bbox 1250 2316 1354 2351; x_wconf 88' lang='lat' dir='ltr'>ullum</span> <span class='ocrx_word' id='word_1_421' title='bbox 1379 2341 1389 2357; x_wconf 89' lang='lat'>,</span> 
     </span>
     <span class='ocr_line' id='line_1_51' title="bbox 379 2362 1394 2423; baseline -0.025 -7"><span class='ocrx_word' id='word_1_422' title='bbox 379 2388 495 2423; x_wconf 80' lang='lat' dir='ltr'>praeter</span> <span class='ocrx_word' id='word_1_423' title='bbox 527 2375 755 2411; x_wconf 86' lang='lat' dir='ltr'>intestinorum</span> <span class='ocrx_word' id='word_1_424' title='bbox 779 2364 1045 2408; x_wconf 81' lang='lat' dir='ltr'>implicationem</span> <span class='ocrx_word' id='word_1_425' title='bbox 1069 2384 1081 2402; x_wconf 93' lang='lat'>,</span> <span class='ocrx_word' id='word_1_426' title='bbox 1114 2362 1234 2394; x_wconf 89' lang='lat' dir='ltr'>vitium</span> <span class='ocrx_word' id='word_1_427' title='bbox 1260 2371 1394 2402; x_wconf 81' lang='lat' dir='ltr'>appare-</span> 
     </span>
     <span class='ocr_line' id='line_1_52' title="bbox 378 2403 1393 2461; baseline -0.021 -5"><span class='ocrx_word' id='word_1_428' title='bbox 378 2426 434 2460; x_wconf 87' lang='lat' dir='ltr'>bat</span> <span class='ocrx_word' id='word_1_429' title='bbox 458 2437 469 2461; x_wconf 68' lang='grc' dir='ltr'>ς</span> <span class='ocrx_word' id='word_1_430' title='bbox 500 2420 662 2455; x_wconf 85' lang='lat' dir='ltr'>continuo</span> <span class='ocrx_word' id='word_1_431' title='bbox 684 2422 793 2448; x_wconf 87' lang='lat' dir='ltr'>tamen</span> <span class='ocrx_word' id='word_1_432' title='bbox 819 2407 989 2442; x_wconf 87' lang='lat' dir='ltr'>insolitum</span> <span class='ocrx_word' id='word_1_433' title='bbox 1012 2406 1173 2449; x_wconf 85' lang='lat' dir='ltr'>quendam</span> <span class='ocrx_word' id='word_1_434' title='bbox 1203 2403 1393 2445; x_wconf 77' lang='lat' dir='ltr'>languorem</span> 
     </span>
     <span class='ocr_line' id='line_1_53' title="bbox 379 2447 1392 2504; baseline -0.027 -1"><span class='ocrx_word' id='word_1_435' title='bbox 379 2465 456 2503; x_wconf 79' lang='lat' dir='ltr'>senfi</span> <span class='ocrx_word' id='word_1_436' title='bbox 474 2488 483 2504; x_wconf 83' lang='lat'><strong><em>‚</em></strong></span> <span class='ocrx_word' id='word_1_437' title='bbox 506 2474 573 2499; x_wconf 91' lang='lat' dir='ltr'>non</span> <span class='ocrx_word' id='word_1_438' title='bbox 597 2461 683 2495; x_wconf 89' lang='lat' dir='ltr'>secus</span> <span class='ocrx_word' id='word_1_439' title='bbox 705 2468 740 2490; x_wconf 82' lang='lat' dir='ltr'>ac</span> <span class='ocrx_word' id='word_1_440' title='bbox 764 2455 786 2488; x_wconf 78' lang='lat' dir='ltr'>ss</span> <span class='ocrx_word' id='word_1_441' title='bbox 812 2451 911 2486; x_wconf 87' lang='lat' dir='ltr'>animi</span> <span class='ocrx_word' id='word_1_442' title='bbox 933 2448 1064 2482; x_wconf 85' lang='lat' dir='ltr'>instaret</span> <span class='ocrx_word' id='word_1_443' title='bbox 1086 2447 1290 2489; x_wconf 83' lang='lat' dir='ltr'>deliquium:</span> <span class='ocrx_word' id='word_1_444' title='bbox 1315 2457 1392 2480; x_wconf 78' lang='lat' dir='ltr'>mox</span> 
     </span>
     <span class='ocr_line' id='line_1_54' title="bbox 381 2491 1392 2547; baseline -0.025 0"><span class='ocrx_word' id='word_1_445' title='bbox 381 2521 491 2547; x_wconf 84' lang='lat' dir='ltr'>autem</span> <span class='ocrx_word' id='word_1_446' title='bbox 514 2504 692 2541; x_wconf 81' lang='lat' dir='ltr'>ostensione</span> <span class='ocrx_word' id='word_1_447' title='bbox 716 2500 772 2533; x_wconf 87' lang='lat' dir='ltr'>illa</span> <span class='ocrx_word' id='word_1_448' title='bbox 796 2494 941 2541; x_wconf 68' lang='lat' dir='ltr'>absoluta</span> <span class='ocrx_word' id='word_1_449' title='bbox 955 2515 964 2529; x_wconf 91' lang='lat'>,</span> <span class='ocrx_word' id='word_1_450' title='bbox 990 2503 1064 2525; x_wconf 91' lang='lat' dir='ltr'>cum</span> <span class='ocrx_word' id='word_1_451' title='bbox 1079 2492 1136 2525; x_wconf 83' lang='lat' dir='ltr'>vix</span> <span class='ocrx_word' id='word_1_452' title='bbox 1156 2491 1290 2524; x_wconf 88' lang='lat' dir='ltr'>domum</span> <span class='ocrx_word' id='word_1_453' title='bbox 1303 2499 1392 2523; x_wconf 88' lang='lat' dir='ltr'>uter-</span> 
     </span>
     <span class='ocr_line' id='line_1_55' title="bbox 382 2533 1389 2599; baseline -0.025 -10"><span class='ocrx_word' id='word_1_454' title='bbox 382 2567 446 2599; x_wconf 88' lang='lat' dir='ltr'>que</span> <span class='ocrx_word' id='word_1_455' title='bbox 471 2549 691 2586; x_wconf 84' lang='lat' dir='ltr'>rediissemus,</span> <span class='ocrx_word' id='word_1_456' title='bbox 715 2543 834 2586; x_wconf 84' lang='lat' dir='ltr'>pariter</span> <span class='ocrx_word' id='word_1_457' title='bbox 859 2538 971 2572; x_wconf 73' lang='lat' dir='ltr'>febrili</span> <span class='ocrx_word' id='word_1_458' title='bbox 996 2536 1155 2573; x_wconf 86' lang='lat' dir='ltr'>horrore,</span> <span class='ocrx_word' id='word_1_459' title='bbox 1178 2535 1209 2566; x_wconf 90' lang='lat'>&amp;</span> <span class='ocrx_word' id='word_1_460' title='bbox 1232 2533 1356 2575; x_wconf 74' lang='lat' dir='ltr'>frigore</span> <span class='ocrx_word' id='word_1_461' title='bbox 1380 2557 1389 2573; x_wconf 87' lang='lat'><em>‚</em></span> 
     </span>
     <span class='ocr_line' id='line_1_56' title="bbox 382 2578 1389 2634; baseline -0.028 -1"><span class='ocrx_word' id='word_1_462' title='bbox 382 2603 413 2634; x_wconf 89' lang='lat'><strong>&amp;</strong></span> <span class='ocrx_word' id='word_1_463' title='bbox 435 2597 509 2631; x_wconf 90' lang='lat' dir='ltr'>dein</span> <span class='ocrx_word' id='word_1_464' title='bbox 532 2594 637 2628; x_wconf 91' lang='lat' dir='ltr'>calore</span> <span class='ocrx_word' id='word_1_465' title='bbox 660 2588 698 2623; x_wconf 84' lang='lat' dir='ltr'>ad</span> <span class='ocrx_word' id='word_1_466' title='bbox 722 2584 858 2620; x_wconf 85' lang='lat' dir='ltr'>eundem</span> <span class='ocrx_word' id='word_1_467' title='bbox 883 2579 1037 2617; x_wconf 88' lang='lat' dir='ltr'>modum,</span> <span class='ocrx_word' id='word_1_468' title='bbox 1062 2578 1238 2620; x_wconf 85' lang='lat' dir='ltr'>eodemque</span> <span class='ocrx_word' id='word_1_469' title='bbox 1261 2586 1389 2618; x_wconf 80' lang='lat' dir='ltr'>tempo-</span> 
     </span>
     <span class='ocr_line' id='line_1_57' title="bbox 385 2618 1391 2681; baseline -0.024 -4"><span class='ocrx_word' id='word_1_470' title='bbox 385 2654 419 2677; x_wconf 90' lang='lat' dir='ltr'>re</span> <span class='ocrx_word' id='word_1_471' title='bbox 442 2636 586 2681; x_wconf 88' lang='lat' dir='ltr'>correpti</span> <span class='ocrx_word' id='word_1_472' title='bbox 610 2634 739 2670; x_wconf 86' lang='lat' dir='ltr'>sumus,</span> <span class='ocrx_word' id='word_1_473' title='bbox 763 2628 903 2669; x_wconf 87' lang='lat' dir='ltr'>indeque</span> <span class='ocrx_word' id='word_1_474' title='bbox 925 2634 985 2665; x_wconf 81' lang='lat' dir='ltr'>ego</span> <span class='ocrx_word' id='word_1_475' title='bbox 1011 2646 1020 2662; x_wconf 90' lang='lat'>,</span> <span class='ocrx_word' id='word_1_476' title='bbox 1043 2622 1192 2664; x_wconf 86' lang='lat' dir='ltr'>quamvis</span> <span class='ocrx_word' id='word_1_477' title='bbox 1215 2618 1318 2654; x_wconf 64' lang='lat' dir='ltr'>fracta</span> <span class='ocrx_word' id='word_1_478' title='bbox 1342 2619 1391 2653; x_wconf 83' lang='lat' dir='ltr'>fe-</span> 
     </span>
     <span class='ocr_line' id='line_1_58' title="bbox 383 2665 1390 2723; baseline -0.028 -3"><span class='ocrx_word' id='word_1_479' title='bbox 383 2685 452 2720; x_wconf 87' lang='lat' dir='ltr'>bris</span> <span class='ocrx_word' id='word_1_480' title='bbox 475 2684 533 2723; x_wconf 84' lang='lat' dir='ltr'>vi,</span> <span class='ocrx_word' id='word_1_481' title='bbox 557 2690 613 2723; x_wconf 88' lang='lat' dir='ltr'>per</span> <span class='ocrx_word' id='word_1_482' title='bbox 636 2685 737 2711; x_wconf 83' lang='lat' dir='ltr'>annos</span> <span class='ocrx_word' id='word_1_483' title='bbox 762 2672 889 2714; x_wconf 89' lang='lat' dir='ltr'>aliquot</span> <span class='ocrx_word' id='word_1_484' title='bbox 911 2668 957 2701; x_wconf 87' lang='lat' dir='ltr'>ita</span> <span class='ocrx_word' id='word_1_485' title='bbox 983 2665 1063 2700; x_wconf 84' lang='lat' dir='ltr'>male</span> <span class='ocrx_word' id='word_1_486' title='bbox 1087 2665 1193 2699; x_wconf 85' lang='lat' dir='ltr'>valere</span> <span class='ocrx_word' id='word_1_487' title='bbox 1216 2665 1327 2706; x_wconf 82' lang='lat' dir='ltr'>coepi,</span> <span class='ocrx_word' id='word_1_488' title='bbox 1353 2673 1390 2697; x_wconf 84' lang='lat' dir='ltr'>ut</span> 
     </span>
     <span class='ocr_line' id='line_1_59' title="bbox 384 2707 1391 2766; baseline -0.025 -4"><span class='ocrx_word' id='word_1_489' title='bbox 384 2731 420 2763; x_wconf 83' lang='lat' dir='ltr'>in</span> <span class='ocrx_word' id='word_1_490' title='bbox 451 2723 693 2766; x_wconf 81' lang='lat' dir='ltr'>nuncupatione</span> <span class='ocrx_word' id='word_1_491' title='bbox 715 2712 991 2752; x_wconf 81' lang='lat' dir='ltr'>Adversariorum</span> <span class='ocrx_word' id='word_1_492' title='bbox 1023 2709 1084 2743; x_wconf 91' lang='lat' dir='ltr'>IV.</span> <span class='ocrx_word' id='word_1_493' title='bbox 1110 2708 1252 2741; x_wconf 88' lang='lat' dir='ltr'>indicavi</span> <span class='ocrx_word' id='word_1_494' title='bbox 1280 2732 1286 2739; x_wconf 93' lang='lat'>.</span> <span class='ocrx_word' id='word_1_495' title='bbox 1320 2707 1391 2740; x_wconf 85' lang='lat' dir='ltr'>Nec</span> 
     </span>
     <span class='ocr_line' id='line_1_60' title="bbox 384 2750 1394 2807; baseline -0.026 0"><span class='ocrx_word' id='word_1_496' title='bbox 384 2772 526 2807; x_wconf 88' lang='lat' dir='ltr'>mirum:</span> <span class='ocrx_word' id='word_1_497' title='bbox 549 2766 607 2802; x_wconf 76' lang='lat' dir='ltr'>etsi</span> <span class='ocrx_word' id='word_1_498' title='bbox 631 2764 720 2799; x_wconf 88' lang='lat' dir='ltr'>enim</span> <span class='ocrx_word' id='word_1_499' title='bbox 741 2772 777 2793; x_wconf 84' lang='lat' dir='ltr'>ea</span> <span class='ocrx_word' id='word_1_500' title='bbox 798 2757 935 2792; x_wconf 86' lang='lat' dir='ltr'>foemina</span> <span class='ocrx_word' id='word_1_501' title='bbox 960 2764 1020 2796; x_wconf 87' lang='lat' dir='ltr'>pro</span> <span class='ocrx_word' id='word_1_502' title='bbox 1045 2752 1242 2794; x_wconf 65' lang='lat' dir='ltr'>apoplefflca</span> <span class='ocrx_word' id='word_1_503' title='bbox 1266 2751 1300 2783; x_wconf 90' lang='lat' dir='ltr'>in</span> <span class='ocrx_word' id='word_1_504' title='bbox 1319 2750 1394 2783; x_wconf 86' lang='lat' dir='ltr'>No-</span> 
     </span>
     <span class='ocr_line' id='line_1_61' title="bbox 385 2795 1395 2851; baseline -0.026 0"><span class='ocrx_word' id='word_1_505' title='bbox 385 2814 573 2851; x_wconf 82' lang='lat' dir='ltr'>socomium</span> <span class='ocrx_word' id='word_1_506' title='bbox 594 2809 684 2844; x_wconf 83' lang='lat' dir='ltr'>illata</span> <span class='ocrx_word' id='word_1_507' title='bbox 706 2803 837 2841; x_wconf 87' lang='lat' dir='ltr'>fuerat,</span> <span class='ocrx_word' id='word_1_508' title='bbox 861 2802 892 2833; x_wconf 88' lang='lat'>&amp;</span> <span class='ocrx_word' id='word_1_509' title='bbox 916 2796 1020 2840; x_wconf 84' lang='lat' dir='ltr'>reapse</span> <span class='ocrx_word' id='word_1_510' title='bbox 1043 2805 1129 2833; x_wconf 78' lang='lat' dir='ltr'>erat3</span> <span class='ocrx_word' id='word_1_511' title='bbox 1152 2795 1208 2829; x_wconf 89' lang='lat' dir='ltr'>illa</span> <span class='ocrx_word' id='word_1_512' title='bbox 1232 2802 1339 2827; x_wconf 89' lang='lat' dir='ltr'>tamen</span> <span class='ocrx_word' id='word_1_513' title='bbox 1362 2806 1395 2826; x_wconf 81' lang='lat' dir='ltr'>a-</span> 
     </span>
     <span class='ocr_line' id='line_1_62' title="bbox 387 2838 1392 2904; baseline -0.024 -11"><span class='ocrx_word' id='word_1_514' title='bbox 387 2858 542 2904; x_wconf 76' lang='lat' dir='ltr'>poplexia</span> <span class='ocrx_word' id='word_1_515' title='bbox 566 2853 719 2895; x_wconf 83' lang='lat' dir='ltr'>malignae</span> <span class='ocrx_word' id='word_1_516' title='bbox 744 2872 754 2887; x_wconf 91' lang='lat'>,</span> <span class='ocrx_word' id='word_1_517' title='bbox 778 2855 813 2882; x_wconf 85' lang='lat' dir='ltr'>ut</span> <span class='ocrx_word' id='word_1_518' title='bbox 838 2842 944 2886; x_wconf 87' lang='lat' dir='ltr'>postea</span> <span class='ocrx_word' id='word_1_519' title='bbox 966 2838 1166 2884; x_wconf 88' lang='lat' dir='ltr'>inquirendo</span> <span class='ocrx_word' id='word_1_520' title='bbox 1189 2847 1392 2879; x_wconf 82' lang='lat' dir='ltr'>compertum</span> 
     </span>
     <span class='ocr_line' id='line_1_63' title="bbox 387 2881 1394 2939; baseline -0.024 -2"><span class='ocrx_word' id='word_1_521' title='bbox 387 2903 452 2939; x_wconf 73' lang='lat' dir='ltr'>est,</span> <span class='ocrx_word' id='word_1_522' title='bbox 476 2900 581 2937; x_wconf 82' lang='lat' dir='ltr'>febri.</span> <span class='ocrx_word' id='word_1_523' title='bbox 603 2907 678 2931; x_wconf 83' lang='lat' dir='ltr'>curn</span> <span class='ocrx_word' id='word_1_524' title='bbox 700 2892 793 2926; x_wconf 88' lang='lat' dir='ltr'>domi</span> <span class='ocrx_word' id='word_1_525' title='bbox 816 2893 1010 2930; x_wconf 79' lang='lat' dir='ltr'>aegrotaret‚</span> <span class='ocrx_word' id='word_1_526' title='bbox 1034 2894 1098 2917; x_wconf 90' lang='lat' dir='ltr'>non</span> <span class='ocrx_word' id='word_1_527' title='bbox 1124 2884 1168 2916; x_wconf 87' lang='lat' dir='ltr'>ita</span> <span class='ocrx_word' id='word_1_528' title='bbox 1193 2881 1319 2924; x_wconf 86' lang='lat' dir='ltr'>pridem</span> <span class='ocrx_word' id='word_1_529' title='bbox 1344 2893 1394 2914; x_wconf 83' lang='lat' dir='ltr'>ac-</span> 
     </span>
     <span class='ocr_line' id='line_1_64' title="bbox 389 2923 1394 2981; baseline -0.023 -1"><span class='ocrx_word' id='word_1_530' title='bbox 389 2944 541 2981; x_wconf 78' lang='lat' dir='ltr'>cesserat.</span> <span class='ocrx_word' id='word_1_531' title='bbox 564 2941 668 2974; x_wconf 87' lang='lat' dir='ltr'>Vides</span> <span class='ocrx_word' id='word_1_532' title='bbox 690 2937 793 2978; x_wconf 84' lang='lat' dir='ltr'>igitur</span> <span class='ocrx_word' id='word_1_533' title='bbox 819 2956 831 2974; x_wconf 90' lang='lat'>‚</span> <span class='ocrx_word' id='word_1_534' title='bbox 853 2942 891 2964; x_wconf 90' lang='lat' dir='ltr'>ne</span> <span class='ocrx_word' id='word_1_535' title='bbox 915 2928 997 2963; x_wconf 88' lang='lat' dir='ltr'>illud</span> <span class='ocrx_word' id='word_1_536' title='bbox 1021 2926 1154 2970; x_wconf 85' lang='lat' dir='ltr'>quidem</span> <span class='ocrx_word' id='word_1_537' title='bbox 1178 2924 1251 2959; x_wconf 90' lang='lat' dir='ltr'>satis</span> <span class='ocrx_word' id='word_1_538' title='bbox 1273 2923 1332 2957; x_wconf 81' lang='lat' dir='ltr'>esse</span> <span class='ocrx_word' id='word_1_539' title='bbox 1355 2923 1394 2958; x_wconf 89' lang='lat' dir='ltr'>ad</span> 
     </span>
     <span class='ocr_line' id='line_1_65' title="bbox 391 2969 1398 3033; baseline -0.025 -9"><span class='ocrx_word' id='word_1_540' title='bbox 391 2987 572 3033; x_wconf 86' lang='lat' dir='ltr'>periculum</span> <span class='ocrx_word' id='word_1_541' title='bbox 596 2979 816 3024; x_wconf 83' lang='lat' dir='ltr'>effugiendum</span> <span class='ocrx_word' id='word_1_542' title='bbox 843 2999 852 3015; x_wconf 91' lang='lat'>,</span> <span class='ocrx_word' id='word_1_543' title='bbox 873 2973 1009 3008; x_wconf 84' lang='lat' dir='ltr'>cadaver</span> <span class='ocrx_word' id='word_1_544' title='bbox 1033 2982 1098 3004; x_wconf 88' lang='lat' dir='ltr'>non</span> <span class='ocrx_word' id='word_1_545' title='bbox 1123 2978 1198 3004; x_wconf 88' lang='lat' dir='ltr'>ante</span> <span class='ocrx_word' id='word_1_546' title='bbox 1222 2969 1363 3002; x_wconf 85' lang='lat' dir='ltr'>incidere</span> <span class='ocrx_word' id='word_1_547' title='bbox 1387 2991 1398 3007; x_wconf 90' lang='lat'>,</span> 
     </span>
     <span class='ocr_line' id='line_1_66' title="bbox 391 3012 1398 3075; baseline -0.025 -8"><span class='ocrx_word' id='word_1_548' title='bbox 391 3042 491 3075; x_wconf 86' lang='lat' dir='ltr'>quam</span> <span class='ocrx_word' id='word_1_549' title='bbox 514 3028 671 3071; x_wconf 82' lang='lat' dir='ltr'>frigidum</span> <span class='ocrx_word' id='word_1_550' title='bbox 695 3023 817 3057; x_wconf 62' lang='lat' dir='ltr'>fanum</span> <span class='ocrx_word' id='word_1_551' title='bbox 844 3017 905 3052; x_wconf 85' lang='lat' dir='ltr'>fit:</span> <span class='ocrx_word' id='word_1_552' title='bbox 929 3027 1028 3059; x_wconf 84' lang='lat' dir='ltr'>quam</span> <span class='ocrx_word' id='word_1_553' title='bbox 1052 3015 1238 3048; x_wconf 86' lang='lat' dir='ltr'>cautionem</span> <span class='ocrx_word' id='word_1_554' title='bbox 1261 3012 1398 3054; x_wconf 83' lang='lat' dir='ltr'>quilau-</span> 
     </span>
     <span class='ocr_line' id='line_1_67' title="bbox 396 3056 1397 3113; baseline -0.024 -3"><span class='ocrx_word' id='word_1_555' title='bbox 396 3077 537 3113; x_wconf 87' lang='lat' dir='ltr'>darunt,</span> <span class='ocrx_word' id='word_1_556' title='bbox 556 3069 638 3105; x_wconf 90' lang='lat' dir='ltr'>illud</span> <span class='ocrx_word' id='word_1_557' title='bbox 663 3075 815 3110; x_wconf 83' lang='lat' dir='ltr'>praeterea</span> <span class='ocrx_word' id='word_1_558' title='bbox 839 3057 1098 3095; x_wconf 84' lang='lat' dir='ltr'>animadvertiffe</span> <span class='ocrx_word' id='word_1_559' title='bbox 1121 3068 1189 3091; x_wconf 88' lang='lat' dir='ltr'>non</span> <span class='ocrx_word' id='word_1_560' title='bbox 1211 3056 1362 3089; x_wconf 88' lang='lat' dir='ltr'>videntur</span> <span class='ocrx_word' id='word_1_561' title='bbox 1387 3077 1397 3093; x_wconf 94' lang='lat'>‚</span> 
     </span>
     <span class='ocr_line' id='line_1_68' title="bbox 392 3099 1399 3163; baseline -0.024 -9"><span class='ocrx_word' id='word_1_562' title='bbox 392 3120 512 3163; x_wconf 84' lang='lat' dir='ltr'>frigere</span> <span class='ocrx_word' id='word_1_563' title='bbox 534 3113 674 3151; x_wconf 87' lang='lat' dir='ltr'>exterius</span> <span class='ocrx_word' id='word_1_564' title='bbox 697 3106 805 3152; x_wconf 84' lang='lat' dir='ltr'>posse,</span> <span class='ocrx_word' id='word_1_565' title='bbox 827 3106 963 3139; x_wconf 86' lang='lat' dir='ltr'>interius</span> <span class='ocrx_word' id='word_1_566' title='bbox 987 3111 1096 3137; x_wconf 86' lang='lat' dir='ltr'>autem</span> <span class='ocrx_word' id='word_1_567' title='bbox 1117 3101 1258 3135; x_wconf 88' lang='lat' dir='ltr'>calorem</span> <span class='ocrx_word' id='word_1_568' title='bbox 1280 3099 1399 3132; x_wconf 89' lang='lat' dir='ltr'>retine-</span> 
     </span>
     <span class='ocr_line' id='line_1_69' title="bbox 396 3144 1400 3204; baseline -0.025 -5"><span class='ocrx_word' id='word_1_569' title='bbox 396 3175 429 3198; x_wconf 80' lang='lat' dir='ltr'>re</span> <span class='ocrx_word' id='word_1_570' title='bbox 450 3182 462 3202; x_wconf 37' lang='lat' dir='ltr'>v,</span> <span class='ocrx_word' id='word_1_571' title='bbox 495 3160 584 3204; x_wconf 90' lang='lat' dir='ltr'>quod</span> <span class='ocrx_word' id='word_1_572' title='bbox 608 3168 646 3192; x_wconf 86' lang='lat' dir='ltr'>ex</span> <span class='ocrx_word' id='word_1_573' title='bbox 668 3151 826 3196; x_wconf 87' lang='lat' dir='ltr'>Epistolis</span> <span class='ocrx_word' id='word_1_574' title='bbox 845 3147 884 3182; x_wconf 91' lang='lat' dir='ltr'>ad</span> <span class='ocrx_word' id='word_1_575' title='bbox 917 3157 949 3180; x_wconf 91' lang='lat' dir='ltr'>te</span> <span class='ocrx_word' id='word_1_576' title='bbox 972 3144 1087 3180; x_wconf 81' lang='lat' dir='ltr'>nostris</span> <span class='ocrx_word' id='word_1_577' title='bbox 1111 3144 1310 3179; x_wconf 87' lang='lat' dir='ltr'>intellexeris</span> <span class='ocrx_word' id='word_1_578' title='bbox 1334 3153 1400 3175; x_wconf 89' lang='lat' dir='ltr'>non</span> 
     </span>
     <span class='ocr_line' id='line_1_70' title="bbox 395 3183 1402 3242; baseline -0.023 -1"><span class='ocrx_word' id='word_1_579' title='bbox 395 3218 470 3242; x_wconf 85' lang='lat' dir='ltr'>raro</span> <span class='ocrx_word' id='word_1_580' title='bbox 492 3204 561 3238; x_wconf 86' lang='lat' dir='ltr'>fieri</span> <span class='ocrx_word' id='word_1_581' title='bbox 585 3224 593 3240; x_wconf 93' lang='lat'>‚</span> <span class='ocrx_word' id='word_1_582' title='bbox 623 3202 655 3234; x_wconf 75' lang='grc' dir='ltr'>δε</span> <span class='ocrx_word' id='word_1_583' title='bbox 678 3194 852 3239; x_wconf 87' lang='lat' dir='ltr'>aliquando</span> <span class='ocrx_word' id='word_1_584' title='bbox 876 3192 926 3225; x_wconf 88' lang='lat' dir='ltr'>vel</span> <span class='ocrx_word' id='word_1_585' title='bbox 959 3188 1126 3233; x_wconf 81' lang='lat' dir='ltr'>trigefima</span> <span class='ocrx_word' id='word_1_586' title='bbox 1150 3200 1167 3222; x_wconf 89' lang='lat' dir='ltr'>a</span> <span class='ocrx_word' id='word_1_587' title='bbox 1191 3196 1296 3220; x_wconf 88' lang='lat' dir='ltr'>morte</span> <span class='ocrx_word' id='word_1_588' title='bbox 1321 3183 1402 3219; x_wconf 87' lang='lat' dir='ltr'>hora</span> 
     </span>
     <span class='ocr_line' id='line_1_71' title="bbox 395 3228 1403 3293; baseline -0.021 -10"><span class='ocrx_word' id='word_1_589' title='bbox 395 3254 410 3291; x_wconf 87' lang='lat'><strong>(</strong></span> <span class='ocrx_word' id='word_1_590' title='bbox 432 3261 456 3293; x_wconf 66' lang='lat' dir='ltr'><em>z</em></span> <span class='ocrx_word' id='word_1_591' title='bbox 477 3251 491 3288; x_wconf 91' lang='lat'>)</span> <span class='ocrx_word' id='word_1_592' title='bbox 514 3248 548 3280; x_wconf 91' lang='lat' dir='ltr'>in</span> <span class='ocrx_word' id='word_1_593' title='bbox 572 3243 693 3279; x_wconf 88' lang='lat' dir='ltr'>ventris</span> <span class='ocrx_word' id='word_1_594' title='bbox 715 3235 929 3273; x_wconf 80' lang='lat' dir='ltr'>interioribus</span> <span class='ocrx_word' id='word_1_595' title='bbox 951 3234 1093 3267; x_wconf 89' lang='lat' dir='ltr'>calorem</span> <span class='ocrx_word' id='word_1_596' title='bbox 1113 3229 1264 3274; x_wconf 74' lang='lat' dir='ltr'>superesse</span> <span class='ocrx_word' id='word_1_597' title='bbox 1278 3255 1286 3264; x_wconf 88' lang='lat'>.</span> <span class='ocrx_word' id='word_1_598' title='bbox 1309 3228 1403 3263; x_wconf 89' lang='lat' dir='ltr'>Num</span> 
     </span>
     <span class='ocr_line' id='line_1_72' title="bbox 396 3272 1406 3336; baseline -0.022 -9"><span class='ocrx_word' id='word_1_599' title='bbox 396 3294 500 3336; x_wconf 84' lang='lat' dir='ltr'>igitur</span> <span class='ocrx_word' id='word_1_600' title='bbox 523 3286 753 3332; x_wconf 63' lang='lat' dir='ltr'>expectandum</span> <span class='ocrx_word' id='word_1_601' title='bbox 777 3281 901 3316; x_wconf 85' lang='lat' dir='ltr'>diutius</span> <span class='ocrx_word' id='word_1_602' title='bbox 924 3277 966 3312; x_wconf 86' lang='lat' dir='ltr'>est</span> <span class='ocrx_word' id='word_1_603' title='bbox 988 3276 1003 3310; x_wconf 67' lang='grc'>,3</span> <span class='ocrx_word' id='word_1_604' title='bbox 1038 3280 1084 3310; x_wconf 87' lang='lat' dir='ltr'>At</span> <span class='ocrx_word' id='word_1_605' title='bbox 1109 3274 1290 3320; x_wconf 85' lang='lat' dir='ltr'>putrescens</span> <span class='ocrx_word' id='word_1_606' title='bbox 1313 3272 1406 3306; x_wconf 88' lang='lat' dir='ltr'>cada-</span> 
     </span>
     <span class='ocr_line' id='line_1_73' title="bbox 398 3318 1407 3372; baseline -0.023 -1"><span class='ocrx_word' id='word_1_607' title='bbox 398 3347 455 3371; x_wconf 87' lang='lat' dir='ltr'>ver</span> <span class='ocrx_word' id='word_1_608' title='bbox 478 3333 578 3368; x_wconf 77' lang='lat' dir='ltr'>multo</span> <span class='ocrx_word' id='word_1_609' title='bbox 601 3331 702 3372; x_wconf 81' lang='lat' dir='ltr'>magis</span> <span class='ocrx_word' id='word_1_610' title='bbox 725 3322 934 3368; x_wconf 80' lang='lat' dir='ltr'>contagiosum</span> <span class='ocrx_word' id='word_1_611' title='bbox 958 3322 1084 3355; x_wconf 68' lang='lat' dir='ltr'>evadere</span> <span class='ocrx_word' id='word_1_612' title='bbox 1107 3343 1119 3360; x_wconf 93' lang='lat'>,</span> <span class='ocrx_word' id='word_1_613' title='bbox 1153 3318 1244 3365; x_wconf 82' lang='lat' dir='ltr'>ajunt</span> <span class='ocrx_word' id='word_1_614' title='bbox 1268 3340 1281 3357; x_wconf 90' lang='lat'>,</span> <span class='ocrx_word' id='word_1_615' title='bbox 1313 3326 1407 3358; x_wconf 82' lang='lat' dir='ltr'>quam</span> 
     </span>
     <span class='ocr_line' id='line_1_74' title="bbox 400 3358 1408 3421; baseline -0.024 -8"><span class='ocrx_word' id='word_1_616' title='bbox 400 3388 510 3421; x_wconf 86' lang='lat' dir='ltr'>corpus</span> <span class='ocrx_word' id='word_1_617' title='bbox 532 3374 703 3417; x_wconf 83' lang='lat' dir='ltr'>morbosum</span> <span class='ocrx_word' id='word_1_618' title='bbox 725 3372 858 3403; x_wconf 68' lang='lat' dir='ltr'>vivens.</span> <span class='ocrx_word' id='word_1_619' title='bbox 883 3366 954 3399; x_wconf 90' lang='lat' dir='ltr'>Nec</span> <span class='ocrx_word' id='word_1_620' title='bbox 978 3374 1014 3399; x_wconf 87' lang='lat' dir='ltr'>tu</span> <span class='ocrx_word' id='word_1_621' title='bbox 1039 3363 1122 3398; x_wconf 86' lang='lat' dir='ltr'>mihi</span> <span class='ocrx_word' id='word_1_622' title='bbox 1145 3361 1285 3404; x_wconf 78' lang='lat' dir='ltr'>objicias</span> <span class='ocrx_word' id='word_1_623' title='bbox 1299 3381 1308 3396; x_wconf 85' lang='lat'>‚</span> <span class='ocrx_word' id='word_1_624' title='bbox 1330 3358 1408 3392; x_wconf 82' lang='lat' dir='ltr'>fuis.</span> 
     </span>
     <span class='ocr_line' id='line_1_75' title="bbox 401 3403 1409 3462; baseline -0.022 -6"><span class='ocrx_word' id='word_1_625' title='bbox 401 3423 455 3462; x_wconf 85' lang='lat' dir='ltr'>se,</span> <span class='ocrx_word' id='word_1_626' title='bbox 480 3423 511 3454; x_wconf 88' lang='lat'>&amp;</span> <span class='ocrx_word' id='word_1_627' title='bbox 531 3417 589 3453; x_wconf 84' lang='lat' dir='ltr'>effe</span> <span class='ocrx_word' id='word_1_628' title='bbox 612 3417 692 3461; x_wconf 90' lang='lat' dir='ltr'>qui,</span> <span class='ocrx_word' id='word_1_629' title='bbox 715 3413 801 3449; x_wconf 85' lang='lat' dir='ltr'>hisce</span> <span class='ocrx_word' id='word_1_630' title='bbox 812 3410 963 3445; x_wconf 68' lang='lat' dir='ltr'>omnibus</span> <span class='ocrx_word' id='word_1_631' title='bbox 989 3419 1047 3450; x_wconf 92' lang='lat' dir='ltr'>pro</span> <span class='ocrx_word' id='word_1_632' title='bbox 1060 3405 1299 3441; x_wconf 87' lang='lat' dir='ltr'>nihilohabitis</span> <span class='ocrx_word' id='word_1_633' title='bbox 1314 3425 1323 3440; x_wconf 91' lang='lat'><em>‚</em></span> <span class='ocrx_word' id='word_1_634' title='bbox 1347 3403 1409 3435; x_wconf 92' lang='lat' dir='ltr'>im-</span> 
     </span>
     <span class='ocr_line' id='line_1_76' title="bbox 402 3446 1413 3509; baseline -0.022 -8"><span class='ocrx_word' id='word_1_635' title='bbox 402 3477 487 3509; x_wconf 90' lang='lat' dir='ltr'>pune</span> <span class='ocrx_word' id='word_1_636' title='bbox 508 3463 543 3497; x_wconf 91' lang='lat' dir='ltr'>id</span> <span class='ocrx_word' id='word_1_637' title='bbox 567 3461 725 3496; x_wconf 88' lang='lat' dir='ltr'>fecerint.</span> <span class='ocrx_word' id='word_1_638' title='bbox 749 3457 840 3490; x_wconf 86' lang='lat' dir='ltr'>Nam</span> <span class='ocrx_word' id='word_1_639' title='bbox 862 3464 965 3496; x_wconf 88' lang='lat' dir='ltr'>neque</span> <span class='ocrx_word' id='word_1_640' title='bbox 989 3452 1099 3486; x_wconf 84' lang='lat' dir='ltr'>eadem</span> <span class='ocrx_word' id='word_1_641' title='bbox 1122 3459 1236 3484; x_wconf 83' lang='lat' dir='ltr'>natura</span> <span class='ocrx_word' id='word_1_642' title='bbox 1260 3470 1271 3486; x_wconf 94' lang='lat'><em>‚</em></span> <span class='ocrx_word' id='word_1_643' title='bbox 1310 3449 1340 3480; x_wconf 88' lang='lat'><strong>&amp;</strong></span> <span class='ocrx_word' id='word_1_644' title='bbox 1365 3446 1413 3479; x_wconf 88' lang='lat' dir='ltr'>vis</span> 
     </span>
    </p>
   </div>
   <div class='ocr_carea' id='block_1_3' title="bbox 357 632 583 682">
    <p class='ocr_par' dir='ltr' id='par_1_3' title="bbox 357 632 583 682">
     <span class='ocr_line' id='line_1_77' title="bbox 357 632 583 682; baseline -0.027 -9"><span class='ocrx_word' id='word_1_645' title='bbox 357 654 416 677; x_wconf 79' lang='lat' dir='ltr'>non</span> <span class='ocrx_word' id='word_1_646' title='bbox 435 632 583 682; x_wconf 71' lang='lat' dir='ltr'>placuisse</span> 
     </span>
    </p>
   </div>
   <div class='ocr_carea' id='block_1_4' title="bbox 359 1074 503 1109">
    <p class='ocr_par' dir='ltr' id='par_1_4' title="bbox 359 1074 503 1109">
     <span class='ocr_line' id='line_1_78' title="bbox 359 1074 503 1109; baseline -0.035 0"><span class='ocrx_word' id='word_1_647' title='bbox 359 1074 483 1109; x_wconf 80' lang='lat' dir='ltr'>credam</span> <span class='ocrx_word' id='word_1_648' title='bbox 495 1095 503 1104; x_wconf 93' lang='lat'>.</span> 
     </span>
    </p>
   </div>
   <div class='ocr_carea' id='block_1_5' title="bbox 649 143 2222 215">
    <p class='ocr_par' dir='ltr' id='par_1_5' title="bbox 649 143 2222 215">
     <span class='ocr_line' id='line_1_79' title="bbox 649 143 2222 215; baseline -0.013 0"><span class='ocrx_word' id='word_1_649' title='bbox 649 160 809 215; x_wconf 83' lang='lat' dir='ltr'>Liber</span> <span class='ocrx_word' id='word_1_650' title='bbox 840 157 934 212; x_wconf 86' lang='lat' dir='ltr'>IV.</span> <span class='ocrx_word' id='word_1_651' title='bbox 967 155 1053 208; x_wconf 87' lang='lat' dir='ltr'>De</span> <span class='ocrx_word' id='word_1_652' title='bbox 1090 153 1298 206; x_wconf 82' lang='lat' dir='ltr'>Morbis</span> <span class='ocrx_word' id='word_1_653' title='bbox 1332 146 1687 215; x_wconf 58' lang='lat' dir='ltr'>Chii-argius,</span> <span class='ocrx_word' id='word_1_654' title='bbox 1719 148 1777 199; x_wconf 88' lang='lat'>&amp;</span> <span class='ocrx_word' id='word_1_655' title='bbox 1813 143 2222 199; x_wconf 79' lang='lat' dir='ltr'>Universalibus</span> 
     </span>
    </p>
   </div>
   <div class='ocr_carea' id='block_1_6' title="bbox 1413 216 2471 3518">
    <p class='ocr_par' dir='ltr' id='par_1_6' title="bbox 1414 216 2422 439">
     <span class='ocr_line' id='line_1_80' title="bbox 1415 216 2415 270; baseline -0.014 -7"><span class='ocrx_word' id='word_1_656' title='bbox 1415 231 1458 267; x_wconf 83' lang='lat' dir='ltr'>est</span> <span class='ocrx_word' id='word_1_657' title='bbox 1484 228 1696 270; x_wconf 82' lang='lat' dir='ltr'>malignarum</span> <span class='ocrx_word' id='word_1_658' title='bbox 1719 226 1866 258; x_wconf 85' lang='lat' dir='ltr'>omnium</span> <span class='ocrx_word' id='word_1_659' title='bbox 1890 224 2055 259; x_wconf 78' lang='lat' dir='ltr'>febrium,</span> <span class='ocrx_word' id='word_1_660' title='bbox 2079 229 2179 264; x_wconf 83' lang='lat' dir='ltr'>neque</span> <span class='ocrx_word' id='word_1_661' title='bbox 2203 218 2312 253; x_wconf 86' lang='lat' dir='ltr'>eadem</span> <span class='ocrx_word' id='word_1_662' title='bbox 2338 216 2415 248; x_wconf 82' lang='lat' dir='ltr'>Pro-</span> 
     </span>
     <span class='ocr_line' id='line_1_81' title="bbox 1414 268 2416 310; baseline -0.015 -2"><span class='ocrx_word' id='word_1_663' title='bbox 1414 275 1570 310; x_wconf 66' lang='lat' dir='ltr'>sectorum</span> <span class='ocrx_word' id='word_1_664' title='bbox 1593 269 1742 303; x_wconf 80' lang='lat' dir='ltr'>omnium</span> <span class='ocrx_word' id='word_1_665' title='bbox 1763 268 1933 309; x_wconf 77' lang='lat' dir='ltr'>dispositio</span> <span class='ocrx_word' id='word_1_666' title='bbox 1958 280 1966 303; x_wconf 72' lang='grc' dir='ltr'><strong><em>ς</em></strong></span> <span class='ocrx_word' id='word_1_667' title='bbox 2000 273 2135 309; x_wconf 81' lang='lat' dir='ltr'>quarum</span> <span class='ocrx_word' id='word_1_668' title='bbox 2160 273 2306 296; x_wconf 85' lang='lat' dir='ltr'>neutram</span> <span class='ocrx_word' id='word_1_669' title='bbox 2339 269 2416 294; x_wconf 85' lang='lat' dir='ltr'>cum</span> 
     </span>
     <span class='ocr_line' id='line_1_82' title="bbox 1414 302 2422 362; baseline -0.018 -10"><span class='ocrx_word' id='word_1_670' title='bbox 1414 329 1474 362; x_wconf 91' lang='lat' dir='ltr'>pro</span> <span class='ocrx_word' id='word_1_671' title='bbox 1497 324 1587 349; x_wconf 89' lang='lat' dir='ltr'>certo</span> <span class='ocrx_word' id='word_1_672' title='bbox 1631 310 1711 345; x_wconf 87' lang='lat' dir='ltr'>scire</span> <span class='ocrx_word' id='word_1_673' title='bbox 1754 311 1929 354; x_wconf 82' lang='lat' dir='ltr'>quisquam</span> <span class='ocrx_word' id='word_1_674' title='bbox 1962 309 2056 353; x_wconf 85' lang='lat' dir='ltr'>poffit</span> <span class='ocrx_word' id='word_1_675' title='bbox 2086 322 2096 345; x_wconf 79' lang='lat'>3</span> <span class='ocrx_word' id='word_1_676' title='bbox 2140 311 2212 349; x_wconf 80' lang='lat' dir='ltr'>quis</span> <span class='ocrx_word' id='word_1_677' title='bbox 2236 308 2340 339; x_wconf 82' lang='lat' dir='ltr'>tutius</span> <span class='ocrx_word' id='word_1_678' title='bbox 2374 302 2422 335; x_wconf 76' lang='lat' dir='ltr'>es-</span> 
     </span>
     <span class='ocr_line' id='line_1_83' title="bbox 1414 349 2418 396; baseline -0.016 -1"><span class='ocrx_word' id='word_1_679' title='bbox 1414 362 1442 396; x_wconf 86' lang='lat' dir='ltr'>se</span> <span class='ocrx_word' id='word_1_680' title='bbox 1465 358 1673 393; x_wconf 85' lang='lat' dir='ltr'>timidiorum</span> <span class='ocrx_word' id='word_1_681' title='bbox 1717 354 1886 389; x_wconf 82' lang='lat' dir='ltr'>confilium</span> <span class='ocrx_word' id='word_1_682' title='bbox 1909 377 1919 394; x_wconf 89' lang='lat'>,</span> <span class='ocrx_word' id='word_1_683' title='bbox 1968 362 2061 395; x_wconf 83' lang='lat' dir='ltr'>neget</span> <span class='ocrx_word' id='word_1_684' title='bbox 2086 376 2097 392; x_wconf 91' lang='lat'>,</span> <span class='ocrx_word' id='word_1_685' title='bbox 2139 360 2237 393; x_wconf 89' lang='lat' dir='ltr'>quam</span> <span class='ocrx_word' id='word_1_686' title='bbox 2269 349 2418 384; x_wconf 77' lang='lat' dir='ltr'>audacio-</span> 
     </span>
     <span class='ocr_line' id='line_1_84' title="bbox 1414 405 1539 439; baseline -0.024 0"><span class='ocrx_word' id='word_1_687' title='bbox 1414 416 1486 439; x_wconf 87' lang='lat' dir='ltr'>rum</span> <span class='ocrx_word' id='word_1_688' title='bbox 1503 407 1513 436; x_wconf 81' lang='lat'>?</span> <span class='ocrx_word' id='word_1_689' title='bbox 1534 405 1539 409; x_wconf 88' lang='lat'>&#39;</span> 
     </span>
    </p>

    <p class='ocr_par' dir='ltr' id='par_1_7' title="bbox 1413 436 2464 3011">
     <span class='ocr_line' id='line_1_85' title="bbox 1461 436 2422 490; baseline -0.012 -11"><span class='ocrx_word' id='word_1_690' title='bbox 1461 458 1510 490; x_wconf 80' lang='lat'>33.</span> <span class='ocrx_word' id='word_1_691' title='bbox 1535 445 1659 478; x_wconf 87' lang='lat' dir='ltr'>Verum</span> <span class='ocrx_word' id='word_1_692' title='bbox 1682 468 1692 483; x_wconf 93' lang='lat'>,</span> <span class='ocrx_word' id='word_1_693' title='bbox 1715 450 1752 474; x_wconf 89' lang='lat' dir='ltr'>ut</span> <span class='ocrx_word' id='word_1_694' title='bbox 1776 441 1815 475; x_wconf 87' lang='lat' dir='ltr'>ad</span> <span class='ocrx_word' id='word_1_695' title='bbox 1840 453 1909 479; x_wconf 89' lang='lat' dir='ltr'>me,</span> <span class='ocrx_word' id='word_1_696' title='bbox 1935 443 1966 473; x_wconf 72' lang='grc' dir='ltr'>δε</span> <span class='ocrx_word' id='word_1_697' title='bbox 1989 439 2026 473; x_wconf 85' lang='lat' dir='ltr'>ad</span> <span class='ocrx_word' id='word_1_698' title='bbox 2053 438 2192 472; x_wconf 75' lang='lat' dir='ltr'>vai-iolas</span> <span class='ocrx_word' id='word_1_699' title='bbox 2217 436 2422 473; x_wconf 61' lang='lat' dir='ltr'>redeam-e.</span> 
     </span>
     <span class='ocr_line' id='line_1_86' title="bbox 1413 480 2419 534; baseline -0.012 -9"><span class='ocrx_word' id='word_1_700' title='bbox 1413 491 1547 534; x_wconf 82' lang='lat' dir='ltr'>quidem</span> <span class='ocrx_word' id='word_1_701' title='bbox 1571 488 1672 529; x_wconf 86' lang='lat' dir='ltr'>prima</span> <span class='ocrx_word' id='word_1_702' title='bbox 1697 483 1910 519; x_wconf 86' lang='lat' dir='ltr'>adolescentia</span> <span class='ocrx_word' id='word_1_703' title='bbox 1933 491 2009 517; x_wconf 81' lang='lat' dir='ltr'>curn</span> <span class='ocrx_word' id='word_1_704' title='bbox 2036 482 2069 513; x_wconf 88' lang='lat' dir='ltr'>in</span> <span class='ocrx_word' id='word_1_705' title='bbox 2094 481 2253 524; x_wconf 82' lang='lat' dir='ltr'>ejusmodi</span> <span class='ocrx_word' id='word_1_706' title='bbox 2276 480 2419 522; x_wconf 81' lang='lat' dir='ltr'>ipsarum</span> 
     </span>
     <span class='ocr_line' id='line_1_87' title="bbox 1415 521 2421 569; baseline -0.01 -2"><span class='ocrx_word' id='word_1_707' title='bbox 1415 533 1697 568; x_wconf 83' lang='lat' dir='ltr'>Constitutionem</span> <span class='ocrx_word' id='word_1_708' title='bbox 1721 528 1902 562; x_wconf 71' lang='lat' dir='ltr'>incidissem</span> <span class='ocrx_word' id='word_1_709' title='bbox 1927 550 1936 565; x_wconf 93' lang='lat'>,</span> <span class='ocrx_word' id='word_1_710' title='bbox 1973 538 2044 569; x_wconf 82' lang='lat' dir='ltr'>quae</span> <span class='ocrx_word' id='word_1_711' title='bbox 2069 526 2231 559; x_wconf 88' lang='lat' dir='ltr'>neminem</span> <span class='ocrx_word' id='word_1_712' title='bbox 2255 521 2357 557; x_wconf 89' lang='lat' dir='ltr'>ferme</span> <span class='ocrx_word' id='word_1_713' title='bbox 2382 525 2421 557; x_wconf 80' lang='lat' dir='ltr'>ad</span> 
     </span>
     <span class='ocr_line' id='line_1_88' title="bbox 1416 568 2427 618; baseline -0.012 -6"><span class='ocrx_word' id='word_1_714' title='bbox 1416 588 1490 612; x_wconf 88' lang='lat' dir='ltr'>eum</span> <span class='ocrx_word' id='word_1_715' title='bbox 1524 575 1621 618; x_wconf 84' lang='lat' dir='ltr'>usque</span> <span class='ocrx_word' id='word_1_716' title='bbox 1644 573 1730 606; x_wconf 91' lang='lat' dir='ltr'>diem</span> <span class='ocrx_word' id='word_1_717' title='bbox 1761 574 1966 605; x_wconf 85' lang='lat' dir='ltr'>interemerat</span> <span class='ocrx_word' id='word_1_718' title='bbox 1989 593 1998 609; x_wconf 93' lang='lat'>,</span> <span class='ocrx_word' id='word_1_719' title='bbox 2030 569 2176 603; x_wconf 87' lang='lat' dir='ltr'>discendi</span> <span class='ocrx_word' id='word_1_720' title='bbox 2199 568 2302 601; x_wconf 87' lang='lat' dir='ltr'>studio</span> <span class='ocrx_word' id='word_1_721' title='bbox 2334 568 2427 601; x_wconf 82' lang='lat' dir='ltr'>abre-</span> 
     </span>
     <span class='ocr_line' id='line_1_89' title="bbox 1418 612 2421 665; baseline -0.011 -11"><span class='ocrx_word' id='word_1_722' title='bbox 1418 630 1492 665; x_wconf 81' lang='lat' dir='ltr'>ptus</span> <span class='ocrx_word' id='word_1_723' title='bbox 1515 644 1524 660; x_wconf 91' lang='lat'><strong>‚</strong></span> <span class='ocrx_word' id='word_1_724' title='bbox 1555 617 1720 661; x_wconf 79' lang='lat' dir='ltr'>egregium</span> <span class='ocrx_word' id='word_1_725' title='bbox 1743 615 1777 648; x_wconf 86' lang='lat' dir='ltr'>in</span> <span class='ocrx_word' id='word_1_726' title='bbox 1814 615 2020 649; x_wconf 88' lang='lat' dir='ltr'>Nosocomio</span> <span class='ocrx_word' id='word_1_727' title='bbox 2043 613 2212 646; x_wconf 82' lang='lat' dir='ltr'>Medicum</span> <span class='ocrx_word' id='word_1_728' title='bbox 2244 612 2333 654; x_wconf 85' lang='lat' dir='ltr'>sequi</span> <span class='ocrx_word' id='word_1_729' title='bbox 2356 618 2421 645; x_wconf 81' lang='lat' dir='ltr'>non</span> 
     </span>
     <span class='ocr_line' id='line_1_90' title="bbox 1419 657 2423 702; baseline -0.011 -4"><span class='ocrx_word' id='word_1_730' title='bbox 1419 663 1610 698; x_wconf 84' lang='lat' dir='ltr'>dubitabam</span> <span class='ocrx_word' id='word_1_731' title='bbox 1630 683 1639 699; x_wconf 94' lang='lat'>,</span> <span class='ocrx_word' id='word_1_732' title='bbox 1664 663 1695 693; x_wconf 63' lang='grc' dir='ltr'>δέ</span> <span class='ocrx_word' id='word_1_733' title='bbox 1716 662 1774 702; x_wconf 91' lang='lat' dir='ltr'>qui</span> <span class='ocrx_word' id='word_1_734' title='bbox 1798 670 1837 692; x_wconf 83' lang='lat' dir='ltr'>ex</span> <span class='ocrx_word' id='word_1_735' title='bbox 1859 659 1989 693; x_wconf 87' lang='lat' dir='ltr'>variolis</span> <span class='ocrx_word' id='word_1_736' title='bbox 2012 657 2239 691; x_wconf 82' lang='lat' dir='ltr'>decumberent</span> <span class='ocrx_word' id='word_1_737' title='bbox 2264 677 2273 692; x_wconf 92' lang='lat'>,</span> <span class='ocrx_word' id='word_1_738' title='bbox 2312 665 2423 688; x_wconf 85' lang='lat' dir='ltr'>eorum</span> 
     </span>
     <span class='ocr_line' id='line_1_91' title="bbox 1421 699 2425 751; baseline -0.009 -10"><span class='ocrx_word' id='word_1_739' title='bbox 1421 718 1551 751; x_wconf 81' lang='lat' dir='ltr'>quoque</span> <span class='ocrx_word' id='word_1_740' title='bbox 1574 702 1679 748; x_wconf 88' lang='lat' dir='ltr'>pulsus</span> <span class='ocrx_word' id='word_1_741' title='bbox 1702 703 1868 744; x_wconf 84' lang='lat' dir='ltr'>explorare</span> <span class='ocrx_word' id='word_1_742' title='bbox 1892 714 1956 735; x_wconf 86' lang='lat' dir='ltr'>non</span> <span class='ocrx_word' id='word_1_743' title='bbox 1981 702 2113 734; x_wconf 81' lang='lat' dir='ltr'>verebar</span> <span class='ocrx_word' id='word_1_744' title='bbox 2139 726 2149 741; x_wconf 93' lang='lat'>,</span> <span class='ocrx_word' id='word_1_745' title='bbox 2172 699 2288 733; x_wconf 86' lang='lat' dir='ltr'>nedum</span> <span class='ocrx_word' id='word_1_746' title='bbox 2313 706 2425 732; x_wconf 62' lang='lat' dir='ltr'>crete-sa</span> 
     </span>
     <span class='ocr_line' id='line_1_92' title="bbox 1417 745 2421 787; baseline -0.01 -2"><span class='ocrx_word' id='word_1_747' title='bbox 1417 753 1574 785; x_wconf 85' lang='lat' dir='ltr'>adnotare</span> <span class='ocrx_word' id='word_1_748' title='bbox 1592 773 1600 785; x_wconf 82' lang='lat'>.</span> <span class='ocrx_word' id='word_1_749' title='bbox 1622 751 1652 780; x_wconf 70' lang='grc' dir='ltr'>δε</span> <span class='ocrx_word' id='word_1_750' title='bbox 1676 747 1864 787; x_wconf 88' lang='lat' dir='ltr'>inquirere,</span> <span class='ocrx_word' id='word_1_751' title='bbox 1888 748 1986 779; x_wconf 88' lang='lat' dir='ltr'>etiam</span> <span class='ocrx_word' id='word_1_752' title='bbox 2010 745 2133 778; x_wconf 82' lang='lat' dir='ltr'>leviora</span> <span class='ocrx_word' id='word_1_753' title='bbox 2156 765 2166 782; x_wconf 91' lang='lat'>,</span> <span class='ocrx_word' id='word_1_754' title='bbox 2192 753 2227 776; x_wconf 89' lang='lat' dir='ltr'>ut</span> <span class='ocrx_word' id='word_1_755' title='bbox 2253 751 2330 786; x_wconf 85' lang='lat' dir='ltr'>puta</span> <span class='ocrx_word' id='word_1_756' title='bbox 2352 753 2421 784; x_wconf 90' lang='lat' dir='ltr'>quo</span> 
     </span>
     <span class='ocr_line' id='line_1_93' title="bbox 1416 785 2425 835; baseline -0.011 -7"><span class='ocrx_word' id='word_1_757' title='bbox 1416 794 1557 835; x_wconf 86' lang='lat' dir='ltr'>collyrio</span> <span class='ocrx_word' id='word_1_758' title='bbox 1581 790 1670 824; x_wconf 87' lang='lat' dir='ltr'>fieret</span> <span class='ocrx_word' id='word_1_759' title='bbox 1680 811 1698 833; x_wconf 74' lang='lat'>².</span> <span class='ocrx_word' id='word_1_760' title='bbox 1717 800 1750 823; x_wconf 88' lang='lat' dir='ltr'>ut</span> <span class='ocrx_word' id='word_1_761' title='bbox 1773 801 1845 824; x_wconf 88' lang='lat' dir='ltr'>cum</span> <span class='ocrx_word' id='word_1_762' title='bbox 1869 790 1992 832; x_wconf 85' lang='lat' dir='ltr'>reliqua</span> <span class='ocrx_word' id='word_1_763' title='bbox 2017 788 2102 821; x_wconf 88' lang='lat' dir='ltr'>cutis</span> <span class='ocrx_word' id='word_1_764' title='bbox 2127 798 2204 829; x_wconf 85' lang='lat' dir='ltr'>pene</span> <span class='ocrx_word' id='word_1_765' title='bbox 2220 795 2291 820; x_wconf 83' lang='lat' dir='ltr'>tota</span> <span class='ocrx_word' id='word_1_766' title='bbox 2316 785 2425 829; x_wconf 79' lang='lat' dir='ltr'>pultu-</span> 
     </span>
     <span class='ocr_line' id='line_1_94' title="bbox 1418 830 2429 878; baseline -0.01 -6"><span class='ocrx_word' id='word_1_767' title='bbox 1418 840 1456 872; x_wconf 88' lang='lat' dir='ltr'>lis</span> <span class='ocrx_word' id='word_1_768' title='bbox 1481 836 1586 878; x_wconf 79' lang='lat' dir='ltr'>aspera</span> <span class='ocrx_word' id='word_1_769' title='bbox 1610 832 1683 868; x_wconf 81' lang='lat' dir='ltr'>esset</span> <span class='ocrx_word' id='word_1_770' title='bbox 1707 845 1741 867; x_wconf 86' lang='lat' dir='ltr'>ac</span> <span class='ocrx_word' id='word_1_771' title='bbox 1764 832 1872 871; x_wconf 80' lang='lat' dir='ltr'>foeda,</span> <span class='ocrx_word' id='word_1_772' title='bbox 1898 835 1931 865; x_wconf 91' lang='lat' dir='ltr'>in</span> <span class='ocrx_word' id='word_1_773' title='bbox 1944 831 2104 874; x_wconf 85' lang='lat' dir='ltr'>palpebris</span> <span class='ocrx_word' id='word_1_774' title='bbox 2128 841 2237 865; x_wconf 86' lang='lat' dir='ltr'>tamen</span> <span class='ocrx_word' id='word_1_775' title='bbox 2251 830 2339 863; x_wconf 76' lang='lat' dir='ltr'>laevis</span> <span class='ocrx_word' id='word_1_776' title='bbox 2355 852 2368 871; x_wconf 77' lang='lat'>,</span> <span class='ocrx_word' id='word_1_777' title='bbox 2391 838 2429 862; x_wconf 88' lang='lat' dir='ltr'>ut</span> 
     </span>
     <span class='ocr_line' id='line_1_95' title="bbox 1420 873 2425 916; baseline -0.009 -1"><span class='ocrx_word' id='word_1_778' title='bbox 1420 881 1572 915; x_wconf 83' lang='lat' dir='ltr'>videbam</span> <span class='ocrx_word' id='word_1_779' title='bbox 1598 877 1775 911; x_wconf 84' lang='lat' dir='ltr'>servaretur</span> <span class='ocrx_word' id='word_1_780' title='bbox 1791 898 1800 913; x_wconf 90' lang='lat'>,</span> <span class='ocrx_word' id='word_1_781' title='bbox 1823 879 1855 909; x_wconf 88' lang='lat'>&amp;</span> <span class='ocrx_word' id='word_1_782' title='bbox 1877 875 2006 913; x_wconf 68' lang='lat' dir='ltr'>nitidas</span> <span class='ocrx_word' id='word_1_783' title='bbox 2031 875 2127 909; x_wconf 84' lang='lat' dir='ltr'>fiebat</span> <span class='ocrx_word' id='word_1_784' title='bbox 2141 883 2246 909; x_wconf 86' lang='lat' dir='ltr'>autem</span> <span class='ocrx_word' id='word_1_785' title='bbox 2261 873 2425 916; x_wconf 74' lang='lat' dir='ltr'>aquastil-</span> 
     </span>
     <span class='ocr_line' id='line_1_96' title="bbox 1420 917 2428 965; baseline -0.007 -6"><span class='ocrx_word' id='word_1_786' title='bbox 1420 926 1527 959; x_wconf 87' lang='lat' dir='ltr'>latitia</span> <span class='ocrx_word' id='word_1_787' title='bbox 1550 922 1745 965; x_wconf 77' lang='lat' dir='ltr'>plantaginis</span> <span class='ocrx_word' id='word_1_788' title='bbox 1770 921 1805 952; x_wconf 91' lang='lat' dir='ltr'>in</span> <span class='ocrx_word' id='word_1_789' title='bbox 1828 931 1891 962; x_wconf 87' lang='lat' dir='ltr'>qua</span> <span class='ocrx_word' id='word_1_790' title='bbox 1916 919 1989 952; x_wconf 88' lang='lat' dir='ltr'>salis</span> <span class='ocrx_word' id='word_1_791' title='bbox 2008 942 2020 958; x_wconf 91' lang='lat'>,</span> <span class='ocrx_word' id='word_1_792' title='bbox 2054 928 2089 952; x_wconf 90' lang='lat' dir='ltr'>ut</span> <span class='ocrx_word' id='word_1_793' title='bbox 2115 928 2232 952; x_wconf 87' lang='lat' dir='ltr'>vocant</span> <span class='ocrx_word' id='word_1_794' title='bbox 2255 926 2268 959; x_wconf 70' lang='lat'>‚&#39;</span> <span class='ocrx_word' id='word_1_795' title='bbox 2300 917 2428 952; x_wconf 80' lang='lat' dir='ltr'>saturni</span> 
     </span>
     <span class='ocr_line' id='line_1_97' title="bbox 1421 961 2425 1012; baseline -0.008 -10"><span class='ocrx_word' id='word_1_796' title='bbox 1421 967 1604 1012; x_wconf 86' lang='lat' dir='ltr'>pauxillum</span> <span class='ocrx_word' id='word_1_797' title='bbox 1628 974 1696 998; x_wconf 86' lang='lat' dir='ltr'>erat</span> <span class='ocrx_word' id='word_1_798' title='bbox 1721 963 1885 997; x_wconf 88' lang='lat' dir='ltr'>solutum.</span> <span class='ocrx_word' id='word_1_799' title='bbox 1912 963 1995 1003; x_wconf 74' lang='lat' dir='ltr'>Qoe</span> <span class='ocrx_word' id='word_1_800' title='bbox 2021 961 2098 995; x_wconf 90' lang='lat' dir='ltr'>dum</span> <span class='ocrx_word' id='word_1_801' title='bbox 2112 962 2425 1002; x_wconf 75' lang='lat' dir='ltr'>animadverterem3</span> 
     </span>
     <span class='ocr_line' id='line_1_98' title="bbox 1423 1007 2432 1048; baseline -0.008 -3"><span class='ocrx_word' id='word_1_802' title='bbox 1423 1013 1511 1047; x_wconf 83' lang='lat' dir='ltr'>forte</span> <span class='ocrx_word' id='word_1_803' title='bbox 1536 1008 1674 1046; x_wconf 82' lang='lat' dir='ltr'>accidit,</span> <span class='ocrx_word' id='word_1_804' title='bbox 1698 1017 1733 1041; x_wconf 87' lang='lat' dir='ltr'>ut</span> <span class='ocrx_word' id='word_1_805' title='bbox 1756 1017 1858 1046; x_wconf 81' lang='lat' dir='ltr'>unus,</span> <span class='ocrx_word' id='word_1_806' title='bbox 1881 1008 2021 1048; x_wconf 88' lang='lat' dir='ltr'>itemque</span> <span class='ocrx_word' id='word_1_807' title='bbox 2046 1007 2124 1039; x_wconf 87' lang='lat' dir='ltr'>alter</span> <span class='ocrx_word' id='word_1_808' title='bbox 2146 1018 2184 1039; x_wconf 80' lang='lat' dir='ltr'>ex</span> <span class='ocrx_word' id='word_1_809' title='bbox 2207 1008 2245 1039; x_wconf 75' lang='lat' dir='ltr'>iis</span> <span class='ocrx_word' id='word_1_810' title='bbox 2270 1016 2432 1047; x_wconf 78' lang='lat' dir='ltr'>aegrotan-</span> 
     </span>
     <span class='ocr_line' id='line_1_99' title="bbox 1420 1049 2427 1093; baseline -0.006 -3"><span class='ocrx_word' id='word_1_811' title='bbox 1420 1056 1529 1093; x_wconf 79' lang='lat' dir='ltr'>tibus,</span> <span class='ocrx_word' id='word_1_812' title='bbox 1553 1052 1685 1087; x_wconf 82' lang='lat' dir='ltr'>Medico</span> <span class='ocrx_word' id='word_1_813' title='bbox 1708 1050 1822 1084; x_wconf 83' lang='lat' dir='ltr'>frustra</span> <span class='ocrx_word' id='word_1_814' title='bbox 1844 1051 1954 1083; x_wconf 87' lang='lat' dir='ltr'>omnia</span> <span class='ocrx_word' id='word_1_815' title='bbox 1977 1061 2050 1092; x_wconf 77' lang='lat' dir='ltr'>quae</span> <span class='ocrx_word' id='word_1_816' title='bbox 2076 1059 2201 1090; x_wconf 86' lang='lat' dir='ltr'>poterat</span> <span class='ocrx_word' id='word_1_817' title='bbox 2219 1075 2227 1089; x_wconf 94' lang='lat'>,</span> <span class='ocrx_word' id='word_1_818' title='bbox 2249 1049 2427 1091; x_wconf 77' lang='lat' dir='ltr'>diligenter</span> 
     </span>
     <span class='ocr_line' id='line_1_100' title="bbox 1420 1092 2432 1142; baseline -0.009 -9"><span class='ocrx_word' id='word_1_819' title='bbox 1420 1097 1609 1142; x_wconf 81' lang='lat' dir='ltr'>praestante,</span> <span class='ocrx_word' id='word_1_820' title='bbox 1632 1107 1648 1129; x_wconf 81' lang='lat' dir='ltr'>e</span> <span class='ocrx_word' id='word_1_821' title='bbox 1672 1096 1756 1129; x_wconf 87' lang='lat' dir='ltr'>vivis</span> <span class='ocrx_word' id='word_1_822' title='bbox 1780 1095 1978 1136; x_wconf 85' lang='lat' dir='ltr'>eriperetur.</span> <span class='ocrx_word' id='word_1_823' title='bbox 2005 1092 2086 1135; x_wconf 80' lang='lat' dir='ltr'>Quo</span> <span class='ocrx_word' id='word_1_824' title='bbox 2110 1093 2258 1136; x_wconf 85' lang='lat' dir='ltr'>exemplo</span> <span class='ocrx_word' id='word_1_825' title='bbox 2283 1093 2432 1131; x_wconf 73' lang='lat' dir='ltr'>admoni-</span> 
     </span>
     <span class='ocr_line' id='line_1_101' title="bbox 1421 1136 2429 1182; baseline -0.002 -8"><span class='ocrx_word' id='word_1_826' title='bbox 1421 1152 1472 1176; x_wconf 86' lang='lat' dir='ltr'>tus</span> <span class='ocrx_word' id='word_1_827' title='bbox 1489 1167 1498 1181; x_wconf 92' lang='lat'>,</span> <span class='ocrx_word' id='word_1_828' title='bbox 1522 1150 1686 1182; x_wconf 87' lang='lat' dir='ltr'>nunquam</span> <span class='ocrx_word' id='word_1_829' title='bbox 1712 1137 1818 1180; x_wconf 76' lang='lat' dir='ltr'>postea</span> <span class='ocrx_word' id='word_1_830' title='bbox 1843 1137 1932 1170; x_wconf 86' lang='lat' dir='ltr'>volui</span> <span class='ocrx_word' id='word_1_831' title='bbox 1956 1136 2115 1178; x_wconf 85' lang='lat' dir='ltr'>ejusmodi</span> <span class='ocrx_word' id='word_1_832' title='bbox 2141 1148 2242 1179; x_wconf 79' lang='lat' dir='ltr'>aegros</span> <span class='ocrx_word' id='word_1_833' title='bbox 2266 1136 2429 1181; x_wconf 77' lang='lat' dir='ltr'>invisere,-</span> 
     </span>
     <span class='ocr_line' id='line_1_102' title="bbox 1422 1180 2436 1225; baseline -0.003 -8"><span class='ocrx_word' id='word_1_834' title='bbox 1422 1197 1462 1219; x_wconf 82' lang='lat' dir='ltr'>ne</span> <span class='ocrx_word' id='word_1_835' title='bbox 1486 1185 1524 1219; x_wconf 85' lang='lat' dir='ltr'>ad</span> <span class='ocrx_word' id='word_1_836' title='bbox 1549 1184 1712 1225; x_wconf 83' lang='lat' dir='ltr'>Principes</span> <span class='ocrx_word' id='word_1_837' title='bbox 1735 1180 1866 1223; x_wconf 84' lang='lat' dir='ltr'>quidem</span> <span class='ocrx_word' id='word_1_838' title='bbox 1891 1180 1992 1213; x_wconf 89' lang='lat' dir='ltr'>Viros</span> <span class='ocrx_word' id='word_1_839' title='bbox 2015 1181 2157 1213; x_wconf 83' lang='lat' dir='ltr'>accitus.</span> <span class='ocrx_word' id='word_1_840' title='bbox 2183 1180 2277 1219; x_wconf 86' lang='lat' dir='ltr'>Nec,</span> <span class='ocrx_word' id='word_1_841' title='bbox 2305 1183 2382 1217; x_wconf 87' lang='lat' dir='ltr'>licet</span> <span class='ocrx_word' id='word_1_842' title='bbox 2396 1185 2436 1220; x_wconf 80' lang='lat' dir='ltr'>ad</span> 
     </span>
     <span class='ocr_line' id='line_1_103' title="bbox 1423 1222 2412 1269; baseline -0.002 -7"><span class='ocrx_word' id='word_1_843' title='bbox 1423 1229 1505 1263; x_wconf 71' lang='lat' dir='ltr'>hanc</span> <span class='ocrx_word' id='word_1_844' title='bbox 1529 1227 1624 1269; x_wconf 87' lang='lat' dir='ltr'>usque</span> <span class='ocrx_word' id='word_1_845' title='bbox 1648 1235 1776 1259; x_wconf 65' lang='lat' dir='ltr'>aetatem</span> <span class='ocrx_word' id='word_1_846' title='bbox 1802 1222 2028 1265; x_wconf 84' lang='lat' dir='ltr'>processerim,</span> <span class='ocrx_word' id='word_1_847' title='bbox 2051 1225 2325 1259; x_wconf 78' lang='lat' dir='ltr'>committendum</span> <span class='ocrx_word' id='word_1_848' title='bbox 2351 1227 2412 1262; x_wconf 84' lang='lat' dir='ltr'>effe</span> 
     </span>
     <span class='ocr_line' id='line_1_104' title="bbox 1423 1255 2434 1313; baseline 0.001 -8"><span class='ocrx_word' id='word_1_849' title='bbox 1423 1273 1524 1309; x_wconf 78' lang='lat' dir='ltr'>duxi,</span> <span class='ocrx_word' id='word_1_850' title='bbox 1548 1280 1583 1304; x_wconf 91' lang='lat' dir='ltr'>ut</span> <span class='ocrx_word' id='word_1_851' title='bbox 1606 1273 1639 1304; x_wconf 90' lang='lat' dir='ltr'>in</span> <span class='ocrx_word' id='word_1_852' title='bbox 1665 1269 1845 1311; x_wconf 74' lang='lat' dir='ltr'>periculum</span> <span class='ocrx_word' id='word_1_853' title='bbox 1873 1279 1923 1300; x_wconf 88' lang='lat' dir='ltr'>me</span> <span class='ocrx_word' id='word_1_854' title='bbox 1947 1266 2273 1309; x_wconf 21' lang='lat' dir='ltr'>volenseconjicerem</span> <span class='ocrx_word' id='word_1_855' title='bbox 2299 1291 2307 1305; x_wconf 84' lang='lat'>‚</span> <span class='ocrx_word' id='word_1_856' title='bbox 2330 1255 2434 1313; x_wconf 57' lang='lat' dir='ltr'>quan:</span> 
     </span>
     <span class='ocr_line' id='line_1_105' title="bbox 1424 1309 2436 1358; baseline -0.006 -8"><span class='ocrx_word' id='word_1_857' title='bbox 1424 1317 1467 1351; x_wconf 87' lang='lat' dir='ltr'>do</span> <span class='ocrx_word' id='word_1_858' title='bbox 1491 1315 1541 1349; x_wconf 90' lang='lat' dir='ltr'>vel</span> <span class='ocrx_word' id='word_1_859' title='bbox 1564 1315 1734 1356; x_wconf 74' lang='lat' dir='ltr'>oftoginta</span> <span class='ocrx_word' id='word_1_860' title='bbox 1758 1322 1857 1345; x_wconf 88' lang='lat' dir='ltr'>annos</span> <span class='ocrx_word' id='word_1_861' title='bbox 1880 1312 1962 1358; x_wconf 80' lang='lat' dir='ltr'>natis</span> <span class='ocrx_word' id='word_1_862' title='bbox 1988 1309 2136 1345; x_wconf 80' lang='lat' dir='ltr'>accidisse</span> <span class='ocrx_word' id='word_1_863' title='bbox 2160 1336 2170 1350; x_wconf 86' lang='lat'>,</span> <span class='ocrx_word' id='word_1_864' title='bbox 2206 1314 2284 1345; x_wconf 83' lang='lat' dir='ltr'>novi</span> <span class='ocrx_word' id='word_1_865' title='bbox 2309 1336 2318 1351; x_wconf 94' lang='lat'>,</span> <span class='ocrx_word' id='word_1_866' title='bbox 2356 1325 2395 1349; x_wconf 83' lang='lat' dir='ltr'>ut</span> <span class='ocrx_word' id='word_1_867' title='bbox 2419 1330 2436 1352; x_wconf 66' lang='lat' dir='ltr'>a</span> 
     </span>
     <span class='ocr_line' id='line_1_106' title="bbox 1425 1354 2412 1399; baseline -0.003 -7"><span class='ocrx_word' id='word_1_868' title='bbox 1425 1358 1624 1393; x_wconf 88' lang='lat' dir='ltr'>variolarum</span> <span class='ocrx_word' id='word_1_869' title='bbox 1635 1356 1811 1398; x_wconf 79' lang='lat' dir='ltr'>contagio,</span> <span class='ocrx_word' id='word_1_870' title='bbox 1837 1365 1929 1395; x_wconf 70' lang='lat' dir='ltr'>cujus</span> <span class='ocrx_word' id='word_1_871' title='bbox 1943 1354 2005 1395; x_wconf 85' lang='lat' dir='ltr'>jam</span> <span class='ocrx_word' id='word_1_872' title='bbox 2029 1354 2057 1387; x_wconf 91' lang='lat' dir='ltr'>se</span> <span class='ocrx_word' id='word_1_873' title='bbox 2072 1356 2230 1389; x_wconf 88' lang='lat' dir='ltr'>immunes</span> <span class='ocrx_word' id='word_1_874' title='bbox 2253 1356 2412 1399; x_wconf 82' lang='lat' dir='ltr'>putabant</span> 
     </span>
     <span class='ocr_line' id='line_1_107' title="bbox 1426 1384 2438 1443; baseline 0 -7"><span class='ocrx_word' id='word_1_875' title='bbox 1426 1414 1490 1436; x_wconf 87' lang='lat' dir='ltr'>non</span> <span class='ocrx_word' id='word_1_876' title='bbox 1515 1402 1600 1436; x_wconf 90' lang='lat' dir='ltr'>secus</span> <span class='ocrx_word' id='word_1_877' title='bbox 1624 1412 1658 1434; x_wconf 87' lang='lat' dir='ltr'>ac</span> <span class='ocrx_word' id='word_1_878' title='bbox 1683 1401 1794 1442; x_wconf 81' lang='lat' dir='ltr'>pueri,</span> <span class='ocrx_word' id='word_1_879' title='bbox 1820 1397 2053 1436; x_wconf 75' lang='lat' dir='ltr'>inficerentur,</span> <span class='ocrx_word' id='word_1_880' title='bbox 2079 1400 2111 1431; x_wconf 87' lang='lat'>&amp;</span> <span class='ocrx_word' id='word_1_881' title='bbox 2136 1400 2240 1433; x_wconf 88' lang='lat' dir='ltr'>multo</span> <span class='ocrx_word' id='word_1_882' title='bbox 2252 1411 2350 1443; x_wconf 86' lang='lat' dir='ltr'>quam</span> <span class='ocrx_word' id='word_1_883' title='bbox 2375 1401 2410 1436; x_wconf 84' lang='lat' dir='ltr'>hi</span> <span class='ocrx_word' id='word_1_884' title='bbox 2426 1384 2438 1401; x_wconf 57' lang='lat'><em>³</em></span> 
     </span>
     <span class='ocr_line' id='line_1_108' title="bbox 1426 1427 2440 1490; baseline -0.003 -9"><span class='ocrx_word' id='word_1_885' title='bbox 1426 1446 1552 1481; x_wconf 73' lang='lat' dir='ltr'>facilius</span> <span class='ocrx_word' id='word_1_886' title='bbox 1585 1446 1724 1486; x_wconf 84' lang='lat' dir='ltr'>perirent</span> <span class='ocrx_word' id='word_1_887' title='bbox 1751 1457 1760 1479; x_wconf 80' lang='lat'><em>3</em></span> <span class='ocrx_word' id='word_1_888' title='bbox 1795 1453 1980 1485; x_wconf 79' lang='lat' dir='ltr'>quanquam</span> <span class='ocrx_word' id='word_1_889' title='bbox 2002 1442 2035 1474; x_wconf 86' lang='lat' dir='ltr'>in</span> <span class='ocrx_word' id='word_1_890' title='bbox 2071 1440 2233 1476; x_wconf 77' lang='lat' dir='ltr'>saeviffima</span> <span class='ocrx_word' id='word_1_891' title='bbox 2267 1445 2310 1478; x_wconf 90' lang='lat' dir='ltr'>A.</span> <span class='ocrx_word' id='word_1_892' title='bbox 2341 1427 2440 1490; x_wconf 41' lang='lat'>1749?</span> 
     </span>
     <span class='ocr_line' id='line_1_109' title="bbox 1425 1485 2439 1533; baseline -0.005 -10"><span class='ocrx_word' id='word_1_893' title='bbox 1425 1489 1671 1523; x_wconf 76' lang='lat' dir='ltr'>Constitutione</span> <span class='ocrx_word' id='word_1_894' title='bbox 1697 1485 1909 1533; x_wconf 79' lang='lat' dir='ltr'>Porolivienli</span> <span class='ocrx_word' id='word_1_895' title='bbox 1937 1511 1945 1526; x_wconf 90' lang='lat'><em>‚</em></span> <span class='ocrx_word' id='word_1_896' title='bbox 1981 1486 2086 1519; x_wconf 78' lang='lat' dir='ltr'>vetula</span> <span class='ocrx_word' id='word_1_897' title='bbox 2109 1509 2122 1526; x_wconf 92' lang='lat'><em>‚</em></span> <span class='ocrx_word' id='word_1_898' title='bbox 2155 1498 2189 1519; x_wconf 89' lang='lat' dir='ltr'>ea</span> <span class='ocrx_word' id='word_1_899' title='bbox 2212 1498 2313 1529; x_wconf 81' lang='lat' dir='ltr'>quam</span> <span class='ocrx_word' id='word_1_900' title='bbox 2336 1490 2439 1524; x_wconf 78' lang='lat' dir='ltr'>modo</span> 
     </span>
     <span class='ocr_line' id='line_1_110' title="bbox 1426 1530 2437 1573; baseline -0.002 -6"><span class='ocrx_word' id='word_1_901' title='bbox 1426 1533 1592 1570; x_wconf 77' lang='lat' dir='ltr'>diximus,</span> <span class='ocrx_word' id='word_1_902' title='bbox 1616 1541 1710 1565; x_wconf 86' lang='lat' dir='ltr'>aetate</span> <span class='ocrx_word' id='word_1_903' title='bbox 1733 1541 1836 1572; x_wconf 76' lang='lat' dir='ltr'>major</span> <span class='ocrx_word' id='word_1_904' title='bbox 1859 1551 1869 1567; x_wconf 91' lang='lat'>,</span> <span class='ocrx_word' id='word_1_905' title='bbox 1894 1540 1933 1562; x_wconf 86' lang='lat' dir='ltr'>eo</span> <span class='ocrx_word' id='word_1_906' title='bbox 1958 1530 2075 1562; x_wconf 84' lang='lat' dir='ltr'>morbo</span> <span class='ocrx_word' id='word_1_907' title='bbox 2099 1530 2290 1565; x_wconf 56' lang='lat' dir='ltr'>conflictata</span> <span class='ocrx_word' id='word_1_908' title='bbox 2314 1556 2326 1573; x_wconf 87' lang='lat'>‚</span> <span class='ocrx_word' id='word_1_909' title='bbox 2360 1543 2437 1568; x_wconf 85' lang='lat' dir='ltr'>raro</span> 
     </span>
     <span class='ocr_line' id='line_1_111' title="bbox 1429 1572 2441 1619; baseline 0.001 -8"><span class='ocrx_word' id='word_1_910' title='bbox 1429 1576 1500 1612; x_wconf 91' lang='lat' dir='ltr'>sane</span> <span class='ocrx_word' id='word_1_911' title='bbox 1523 1576 1670 1619; x_wconf 85' lang='lat' dir='ltr'>exemplo</span> <span class='ocrx_word' id='word_1_912' title='bbox 1693 1573 1812 1608; x_wconf 88' lang='lat' dir='ltr'>evasit.</span> <span class='ocrx_word' id='word_1_913' title='bbox 1947 1572 2005 1606; x_wconf 86' lang='lat' dir='ltr'>Sed</span> <span class='ocrx_word' id='word_1_914' title='bbox 2030 1572 2122 1615; x_wconf 88' lang='lat' dir='ltr'>quod</span> <span class='ocrx_word' id='word_1_915' title='bbox 2144 1572 2225 1607; x_wconf 88' lang='lat' dir='ltr'>mihi</span> <span class='ocrx_word' id='word_1_916' title='bbox 2249 1575 2352 1610; x_wconf 83' lang='lat' dir='ltr'>facere</span> <span class='ocrx_word' id='word_1_917' title='bbox 2374 1588 2441 1611; x_wconf 84' lang='lat' dir='ltr'>non</span> 
     </span>
     <span class='ocr_line' id='line_1_112' title="bbox 1428 1615 2438 1658; baseline -0.004 -5"><span class='ocrx_word' id='word_1_918' title='bbox 1428 1622 1546 1658; x_wconf 84' lang='lat' dir='ltr'>licuit,</span> <span class='ocrx_word' id='word_1_919' title='bbox 1567 1629 1603 1652; x_wconf 89' lang='lat' dir='ltr'>ut</span> <span class='ocrx_word' id='word_1_920' title='bbox 1627 1618 1700 1652; x_wconf 83' lang='lat' dir='ltr'>inde</span> <span class='ocrx_word' id='word_1_921' title='bbox 1724 1627 1869 1650; x_wconf 80' lang='lat' dir='ltr'>mortuos</span> <span class='ocrx_word' id='word_1_922' title='bbox 1893 1615 2077 1650; x_wconf 84' lang='lat' dir='ltr'>diffecarem</span> <span class='ocrx_word' id='word_1_923' title='bbox 2095 1638 2104 1653; x_wconf 94' lang='lat'>‚</span> <span class='ocrx_word' id='word_1_924' title='bbox 2129 1619 2246 1656; x_wconf 81' lang='lat' dir='ltr'>toties,</span> <span class='ocrx_word' id='word_1_925' title='bbox 2271 1623 2302 1653; x_wconf 89' lang='lat'>&amp;</span> <span class='ocrx_word' id='word_1_926' title='bbox 2325 1629 2375 1653; x_wconf 81' lang='lat' dir='ltr'>tot</span> <span class='ocrx_word' id='word_1_927' title='bbox 2400 1621 2438 1654; x_wconf 79' lang='lat' dir='ltr'>ab</span> 
     </span>
     <span class='ocr_line' id='line_1_113' title="bbox 1428 1658 2442 1701; baseline -0.003 -5"><span class='ocrx_word' id='word_1_928' title='bbox 1428 1663 1633 1697; x_wconf 84' lang='lat' dir='ltr'>Anatomicis</span> <span class='ocrx_word' id='word_1_929' title='bbox 1658 1662 1778 1694; x_wconf 62' lang='lat' dir='ltr'>factum</span> <span class='ocrx_word' id='word_1_930' title='bbox 1802 1659 1866 1697; x_wconf 84' lang='lat' dir='ltr'>est,</span> <span class='ocrx_word' id='word_1_931' title='bbox 1890 1670 1926 1693; x_wconf 84' lang='lat' dir='ltr'>ut</span> <span class='ocrx_word' id='word_1_932' title='bbox 1953 1661 2066 1692; x_wconf 78' lang='lat' dir='ltr'>mirari</span> <span class='ocrx_word' id='word_1_933' title='bbox 2091 1658 2224 1701; x_wconf 87' lang='lat' dir='ltr'>subeat,</span> <span class='ocrx_word' id='word_1_934' title='bbox 2249 1663 2352 1696; x_wconf 82' lang='lat' dir='ltr'>Viros</span> <span class='ocrx_word' id='word_1_935' title='bbox 2377 1676 2442 1697; x_wconf 48' lang='grc' dir='ltr'>(με.</span> 
     </span>
     <span class='ocr_line' id='line_1_114' title="bbox 1427 1702 2443 1748; baseline -0.002 -9"><span class='ocrx_word' id='word_1_936' title='bbox 1427 1708 1582 1748; x_wconf 82' lang='lat' dir='ltr'>teroquin</span> <span class='ocrx_word' id='word_1_937' title='bbox 1619 1703 1827 1738; x_wconf 72' lang='lat' dir='ltr'>Doffiffimos</span> <span class='ocrx_word' id='word_1_938' title='bbox 1852 1727 1860 1741; x_wconf 90' lang='lat'>‚</span> <span class='ocrx_word' id='word_1_939' title='bbox 1891 1705 1950 1746; x_wconf 91' lang='lat' dir='ltr'>qui</span> <span class='ocrx_word' id='word_1_940' title='bbox 1974 1702 2043 1745; x_wconf 72' lang='lat' dir='ltr'>post</span> <span class='ocrx_word' id='word_1_941' title='bbox 2076 1704 2212 1737; x_wconf 85' lang='lat' dir='ltr'>illorum</span> <span class='ocrx_word' id='word_1_942' title='bbox 2236 1704 2300 1747; x_wconf 62' lang='lat' dir='ltr'>jam</span> <span class='ocrx_word' id='word_1_943' title='bbox 2339 1707 2443 1741; x_wconf 79' lang='lat' dir='ltr'>editas</span> 
     </span>
     <span class='ocr_line' id='line_1_115' title="bbox 1428 1746 2444 1788; baseline 0.002 -6"><span class='ocrx_word' id='word_1_944' title='bbox 1428 1749 1704 1787; x_wconf 85' lang='lat' dir='ltr'>Observationes,</span> <span class='ocrx_word' id='word_1_945' title='bbox 1727 1748 1875 1788; x_wconf 76' lang='lat' dir='ltr'>ignorare</span> <span class='ocrx_word' id='word_1_946' title='bbox 1899 1746 2088 1779; x_wconf 85' lang='lat' dir='ltr'>viderentur</span> <span class='ocrx_word' id='word_1_947' title='bbox 2104 1767 2113 1782; x_wconf 74' lang='grc'>,</span> <span class='ocrx_word' id='word_1_948' title='bbox 2137 1747 2338 1783; x_wconf 81' lang='lat' dir='ltr'>aberraturos</span> <span class='ocrx_word' id='word_1_949' title='bbox 2362 1762 2444 1785; x_wconf 87' lang='lat' dir='ltr'>ave-</span> 
     </span>
     <span class='ocr_line' id='line_1_116' title="bbox 1429 1788 2443 1835; baseline 0 -9"><span class='ocrx_word' id='word_1_950' title='bbox 1429 1804 1492 1834; x_wconf 82' lang='lat' dir='ltr'>ro,</span> <span class='ocrx_word' id='word_1_951' title='bbox 1516 1792 1572 1835; x_wconf 80' lang='lat' dir='ltr'>qui</span> <span class='ocrx_word' id='word_1_952' title='bbox 1597 1792 1737 1825; x_wconf 86' lang='lat' dir='ltr'>variolas</span> <span class='ocrx_word' id='word_1_953' title='bbox 1762 1788 1842 1823; x_wconf 84' lang='lat' dir='ltr'>alibi</span> <span class='ocrx_word' id='word_1_954' title='bbox 1868 1800 1966 1831; x_wconf 87' lang='lat' dir='ltr'>quam</span> <span class='ocrx_word' id='word_1_955' title='bbox 1993 1790 2027 1821; x_wconf 92' lang='lat' dir='ltr'>in</span> <span class='ocrx_word' id='word_1_956' title='bbox 2052 1798 2126 1822; x_wconf 90' lang='lat' dir='ltr'>cute</span> <span class='ocrx_word' id='word_1_957' title='bbox 2143 1814 2152 1828; x_wconf 92' lang='lat'><em>‚</em></span> <span class='ocrx_word' id='word_1_958' title='bbox 2176 1793 2353 1832; x_wconf 84' lang='lat' dir='ltr'>praesertim</span> <span class='ocrx_word' id='word_1_959' title='bbox 2367 1805 2443 1828; x_wconf 82' lang='lat' dir='ltr'>vero</span> 
     </span>
     <span class='ocr_line' id='line_1_117' title="bbox 1433 1830 2449 1878; baseline 0.002 -9"><span class='ocrx_word' id='word_1_960' title='bbox 1433 1838 1467 1869; x_wconf 90' lang='lat' dir='ltr'>in</span> <span class='ocrx_word' id='word_1_961' title='bbox 1492 1835 1675 1875; x_wconf 86' lang='lat' dir='ltr'>intestinis,</span> <span class='ocrx_word' id='word_1_962' title='bbox 1698 1845 1766 1867; x_wconf 89' lang='lat' dir='ltr'>tum</span> <span class='ocrx_word' id='word_1_963' title='bbox 1792 1843 1980 1875; x_wconf 82' lang='lat' dir='ltr'>nunquam,</span> <span class='ocrx_word' id='word_1_964' title='bbox 2004 1842 2077 1865; x_wconf 85' lang='lat' dir='ltr'>tum</span> <span class='ocrx_word' id='word_1_965' title='bbox 2100 1830 2223 1875; x_wconf 84' lang='lat' dir='ltr'>semper</span> <span class='ocrx_word' id='word_1_966' title='bbox 2249 1838 2420 1878; x_wconf 88' lang='lat' dir='ltr'>provenire</span> <span class='ocrx_word' id='word_1_967' title='bbox 2439 1862 2449 1877; x_wconf 93' lang='lat'>,</span> 
     </span>
     <span class='ocr_line' id='line_1_118' title="bbox 1434 1874 2444 1919; baseline 0 -6"><span class='ocrx_word' id='word_1_968' title='bbox 1434 1879 1687 1914; x_wconf 85' lang='lat' dir='ltr'>contenderent.</span> <span class='ocrx_word' id='word_1_969' title='bbox 1711 1877 1848 1910; x_wconf 86' lang='lat' dir='ltr'>Horum</span> <span class='ocrx_word' id='word_1_970' title='bbox 1872 1876 2015 1917; x_wconf 85' lang='lat' dir='ltr'>primos,</span> <span class='ocrx_word' id='word_1_971' title='bbox 2040 1874 2132 1909; x_wconf 87' lang='lat' dir='ltr'>facile</span> <span class='ocrx_word' id='word_1_972' title='bbox 2155 1878 2285 1919; x_wconf 81' lang='lat' dir='ltr'>credas,</span> <span class='ocrx_word' id='word_1_973' title='bbox 2311 1892 2386 1914; x_wconf 87' lang='lat' dir='ltr'>cum</span> <span class='ocrx_word' id='word_1_974' title='bbox 2411 1883 2444 1915; x_wconf 87' lang='lat' dir='ltr'>in</span> 
     </span>
     <span class='ocr_line' id='line_1_119' title="bbox 1433 1918 2449 1965; baseline 0.002 -9"><span class='ocrx_word' id='word_1_975' title='bbox 1433 1922 1686 1956; x_wconf 83' lang='lat' dir='ltr'>Observationes</span> <span class='ocrx_word' id='word_1_976' title='bbox 1709 1920 1796 1954; x_wconf 85' lang='lat' dir='ltr'>forte</span> <span class='ocrx_word' id='word_1_977' title='bbox 1819 1918 2002 1952; x_wconf 78' lang='lat' dir='ltr'>incidissent</span> <span class='ocrx_word' id='word_1_978' title='bbox 2027 1918 2090 1960; x_wconf 75' lang='lat' dir='ltr'>ejus</span> <span class='ocrx_word' id='word_1_979' title='bbox 2114 1919 2230 1954; x_wconf 79' lang='lat' dir='ltr'>similes</span> <span class='ocrx_word' id='word_1_980' title='bbox 2253 1935 2326 1965; x_wconf 74' lang='lat' dir='ltr'>quae</span> <span class='ocrx_word' id='word_1_981' title='bbox 2351 1937 2365 1957; x_wconf 88' lang='lat' dir='ltr'>a</span> <span class='ocrx_word' id='word_1_982' title='bbox 2389 1927 2449 1959; x_wconf 87' lang='lat' dir='ltr'>Pe-</span> 
     </span>
     <span class='ocr_line' id='line_1_120' title="bbox 1432 1961 2446 2009; baseline 0.002 -10"><span class='ocrx_word' id='word_1_983' title='bbox 1432 1978 1513 2009; x_wconf 84' lang='lat' dir='ltr'>yero</span> <span class='ocrx_word' id='word_1_984' title='bbox 1547 1965 1619 2000; x_wconf 82' lang='lat' dir='ltr'>filio</span> <span class='ocrx_word' id='word_1_985' title='bbox 1641 1969 1655 2005; x_wconf 92' lang='lat'>(</span> <span class='ocrx_word' id='word_1_986' title='bbox 1677 1976 1695 1998; x_wconf 82' lang='lat' dir='ltr'>a</span> <span class='ocrx_word' id='word_1_987' title='bbox 1719 1968 1729 2003; x_wconf 94' lang='lat'><strong>)</strong></span> <span class='ocrx_word' id='word_1_988' title='bbox 1755 1962 1918 2004; x_wconf 81' lang='lat' dir='ltr'>propofita</span> <span class='ocrx_word' id='word_1_989' title='bbox 1941 1961 1986 1996; x_wconf 88' lang='lat' dir='ltr'>est</span> <span class='ocrx_word' id='word_1_990' title='bbox 2011 1975 2026 2007; x_wconf 45' lang='lat'>3,</span> <span class='ocrx_word' id='word_1_991' title='bbox 2056 1963 2150 1996; x_wconf 83' lang='lat' dir='ltr'>alteri</span> <span class='ocrx_word' id='word_1_992' title='bbox 2175 1975 2284 1998; x_wconf 87' lang='lat' dir='ltr'>autem</span> <span class='ocrx_word' id='word_1_993' title='bbox 2310 1969 2342 1998; x_wconf 88' lang='lat' dir='ltr'>in</span> <span class='ocrx_word' id='word_1_994' title='bbox 2369 1969 2446 2001; x_wconf 85' lang='lat' dir='ltr'>alias</span> 
     </span>
     <span class='ocr_line' id='line_1_121' title="bbox 1433 2004 2444 2048; baseline -0.001 -5"><span class='ocrx_word' id='word_1_995' title='bbox 1433 2022 1508 2043; x_wconf 90' lang='lat' dir='ltr'>cum</span> <span class='ocrx_word' id='word_1_996' title='bbox 1533 2010 1570 2042; x_wconf 88' lang='lat' dir='ltr'>iis</span> <span class='ocrx_word' id='word_1_997' title='bbox 1593 2011 1822 2042; x_wconf 86' lang='lat' dir='ltr'>convenientes</span> <span class='ocrx_word' id='word_1_998' title='bbox 1844 2016 1923 2048; x_wconf 83' lang='lat' dir='ltr'>quas</span> <span class='ocrx_word' id='word_1_999' title='bbox 1947 2006 1987 2039; x_wconf 89' lang='lat' dir='ltr'>ab</span> <span class='ocrx_word' id='word_1_1000' title='bbox 2011 2008 2040 2038; x_wconf 81' lang='lat' dir='ltr'>{e</span> <span class='ocrx_word' id='word_1_1001' title='bbox 2065 2004 2192 2040; x_wconf 80' lang='lat' dir='ltr'>habitas</span> <span class='ocrx_word' id='word_1_1002' title='bbox 2217 2020 2376 2043; x_wconf 81' lang='lat' dir='ltr'>memorat</span> <span class='ocrx_word' id='word_1_1003' title='bbox 2390 2012 2444 2044; x_wconf 83' lang='lat' dir='ltr'>Cl.</span> 
     </span>
     <span class='ocr_line' id='line_1_122' title="bbox 1434 2048 2451 2092; baseline -0.004 -5"><span class='ocrx_word' id='word_1_1004' title='bbox 1434 2054 1587 2087; x_wconf 88' lang='lat' dir='ltr'>Gunzius</span> <span class='ocrx_word' id='word_1_1005' title='bbox 1608 2055 1622 2091; x_wconf 83' lang='grc'>&lt;</span> <span class='ocrx_word' id='word_1_1006' title='bbox 1645 2051 1664 2085; x_wconf 86' lang='lat' dir='ltr'><em>b</em></span> <span class='ocrx_word' id='word_1_1007' title='bbox 1686 2055 1720 2092; x_wconf 91' lang='lat'>),</span> <span class='ocrx_word' id='word_1_1008' title='bbox 1743 2048 1897 2091; x_wconf 88' lang='lat' dir='ltr'>utrosque</span> <span class='ocrx_word' id='word_1_1009' title='bbox 1920 2058 2108 2083; x_wconf 81' lang='lat' dir='ltr'>caeterarum</span> <span class='ocrx_word' id='word_1_1010' title='bbox 2133 2051 2255 2086; x_wconf 78' lang='lat' dir='ltr'>oblitos</span> <span class='ocrx_word' id='word_1_1011' title='bbox 2281 2076 2289 2090; x_wconf 91' lang='lat'>‚</span> <span class='ocrx_word' id='word_1_1012' title='bbox 2315 2056 2451 2089; x_wconf 52' lang='lat' dir='ltr'>cumqas</span> 
     </span>
     <span class='ocr_line' id='line_1_123' title="bbox 1434 2093 2453 2139; baseline 0.001 -9"><span class='ocrx_word' id='word_1_1013' title='bbox 1434 2097 1484 2130; x_wconf 90' lang='lat' dir='ltr'>illi</span> <span class='ocrx_word' id='word_1_1014' title='bbox 1507 2097 1630 2139; x_wconf 87' lang='lat' dir='ltr'>primos</span> <span class='ocrx_word' id='word_1_1015' title='bbox 1653 2094 1806 2138; x_wconf 85' lang='lat' dir='ltr'>quidem,</span> <span class='ocrx_word' id='word_1_1016' title='bbox 1830 2093 1946 2138; x_wconf 82' lang='lat' dir='ltr'>alteros</span> <span class='ocrx_word' id='word_1_1017' title='bbox 1972 2103 2077 2127; x_wconf 84' lang='lat' dir='ltr'>autem</span> <span class='ocrx_word' id='word_1_1018' title='bbox 2101 2093 2150 2127; x_wconf 87' lang='lat' dir='ltr'>his</span> <span class='ocrx_word' id='word_1_1019' title='bbox 2173 2096 2353 2131; x_wconf 71' lang='lat' dir='ltr'>consimiles</span> <span class='ocrx_word' id='word_1_1020' title='bbox 2381 2099 2453 2131; x_wconf 78' lang='lat' dir='ltr'>exi-</span> 
     </span>
     <span class='ocr_line' id='line_1_124' title="bbox 1435 2138 2451 2182; baseline 0.001 -8"><span class='ocrx_word' id='word_1_1021' title='bbox 1435 2138 1593 2177; x_wconf 83' lang='lat' dir='ltr'>stimasse3</span> <span class='ocrx_word' id='word_1_1022' title='bbox 1619 2138 1899 2182; x_wconf 80' lang='lat' dir='ltr'>quandomultae,</span> <span class='ocrx_word' id='word_1_1023' title='bbox 1922 2147 1989 2178; x_wconf 87' lang='lat' dir='ltr'>Jam</span> <span class='ocrx_word' id='word_1_1024' title='bbox 2002 2138 2109 2170; x_wconf 83' lang='lat' dir='ltr'>relata:</span> <span class='ocrx_word' id='word_1_1025' title='bbox 2133 2138 2167 2170; x_wconf 87' lang='lat' dir='ltr'>in</span> <span class='ocrx_word' id='word_1_1026' title='bbox 2179 2138 2451 2180; x_wconf 76' lang='lat' dir='ltr'>Sepulchretum‚</span> 
     </span>
     <span class='ocr_line' id='line_1_125' title="bbox 1435 2180 2453 2226; baseline 0.001 -8"><span class='ocrx_word' id='word_1_1027' title='bbox 1435 2184 1608 2220; x_wconf 86' lang='lat' dir='ltr'>extabant,</span> <span class='ocrx_word' id='word_1_1028' title='bbox 1634 2192 1770 2226; x_wconf 87' lang='lat' dir='ltr'>quarum</span> <span class='ocrx_word' id='word_1_1029' title='bbox 1795 2181 1863 2214; x_wconf 78' lang='lat' dir='ltr'>aliae</span> <span class='ocrx_word' id='word_1_1030' title='bbox 1889 2191 1961 2213; x_wconf 87' lang='lat' dir='ltr'>cum</span> <span class='ocrx_word' id='word_1_1031' title='bbox 1987 2180 2049 2213; x_wconf 87' lang='lat' dir='ltr'>illis</span> <span class='ocrx_word' id='word_1_1032' title='bbox 2071 2203 2081 2218; x_wconf 92' lang='lat'>,</span> <span class='ocrx_word' id='word_1_1033' title='bbox 2108 2181 2178 2215; x_wconf 84' lang='lat' dir='ltr'>aliae</span> <span class='ocrx_word' id='word_1_1034' title='bbox 2203 2190 2279 2216; x_wconf 87' lang='lat' dir='ltr'>vero</span> <span class='ocrx_word' id='word_1_1035' title='bbox 2302 2197 2376 2219; x_wconf 87' lang='lat' dir='ltr'>cum</span> <span class='ocrx_word' id='word_1_1036' title='bbox 2401 2185 2453 2219; x_wconf 87' lang='lat' dir='ltr'>his</span> 
     </span>
     <span class='ocr_line' id='line_1_126' title="bbox 1440 2225 2453 2271; baseline -0.004 -9"><span class='ocrx_word' id='word_1_1037' title='bbox 1440 2225 1636 2269; x_wconf 83' lang='lat' dir='ltr'>apertiffirne</span> <span class='ocrx_word' id='word_1_1038' title='bbox 1660 2225 1892 2260; x_wconf 86' lang='lat' dir='ltr'>consentiunt.</span> <span class='ocrx_word' id='word_1_1039' title='bbox 1921 2226 2002 2257; x_wconf 90' lang='lat' dir='ltr'>Sunt</span> <span class='ocrx_word' id='word_1_1040' title='bbox 2025 2233 2178 2266; x_wconf 78' lang='lat' dir='ltr'>praeterea</span> <span class='ocrx_word' id='word_1_1041' title='bbox 2203 2238 2280 2269; x_wconf 77' lang='lat' dir='ltr'>quas</span> <span class='ocrx_word' id='word_1_1042' title='bbox 2305 2227 2453 2271; x_wconf 81' lang='lat' dir='ltr'>utrisque</span> 
     </span>
     <span class='ocr_line' id='line_1_127' title="bbox 1441 2267 2454 2312; baseline 0 -6"><span class='ocrx_word' id='word_1_1043' title='bbox 1441 2270 1597 2306; x_wconf 79' lang='lat' dir='ltr'>addendas</span> <span class='ocrx_word' id='word_1_1044' title='bbox 1630 2270 1782 2312; x_wconf 75' lang='lat' dir='ltr'>colligere</span> <span class='ocrx_word' id='word_1_1045' title='bbox 1805 2267 1899 2311; x_wconf 87' lang='lat' dir='ltr'>poffis</span> <span class='ocrx_word' id='word_1_1046' title='bbox 1932 2279 1970 2301; x_wconf 86' lang='lat' dir='ltr'>ex</span> <span class='ocrx_word' id='word_1_1047' title='bbox 1993 2267 2121 2302; x_wconf 85' lang='lat' dir='ltr'>laudata</span> <span class='ocrx_word' id='word_1_1048' title='bbox 2155 2267 2211 2303; x_wconf 92' lang='lat' dir='ltr'>Cl.</span> <span class='ocrx_word' id='word_1_1049' title='bbox 2235 2269 2323 2305; x_wconf 89' lang='lat' dir='ltr'>Phil.</span> <span class='ocrx_word' id='word_1_1050' title='bbox 2350 2273 2454 2307; x_wconf 85' lang='lat' dir='ltr'>Conr.</span> 
     </span>
     <span class='ocr_line' id='line_1_128' title="bbox 1443 2312 2456 2355; baseline -0.004 -7"><span class='ocrx_word' id='word_1_1051' title='bbox 1443 2314 1588 2348; x_wconf 84' lang='lat' dir='ltr'>Fabricii</span> <span class='ocrx_word' id='word_1_1052' title='bbox 1613 2312 1852 2347; x_wconf 79' lang='lat' dir='ltr'>Dissertatione</span> <span class='ocrx_word' id='word_1_1053' title='bbox 1873 2315 1887 2351; x_wconf 93' lang='lat'>(</span> <span class='ocrx_word' id='word_1_1054' title='bbox 1909 2322 1925 2343; x_wconf 88' lang='lat' dir='ltr'>c</span> <span class='ocrx_word' id='word_1_1055' title='bbox 1948 2314 1959 2349; x_wconf 90' lang='lat'><em>)</em></span> <span class='ocrx_word' id='word_1_1056' title='bbox 1983 2337 1992 2346; x_wconf 87' lang='lat'>.</span> <span class='ocrx_word' id='word_1_1057' title='bbox 2027 2313 2140 2354; x_wconf 89' lang='lat' dir='ltr'>Atque</span> <span class='ocrx_word' id='word_1_1058' title='bbox 2163 2312 2294 2355; x_wconf 86' lang='lat' dir='ltr'>insuper</span> <span class='ocrx_word' id='word_1_1059' title='bbox 2318 2324 2353 2349; x_wconf 88' lang='lat' dir='ltr'>ut</span> <span class='ocrx_word' id='word_1_1060' title='bbox 2380 2315 2456 2349; x_wconf 91' lang='lat' dir='ltr'>Dis..</span> 
     </span>
     <span class='ocr_line' id='line_1_129' title="bbox 1444 2354 2456 2399; baseline -0.004 -7"><span class='ocrx_word' id='word_1_1061' title='bbox 1444 2358 1576 2392; x_wconf 74' lang='lat' dir='ltr'>serratio</span> <span class='ocrx_word' id='word_1_1062' title='bbox 1601 2357 1698 2390; x_wconf 85' lang='lat' dir='ltr'>altera</span> <span class='ocrx_word' id='word_1_1063' title='bbox 1721 2359 1736 2396; x_wconf 89' lang='lat'>(</span> <span class='ocrx_word' id='word_1_1064' title='bbox 1757 2356 1777 2389; x_wconf 88' lang='lat' dir='ltr'>d</span> <span class='ocrx_word' id='word_1_1065' title='bbox 1798 2359 1833 2395; x_wconf 80' lang='lat'>)›</span> <span class='ocrx_word' id='word_1_1066' title='bbox 1859 2366 1953 2398; x_wconf 80' lang='lat' dir='ltr'>quae,</span> <span class='ocrx_word' id='word_1_1067' title='bbox 1977 2354 2122 2389; x_wconf 84' lang='lat' dir='ltr'>Bufferio</span> <span class='ocrx_word' id='word_1_1068' title='bbox 2148 2356 2282 2392; x_wconf 81' lang='lat' dir='ltr'>Praeside</span> <span class='ocrx_word' id='word_1_1069' title='bbox 2308 2383 2318 2399; x_wconf 89' lang='lat'>,</span> <span class='ocrx_word' id='word_1_1070' title='bbox 2344 2359 2456 2394; x_wconf 77' lang='lat' dir='ltr'>habita</span> 
     </span>
     <span class='ocr_line' id='line_1_130' title="bbox 1445 2398 2457 2446; baseline 0.001 -11"><span class='ocrx_word' id='word_1_1071' title='bbox 1445 2402 1510 2440; x_wconf 87' lang='lat' dir='ltr'>est,</span> <span class='ocrx_word' id='word_1_1072' title='bbox 1536 2400 1811 2434; x_wconf 84' lang='lat' dir='ltr'>Observationem</span> <span class='ocrx_word' id='word_1_1073' title='bbox 1832 2400 1894 2432; x_wconf 83' lang='lat' dir='ltr'>tibi</span> <span class='ocrx_word' id='word_1_1074' title='bbox 1918 2398 2132 2432; x_wconf 86' lang='lat' dir='ltr'>exhibebitin</span> <span class='ocrx_word' id='word_1_1075' title='bbox 2155 2398 2362 2436; x_wconf 85' lang='lat' dir='ltr'>Sereniffimo</span> <span class='ocrx_word' id='word_1_1076' title='bbox 2374 2415 2457 2446; x_wconf 88' lang='lat' dir='ltr'>quo-</span> 
     </span>
     <span class='ocr_line' id='line_1_131' title="bbox 1442 2442 2457 2486; baseline 0.001 -8"><span class='ocrx_word' id='word_1_1077' title='bbox 1442 2446 1518 2479; x_wconf 85' lang='lat' dir='ltr'>dam</span> <span class='ocrx_word' id='word_1_1078' title='bbox 1543 2445 1696 2486; x_wconf 83' lang='lat' dir='ltr'>Principe</span> <span class='ocrx_word' id='word_1_1079' title='bbox 1721 2469 1731 2484; x_wconf 84' lang='lat'>,</span> <span class='ocrx_word' id='word_1_1080' title='bbox 1763 2454 1837 2478; x_wconf 90' lang='lat' dir='ltr'>cum</span> <span class='ocrx_word' id='word_1_1081' title='bbox 1861 2442 1974 2484; x_wconf 88' lang='lat' dir='ltr'>primis</span> <span class='ocrx_word' id='word_1_1082' title='bbox 1997 2442 2062 2475; x_wconf 87' lang='lat' dir='ltr'>illis</span> <span class='ocrx_word' id='word_1_1083' title='bbox 2094 2447 2339 2479; x_wconf 86' lang='lat' dir='ltr'>convenientem</span> <span class='ocrx_word' id='word_1_1084' title='bbox 2366 2471 2374 2485; x_wconf 92' lang='lat'>‚</span> <span class='ocrx_word' id='word_1_1085' title='bbox 2409 2447 2457 2479; x_wconf 85' lang='lat' dir='ltr'>ita</span> 
     </span>
     <span class='ocr_line' id='line_1_132' title="bbox 1441 2485 2458 2531; baseline -0.006 -9"><span class='ocrx_word' id='word_1_1086' title='bbox 1441 2500 1513 2531; x_wconf 82' lang='lat' dir='ltr'>quae</span> <span class='ocrx_word' id='word_1_1087' title='bbox 1536 2499 1611 2521; x_wconf 90' lang='lat' dir='ltr'>cum</span> <span class='ocrx_word' id='word_1_1088' title='bbox 1641 2488 1750 2520; x_wconf 87' lang='lat' dir='ltr'>alteris</span> <span class='ocrx_word' id='word_1_1089' title='bbox 1771 2487 1967 2521; x_wconf 89' lang='lat' dir='ltr'>conveniant</span> <span class='ocrx_word' id='word_1_1090' title='bbox 1992 2508 2001 2523; x_wconf 89' lang='lat'>‚</span> <span class='ocrx_word' id='word_1_1091' title='bbox 2025 2485 2150 2520; x_wconf 78' lang='lat' dir='ltr'>dabunt</span> <span class='ocrx_word' id='word_1_1092' title='bbox 2173 2488 2277 2529; x_wconf 80' lang='lat' dir='ltr'>plures</span> <span class='ocrx_word' id='word_1_1093' title='bbox 2301 2490 2458 2523; x_wconf 78' lang='lat' dir='ltr'>Volumi-</span> 
     </span>
     <span class='ocr_line' id='line_1_133' title="bbox 1442 2529 2458 2573; baseline -0.003 -9"><span class='ocrx_word' id='word_1_1094' title='bbox 1442 2543 1481 2564; x_wconf 87' lang='lat' dir='ltr'>na</span> <span class='ocrx_word' id='word_1_1095' title='bbox 1507 2536 1517 2571; x_wconf 90' lang='lat'><strong>(</strong></span> <span class='ocrx_word' id='word_1_1096' title='bbox 1541 2531 1590 2573; x_wconf 87' lang='lat' dir='ltr'>e)</span> <span class='ocrx_word' id='word_1_1097' title='bbox 1615 2531 1767 2564; x_wconf 79' lang='lat' dir='ltr'>Caesareae</span> <span class='ocrx_word' id='word_1_1098' title='bbox 1791 2529 1976 2563; x_wconf 83' lang='lat' dir='ltr'>Academiae</span> <span class='ocrx_word' id='word_1_1099' title='bbox 1998 2554 2006 2562; x_wconf 95' lang='lat'>.</span> <span class='ocrx_word' id='word_1_1100' title='bbox 2042 2530 2134 2567; x_wconf 86' lang='lat' dir='ltr'>Quin</span> <span class='ocrx_word' id='word_1_1101' title='bbox 2160 2531 2228 2564; x_wconf 78' lang='lat' dir='ltr'>aliae</span> <span class='ocrx_word' id='word_1_1102' title='bbox 2253 2544 2317 2565; x_wconf 80' lang='lat' dir='ltr'>non</span> <span class='ocrx_word' id='word_1_1103' title='bbox 2342 2532 2458 2566; x_wconf 77' lang='lat' dir='ltr'>desunt</span> 
     </span>
     <span class='ocr_line' id='line_1_134' title="bbox 1442 2573 2456 2618; baseline 0.001 -10"><span class='ocrx_word' id='word_1_1104' title='bbox 1442 2574 1583 2609; x_wconf 67' lang='lat' dir='ltr'>historiar</span> <span class='ocrx_word' id='word_1_1105' title='bbox 1609 2596 1617 2611; x_wconf 96' lang='lat'>,</span> <span class='ocrx_word' id='word_1_1106' title='bbox 1651 2585 1722 2617; x_wconf 82' lang='lat' dir='ltr'>quae</span> <span class='ocrx_word' id='word_1_1107' title='bbox 1745 2577 1775 2606; x_wconf 72' lang='grc' dir='ltr'>δε</span> <span class='ocrx_word' id='word_1_1108' title='bbox 1799 2573 1878 2606; x_wconf 89' lang='lat' dir='ltr'>alibi</span> <span class='ocrx_word' id='word_1_1109' title='bbox 1901 2583 1997 2615; x_wconf 85' lang='lat' dir='ltr'>quarn</span> <span class='ocrx_word' id='word_1_1110' title='bbox 2022 2573 2054 2604; x_wconf 88' lang='lat' dir='ltr'>in</span> <span class='ocrx_word' id='word_1_1111' title='bbox 2077 2581 2151 2606; x_wconf 89' lang='lat' dir='ltr'>cute</span> <span class='ocrx_word' id='word_1_1112' title='bbox 2175 2596 2186 2612; x_wconf 90' lang='lat'>,</span> <span class='ocrx_word' id='word_1_1113' title='bbox 2219 2586 2320 2618; x_wconf 84' lang='lat' dir='ltr'>neque</span> <span class='ocrx_word' id='word_1_1114' title='bbox 2345 2586 2456 2609; x_wconf 85' lang='lat' dir='ltr'>tamen</span> 
     </span>
     <span class='ocr_line' id='line_1_135' title="bbox 1442 2615 2459 2658; baseline 0.003 -8"><span class='ocrx_word' id='word_1_1115' title='bbox 1442 2620 1475 2650; x_wconf 91' lang='lat' dir='ltr'>in</span> <span class='ocrx_word' id='word_1_1116' title='bbox 1499 2618 1683 2656; x_wconf 79' lang='lat' dir='ltr'>intestinis³</span> <span class='ocrx_word' id='word_1_1117' title='bbox 1708 2615 1819 2649; x_wconf 88' lang='lat' dir='ltr'>aliisve</span> <span class='ocrx_word' id='word_1_1118' title='bbox 1843 2615 2017 2649; x_wconf 77' lang='lat' dir='ltr'>visceribus</span> <span class='ocrx_word' id='word_1_1119' title='bbox 2041 2638 2053 2654; x_wconf 85' lang='lat'><em>‚</em></span> <span class='ocrx_word' id='word_1_1120' title='bbox 2075 2615 2259 2657; x_wconf 65' lang='lat' dir='ltr'>conspestas</span> <span class='ocrx_word' id='word_1_1121' title='bbox 2283 2620 2424 2653; x_wconf 77' lang='lat' dir='ltr'>variolas</span> <span class='ocrx_word' id='word_1_1122' title='bbox 2449 2644 2459 2658; x_wconf 93' lang='lat'>,</span> 
     </span>
     <span class='ocr_line' id='line_1_136' title="bbox 1443 2657 2454 2702; baseline 0 -7"><span class='ocrx_word' id='word_1_1123' title='bbox 1443 2671 1498 2695; x_wconf 87' lang='lat' dir='ltr'>aut</span> <span class='ocrx_word' id='word_1_1124' title='bbox 1524 2662 1551 2695; x_wconf 84' lang='lat' dir='ltr'>se</span> <span class='ocrx_word' id='word_1_1125' title='bbox 1575 2661 1753 2694; x_wconf 87' lang='lat' dir='ltr'>indicantes</span> <span class='ocrx_word' id='word_1_1126' title='bbox 1787 2668 1973 2702; x_wconf 89' lang='lat' dir='ltr'>proponunt</span> <span class='ocrx_word' id='word_1_1127' title='bbox 1998 2683 2006 2691; x_wconf 91' lang='lat'>.</span> <span class='ocrx_word' id='word_1_1128' title='bbox 2036 2657 2233 2700; x_wconf 78' lang='lat' dir='ltr'>eujusmodi</span> <span class='ocrx_word' id='word_1_1129' title='bbox 2279 2663 2343 2696; x_wconf 87' lang='lat' dir='ltr'>illae</span> <span class='ocrx_word' id='word_1_1130' title='bbox 2380 2662 2454 2697; x_wconf 88' lang='lat' dir='ltr'>sunt</span> 
     </span>
     <span class='ocr_line' id='line_1_137' title="bbox 1443 2699 2458 2747; baseline -0.006 -8"><span class='ocrx_word' id='word_1_1131' title='bbox 1443 2717 1522 2747; x_wconf 85' lang='lat' dir='ltr'>quas</span> <span class='ocrx_word' id='word_1_1132' title='bbox 1546 2706 1630 2747; x_wconf 79' lang='lat' dir='ltr'>leges</span> <span class='ocrx_word' id='word_1_1133' title='bbox 1653 2705 1686 2736; x_wconf 92' lang='lat' dir='ltr'>in</span> <span class='ocrx_word' id='word_1_1134' title='bbox 1711 2704 1805 2737; x_wconf 63' lang='lat' dir='ltr'>Astis</span> <span class='ocrx_word' id='word_1_1135' title='bbox 1828 2700 2059 2735; x_wconf 85' lang='lat' dir='ltr'>Hafnienfibus</span> <span class='ocrx_word' id='word_1_1136' title='bbox 2083 2699 2135 2744; x_wconf 88' lang='lat' dir='ltr'>(f</span> <span class='ocrx_word' id='word_1_1137' title='bbox 2153 2706 2188 2744; x_wconf 87' lang='lat'>)‚</span> <span class='ocrx_word' id='word_1_1138' title='bbox 2212 2706 2245 2737; x_wconf 86' lang='lat' dir='ltr'>in</span> <span class='ocrx_word' id='word_1_1139' title='bbox 2260 2706 2458 2747; x_wconf 75' lang='lat' dir='ltr'>Ephemeri-</span> 
     </span>
     <span class='ocr_line' id='line_1_138' title="bbox 1445 2745 2460 2791; baseline 0.003 -11"><span class='ocrx_word' id='word_1_1140' title='bbox 1445 2750 1541 2783; x_wconf 87' lang='lat' dir='ltr'>dibus</span> <span class='ocrx_word' id='word_1_1141' title='bbox 1564 2747 1653 2790; x_wconf 86' lang='lat' dir='ltr'>(g)</span> <span class='ocrx_word' id='word_1_1142' title='bbox 1678 2746 1881 2788; x_wconf 83' lang='lat' dir='ltr'>praelaudatae</span> <span class='ocrx_word' id='word_1_1143' title='bbox 1909 2745 2088 2780; x_wconf 78' lang='lat' dir='ltr'>Academiae</span> <span class='ocrx_word' id='word_1_1144' title='bbox 2104 2771 2112 2784; x_wconf 85' lang='lat'><strong>‚</strong></span> <span class='ocrx_word' id='word_1_1145' title='bbox 2137 2747 2169 2778; x_wconf 84' lang='lat' dir='ltr'>in</span> <span class='ocrx_word' id='word_1_1146' title='bbox 2195 2748 2373 2791; x_wconf 86' lang='lat' dir='ltr'>Opusculis</span> <span class='ocrx_word' id='word_1_1147' title='bbox 2401 2752 2460 2782; x_wconf 77' lang='lat' dir='ltr'>Pa-</span> 
     </span>
     <span class='ocr_line' id='line_1_139' title="bbox 1447 2789 2462 2835; baseline -0.004 -9"><span class='ocrx_word' id='word_1_1148' title='bbox 1447 2792 1628 2834; x_wconf 75' lang='lat' dir='ltr'>thologicis</span> <span class='ocrx_word' id='word_1_1149' title='bbox 1653 2794 1663 2830; x_wconf 92' lang='lat'>(</span> <span class='ocrx_word' id='word_1_1150' title='bbox 1688 2790 1708 2823; x_wconf 84' lang='lat' dir='ltr'><em>h</em></span> <span class='ocrx_word' id='word_1_1151' title='bbox 1728 2793 1743 2830; x_wconf 84' lang='grc'>&gt;</span> <span class='ocrx_word' id='word_1_1152' title='bbox 1767 2789 2020 2823; x_wconf 81' lang='lat' dir='ltr'>Praestantiffimi</span> <span class='ocrx_word' id='word_1_1153' title='bbox 2044 2789 2172 2823; x_wconf 82' lang='lat' dir='ltr'>Halleri</span> <span class='ocrx_word' id='word_1_1154' title='bbox 2198 2815 2206 2830; x_wconf 88' lang='lat'>‚</span> <span class='ocrx_word' id='word_1_1155' title='bbox 2228 2793 2259 2824; x_wconf 74' lang='grc' dir='ltr'>δε</span> <span class='ocrx_word' id='word_1_1156' title='bbox 2282 2792 2353 2827; x_wconf 84' lang='lat' dir='ltr'>haec</span> <span class='ocrx_word' id='word_1_1157' title='bbox 2377 2804 2462 2835; x_wconf 90' lang='lat' dir='ltr'>quo-</span> 
     </span>
     <span class='ocr_line' id='line_1_140' title="bbox 1447 2832 2464 2879; baseline -0.003 -8"><span class='ocrx_word' id='word_1_1158' title='bbox 1447 2848 1511 2879; x_wconf 88' lang='lat' dir='ltr'>que</span> <span class='ocrx_word' id='word_1_1159' title='bbox 1534 2835 1577 2869; x_wconf 89' lang='lat' dir='ltr'>est</span> <span class='ocrx_word' id='word_1_1160' title='bbox 1599 2844 1696 2877; x_wconf 86' lang='lat' dir='ltr'>quam</span> <span class='ocrx_word' id='word_1_1161' title='bbox 1732 2834 1772 2867; x_wconf 86' lang='lat' dir='ltr'>ab</span> <span class='ocrx_word' id='word_1_1162' title='bbox 1796 2845 1832 2867; x_wconf 88' lang='lat' dir='ltr'>eo</span> <span class='ocrx_word' id='word_1_1163' title='bbox 1856 2834 1912 2876; x_wconf 90' lang='lat' dir='ltr'>qui</span> <span class='ocrx_word' id='word_1_1164' title='bbox 1938 2835 2022 2865; x_wconf 90' lang='lat' dir='ltr'>inter</span> <span class='ocrx_word' id='word_1_1165' title='bbox 2045 2832 2218 2874; x_wconf 71' lang='lat' dir='ltr'>Magistros</span> <span class='ocrx_word' id='word_1_1166' title='bbox 2242 2847 2329 2870; x_wconf 83' lang='lat' dir='ltr'>meos</span> <span class='ocrx_word' id='word_1_1167' title='bbox 2361 2835 2426 2869; x_wconf 85' lang='lat' dir='ltr'>fuit</span> <span class='ocrx_word' id='word_1_1168' title='bbox 2453 2861 2464 2877; x_wconf 88' lang='lat'>,</span> 
     </span>
     <span class='ocr_line' id='line_1_141' title="bbox 1441 2875 2459 2923; baseline 0.001 -10"><span class='ocrx_word' id='word_1_1169' title='bbox 1441 2879 1568 2923; x_wconf 90' lang='lat' dir='ltr'>Jacobo</span> <span class='ocrx_word' id='word_1_1170' title='bbox 1581 2877 1717 2912; x_wconf 88' lang='lat' dir='ltr'>Sandrio</span> <span class='ocrx_word' id='word_1_1171' title='bbox 1731 2903 1740 2918; x_wconf 93' lang='lat'>,</span> <span class='ocrx_word' id='word_1_1172' title='bbox 1765 2888 1839 2911; x_wconf 89' lang='lat' dir='ltr'>cum</span> <span class='ocrx_word' id='word_1_1173' title='bbox 1852 2877 2011 2910; x_wconf 74' lang='lat' dir='ltr'>Bononiae</span> <span class='ocrx_word' id='word_1_1174' title='bbox 2035 2875 2118 2910; x_wconf 90' lang='lat' dir='ltr'>olim</span> <span class='ocrx_word' id='word_1_1175' title='bbox 2130 2876 2244 2919; x_wconf 81' lang='lat' dir='ltr'>essem,</span> <span class='ocrx_word' id='word_1_1176' title='bbox 2267 2890 2435 2921; x_wconf 83' lang='lat' dir='ltr'>acceptam</span> <span class='ocrx_word' id='word_1_1177' title='bbox 2448 2903 2459 2919; x_wconf 92' lang='lat'>,</span> 
     </span>
     <span class='ocr_line' id='line_1_142' title="bbox 1448 2919 2464 2976; baseline -0.007 -19"><span class='ocrx_word' id='word_1_1178' title='bbox 1448 2922 1550 2976; x_wconf 77' lang='lat' dir='ltr'>ferme</span> <span class='ocrx_word' id='word_1_1179' title='bbox 1573 2921 1715 2957; x_wconf 89' lang='lat' dir='ltr'>totidem</span> <span class='ocrx_word' id='word_1_1180' title='bbox 1741 2933 1775 2955; x_wconf 81' lang='lat' dir='ltr'>ac</span> <span class='ocrx_word' id='word_1_1181' title='bbox 1801 2921 1866 2954; x_wconf 90' lang='lat' dir='ltr'>Vir</span> <span class='ocrx_word' id='word_1_1182' title='bbox 1889 2921 1943 2954; x_wconf 89' lang='lat' dir='ltr'>ille</span> <span class='ocrx_word' id='word_1_1183' title='bbox 1955 2919 2082 2953; x_wconf 66' lang='lat' dir='ltr'>Doctus</span> <span class='ocrx_word' id='word_1_1184' title='bbox 2104 2922 2241 2960; x_wconf 88' lang='lat' dir='ltr'>retulit,</span> <span class='ocrx_word' id='word_1_1185' title='bbox 2267 2924 2373 2958; x_wconf 79' lang='lat' dir='ltr'>verbis</span> <span class='ocrx_word' id='word_1_1186' title='bbox 2387 2923 2464 2957; x_wconf 73' lang='lat' dir='ltr'>sub-</span> 
     </span>
     <span class='ocr_line' id='line_1_143' title="bbox 1448 2978 1555 3011; baseline -0.019 -10"><span class='ocrx_word' id='word_1_1187' title='bbox 1448 2978 1533 3011; x_wconf 81' lang='lat' dir='ltr'>Jicio</span> <span class='ocrx_word' id='word_1_1188' title='bbox 1548 2991 1555 2999; x_wconf 95' lang='lat'>.</span> 
     </span>
    </p>

    <p class='ocr_par' dir='ltr' id='par_1_8' title="bbox 1447 3008 2468 3350">
     <span class='ocr_line' id='line_1_144' title="bbox 1492 3008 2463 3055; baseline 0.001 -12"><span class='ocrx_word' id='word_1_1189' title='bbox 1492 3022 1546 3055; x_wconf 86' lang='lat'>34.</span> <span class='ocrx_word' id='word_1_1190' title='bbox 1573 3009 1701 3042; x_wconf 73' lang='lat' dir='ltr'>PUER</span> <span class='ocrx_word' id='word_1_1191' title='bbox 1724 3008 1862 3041; x_wconf 84' lang='lat' dir='ltr'>Nobilis</span> <span class='ocrx_word' id='word_1_1192' title='bbox 1884 3030 1897 3047; x_wconf 90' lang='lat'>,</span> <span class='ocrx_word' id='word_1_1193' title='bbox 1919 3008 1971 3041; x_wconf 88' lang='lat' dir='ltr'>cui</span> <span class='ocrx_word' id='word_1_1194' title='bbox 1998 3017 2105 3049; x_wconf 80' lang='lat' dir='ltr'>paucae</span> <span class='ocrx_word' id='word_1_1195' title='bbox 2128 3010 2269 3042; x_wconf 81' lang='lat' dir='ltr'>exterius</span> <span class='ocrx_word' id='word_1_1196' title='bbox 2293 3010 2426 3044; x_wconf 83' lang='lat' dir='ltr'>variolae</span> <span class='ocrx_word' id='word_1_1197' title='bbox 2451 3031 2463 3049; x_wconf 86' lang='lat'>,</span> 
     </span>
     <span class='ocr_line' id='line_1_145' title="bbox 1447 3052 2465 3098; baseline -0.004 -9"><span class='ocrx_word' id='word_1_1198' title='bbox 1447 3054 1535 3098; x_wconf 73' lang='lat' dir='ltr'>signa</span> <span class='ocrx_word' id='word_1_1199' title='bbox 1561 3064 1669 3087; x_wconf 83' lang='lat' dir='ltr'>autem</span> <span class='ocrx_word' id='word_1_1200' title='bbox 1693 3052 1780 3085; x_wconf 83' lang='lat' dir='ltr'>nulla</span> <span class='ocrx_word' id='word_1_1201' title='bbox 1803 3061 1893 3084; x_wconf 86' lang='lat' dir='ltr'>erant</span> <span class='ocrx_word' id='word_1_1202' title='bbox 1925 3052 2059 3084; x_wconf 83' lang='lat' dir='ltr'>aliarum</span> <span class='ocrx_word' id='word_1_1203' title='bbox 2084 3062 2157 3094; x_wconf 79' lang='lat' dir='ltr'>quae</span> <span class='ocrx_word' id='word_1_1204' title='bbox 2180 3052 2360 3087; x_wconf 85' lang='lat' dir='ltr'>visceribus</span> <span class='ocrx_word' id='word_1_1205' title='bbox 2384 3053 2465 3086; x_wconf 82' lang='lat' dir='ltr'>insi-</span> 
     </span>
     <span class='ocr_line' id='line_1_146' title="bbox 1448 3095 2465 3137; baseline -0.007 -5"><span class='ocrx_word' id='word_1_1206' title='bbox 1448 3097 1582 3137; x_wconf 84' lang='lat' dir='ltr'>derent,</span> <span class='ocrx_word' id='word_1_1207' title='bbox 1606 3095 1752 3130; x_wconf 81' lang='lat' dir='ltr'>suffocati</span> <span class='ocrx_word' id='word_1_1208' title='bbox 1775 3095 1870 3129; x_wconf 85' lang='lat' dir='ltr'>instar</span> <span class='ocrx_word' id='word_1_1209' title='bbox 1898 3096 2037 3128; x_wconf 84' lang='lat' dir='ltr'>moritur</span> <span class='ocrx_word' id='word_1_1210' title='bbox 2053 3119 2061 3126; x_wconf 91' lang='lat'>.</span> <span class='ocrx_word' id='word_1_1211' title='bbox 2194 3097 2224 3128; x_wconf 92' lang='lat' dir='ltr'>C</span> <span class='ocrx_word' id='word_1_1212' title='bbox 2248 3098 2282 3129; x_wconf 93' lang='lat' dir='ltr'>O</span> <span class='ocrx_word' id='word_1_1213' title='bbox 2307 3098 2338 3130; x_wconf 75' lang='lat' dir='ltr'>R</span> <span class='ocrx_word' id='word_1_1214' title='bbox 2365 3098 2387 3129; x_wconf 79' lang='lat' dir='ltr'>P</span> <span class='ocrx_word' id='word_1_1215' title='bbox 2413 3097 2465 3129; x_wconf 89' lang='lat' dir='ltr'>U.</span> 
     </span>
     <span class='ocr_line' id='line_1_147' title="bbox 1451 3136 2465 3182; baseline -0.004 -7"><span class='ocrx_word' id='word_1_1216' title='bbox 1451 3142 1471 3174; x_wconf 87' lang='lat' dir='ltr'>S</span> <span class='ocrx_word' id='word_1_1217' title='bbox 1494 3143 1524 3175; x_wconf 94' lang='lat' dir='ltr'>C</span> <span class='ocrx_word' id='word_1_1218' title='bbox 1550 3142 1583 3175; x_wconf 91' lang='lat' dir='ltr'>U</span> <span class='ocrx_word' id='word_1_1219' title='bbox 1607 3141 1634 3173; x_wconf 91' lang='lat' dir='ltr'>L</span> <span class='ocrx_word' id='word_1_1220' title='bbox 1660 3139 1691 3171; x_wconf 87' lang='lat' dir='ltr'><strong>U</strong></span> <span class='ocrx_word' id='word_1_1221' title='bbox 1716 3139 1780 3176; x_wconf 88' lang='lat' dir='ltr'>M,</span> <span class='ocrx_word' id='word_1_1222' title='bbox 1803 3139 1843 3171; x_wconf 87' lang='lat' dir='ltr'>ab</span> <span class='ocrx_word' id='word_1_1223' title='bbox 1868 3139 2003 3171; x_wconf 84' lang='lat' dir='ltr'>Sandrio</span> <span class='ocrx_word' id='word_1_1224' title='bbox 2026 3136 2098 3180; x_wconf 89' lang='lat' dir='ltr'>ipso</span> <span class='ocrx_word' id='word_1_1225' title='bbox 2120 3147 2293 3180; x_wconf 86' lang='lat' dir='ltr'>apertum,</span> <span class='ocrx_word' id='word_1_1226' title='bbox 2319 3138 2465 3182; x_wconf 84' lang='lat' dir='ltr'>pulcher.</span> 
     </span>
     <span class='ocr_line' id='line_1_148' title="bbox 1452 3180 2467 3226; baseline -0.004 -7"><span class='ocrx_word' id='word_1_1227' title='bbox 1452 3187 1534 3219; x_wconf 85' lang='lat' dir='ltr'>rima</span> <span class='ocrx_word' id='word_1_1228' title='bbox 1558 3184 1677 3218; x_wconf 88' lang='lat' dir='ltr'>viscera</span> <span class='ocrx_word' id='word_1_1229' title='bbox 1702 3182 1840 3216; x_wconf 89' lang='lat' dir='ltr'>habebat</span> <span class='ocrx_word' id='word_1_1230' title='bbox 1864 3184 1974 3215; x_wconf 87' lang='lat' dir='ltr'>omnia</span> <span class='ocrx_word' id='word_1_1231' title='bbox 2000 3207 2006 3213; x_wconf 94' lang='lat'>.</span> <span class='ocrx_word' id='word_1_1232' title='bbox 2054 3180 2112 3215; x_wconf 89' lang='lat' dir='ltr'>Sed</span> <span class='ocrx_word' id='word_1_1233' title='bbox 2137 3193 2199 3216; x_wconf 91' lang='lat' dir='ltr'>una</span> <span class='ocrx_word' id='word_1_1234' title='bbox 2223 3183 2369 3226; x_wconf 81' lang='lat' dir='ltr'>laryngis</span> <span class='ocrx_word' id='word_1_1235' title='bbox 2393 3194 2467 3216; x_wconf 89' lang='lat' dir='ltr'>mu-</span> 
     </span>
     <span class='ocr_line' id='line_1_149' title="bbox 1457 3226 2468 3272; baseline -0.007 -9"><span class='ocrx_word' id='word_1_1236' title='bbox 1457 3229 1550 3264; x_wconf 87' lang='lat' dir='ltr'>sculis</span> <span class='ocrx_word' id='word_1_1237' title='bbox 1594 3228 1706 3260; x_wconf 86' lang='lat' dir='ltr'>innata</span> <span class='ocrx_word' id='word_1_1238' title='bbox 1750 3234 1817 3259; x_wconf 87' lang='lat' dir='ltr'>erat</span> <span class='ocrx_word' id='word_1_1239' title='bbox 1839 3267 1846 3272; x_wconf 46' lang='grc'><strong>-</strong></span> <span class='ocrx_word' id='word_1_1240' title='bbox 1871 3227 2069 3259; x_wconf 85' lang='lat' dir='ltr'>variolarum</span> <span class='ocrx_word' id='word_1_1241' title='bbox 2116 3226 2238 3268; x_wconf 87' lang='lat' dir='ltr'>pustula</span> <span class='ocrx_word' id='word_1_1242' title='bbox 2263 3248 2272 3264; x_wconf 91' lang='lat'>,</span> <span class='ocrx_word' id='word_1_1243' title='bbox 2327 3229 2358 3260; x_wconf 71' lang='grc' dir='ltr'>δε</span> <span class='ocrx_word' id='word_1_1244' title='bbox 2401 3226 2468 3260; x_wconf 77' lang='lat' dir='ltr'>cir-</span> 
     </span>
     <span class='ocr_line' id='line_1_150' title="bbox 1456 3268 2355 3350; baseline -0.004 -43"><span class='ocrx_word' id='word_1_1245' title='bbox 1456 3284 1532 3350; x_wconf 73' lang='lat' dir='ltr'>‹l:um</span> <span class='ocrx_word' id='word_1_1246' title='bbox 1584 3270 1668 3305; x_wconf 87' lang='lat' dir='ltr'>hanc</span> <span class='ocrx_word' id='word_1_1247' title='bbox 1713 3278 1779 3302; x_wconf 86' lang='lat' dir='ltr'>ater</span> <span class='ocrx_word' id='word_1_1248' title='bbox 1833 3280 1900 3312; x_wconf 87' lang='lat' dir='ltr'>Jam</span> <span class='ocrx_word' id='word_1_1249' title='bbox 1945 3268 2118 3312; x_wconf 84' lang='lat' dir='ltr'>apparebat</span> <span class='ocrx_word' id='word_1_1250' title='bbox 2172 3280 2355 3312; x_wconf 78' lang='lat' dir='ltr'>gangraenae</span> 
     </span>
    </p>

    <p class='ocr_par' dir='ltr' id='par_1_9' title="bbox 1474 3328 1540 3351">
     <span class='ocr_line' id='line_1_151' title="bbox 1474 3328 1540 3351; baseline -0.03 0"><span class='ocrx_word' id='word_1_1251' title='bbox 1474 3328 1513 3351; x_wconf 87' lang='lat' dir='ltr'>or</span> <span class='ocrx_word' id='word_1_1252' title='bbox 1532 3341 1540 3349; x_wconf 87' lang='lat'>.</span> 
     </span>
    </p>

    <p class='ocr_par' dir='ltr' id='par_1_10' title="bbox 1461 3355 2471 3485">
     <span class='ocr_line' id='line_1_152' title="bbox 1504 3355 2469 3403; baseline -0.001 -13"><span class='ocrx_word' id='word_1_1253' title='bbox 1504 3369 1556 3403; x_wconf 85' lang='lat'>35.</span> <span class='ocrx_word' id='word_1_1254' title='bbox 1595 3359 1697 3390; x_wconf 87' lang='lat' dir='ltr'>Porro</span> <span class='ocrx_word' id='word_1_1255' title='bbox 1731 3367 1805 3390; x_wconf 89' lang='lat' dir='ltr'>cum</span> <span class='ocrx_word' id='word_1_1256' title='bbox 1850 3356 1920 3389; x_wconf 86' lang='lat' dir='ltr'>aliis</span> <span class='ocrx_word' id='word_1_1257' title='bbox 1953 3366 2085 3398; x_wconf 90' lang='lat' dir='ltr'>quoque</span> <span class='ocrx_word' id='word_1_1258' title='bbox 2130 3356 2279 3399; x_wconf 82' lang='lat' dir='ltr'>malignis</span> <span class='ocrx_word' id='word_1_1259' title='bbox 2322 3355 2469 3390; x_wconf 83' lang='lat' dir='ltr'>febribus</span> 
     </span>
     <span class='ocr_line' id='line_1_153' title="bbox 1461 3399 2470 3447; baseline -0.005 -11"><span class='ocrx_word' id='word_1_1260' title='bbox 1461 3403 1676 3447; x_wconf 69' lang='lat' dir='ltr'>{sepenumero</span> <span class='ocrx_word' id='word_1_1261' title='bbox 1709 3411 1915 3443; x_wconf 78' lang='lat' dir='ltr'>gangraenam</span> <span class='ocrx_word' id='word_1_1262' title='bbox 1949 3401 2141 3433; x_wconf 86' lang='lat' dir='ltr'>interiorem</span> <span class='ocrx_word' id='word_1_1263' title='bbox 2158 3408 2160 3411; x_wconf 86' lang='lat'>&#39;</span> <span class='ocrx_word' id='word_1_1264' title='bbox 2175 3400 2356 3443; x_wconf 80' lang='lat' dir='ltr'>conjungi;</span> <span class='ocrx_word' id='word_1_1265' title='bbox 2378 3399 2447 3432; x_wconf 89' lang='lat' dir='ltr'>imo</span> <span class='ocrx_word' id='word_1_1266' title='bbox 2461 3424 2470 3439; x_wconf 90' lang='lat'>,</span> 
     </span>
     <span class='ocr_line' id='line_1_154' title="bbox 1462 3442 2471 3485; baseline -0.004 -6"><span class='ocrx_word' id='word_1_1267' title='bbox 1462 3446 1485 3479; x_wconf 79' lang='lat' dir='ltr'>si</span> <span class='ocrx_word' id='word_1_1268' title='bbox 1540 3444 1672 3479; x_wconf 85' lang='lat' dir='ltr'>lethales</span> <span class='ocrx_word' id='word_1_1269' title='bbox 1726 3444 1788 3477; x_wconf 85' lang='lat' dir='ltr'>fint</span> <span class='ocrx_word' id='word_1_1270' title='bbox 1822 3467 1835 3485; x_wconf 82' lang='lat'>,</span> <span class='ocrx_word' id='word_1_1271' title='bbox 1887 3453 1965 3477; x_wconf 90' lang='lat' dir='ltr'>tunc</span> <span class='ocrx_word' id='word_1_1272' title='bbox 2024 3442 2181 3477; x_wconf 88' lang='lat' dir='ltr'>viscerum</span> <span class='ocrx_word' id='word_1_1273' title='bbox 2237 3443 2471 3478; x_wconf 77' lang='lat' dir='ltr'>inflammatio-</span> 
     </span>
    </p>

    <p class='ocr_par' dir='ltr' id='par_1_11' title="bbox 2377 3496 2430 3518">
     <span class='ocr_line' id='line_1_155' title="bbox 2377 3496 2430 3518; baseline 0 0"><span class='ocrx_word' id='word_1_1274' title='bbox 2377 3496 2430 3518; x_wconf 88' lang='lat' dir='ltr'>nes</span> 
     </span>
    </p>
   </div>
   <div class='ocr_carea' id='block_1_7' title="bbox 2411 3279 2467 3302">
    <p class='ocr_par' dir='ltr' id='par_1_12' title="bbox 2411 3279 2467 3302">
     <span class='ocr_line' id='line_1_156' title="bbox 2411 3279 2467 3302; baseline -0.018 0"><span class='ocrx_word' id='word_1_1275' title='bbox 2411 3279 2467 3302; x_wconf 85' lang='lat' dir='ltr'>CO—</span> 
     </span>
    </p>
   </div>
   <div class='ocr_carea' id='block_1_8' title="bbox 407 3577 2470 3609">
    <p class='ocr_par' dir='ltr' id='par_1_13' title="bbox 407 3577 2470 3609">
     <span class='ocr_line' id='line_1_157' title="bbox 407 3577 2470 3609; baseline -0.011 -1"><span class='ocrx_word' id='word_1_1276' title='bbox 407 3577 2470 3609; x_wconf 54' lang='lat' dir='ltr'><em>w</em></span> 
     </span>
    </p>
   </div>
   <div class='ocr_carea' id='block_1_9' title="bbox 465 3639 1433 3806">
    <p class='ocr_par' dir='ltr' id='par_1_14' title="bbox 465 3639 1433 3806">
     <span class='ocr_line' id='line_1_158' title="bbox 465 3639 1391 3685; baseline -0.019 -4"><span class='ocrx_word' id='word_1_1277' title='bbox 465 3656 482 3685; x_wconf 87' lang='lat'><strong>(</strong></span> <span class='ocrx_word' id='word_1_1278' title='bbox 494 3662 507 3680; x_wconf 70' lang='lat' dir='ltr'><em>v</em></span> <span class='ocrx_word' id='word_1_1279' title='bbox 520 3655 535 3683; x_wconf 85' lang='lat'>)</span> <span class='ocrx_word' id='word_1_1280' title='bbox 552 3656 588 3680; x_wconf 85' lang='lat' dir='ltr'>De</span> <span class='ocrx_word' id='word_1_1281' title='bbox 604 3652 668 3678; x_wconf 80' lang='lat' dir='ltr'>Peste</span> <span class='ocrx_word' id='word_1_1282' title='bbox 685 3652 703 3678; x_wconf 89' lang='lat' dir='ltr'>l.</span> <span class='ocrx_word' id='word_1_1283' title='bbox 719 3659 743 3675; x_wconf 81' lang='lat'>².</span> <span class='ocrx_word' id='word_1_1284' title='bbox 758 3657 781 3675; x_wconf 82' lang='lat' dir='ltr'>c.</span> <span class='ocrx_word' id='word_1_1285' title='bbox 797 3657 821 3680; x_wconf 88' lang='lat'>3.</span> <span class='ocrx_word' id='word_1_1286' title='bbox 837 3648 921 3673; x_wconf 74' lang='lat' dir='ltr'>adnot.</span> <span class='ocrx_word' id='word_1_1287' title='bbox 938 3654 976 3681; x_wconf 69' lang='grc' dir='ltr'>μ.</span> <span class='ocrx_word' id='word_1_1288' title='bbox 1038 3642 1101 3674; x_wconf 81' lang='lat' dir='ltr'>(s)</span> <span class='ocrx_word' id='word_1_1289' title='bbox 1118 3641 1183 3667; x_wconf 83' lang='lat' dir='ltr'>lbid.</span> <span class='ocrx_word' id='word_1_1290' title='bbox 1200 3642 1217 3667; x_wconf 87' lang='grc'>1.</span> <span class='ocrx_word' id='word_1_1291' title='bbox 1235 3650 1257 3671; x_wconf 78' lang='lat'>4.</span> <span class='ocrx_word' id='word_1_1292' title='bbox 1272 3639 1335 3664; x_wconf 73' lang='lat' dir='ltr'>nist.</span> <span class='ocrx_word' id='word_1_1293' title='bbox 1352 3647 1391 3670; x_wconf 75' lang='grc' dir='ltr'>ις.</span> 
     </span>
     <span class='ocr_line' id='line_1_159' title="bbox 471 3671 1433 3714; baseline -0.019 -3"><span class='ocrx_word' id='word_1_1294' title='bbox 471 3687 481 3711; x_wconf 91' lang='grc'><strong>(</strong></span> <span class='ocrx_word' id='word_1_1295' title='bbox 496 3692 514 3714; x_wconf 77' lang='lat' dir='ltr'><em>y</em></span> <span class='ocrx_word' id='word_1_1296' title='bbox 531 3685 539 3712; x_wconf 91' lang='lat'>)</span> <span class='ocrx_word' id='word_1_1297' title='bbox 555 3685 638 3708; x_wconf 78' lang='lat' dir='ltr'>adnot.</span> <span class='ocrx_word' id='word_1_1298' title='bbox 653 3690 692 3708; x_wconf 74' lang='grc' dir='ltr'>υ..</span> <span class='ocrx_word' id='word_1_1299' title='bbox 709 3682 753 3708; x_wconf 70' lang='lat' dir='ltr'>cir.</span> <span class='ocrx_word' id='word_1_1300' title='bbox 814 3680 829 3709; x_wconf 88' lang='lat'>(</span> <span class='ocrx_word' id='word_1_1301' title='bbox 845 3686 863 3707; x_wconf 71' lang='grc' dir='ltr'>ζ</span> <span class='ocrx_word' id='word_1_1302' title='bbox 882 3682 888 3705; x_wconf 91' lang='grc'><strong>)</strong></span> <span class='ocrx_word' id='word_1_1303' title='bbox 905 3677 978 3706; x_wconf 75' lang='lat' dir='ltr'>Epist.</span> <span class='ocrx_word' id='word_1_1304' title='bbox 996 3684 1016 3705; x_wconf 86' lang='lat'>3-</span> <span class='ocrx_word' id='word_1_1305' title='bbox 1035 3682 1059 3698; x_wconf 93' lang='lat' dir='ltr'>n.</span> <span class='ocrx_word' id='word_1_1306' title='bbox 1076 3681 1099 3698; x_wconf 80' lang='lat'>2.</span> <span class='ocrx_word' id='word_1_1307' title='bbox 1159 3673 1168 3701; x_wconf 84' lang='lat'><strong><em>(</em></strong></span> <span class='ocrx_word' id='word_1_1308' title='bbox 1187 3681 1202 3696; x_wconf 83' lang='lat' dir='ltr'>a</span> <span class='ocrx_word' id='word_1_1309' title='bbox 1222 3675 1228 3700; x_wconf 68' lang='lat'><em>1</em></span> <span class='ocrx_word' id='word_1_1310' title='bbox 1243 3671 1302 3695; x_wconf 87' lang='lat' dir='ltr'>Obs.</span> <span class='ocrx_word' id='word_1_1311' title='bbox 1319 3672 1393 3694; x_wconf 77' lang='lat' dir='ltr'>Anat.</span> <span class='ocrx_word' id='word_1_1312' title='bbox 1410 3678 1433 3694; x_wconf 84' lang='lat'>2.</span> 
     </span>
     <span class='ocr_line' id='line_1_160' title="bbox 472 3700 1392 3744; baseline -0.017 -5"><span class='ocrx_word' id='word_1_1313' title='bbox 472 3715 489 3744; x_wconf 83' lang='lat'>(</span> <span class='ocrx_word' id='word_1_1314' title='bbox 501 3722 512 3739; x_wconf 79' lang='lat' dir='ltr'>e</span> <span class='ocrx_word' id='word_1_1315' title='bbox 526 3713 540 3740; x_wconf 67' lang='grc' dir='ltr'><strong><em>Ἰ</em></strong></span> <span class='ocrx_word' id='word_1_1316' title='bbox 552 3714 634 3738; x_wconf 78' lang='lat' dir='ltr'>exhib.</span> <span class='ocrx_word' id='word_1_1317' title='bbox 651 3712 710 3738; x_wconf 76' lang='grc' dir='ltr'>ΟΜ.</span> <span class='ocrx_word' id='word_1_1318' title='bbox 729 3712 793 3737; x_wconf 77' lang='lat' dir='ltr'>cirea</span> <span class='ocrx_word' id='word_1_1319' title='bbox 809 3707 915 3735; x_wconf 82' lang='lat' dir='ltr'>constit.</span> <span class='ocrx_word' id='word_1_1320' title='bbox 932 3707 1007 3735; x_wconf 71' lang='lat' dir='ltr'>Epiri.</span> <span class='ocrx_word' id='word_1_1321' title='bbox 1024 3708 1056 3730; x_wconf 75' lang='lat' dir='ltr'>A.</span> <span class='ocrx_word' id='word_1_1322' title='bbox 1078 3712 1145 3734; x_wconf 80' lang='lat'>¹750-</span> <span class='ocrx_word' id='word_1_1323' title='bbox 1161 3709 1212 3727; x_wconf 87' lang='lat' dir='ltr'>not.</span> <span class='ocrx_word' id='word_1_1324' title='bbox 1229 3702 1251 3726; x_wconf 86' lang='lat' dir='ltr'>b.</span> <span class='ocrx_word' id='word_1_1325' title='bbox 1268 3701 1297 3726; x_wconf 79' lang='lat' dir='ltr'>ad</span> <span class='ocrx_word' id='word_1_1326' title='bbox 1314 3700 1335 3729; x_wconf 56' lang='grc' dir='ltr'>ᾗ,</span> <span class='ocrx_word' id='word_1_1327' title='bbox 1360 3709 1392 3728; x_wconf 76' lang='lat'>¹9-</span> 
     </span>
     <span class='ocr_line' id='line_1_161' title="bbox 475 3744 1342 3806; baseline -0.018 -5"><span class='ocrx_word' id='word_1_1328' title='bbox 475 3744 546 3806; x_wconf 49' lang='lat'>(423)</span> <span class='ocrx_word' id='word_1_1329' title='bbox 562 3776 620 3799; x_wconf 79' lang='lat' dir='ltr'>Det·</span> <span class='ocrx_word' id='word_1_1330' title='bbox 638 3782 661 3803; x_wconf 85' lang='lat'>3.</span> <span class='ocrx_word' id='word_1_1331' title='bbox 679 3775 709 3798; x_wconf 77' lang='lat' dir='ltr'>A.</span> <span class='ocrx_word' id='word_1_1332' title='bbox 724 3781 746 3802; x_wconf 89' lang='lat'>7.</span> <span class='ocrx_word' id='word_1_1333' title='bbox 763 3773 786 3797; x_wconf 70' lang='grc' dir='ltr'><strong>ἃ</strong></span> <span class='ocrx_word' id='word_1_1334' title='bbox 802 3773 824 3796; x_wconf 86' lang='grc'>8.</span> <span class='ocrx_word' id='word_1_1335' title='bbox 842 3769 902 3795; x_wconf 80' lang='lat' dir='ltr'>obs.</span> <span class='ocrx_word' id='word_1_1336' title='bbox 919 3777 959 3799; x_wconf 62' lang='grc'>47.</span> <span class='ocrx_word' id='word_1_1337' title='bbox 1026 3774 1030 3795; x_wconf 49' lang='grc' dir='ltr'>χ</span> <span class='ocrx_word' id='word_1_1338' title='bbox 1051 3767 1064 3789; x_wconf 79' lang='lat' dir='ltr'><em>h</em></span> <span class='ocrx_word' id='word_1_1339' title='bbox 1083 3771 1091 3795; x_wconf 82' lang='lat'><em>)</em></span> <span class='ocrx_word' id='word_1_1340' title='bbox 1108 3765 1166 3790; x_wconf 73' lang='grc' dir='ltr'>ΟΜ.</span> <span class='ocrx_word' id='word_1_1341' title='bbox 1183 3772 1223 3793; x_wconf 73' lang='lat'>44.</span> <span class='ocrx_word' id='word_1_1342' title='bbox 1239 3763 1264 3787; x_wconf 88' lang='lat' dir='ltr'>in</span> <span class='ocrx_word' id='word_1_1343' title='bbox 1282 3762 1342 3786; x_wconf 81' lang='lat' dir='ltr'>fine.</span> 
     </span>
    </p>
   </div>
   <div class='ocr_carea' id='block_1_10' title="bbox 559 3730 1510 3773">
    <p class='ocr_par' dir='ltr' id='par_1_15' title="bbox 559 3730 1510 3773">
     <span class='ocr_line' id='line_1_162' title="bbox 559 3730 1510 3773; baseline -0.016 -5"><span class='ocrx_word' id='word_1_1344' title='bbox 559 3744 620 3772; x_wconf 71' lang='lat' dir='ltr'>Epir.</span> <span class='ocrx_word' id='word_1_1345' title='bbox 636 3746 693 3768; x_wconf 81' lang='lat' dir='ltr'>Dee.</span> <span class='ocrx_word' id='word_1_1346' title='bbox 710 3750 733 3773; x_wconf 84' lang='lat'>3.</span> <span class='ocrx_word' id='word_1_1347' title='bbox 750 3744 778 3766; x_wconf 81' lang='grc' dir='ltr'>Α.</span> <span class='ocrx_word' id='word_1_1348' title='bbox 799 3749 823 3769; x_wconf 87' lang='grc'>7.</span> <span class='ocrx_word' id='word_1_1349' title='bbox 842 3742 864 3764; x_wconf 72' lang='lat' dir='ltr'>Be</span> <span class='ocrx_word' id='word_1_1350' title='bbox 880 3741 903 3762; x_wconf 79' lang='lat'>8.</span> <span class='ocrx_word' id='word_1_1351' title='bbox 919 3738 977 3762; x_wconf 85' lang='lat' dir='ltr'>Obs.</span> <span class='ocrx_word' id='word_1_1352' title='bbox 997 3745 1033 3766; x_wconf 80' lang='lat'>97.</span> <span class='ocrx_word' id='word_1_1353' title='bbox 1050 3743 1105 3759; x_wconf 83' lang='lat' dir='ltr'>cum</span> <span class='ocrx_word' id='word_1_1354' title='bbox 1121 3734 1201 3759; x_wconf 73' lang='lat' dir='ltr'>schor.</span> <span class='ocrx_word' id='word_1_1355' title='bbox 1218 3734 1240 3756; x_wconf 68' lang='grc' dir='ltr'>ἃ</span> <span class='ocrx_word' id='word_1_1356' title='bbox 1257 3733 1327 3756; x_wconf 43' lang='lat' dir='ltr'>Cent—</span> <span class='ocrx_word' id='word_1_1357' title='bbox 1347 3739 1368 3759; x_wconf 77' lang='grc' dir='ltr'>ε).</span> <span class='ocrx_word' id='word_1_1358' title='bbox 1387 3730 1446 3754; x_wconf 77' lang='lat' dir='ltr'>Obs.</span> <span class='ocrx_word' id='word_1_1359' title='bbox 1472 3737 1510 3759; x_wconf 72' lang='lat'>5²-</span> 
     </span>
    </p>
   </div>
   <div class='ocr_carea' id='block_1_11' title="bbox 1451 3635 2267 3668">
    <p class='ocr_par' dir='ltr' id='par_1_16' title="bbox 1451 3635 2267 3668">
     <span class='ocr_line' id='line_1_163' title="bbox 1451 3635 2267 3668; baseline -0.005 -5"><span class='ocrx_word' id='word_1_1360' title='bbox 1451 3640 1490 3668; x_wconf 78' lang='lat' dir='ltr'>(t</span> <span class='ocrx_word' id='word_1_1361' title='bbox 1508 3638 1522 3667; x_wconf 88' lang='lat'>)</span> <span class='ocrx_word' id='word_1_1362' title='bbox 1538 3637 1599 3662; x_wconf 70' lang='lat' dir='ltr'>nist.</span> <span class='ocrx_word' id='word_1_1363' title='bbox 1616 3644 1654 3666; x_wconf 83' lang='lat'>3².</span> <span class='ocrx_word' id='word_1_1364' title='bbox 1716 3637 1760 3666; x_wconf 76' lang='lat' dir='ltr'>(u</span> <span class='ocrx_word' id='word_1_1365' title='bbox 1777 3637 1791 3665; x_wconf 86' lang='lat'><strong>)</strong></span> <span class='ocrx_word' id='word_1_1366' title='bbox 1809 3637 1869 3661; x_wconf 76' lang='lat' dir='ltr'>Hist.</span> <span class='ocrx_word' id='word_1_1367' title='bbox 1887 3637 1931 3661; x_wconf 85' lang='lat' dir='ltr'>cit.</span> <span class='ocrx_word' id='word_1_1368' title='bbox 1951 3644 1986 3666; x_wconf 72' lang='grc' dir='ltr'>ις.</span> <span class='ocrx_word' id='word_1_1369' title='bbox 2049 3637 2063 3665; x_wconf 93' lang='grc'>(</span> <span class='ocrx_word' id='word_1_1370' title='bbox 2080 3644 2095 3660; x_wconf 77' lang='lat' dir='ltr'><em>x</em></span> <span class='ocrx_word' id='word_1_1371' title='bbox 2110 3636 2125 3665; x_wconf 87' lang='lat'>)</span> <span class='ocrx_word' id='word_1_1372' title='bbox 2142 3644 2166 3663; x_wconf 78' lang='lat' dir='ltr'>n.</span> <span class='ocrx_word' id='word_1_1373' title='bbox 2185 3644 2207 3666; x_wconf 88' lang='lat'>3.</span> <span class='ocrx_word' id='word_1_1374' title='bbox 2226 3635 2267 3661; x_wconf 79' lang='lat' dir='ltr'>cit.</span> 
     </span>
    </p>
   </div>
   <div class='ocr_carea' id='block_1_12' title="bbox 1457 3667 2129 3728">
    <p class='ocr_par' dir='ltr' id='par_1_17' title="bbox 1457 3667 2129 3728">
     <span class='ocr_line' id='line_1_164' title="bbox 1496 3667 2064 3699; baseline -0.004 -6"><span class='ocrx_word' id='word_1_1375' title='bbox 1496 3670 1510 3699; x_wconf 89' lang='lat'>(</span> <span class='ocrx_word' id='word_1_1376' title='bbox 1526 3668 1540 3693; x_wconf 86' lang='lat' dir='ltr'><em>b</em></span> <span class='ocrx_word' id='word_1_1377' title='bbox 1556 3669 1567 3698; x_wconf 85' lang='grc'><strong><em>)</em></strong></span> <span class='ocrx_word' id='word_1_1378' title='bbox 1584 3670 1612 3692; x_wconf 92' lang='lat' dir='ltr'>In</span> <span class='ocrx_word' id='word_1_1379' title='bbox 1631 3667 1745 3696; x_wconf 76' lang='lat' dir='ltr'>Hippocr.</span> <span class='ocrx_word' id='word_1_1380' title='bbox 1763 3668 1792 3690; x_wconf 77' lang='lat' dir='ltr'>de</span> <span class='ocrx_word' id='word_1_1381' title='bbox 1809 3668 1939 3691; x_wconf 85' lang='lat' dir='ltr'>Humorib.</span> <span class='ocrx_word' id='word_1_1382' title='bbox 1958 3673 2009 3690; x_wconf 80' lang='lat' dir='ltr'>not.</span> <span class='ocrx_word' id='word_1_1383' title='bbox 2027 3673 2064 3691; x_wconf 73' lang='grc' dir='ltr'>ιι.</span> 
     </span>
     <span class='ocr_line' id='line_1_165' title="bbox 1457 3697 2129 3728; baseline -0.004 -6"><span class='ocrx_word' id='word_1_1384' title='bbox 1457 3700 1464 3726; x_wconf 84' lang='grc'>(</span> <span class='ocrx_word' id='word_1_1385' title='bbox 1482 3699 1523 3728; x_wconf 70' lang='lat' dir='ltr'>d)</span> <span class='ocrx_word' id='word_1_1386' title='bbox 1540 3698 1585 3724; x_wconf 79' lang='lat' dir='ltr'>fist.</span> <span class='ocrx_word' id='word_1_1387' title='bbox 1603 3698 1664 3722; x_wconf 78' lang='lat' dir='ltr'>uist.</span> <span class='ocrx_word' id='word_1_1388' title='bbox 1682 3697 1778 3726; x_wconf 77' lang='lat' dir='ltr'>morbi,</span> <span class='ocrx_word' id='word_1_1389' title='bbox 1797 3697 1818 3721; x_wconf 73' lang='grc'>8(</span> <span class='ocrx_word' id='word_1_1390' title='bbox 1835 3700 1942 3722; x_wconf 82' lang='lat' dir='ltr'>cadaver.</span> <span class='ocrx_word' id='word_1_1391' title='bbox 1961 3697 2047 3721; x_wconf 68' lang='lat' dir='ltr'>varini.</span> <span class='ocrx_word' id='word_1_1392' title='bbox 2067 3704 2087 3722; x_wconf 81' lang='lat' dir='ltr'>c.</span> <span class='ocrx_word' id='word_1_1393' title='bbox 2107 3704 2129 3722; x_wconf 83' lang='grc' dir='ltr'>ι.</span> 
     </span>
    </p>
   </div>
   <div class='ocr_carea' id='block_1_13' title="bbox 1571 3727 1998 3758">
    <p class='ocr_par' dir='ltr' id='par_1_18' title="bbox 1571 3727 1998 3758">
     <span class='ocr_line' id='line_1_166' title="bbox 1571 3727 1998 3758; baseline -0.007 -6"><span class='ocrx_word' id='word_1_1394' title='bbox 1571 3728 1610 3758; x_wconf 71' lang='lat' dir='ltr'>(j&#39;</span> <span class='ocrx_word' id='word_1_1395' title='bbox 1626 3730 1634 3758; x_wconf 88' lang='lat'><em>)</em></span> <span class='ocrx_word' id='word_1_1396' title='bbox 1649 3730 1723 3753; x_wconf 70' lang='lat' dir='ltr'>Tom-</span> <span class='ocrx_word' id='word_1_1397' title='bbox 1743 3735 1764 3752; x_wconf 63' lang='grc' dir='ltr'>ι.</span> <span class='ocrx_word' id='word_1_1398' title='bbox 1784 3730 1808 3751; x_wconf 89' lang='lat' dir='ltr'>P.</span> <span class='ocrx_word' id='word_1_1399' title='bbox 1829 3736 1848 3751; x_wconf 85' lang='grc' dir='ltr'>ι.</span> <span class='ocrx_word' id='word_1_1400' title='bbox 1867 3727 1926 3751; x_wconf 85' lang='lat' dir='ltr'>Obs.</span> <span class='ocrx_word' id='word_1_1401' title='bbox 1947 3734 1998 3754; x_wconf 81' lang='lat'>109.</span> 
     </span>
    </p>
   </div>
  </div>
 </body>
</html>
