2498 4075
476 252 627 320 Epist.
662 251 823 308 Anat.
857 250 1086 307 Medica*
1109 231 1227 305 Χῖ..
1255 248 1387 303 Art.
1406 263 1484 316 24.
1503 230 1558 304 ει
1577 260 1655 308 25.

55 328 226 374 fugatione
255 329 346 374 quali
369 332 507 375 quadarn
539 331 664 366 affectas
684 356 694 374 ‚
725 341 762 366 ut
794 331 925 367 difficile
957 329 1058 374 posses

54 374 225 408 exrendere
247 399 255 407 .
387 377 522 410 Ventris
555 376 676 408 viscera
707 374 763 409 has
796 376 883 410 labes
912 374 1056 409 ostende.

54 426 130 450 runt
153 441 162 449 .
196 416 409 452 Ventriculus
433 420 556 462 amplus
572 426 589 458 '‚·
620 421 768 460 quamvis
790 430 888 461 pauca
909 419 1059 452 contine·-

53 460 130 497 bat;
155 462 187 493 δε
208 459 272 494 fine
295 463 383 504 rugis
403 484 412 499 ‚
435 462 541 497 fuscus
563 461 652 494 intus
675 471 740 496 erat
764 462 817 496 hic
840 463 907 495 illic
931 460 969 495 ad
992 472 1061 494 ma-

53 514 135 545 gnos
159 504 282 537 tractus
308 516 323 538 a
348 505 456 540 medio
479 504 693 539 sinistrorsum
708 528 718 544 ‚
743 506 850 539 multo
862 513 970 539 autem
995 515 1061 537 ma-

53 548 104 595 gis
137 546 176 580 ad
199 546 398 582 stomachum
431 548 535 591 ipsum
556 572 566 587 ,
598 547 709 591 ibique
732 549 900 591 aliquanto
924 547 1063 590 profun-

52 587 124 622 dms
144 614 153 623 .
186 590 346 633 Jecinoris
381 600 451 624 tota
487 602 627 625 convexa
662 591 842 634 superficies
869 613 882 631 ‚
912 601 1013 633 parvo
1046 601 1062 622 a

53 632 176 666 dextris
198 632 303 676 spatio
336 634 374 668 ad
398 635 500 668 imum
524 643 661 676 excepto
686 660 693 674 ‚
715 634 851 668 firmiter
875 645 948 668 cum
972 633 1063 675 septo

53 675 235 710 transverso
269 677 482 712 cohaerebat:
517 678 550 710 in
576 677 699 710 summa
733 687 841 712 autem
863 689 901 710 ea
934 677 1064 719 superfi-

53 719 103 764 cie
136 729 202 753 erat
224 720 371 762 hepatica
405 720 577 755 substantia
610 720 766 763 hydatide
790 729 939 754 excavata
964 742 972 756 ,
1006 731 1064 754 cu-

41 772 106 804 jus
137 763 295 797 diameter
317 763 532 797 transversum
565 765 710 807 aequabat
742 764 887 807 digitum
912 789 919 796 .
954 763 1063 796 Lienis

56 814 164 839 autem
186 818 330 840 convexa
362 806 459 841 facie's
483 808 702 841 membranam
734 807 847 841 habuit
871 807 957 840 suam
980 818 1064 848 quo-

54 850 129 882 dam
159 850 232 888 loco
264 850 461 883 albicantem
486 875 494 891 ,
529 851 564 883 in
597 850 725 893 ejusque
757 851 916 884 albedinis
955 849 1062 883 medio

53 892 174 926 osseam
199 892 317 927 fastam
343 895 479 935 parvulo
503 893 606 936 spatio
624 917 636 925 .
663 895 742 926 Lien
766 893 834 937 ipse
857 894 961 927 laxi‘or
985 915 995 930 ,
1029 894 1060 924 δι

55 937 165 977 potius
199 936 402 970 craffitudine
424 960 433 974 ‚
465 948 563 979 quarn
587 936 792 978 longitudine
816 959 826 974 ‚
860 946 913 970 aut
946 936 1061 968 latitu-

53 979 129 1014 dine
153 1003 162 1018 ‚
195 990 289 1022 aequo
322 979 426 1021 major
451 1003 461 1018 ‚
493 992 567 1015 cum
599 990 706 1013 tamen
741 981 855 1013 arteria
888 975 1061 1021 Splenica,

53 1021 111 1054 ista
135 1023 236 1056 etiam
262 1023 403 1064 spectata
426 1023 630 1058 craffitudine
653 1046 663 1062 ‚
695 1024 791 1065 paulo
822 1033 922 1065 quam
946 1032 1063 1055 conve-

54 1067 142 1099 niret
159 1091 169 1106 ,
193 1067 290 1099 latior
314 1065 497 1100 videretur.
522 1067 666 1100 Mesaraei
689 1065 848 1109 glandulae
870 1067 905 1099 in
929 1065 1061 1099 homine

53 1108 88 1142 id
113 1111 218 1142 aetatis
242 1109 352 1151 paffim
375 1110 610 1149 occurrebant,
635 1111 809 1153 multaeque
831 1108 868 1142 ad
893 1106 972 1143 fabae
996 1118 1064 1140 ma-

53 1153 282 1194 gnitudinem:
305 1164 492 1196 quanquam
516 1152 579 1186 five
602 1162 767 1195 tangeres,
792 1151 856 1186 five
878 1174 888 1189 ‚
919 1150 1063 1186 disselftas

53 1197 156 1230 etiam
175 1219 188 1237 ,
219 1195 390 1239 inspiceres
412 1218 422 1233 ,
454 1197 569 1230 morbo
592 1208 700 1230 carere
727 1219 736 1234 ,
771 1207 837 1230 non
866 1195 1030 1230 dubitares
1054 1217 1061 1225 .

54 1239 115 1272 Sed
136 1250 249 1273 renum
290 1239 484 1282 magnitudo
506 1251 577 1282 quae
600 1262 609 1278 ‚
644 1240 790 1283 corporis
814 1240 1027 1282 proportione
1052 1261 1064 1277 ,

54 1283 165 1316 minor
188 1292 257 1317 erat
272 1308 281 1322 ,
307 1282 470 1325 magisque
494 1294 605 1316 eorum
630 1282 814 1325 superficies
837 1283 1000 1316 evidenter
1024 1281 1064 1314 ab

55 1338 94 1360 eo
116 1326 206 1368 quod
229 1327 336 1360 videre
358 1326 582 1360 consuevimus
596 1348 605 1363 ‚
627 1326 829 1369 discrepabat
848 1350 857 1360 .
882 1326 1064 1359 Posteriore

56 1370 144 1403 enim
169 1368 252 1404 facie
285 1381 376 1414 aeque
409 1379 498 1404 erant
530 1371 699 1407 convexi,
734 1379 831 1413 atque
868 1371 1029 1409 anteriore
1052 1390 1062 1405 ,

55 1422 193 1455 Utraque
217 1422 326 1447 autem
349 1414 522 1456 inaequali,
548 1412 671 1447 sinister
694 1413 870 1457 praesertim
893 1435 905 1452 ‚
934 1415 964 1446 δι
987 1422 1065 1453 qua-

54 1455 212 1498 dantenus
247 1456 397 1491 tuberosa
422 1482 430 1490 .
467 1456 673 1491 Accedebant
707 1458 741 1490 in
781 1455 909 1489 sinistro
940 1454 1065 1498 depres-

55 1499 157 1534 fiones
194 1502 342 1542 quaedam
376 1499 463 1543 quasi
496 1512 513 1533 a
535 1501 740 1534 cicatricibus
763 1525 771 1532 .
808 1500 986 1536 Uretesum
1009 1510 1065 1532 au-

55 1553 124 1576 tem
157 1543 285 1577 orificia
319 1545 406 1576 intra
448 1542 583 1578 vesicam
628 1543 852 1587 spectabantur
894 1543 1064 1585 aliquanto

55 1586 218 1629 ampliora
240 1608 252 1626 ,
288 1589 319 1620 ὃ(
352 1587 420 1630 ipsa
452 1586 550 1620 vesica
583 1588 670 1620 intus
706 1587 859 1621 subrubra
885 1608 895 1624 ‚
928 1588 958 1618 &
992 1585 1063 1619 san-

54 1629 190 1673 guiferis
212 1630 348 1663 vasculis
380 1629 490 1672 passim
523 1629 776 1664 discurrentibus
807 1631 854 1663 ita
886 1628 1031 1665 distinfflr
1053 1651 1067 1668 ,

55 1685 96 1708 ut
131 1673 154 1706 si
186 1674 220 1706 in
254 1684 290 1706 ea
323 1671 505 1707 coloratam
537 1684 646 1707 ceram
680 1672 892 1711 immisisie53
925 1674 1066 1707 exterius

54 1727 164 1751 autem
189 1716 478 1750 rubicundioribus
501 1728 599 1758 quam
622 1717 719 1750 soleat
740 1740 748 1756 ‚
777 1715 868 1751 fibris
891 1717 1041 1750 instru&a
1057 1739 1064 1748 .

103 1770 155 1802 24.
184 1760 214 1791 A
239 1758 275 1791 N
302 1759 316 1792 Ι
342 1760 372 1792 C
397 1760 429 1792 U
455 1761 483 1792 L
506 1761 537 1793 A
571 1760 690 1794 rustica
718 1786 727 1802 ,
762 1771 856 1803 parva
880 1781 890 1797 ,
928 1763 960 1793 ὃ(
984 1771 1066 1802 prae-

54 1813 106 1836 ter
148 1802 289 1848 modum·
315 1801 448 1845 strigosa
479 1826 493 1843 ,
539 1805 625 1837 intra
658 1803 792 1838 biduum
837 1814 874 1836 ex
908 1802 1066 1837 senectute

55 1846 123 1889 ipsa
146 1870 157 1887 ‚
188 1854 225 1880 ut
261 1846 387 1886 alebant
411 1867 427 1884 ‚-
458 1855 586 1889 mortua
609 1869 621 1887 ‚
662 1846 802 1889 spirandi
836 1856 945 1880 tamen
980 1846 1065 1880 diffi-

55 1891 179 1924 cultate
201 1911 214 1928 ,
245 1890 396 1932 quamvis
435 1888 501 1922 'sine
538 1890 624 1923 tuffis
646 1913 659 1930 ,
703 1893 734 1923 &
766 1889 935 1932 sputorum
967 1901 1065 1933 expe-

55 1934 240 1968 &oratione
263 1954 273 1969 ,
310 1932 547 1966 laboraverat:
581 1933 670 1976 quod
703 1932 825 1967 adnoto
850 1956 864 1974 ,
898 1942 934 1967 ut
968 1933 1068 1974 scias,

55 1987 126 2010 non
158 1977 251 2020 plara
283 1974 322 2009 de
353 1974 422 2017 ejus
455 1977 576 2011 morbis
609 1976 804 2011 sciscitando
834 1976 987 2019 cognosci
1011 1989 1070 2020 po-

57 2019 187 2057 tuisse3
221 2028 286 2051 non
319 2019 409 2062 quod
433 2020 494 2053 alia
526 2019 629 2054 ferme
661 2031 758 2063 quam
791 2021 913 2054 ventris
947 2019 1065 2054 viscera

58 2059 313 2110 examinaverim
338 2087 345 2096 .
379 2061 447 2096 Etfi
484 2064 572 2098 enim
602 2064 700 2106 hujus
730 2075 863 2107 quoque
896 2064 1030 2098 cadaver
1052 2088 1066 2105 ‚

57 2118 136 2141 cum
162 2108 348 2140 Anatomen
382 2106 531 2140 docerem
554 2108 594 2141 A.
632 2117 725 2150 1740.
750 2108 785 2140 in
819 2108 1003 2142 Theatrum
1026 2119 1066 2141 ex

57 2151 156 2185 Urbe
179 2152 396 2190 importatum
419 2149 461 2183 est
484 2163 495 2187 3
528 2158 635 2184 tamen
661 2152 716 2185 ubi
742 2150 781 2184 ad
805 2149 971 2184 thoracem
995 2162 1066 2191 per-

59 2196 135 2227 veni
159 2216 169 2232 ‚
207 2193 350 2229 melioris
371 2214 384 2232 ,
429 2202 485 2226 aut
517 2203 604 2228 certe
639 2194 776 2236 majoris
806 2195 953 2237 corporis
985 2193 1069 2227 fac'ta

58 2239 155 2281 copia
179 2236 285 2270 fuerat
309 2258 319 2273 ,
353 2237 387 2268 in
412 2246 478 2278 quo
500 2236 683 2271 dissecando
705 2239 854 2279 occupari
886 2236 1034 2278 praestitit
1058 2261 1067 2270 .

191 2282 222 2314 A
247 2280 274 2313 Β
296 2280 329 2311 D
353 2280 388 2311 O
413 2279 449 2311 M
473 2281 489 2312 Ι
515 2280 549 2314 Ν
574 2279 602 2314 Ε
626 2281 728 2322 igitur
751 2281 884 2314 aniculae
907 2280 1064 2318 diducto,

58 2326 133 2359 sana
168 2322 327 2365 reliqua,·
372 2321 439 2354 haec
476 2332 586 2357 autem
615 2323 785 2358 dumtaxat
825 2324 958 2357 inventa
990 2323 1064 2357 sunt

62 2377 180 2411 praeter
213 2375 361 2401 naturam
392 2363 420 2397 se
444 2364 595 2399 habentia
621 2390 628 2398 .
663 2368 783 2410 Magna
816 2368 931 2401 arteria
954 2379 970 2400 a
992 2367 1064 2400 dia-

59 2412 252 2454 phragmate
285 2409 325 2443 ad
358 2407 472 2442 Iliacas
507 2409 605 2452 usque
637 2421 748 2443 omnes
783 2419 854 2444 tota
884 2420 952 2443 erat
976 2411 1063 2444 intus

17 2491 24 2494 ,
56 2468 75 2489 a
114 2455 205 2489 flavis
236 2450 330 2486 osseis
364 2451 502 2485 lamellis
534 2454 701 2496 inaequalis
724 2478 734 2493 ,
765 2457 796 2487 δε
830 2452 916 2487 foeda
950 2462 1063 2495 praete-

52 2511 106 2532 tea
141 2500 181 2531 ab
213 2497 349 2531 humore
382 2495 586 2531 craffiusculo
611 2518 621 2533 ‚
665 2495 757 2531 fusco
779 2520 788 2536 ,
823 2499 854 2530 δε
888 2497 1060 2539 sanguino-

51 2544 141 2576 lento
162 2564 175 2582 ,
218 2540 277 2582 qui
309 2538 365 2573 hic
409 2538 480 2572 illic
513 2541 640 2573 intimae
676 2542 796 2576 tunicae
838 2539 1023 2575 adhaerebat
1045 2563 1059 2581 ‚

53 2598 94 2621 ex
115 2596 179 2628 qua
203 2594 258 2626 per
281 2582 426 2616 lamellas
447 2583 517 2617 illas
541 2582 600 2625 ipsi
624 2584 844 2626 circumjectas
876 2593 1027 2627 perrupta
1051 2608 1061 2624 ,

54 2633 87 2663 &
111 2628 295 2663 exulcerata
325 2624 570 2660 distillaverat.
596 2626 766 2669 Ejusmodi
789 2628 909 2661 vitium
934 2628 967 2660 in
992 2639 1064 2670 per-

54 2674 188 2707 brevem
211 2680 340 2713 quoque
362 2670 516 2704 Coeliacae
538 2678 690 2705 truncum
714 2673 744 2705 se
769 2682 947 2714 propagans
971 2692 980 2708 ‚
1003 2683 1065 2705 cae-

56 2718 140 2750 teris
171 2714 266 2757 hujus
288 2714 386 2747 ramis
410 2713 517 2748 illaesis
537 2737 550 2755 ‚
581 2713 734 2748 haetenus
758 2715 787 2750 se
820 2714 1004 2748 extenderat
1027 2716 1062 2747 in

60 2761 215 2794 arteriam·
246 2757 426 2800 Splenicam
451 2783 460 2798 ‚
502 2766 539 2791 ut
572 2769 647 2792 cum
680 2769 750 2791 tota
793 2756 878 2800 justo
911 2756 985 2791 esset
1016 2758 1063 2791 la-

58 2804 127 2838 tior
148 2826 158 2842 ,
193 2805 223 2836 &
246 2801 450 2844 crassioribus
473 2802 593 2835 tunicis
616 2824 626 2839 ‚
659 2805 691 2835 &
715 2801 853 2836 flexibus
886 2800 1064 2844 praesertim

60 2856 115 2881 tot
138 2868 148 2883 ‚
180 2857 215 2879 ac
239 2846 336 2877 tantis
358 2869 371 2886 ,
393 2854 430 2879 ut
453 2844 557 2888 plures
580 2867 590 2883 ,
625 2845 824 2889 majoresque
846 2847 879 2878 in
903 2857 938 2878 ea
963 2843 1064 2878 vidis—

58 2891 93 2924 se
125 2901 190 2923 non
215 2889 416 2923 meminerim
439 2912 451 2929 ,
482 2889 619 2931 ideoque
652 2890 759 2930 primo
790 2888 915 2931 aspectu
938 2900 972 2921 aa
1005 2886 1065 2920 esse

58 2945 134 2976 quae
156 2942 223 2966 erat
246 2955 254 2970 ‚
288 2943 353 2965 non
378 2932 543 2966 videretur
566 2953 576 2968 ‚
613 2932 687 2966 esset
711 2940 863 2975 praeterea
898 2931 936 2965 ad
962 2930 1063 2980 flexus

59 2977 200 3019 majores
222 2975 300 3010 dura
316 3000 325 3015 ,
349 2986 407 3010 nee
429 2975 493 3010 fine
514 2974 578 3009 offe
599 3001 607 3010 .
641 2976 721 3008 Lien
744 2985 851 3009 autem
875 2986 969 3017 quem
994 2974 1065 3007 adi-

61 3023 142 3060 bat,
166 3019 280 3057 sanus,
303 3021 334 3052 &
357 3030 471 3062 parvus
492 3018 624 3063 quidem
639 3044 649 3060 ‚
673 3018 723 3053 sed
745 3018 884 3061 jecinori
909 3041 919 3056 ‚
952 3029 986 3051 ac
1012 3019 1062 3050 vi-

60 3063 349 3100 sceribus'caeteris
365 3085 375 3100 ‚
409 3071 504 3104 atque
530 3063 609 3097 adeo
633 3064 696 3096 toti
718 3063 847 3105 corpori
870 3061 1062 3104 respondens

61 3107 278 3152 proportione
301 3129 308 3137 .
344 3106 390 3139 At
421 3106 536 3140 duetus
569 3106 725 3149 Hepatici
757 3116 887 3138 truncus
922 3105 1062 3145 amplior

60 3161 160 3194 quam
185 3150 305 3183 soleat.
331 3149 458 3182 Contra
481 3158 610 3189 uterus,
632 3150 773 3192 quemin
798 3150 881 3182 latus
903 3149 1060 3183 sinistrum

61 3194 246 3229 invenimus
269 3191 362 3226 valde
383 3192 596 3231 inclinatum,
621 3204 702 3227 cavo
725 3201 790 3226 erat
814 3191 894 3225 adeo
906 3194 1060 3233 angusto,

60 3235 99 3273 ist
124 3247 189 3271 non
211 3236 306 3275 facile
331 3237 364 3268 in
387 3235 496 3268 adulta
520 3235 659 3271 viderim
682 3236 895 3279 angustiorem
914 3245 928 3274 ;
959 3238 989 3268 δέ
1011 3244 1061 3268 ta..

62 3293 139 3316 men
160 3282 276 3322 vagina
299 3288 367 3313 erat
393 3287 458 3311 non
481 3279 618 3321 exigua,
643 3283 674 3313 δε
698 3281 789 3322 supra
813 3279 929 3322 pubem
945 3279 1059 3320 rugosa

62 3326 147 3359 cutis
171 3324 340 3365 mulierem
364 3320 512 3364 peperisse
534 3344 543 3359 ‚
575 3324 795 3357 indicaverat.
931 3322 1061 3355 Renum

62 3379 197 3411 uterque
230 3365 395 3410 superficie
420 3365 570 3408 inaequali
607 3378 704 3409 prope
729 3376 764 3400 ut
787 3366 820 3398 in
843 3363 949 3403 foetu,
976 3366 1061 3407 pelvi

61 3420 169 3448 autem
192 3420 257 3443 non
282 3408 379 3442 modo
400 3430 412 3447 ‚
442 3409 475 3441 &
496 3409 620 3444 duobus
643 3411 676 3443 in
710 3409 792 3443 hanc
822 3409 1061 3443 confluentibus

59 3453 239 3498 majoribus
261 3452 371 3491 tubis,
395 3451 445 3485 sed
468 3454 501 3485 &
525 3453 669 3494 pluribus
699 3465 738 3487 ex
761 3452 940 3487 minoribus
963 3474 974 3490 ‚
1005 3453 1061 3494 qui

59 3499 181 3534 horum
205 3497 396 3531 alterutrum
418 3494 535 3529 adeunt
556 3515 565 3533 ,
596 3502 686 3529 extra
709 3507 796 3530 renes
828 3495 1024 3529 exstantibus
1047 3520 1055 3530 .

62 3544 147 3579 Quae
171 3540 302 3579 omnia,
324 3547 360 3572 ut
385 3547 523 3572 ureteres
560 3550 685 3581 noque,
712 3541 879 3582 aliquanto
902 3542 993 3572 erant
1006 3538 1058 3580 ju-

60 3586 107 3619 sto
131 3585 269 3623 latiora,
291 3597 306 3616 a
331 3582 450 3616 dextris
475 3593 538 3625 prae
554 3583 650 3615 ertim
668 3607 677 3616 .
718 3584 791 3616 Ren
815 3592 921 3617 autem
945 3582 1056 3615 dexter

60 3627 166 3663 multo
188 3628 296 3661 minor
320 3624 462 3662 sinistro,
486 3627 517 3657 ὃς
538 3627 686 3668 quamvis
708 3626 823 3659 intime
833 3625 940 3668 quoad
952 3625 1057 3666 visus,

146 3672 312 3714 Morgagnz'
322 3671 357 3702 de
367 3669 434 3702 Sed.
451 3672 492 3705 (9-
502 3668 704 3710 Cau1.Morb.
718 3671 817 3703 Tom.
835 3670 882 3703 II.

1108 328 1274 372 tactusque
1306 326 1449 370 judicare
1471 334 1621 370 poterant
1641 346 1653 362 ‚
1684 333 1749 358 non
1771 320 1937 357 morbosus
1957 334 1967 360 3
1999 332 2108 357 tamen

1108 372 1256 408 diffenvs
1278 372 1359 405 male
1382 372 1492 405 olebat
1517 393 1525 401 .
1560 368 1620 403 Sed
1643 371 1674 401 &
1698 367 1833 401 ureteris
1866 366 1992 400 dexteri
2015 366 2107 399 orifi-

1108 419 1196 451 cium
1219 417 1326 449 multo
1349 415 1486 455 amplius
1517 423 1615 455 quam
1640 411 1717 444 solet
1741 435 1750 451 ‚
1785 412 1817 443 δε
1840 420 1938 452 quam
1973 408 2049 458 esset
2072 407 2114 442 fi-

1109 459 1270 498 nistrum‚
1294 458 1328 490 in
1353 457 1453 491 velica
1477 456 1611 494 hiabat;
1633 464 1669 488 ut
1694 453 1734 487 ab
1755 453 1887 487 dextera
1910 463 2013 495 magis
2037 462 2114 493 par-

1110 513 1142 538 te
1165 514 1205 535 ex
1226 502 1328 536 urinae
1351 501 1442 533 vitiis
1465 497 1618 533 laborasse
1643 498 1758 534 mulier
1780 495 1946 537 videretur
1969 519 1976 528 .
2015 495 2114 528 Tunc

1110 546 1211 581 etiam
1234 544 1435 578 intellectum
1459 542 1502 576 est
1527 564 1536 579 ‚
1571 552 1629 575 cur
1653 541 1754 574 vesica
1787 539 1868 573 bene
1889 537 2028 573 distendi
2051 538 2116 570 im-

1113 588 1206 624 misso
1229 600 1285 631 per
1316 585 1477 621 urethram
1502 596 1569 618 aere
1603 594 1667 618 non
1690 580 1844 626 potuisset
1868 607 1879 623 ,
1911 584 2032 626 quippe
2053 580 2118 614 hu-

1113 633 1162 677 jus
1197 641 1286 674 parte
1308 641 1364 672 per
1395 629 1529 671 amplius
1552 626 1633 661 illud
1665 626 1833 660 orificium
1855 626 1889 658 in
1923 634 2081 671 ureterem
2103 646 2116 663 ,

1115 677 1299 719 pelvimque
1324 671 1426 715 ipsam
1451 674 1559 708 renis,
1581 680 1617 705 ut
1641 669 1878 712 perspeximus,
1901 667 2081 702 divertente
2106 689 2119 706 ‚

1114 722 1145 754 &
1167 730 1230 761 qua
1255 717 1356 760 pelvis
1377 715 1478 749 incisa
1500 714 1608 748 fuerat
1629 736 1643 753 ,
1663 718 1820 746 exeunte.
1951 714 2117 753 Caeterum

1114 762 1223 796 veficae
1246 762 1362 794 intima
1395 758 1493 793 facies
1516 769 1595 800 pene
1627 765 1697 789 tota
1722 755 1857 788 vasculis
1892 753 2080 796 sanguiferis
2105 776 2118 793 ,

1114 816 1289 847 eorumque
1321 805 1453 838 ramulis
1476 801 1642 839 tumidis,
1674 802 1703 832 &
1735 796 1970 845 nigricantibus
2005 796 2119 830 distin-

1113 850 1293 892 guebatur3
1317 848 1396 892 quin
1424 855 1496 881 tota
1517 843 1585 889 ipsa
1609 841 1720 878 vesicae
1743 842 1857 877 inhma
1869 851 1942 885 pars
1967 841 2054 874 intus
2065 840 2121 873 ni-

1113 892 1278 925 oricabat.

1111 920 1132 935 Ὀ
1154 944 1205 977 25.
1228 935 1304 967 Huc
1330 932 1422 967 addas
1446 931 1545 965 velim
1567 941 1666 974 quam
1690 930 1753 963 tibi
1778 930 1856 963 alias
1879 932 1890 968 (
1914 939 1932 970 q
1956 930 1966 966 )
2000 924 2124 963 descriq‘

1112 978 1156 1021 psi
1181 980 1214 1012 in
1239 977 1425 1011 Stabulario
1447 975 1741 1010 Observationem.
1767 974 1857 1007 Hinc
1882 973 1968 1006 enirn
1993 970 2122 1005 videbis

1112 1033 1185 1064 quae
1219 1021 1327 1053 veiicae
1352 1046 1362 1062 ,
1393 1023 1425 1053 &
1457 1022 1621 1053 ureterum
1656 1018 1737 1050 vitia
1770 1016 1891 1051 fuerint
1913 1038 1924 1055 ‚
1957 1015 2032 1048 inde
2066 1024 2124 1046 ve-

1113 1075 1151 1097 ro
1175 1073 1210 1099 ut
1235 1074 1348 1097 renum
1371 1063 1541 1105 inaequalis
1563 1060 1640 1094 esset
1664 1059 1844 1103 superficies
1868 1084 1875 1091 .
1900 1058 1974 1092 Nec
1997 1056 2122 1094 refert3

1114 1108 1181 1141 imo
1205 1105 1342 1139 fortaffis
1375 1105 1464 1147 juvat
1488 1105 1595 1148 potius
1629 1103 1828 1145 propositum
1852 1102 1914 1136 hoc
1944 1102 2089 1136 nostrum
2114 1124 2125 1140 ‚

1113 1149 1203 1194 quod
1236 1158 1324 1184 certa
1356 1149 1507 1192 quaedam
1539 1156 1692 1189 praeterea
1728 1147 1810 1180 vitia
1843 1147 1884 1178 iis
1923 1145 1957 1178 in
1993 1145 2126 1179 renibus

1115 1193 1396 1232 animadverterim
1419 1217 1428 1226 .
1461 1192 1580 1233 Neque
1613 1191 1700 1223 enim
1725 1189 1778 1223 hic
1810 1188 2019 1231 quaerendum
2052 1199 2127 1221 cre-

1113 1238 1158 1270 do
1183 1260 1194 1276 ,
1226 1247 1304 1270 num
1329 1236 1435 1270 solum
1456 1233 1617 1276 ejusmodi
1651 1233 1830 1274 superficiei
1854 1232 1975 1265 vitium
2009 1231 2125 1273 gravia.

1114 1281 1171 1314 illa
1196 1280 1341 1314 attulerit
1366 1279 1450 1313 mala
1471 1278 1510 1311 de
1532 1277 1652 1319 quibus
1675 1278 1716 1310 ab
1750 1274 1920 1319 Ruyschio
1945 1274 1995 1318 (r
2016 1278 2032 1313 )
2055 1283 2128 1307 tra-

1116 1325 1223 1358 ditum
1261 1323 1302 1358 est
1325 1348 1331 1355 .
1364 1322 1541 1357 Crederem
1564 1318 1694 1354 fortasse
1715 1340 1725 1358 ‚
1762 1319 1785 1353 fi
1807 1318 1899 1362 quod
1934 1318 2127 1354 autumabat

1118 1368 1277 1402 Riolanus
1300 1366 1405 1410 (s),
1428 1366 1540 1400 liceret
1551 1364 1716 1411 accipere,
1743 1374 1781 1396 ex
1804 1362 2028 1405 inaequaliilla
2053 1371 2130 1404 quae.

1116 1411 1301 1445 infantibus
1324 1411 1368 1444 est
1395 1435 1404 1450 ,
1436 1420 1548 1443 renum
1571 1406 1688 1441 faciem
1714 1406 1783 1448 post
1808 1407 2006 1448 septennium
2032 1430 2041 1446 ,
2077 1404 2129 1437 vel

1116 1466 1217 1497 ocyus
1240 1455 1398 1496 aequalem
1422 1453 1492 1487 fieri
1518 1453 1594 1495 quia
1620 1463 1667 1484 ex¹
1683 1449 1859 1491 aspersione
1883 1449 2131 1492 sanguiniscar-

1116 1498 1213 1534 nosus
1236 1507 1349 1531 cortex
1380 1495 1639 1538 circumjiciatur
1661 1509 1671 1532 ⁵
1702 1494 1882 1528 sublividus
1905 1515 1915 1531 ,
1952 1494 2132 1526 minimum

1114 1543 1261 1586 digitum
1283 1539 1400 1575 crassus
1425 1563 1435 1579 ,
1466 1539 1684 1582 complestens
1708 1549 1742 1570 ea
1769 1537 1882 1569 tubera
1907 1536 2069 1579 quaesola
2094 1536 2131 1567 in

1118 1587 1226 1630 puello
1250 1586 1334 1619 renis
1357 1584 1567 1618 substantiam
1592 1581 1735 1614 faciant.
1759 1580 1851 1614 Nam
1875 1582 1908 1612 in
1934 1578 2019 1613 foetu
2043 1590 2132 1622 quo-

1117 1643 1180 1673 que
1204 1632 1231 1664 is
1255 1630 1465 1674 proportione
1488 1635 1603 1660 cortex
1625 1624 1689 1665 est,
1714 1633 1893 1667 renumque
1917 1621 1998 1656 facit
2023 1622 2134 1666 super-

1119 1675 1246 1711 ficiem,
1271 1673 1446 1717 omnesque
1479 1679 1630 1713 praeterea
1655 1667 1843 1702 adultorum
1875 1677 1964 1701 renes
1987 1678 2132 1710 quorum

1119 1718 1193 1751 esset
1227 1717 1326 1751 facies
1350 1715 1501 1754 tuberosa
1521 1738 1531 1754 ‚
1554 1713 1647 1755 parvi
1672 1710 1780 1745 forent
1796 1737 1805 1752 ‚
1829 1710 1918 1753 quod
1944 1721 2046 1753 neque
2069 1721 2137 1752 egQ

1119 1761 1240 1804 semper
1264 1760 1332 1794 vidi
1356 1783 1366 1799 ‚
1388 1764 1420 1794 δι
1442 1757 1608 1801 Ruyschii
1632 1756 1693 1790 illa
1711 1754 1834 1797 respuit
1858 1754 2035 1788 delineatio
2060 1765 2133 1797 quae

1122 1804 1214 1848 supra
1236 1807 1250 1844 (
1272 1807 1321 1843 t)
1345 1804 1485 1838 indicata
1510 1803 1554 1837 est
1576 1828 1583 1836 .
1607 1801 1682 1835 Nec
1706 1798 1845 1834 viciffim
1870 1806 1977 1832 tamen
1992 1797 2056 1832 <hic
2081 1809 2133 1831 re-

1120 1860 1175 1882 nes
1199 1860 1215 1881 a
1238 1848 1332 1881 nobis
1355 1847 1494 1890 ponendi
1520 1846 1682 1880 suntmale
1706 1844 1786 1878 adeo
1799 1840 1932 1881 affeffi,
1954 1851 1989 1876 ut
2013 1843 2046 1875 in
2058 1842 2132 1884 qui,

1119 1891 1253 1926 busdam
1280 1890 1441 1925 Eustachii
1466 1895 1476 1930 (
1499 1889 1577 1933 u),
1601 1892 1632 1922 δι
1656 1890 1771 1923 Littrii
1795 1886 1891 1934 (x)
1913 1886 2132 1920 Observatio=

1120 1936 1235 1972 nibus,
1260 1936 1296 1968 in-
1318 1935 1438 1978 quibus
1463 1945 1527 1967 non
1554 1932 1653 1967 modo
1677 1944 1732 1966 ren
1756 1942 1822 1966 erat
1847 1931 2027 1965 tuberculis
2039 1939 2133 1964 exte-

1120 1981 1186 2014 rius
1211 1978 1342 2021 plenus,
1367 1978 1418 2012 sed
1439 1980 1470 2011 «Sc
1495 1976 1672 2012 substantia
1685 1978 1827 2011 maxime
1849 1976 2025 2010 imminuta
2040 1999 2050 2016 ,
2074 1983 2134 2009 aut

1117 2022 1245 2066 prorsus
1268 2021 1459 2066 consumpta
1482 2044 1490 2059 ,
1512 2022 1587 2056 loco
1610 2021 1677 2063 ejus
1700 2033 1717 2055 a
1741 2019 1890 2055 sabulosa
1914 2020 2048 2055 materia
2072 2030 2133 2062 θεῖ

1116 2075 1258 2109 cupam,
1285 2066 1371 2108 pelvi
1396 2074 1502 2100 autem
1525 2065 1704 2099 innumeris
1726 2065 1846 2107 lapillis
1871 2091 1881 2107 ,
1915 2075 1971 2102 aut
1995 2066 2133 2103 materia

1119 2110 1175 2144 illa
1202 2108 1342 2147 referto,
1363 2112 1394 2143 &
1418 2110 1552 2144 ureteris
1575 2110 1714 2151 denique
1753 2109 1851 2143 initio
1885 2122 1943 2153 per
1965 2112 2134 2147 calculum

1120 2165 1185 2187 non
1210 2154 1335 2195 exiguae
1360 2152 1596 2196 magnitudinis
1619 2151 1747 2196 prorsus
1771 2152 1963 2188 obstmCffi.
1989 2157 2077 2191 Nam
2102 2158 2128 2191 fi

1120 2199 1155 2230 in
1180 2196 1300 2231 horum
1322 2197 1480 2231 alterutro
1501 2196 1631 2231 casuum
1656 2194 1720 2239 jam
1745 2208 1779 2231 ea
1803 2199 2018 2240 praeceffiffent
2055 2212 2129 2243 qua:

1120 2240 1308 2283 Ruyschius
1331 2240 1482 2283 scripfit;
1506 2243 1540 2275 in
1564 2249 1680 2274 neutro
1704 2243 1790 2276 enim
1812 2250 1880 2275 erat
1903 2264 1913 2280 ‚
1945 2244 2032 2285 quod
2058 2256 2132 2286 per..r

1120 2285 1243 2318 mirum
1265 2282 1357 2325 fuit,
1380 2285 1540 2331 postremo
1565 2293 1637 2319 ante
1660 2284 1792 2320 obitum
1819 2294 1965 2329 tempore
1989 2288 2128 2331 illorum·

1114 2326 1462 2370 quidquam5¹nemini
1485 2338 1571 2362 certe
1593 2327 1728 2363 obscura
1752 2328 1860 2364 fuisset
1883 2330 1973 2364 causa
1998 2343 2055 2366 cur
2079 2344 2130 2367 ac-

1113 2370 1261 2404 cidiffent
1276 2393 1285 2408 ‚
1309 2381 1345 2405 ut
1367 2381 1481 2406 contra
1505 2373 1550 2405 est
1572 2373 1604 2405 in
1631 2373 2127 2416 RuyschiiObservationibus.

1114 2414 1217 2464 Nunc
1242 2411 1262 2447 fi
1289 2424 1403 2460 praeter
1427 2417 1588 2450 exteriora
1611 2417 1723 2452 tubera
1751 2418 1872 2461 aliquid
1898 2428 1952 2453 aut
1976 2420 2045 2458 ibi,
2071 2430 2127 2456 aut

1112 2468 1202 2491 intus
1226 2468 1323 2500 ponas
1344 2481 1353 2496 ‚
1386 2459 1475 2501 quod
1500 2461 1655 2494 attentius
1678 2460 1885 2503 inspectando
1909 2463 2127 2498 observando-

1114 2512 1177 2543 que
1202 2502 1301 2534 liceat
1324 2502 1602 2541 animadvertere,
1628 2513 1663 2537 ut
1687 2504 1720 2536 in
1745 2504 1858 2541 nostris
1881 2504 1947 2540 fere
1969 2508 2126 2542 omnibus

1111 2543 1278 2592 historiis,
1303 2545 1385 2579 unde
1397 2557 1468 2587 quae
1494 2546 1682 2589 praecesserit
1695 2547 1931 2591 inaequalitatis
1948 2551 2036 2585 causa
2047 2562 2127 2585 eon-

1114 2589 1173 2631 Jici
1197 2587 1313 2638 poliit,
1336 2591 1368 2638 ᾃε
1387 2587 1454 2623 haec
1478 2589 1547 2632 ejus
1569 2593 1696 2633 generis
1711 2616 1719 2631 ‚
1744 2601 1780 2626 ut
1803 2592 1930 2628 dolores
1953 2598 2126 2638 quoque&

1116 2631 1280 2681 sanguinis
1303 2633 1437 2666 muitum
1462 2633 1572 2667 afferre
1596 2634 1759 2672 valuerit3
1794 2635 2126 2672 indicatum-{sortasse

1117 2675 1285 2709 videbitur
1307 2676 1477 2718 quidpiam
1499 2678 1588 2720 quod
1613 2690 1630 2711 a
1655 2679 1721 2712 veri
1744 2678 1954 2715 similitudine
1978 2694 2042 2722 non
2067 2683 2122 2716 ab-

1115 2716 1246 2756 horreat
1269 2742 1276 2750 .
1310 2721 1369 2753 Fac
1394 2721 1497 2763 igitur
1521 2746 1529 2761 ,
1566 2722 1669 2764 plures
1691 2722 1832 2762 extitisse
1867 2735 1956 2758 antea
1982 2727 2014 2758 in
2039 2728 2124 2760 renis

1117 2760 1281 2804 superficie
1304 2774 1344 2795 ex
1367 2763 1433 2797 illis
1454 2765 1560 2798 caveis
1583 2766 1652 2799 sero
1676 2766 1777 2808 plenis
1800 2778 1878 2809 quas
1901 2769 1973 2802 aliis
1985 2770 2124 2803 Litteris

1116 2807 1169 2847 (y
1190 2808 1204 2843 )
1227 2804 1328 2840 fufius
1352 2810 1552 2848 memoravi,
1576 2811 1607 2840 &
1629 2819 1767 2850 quarum
1792 2821 1854 2843 una
1876 2812 2046 2846 etiamtum
2072 2813 2124 2848 su-

1117 2858 1240 2890 pererat
1264 2849 1297 2881 in
1325 2851 1527 2885 Stabulario.
1556 2853 1617 2883 Pro
1641 2851 1699 2884 seri
1722 2853 1810 2885 illius
1832 2855 1956 2888 acriore
1977 2856 2124 2899 aliquan-

1118 2891 1162 2938 do
1187 2902 1300 2926 natura
1323 2897 1353 2926 δε
1378 2894 1478 2926 lacessi
1492 2906 1546 2927 ren
1573 2895 1703 2936 potuit,
1726 2898 1823 2929 &vas
1847 2897 1981 2939 aliquod
1994 2899 2123 2942 sangui-

1117 2937 1223 2969 serum
1235 2936 1325 2969 erodi
1340 2961 1348 2975 ‚
1370 2937 1453 2970 unde
1467 2936 1656 2979 sanguineus
1678 2939 1814 2980 mistus,
1837 2943 1866 2973 &
1887 2941 2003 2984 dolor,
2024 2955 2121 2987 quem

1117 2990 1134 3011 a
1156 2979 1215 3012 seri
1239 2990 1370 3021 quoque
1383 2983 1477 3022 copia
1501 2991 1571 3013 tum
1593 2981 1815 3023 distendente,
1839 2993 1909 3018 tum
1924 2988 2022 3020 etiam
2046 2999 2121 3030 gra-

1113 3031 1206 3055 vante
1229 3025 1337 3064 augeri
1361 3025 1553 3066 contigerit.
1581 3025 1656 3057 Sero
1678 3035 1784 3059 autem
1807 3026 1866 3060 illo
1877 3028 2049 3072 diffipam,
2073 3033 2121 3065 cf-

1113 3063 1285 3099 catricosas
1319 3068 1458 3100 maculas
1476 3090 1486 3106 ,
1518 3070 1548 3100 δι
1570 3067 1779 3110 depressiones
1814 3071 1954 3116 relinqui
1977 3074 2119 3109 ostendi-

1112 3120 1203 3158 ῐιίιις2
1230 3108 1342 3151 easque
1366 3111 1399 3142 in
1423 3110 1532 3152 aliqua
1557 3112 1654 3144 etiarn
1690 3123 1729 3144 ex
1754 3115 1853 3148 modo
1878 3117 2041 3158 productis
2064 3117 2119 3152 hi-

1111 3152 1252 3192 storiis(
1279 3164 1302 3195 z
1326 3156 1336 3190 )
1360 3164 1424 3185 non
1457 3154 1594 3188 omnino
1617 3154 1766 3190 obscuras
1789 3169 1797 3189 :
1831 3170 1909 3199 quas
1931 3161 2018 3194 inter
2050 3174 2119 3195 cre-

1111 3195 1185 3229 bras
1207 3196 1413 3237 depreffiones
1438 3197 1491 3230 hic
1515 3197 1583 3232 illic
1607 3200 1790 3240 prominens
1813 3201 1908 3234 illaesa
1940 3204 2023 3236 renis
2046 3205 2120 3239 sub-⁸

1111 3238 1228 3272 stantia
1253 3240 1442 3280 inaequalem
1467 3238 1562 3274 saciet
1588 3241 2024 3284 superficiem‚<&tuberum
2049 3243 2119 3291 spess

1113 3283 1196 3331 ciem
1220 3284 1479 3323 repraesentabit.
1506 3283 1625 3328 Itaque
1649 3285 1745 3319 habes
1768 3288 1846 3329 quid
1872 3288 1953 3322 mihi
1989 3294 2114 3326 venerit

1113 3336 1148 3358 in
1174 3334 1311 3358 mentem
1336 3337 1367 3359 re
1389 3328 1422 3359 in
1446 3328 1579 3361 obscura
1602 3330 1634 3360 δε
1659 3329 1862 3370 perdifficili.
1888 3331 1989 3373 Qod
2004 3344 2115 3369 exem-

1113 3369 1158 3411 pli
1184 3368 1353 3401 dumtaxat
1366 3369 1484 3411 causa,
1506 3374 1536 3404 δι
1561 3381 1592 3405 te
1618 3371 1655 3405 ad
1668 3373 1804 3407 meliora
1828 3376 2011 3414 excitandi,
2036 3390 2113 3421 pro-

1112 3409 1253 3453 positum
1275 3413 1400 3446 credito
1422 3424 1432 3451 3
1466 3425 1567 3456 neque
1588 3416 1674 3447 enim
1698 3414 1780 3449 mihi
1805 3416 1879 3451 satis
1903 3420 2008 3461 placet
2039 3432 2114 3456 curn

1111 3455 1155 3504 ob
1178 3457 1239 3504 alia
1255 3481 1264 3495 ‚
1288 3466 1357 3489 tum
1384 3456 1556 3498 praesertim
1570 3458 1657 3498 quod
1682 3470 1814 3498 vereor,
1838 3471 1876 3494 ne
1890 3463 1951 3495 alia
1973 3464 2117 3507 inaequa..

1110 3497 1186 3531 litas
1197 3498 1250 3531 illa
1276 3499 1374 3532 fuerit
1386 3510 1484 3541 quam
1496 3499 1681 3543 Ruyschius
1694 3502 1775 3536 vidit
1790 3527 1799 3542 ‚
1823 3515 1858 3537 ac
1870 3516 1942 3547 quae
1961 3519 1977 3539 a
1991 3518 2041 3541 me
2061 3510 2114 3540 vi-

1108 3540 1225 3581 sa‚&‚
1238 3552 1273 3575 ut
1288 3543 1393 3583 potui,
1406 3543 1560 3585 explicata
1576 3546 1637 3577 est.
1770 3546 1872 3581 Nunc
1882 3550 2012 3590 quando
2033 3552 2112 3586 lum.

1109 3584 1226 3617 borum
1248 3586 1369 3619 doloris
1390 3586 1560 3619 causamin
1573 3589 1722 3627 renibus,
1743 3590 1885 3631 primum
1904 3602 1940 3625 ut
1961 3595 2110 3635 calculo,

1108 3627 1221 3663 deinde
1233 3637 1268 3663 ut
1279 3629 1369 3662 aliter
1384 3628 1504 3664 affeffis
1515 3651 1526 3668 ‚
1538 3630 1819 3672 consideravimus,
1833 3646 1888 3678 age
1900 3636 1933 3669 in
1946 3637 2019 3671 aliis
2028 3649 2112 3680 quo-

1630 3674 1664 3708 T
2008 3689 2070 3724 que

65 3759 2111 3782 Q

207 3819 282 3847 Epist,
299 3827 321 3847 4.
339 3826 363 3842 n.
381 3825 419 3847 ¹9.

183 3822 192 3850 l
478 3819 515 3848 (r
530 3818 544 3846 )
561 3818 641 3848 supra,
660 3826 684 3842 n.
705 3825 741 3847 19.

182 3851 196 3880 )
211 3852 247 3876 De
269 3852 333 3875 Ren.
349 3856 371 3875 c.
387 3857 425 3880 45.

598 3850 601 3853 Α
786 3850 788 3853 7
805 3819 813 3846 ί
827 3819 869 3849 s)
886 3820 1017 3846 Animadv.
1034 3820 1077 3845 eit.
1095 3821 1161 3850 supra
1177 3822 1207 3847 ad
1223 3829 1247 3846 n.
1263 3830 1302 3847 20.
1319 3822 1343 3849 ὃς
1358 3820 1520 3852 Anthropogr.
1536 3823 1554 3848 l.
1572 3832 1594 3848 ιι.
1610 3830 1631 3848 c.
1647 3827 1686 3849 26.

486 3850 494 3879 (
512 3857 526 3874 x
542 3849 556 3878 )
572 3849 631 3875 Hrst.
648 3849 678 3874 de
692 3848 793 3876 l’flcad.
812 3852 844 3876 R.
860 3850 901 3877 des
918 3853 956 3877 Se.
974 3854 1004 3877 Δ.
1023 3855 1091 3882 1701‘·
1108 3851 1168 3879 Obs.
1186 3856 1259 3880 Anat.
1276 3862 1301 3884 ς.

1363 3854 1378 3884 c
1389 3858 1406 3884 a
1422 3853 1438 3884 2
1451 3853 1527 3885 erist.
1543 3856 1581 3885 ιε.
1598 3862 1623 3882 n.
1638 3862 1679 3890 3⁹,
1694 3855 1718 3881 ει
1735 3827 1815 3888 siai-³
1829 3833 1929 3889 ⁰72²,
1945 3867 1970 3886 n.
1986 3867 2020 3887 ιι.
2032 3859 2055 3885 a
2070 3867 2108 3890 23.
