2498 4075
323 242 474 309 Epist.
514 241 674 294 Anat.
711 242 923 295 Medica
957 242 1126 298 XLV.
1164 241 1284 294 Art.
1309 244 1346 305 ς’.
1368 242 1414 294 6.
1435 260 1477 307 7.
1493 242 1535 296 8.
1562 258 1608 304 9.
1630 244 1684 297 &
1705 258 1781 295 102

63 316 166 351 altero
197 318 477 355 internoscendum
500 319 680 354 habebatur
702 346 709 354 .
743 321 871 354 Scilicet
892 321 1057 354 internum

13 403 15 405 ι
61 362 146 393 uteri
169 361 313 396 osculum
337 365 370 396 in
395 363 495 397 media
520 361 630 397 infima
653 363 787 405 prolapsi
821 364 965 406 corporis
987 375 1058 405 par-

23 440 26 444 ,
60 410 113 451 te,
138 414 173 437 ut
195 407 228 438 in
255 407 407 441 Iconibus
430 406 472 440 est
497 406 653 448 Ruyschii
670 430 682 446 ,
704 407 745 440 fic
768 410 801 440 in
827 419 862 440 ea
888 406 1059 440 Widman-

63 456 96 478 m
122 459 137 479 a
160 457 190 480 te
212 451 325 490 cerni,
347 450 453 483 credas
468 473 480 490 ‚
503 461 577 484 cum
601 459 706 483 tamen
729 463 744 483 a
767 448 831 483 sola
855 451 969 492 vagina
991 449 1057 482 effi-

60 489 148 538 &um
172 490 290 532 fuisse,
313 493 456 526 disseetio
478 493 675 533 ostenderit,
698 505 761 536 qua
784 494 907 535 vaginae
921 493 1057 525 interior

61 540 171 567 tunica
188 560 198 575 ,
222 536 349 569 craffior
372 536 453 569 faeta
469 561 478 576 ,
501 536 568 578 ipsa
591 537 724 578 quidem
749 535 894 579 prolapsa
918 561 926 576 ‚
951 546 1057 568 uterus

61 585 168 624 autem
190 580 225 611 in
249 579 301 613 sua
323 580 460 612 naturali
485 579 554 612 sede
577 581 725 613 inventus
749 579 808 613 est.
836 581 909 617 Qua
934 580 1058 612 ratione

59 628 187 660 igitur,
210 623 340 666 inquis,
363 624 395 654 in
421 625 492 655 viva
515 621 648 656 foemina
673 634 738 656 rem
762 623 841 656 hanc
865 622 1058 655 internosce-

61 672 130 695 mus
154 687 164 702 ‚
198 666 304 708 magni
337 666 448 707 utique
479 668 635 700 momenti
670 667 727 700 ubi
761 666 799 699 de
835 666 1057 706 amputatione

60 715 212 746 oporteat
234 708 407 742 deliberare
430 713 440 740 ?
475 708 564 742 Idem
587 709 674 752 quod
699 718 734 743 tu
755 732 764 747 ‚
801 710 946 751 quaesivit
971 709 1053 742 Abr.

60 747 200 783 Vaterus
229 755 240 790 (
264 762 284 784 u
306 755 316 790 )
339 776 346 782 .
383 752 440 785 Sed
474 753 555 785 nihil
586 753 787 786 constituit:
820 754 887 785 imo
919 751 1053 784 obvium

58 793 222 831 quoddam
246 794 370 837 signum
392 795 508 828 inutile
532 795 589 829 esse
612 795 718 838 posse,
743 795 899 829 indicavit
923 820 931 831 ‚
955 793 1054 828 fretus

57 834 166 869 eadem
190 837 380 871 Widmanni
404 837 586 872 disse-§tione
605 863 612 870 .
646 839 731 872 Mihi
756 849 833 871 vero
865 850 902 870 ex
922 849 953 870 re
976 849 1055 879 qua-

55 877 130 911 dam
163 879 224 912 alia
247 892 343 923 quam
377 892 448 914 ante
479 881 649 915 sectionem
682 882 937 915 animadvertens
961 881 1058 914 Wid-

58 932 193 956 mannus
215 946 225 961 ,
257 924 405 957 dubitare
428 927 530 967 coepit
550 949 563 965 ,
597 937 673 959 num
697 924 731 959 id
763 925 850 967 quod
885 923 1057 957 videbatur

58 975 188 1003 uterus,
213 977 321 1000 revera
344 966 439 1006 esset,
468 967 547 1001 mihi
573 990 583 1006 ‚
614 971 746 1012 inquam
771 993 780 1007 ,
803 967 962 1010 cogitatio
984 975 1057 999 orta

57 1008 99 1042 est
122 1020 160 1042 ex
183 1022 216 1058 ea
239 1010 305 1053 ipsa
339 1022 370 1044 re
394 1011 517 1054 signum
542 1013 668 1054 petendi
691 1037 699 1052 ‚
735 1021 772 1045 ut
795 1012 1023 1053 cognoscamus
1045 1033 1058 1049 ,

58 1061 167 1086 uterus
190 1057 254 1093 sit,
276 1065 315 1086 an
337 1065 401 1087 non
427 1055 464 1089 fit
487 1080 494 1088 .
531 1055 703 1089 Nimirum
726 1064 781 1097 per
802 1055 949 1088 osculum
969 1054 1058 1095 quod

59 1096 142 1128 uteri
165 1094 245 1133 esse,
269 1098 430 1131 incertum
454 1097 513 1138 sit,
537 1098 701 1139 specillum
723 1098 902 1138 oblongum
925 1097 1054 1129 immit-

57 1140 140 1171 tenti
164 1140 185 1172 si
210 1140 296 1173 idem
320 1141 408 1183 quod
430 1142 479 1174 illi
502 1143 648 1181 accidat,
671 1152 704 1175 ut
728 1140 790 1174 sine
802 1140 964 1174 obstaculo
986 1138 1055 1173 adi-

56 1193 129 1233 gere
152 1182 242 1224 poffit
275 1186 379 1217 multo
401 1184 484 1218 ultra
508 1187 685 1219 naturalem
716 1188 818 1217 cavete
841 1185 923 1217 uteri
946 1182 1054 1225 longi-

58 1225 228 1266 tudinem,
250 1237 305 1260 nec
328 1237 433 1261 tamen
459 1229 657 1270 propendens
680 1239 796 1270 corpus
807 1227 889 1260 hanc
912 1227 1057 1270 superet,

54 1279 160 1312 neque
183 1270 334 1304 interiori
357 1270 421 1312 jam
445 1270 482 1304 sit
506 1270 741 1314 putrefactione
753 1271 815 1304 alte
839 1270 985 1308 exesum3
1007 1270 1060 1301 iri-

55 1312 179 1346 dicium
204 1338 213 1353 ‚
245 1315 363 1356 opinor
385 1339 393 1353 ‚
428 1313 601 1349 habebitur
619 1338 631 1355 ‚
653 1326 690 1353 ut
714 1317 747 1347 in
771 1325 803 1347 re
827 1314 1003 1355 ambigua,
1027 1315 1058 1344 &

56 1355 269 1398 perdifficili,
292 1368 355 1390 non
379 1358 675 1398 contemnendum,
697 1357 778 1391 illud
801 1357 970 1396 osculum,
993 1366 1058 1389 non

57 1398 97 1432 ad
108 1409 256 1438 uterum,
282 1400 332 1434 sed
357 1401 394 1435 ad
416 1404 562 1443 vaginam
586 1402 754 1436 dumtaxat
779 1402 957 1443 pertinere:
981 1410 1059 1433 con-

57 1451 107 1476 tra
131 1455 227 1480 vero,
251 1442 272 1475 si
298 1455 432 1478 contra.
461 1446 498 1478 In
524 1447 659 1479 mortuis
682 1454 788 1479 autem
813 1444 834 1477 fi
859 1456 926 1478 rem
950 1442 1060 1484 saepius

55 1488 165 1520 cultro
189 1487 416 1521 examinassent
438 1490 494 1530 qui
518 1498 647 1522 uterum
661 1499 825 1530 nunquam
848 1486 1035 1521 descendere
1050 1511 1060 1525 ,

58 1539 113 1563 aut
135 1531 287 1573 prolabi,
312 1532 547 1566 contenderunt
569 1544 580 1571 3
605 1543 670 1565 non
693 1543 802 1565 omnes
824 1532 962 1565 aliorum
984 1529 1060 1575 Db-

56 1574 249 1607 servationes
270 1574 307 1608 acl
333 1577 457 1618 vaginae
480 1576 574 1608 unius
597 1575 761 1618 prolapsus
782 1597 791 1612 ,
823 1583 877 1607 aut
902 1575 940 1607 ad
962 1583 1027 1614 ejus
1052 1594 1061 1609 ,

58 1619 91 1649 &
113 1618 214 1651 osculi
247 1618 367 1651 uterini
392 1618 620 1651 excrescentias
643 1617 756 1651 referri
778 1626 930 1658 oportere
951 1640 961 1657 ,
990 1627 1064 1649 cen-

57 1659 213 1698 suissent3
236 1661 413 1704 quasivero
437 1670 597 1704 praeterea
621 1659 763 1705 quaeipsi
775 1660 950 1702 viderunt,
975 1658 1063 1693 aliud

57 1704 167 1738 videre
191 1703 343 1746 potuisset
367 1716 482 1738 nenio.

102 1757 135 1789 5.
154 1748 260 1782 Facile
290 1748 422 1790 quidem
442 1771 452 1786 ‚
486 1750 637 1792 ultroque
662 1749 673 1781 i
699 1749 739 1783 sis
761 1748 872 1782 damus
894 1770 905 1786 ‚
930 1758 982 1781 eos
1004 1746 1062 1789 qui

30 1795 35 1797 ”
55 1800 184 1825 uterum
207 1790 369 1826 abscidisse
392 1791 447 1832 se‚-
466 1792 608 1827 scribunt
630 1816 643 1833 ‚
666 1760 731 1826 seire
761 1803 873 1825 omnes
896 1789 1062 1823 illiusmo-

55 1834 89 1868 di
113 1845 168 1870 aut
200 1835 422 1869 excrescentiis
447 1860 458 1877 ‚
491 1846 545 1870 aut
579 1837 703 1877 vaginae
739 1835 939 1878 prolapsibus
971 1832 1063 1867 fuisse

55 1878 207 1920 deceptos
229 1902 243 1920 ,
274 1880 362 1921 quod
389 1904 397 1919 ‚
430 1879 532 1913 velint
555 1902 565 1917 ,
599 1880 706 1911 nolint
729 1901 739 1916 ‚
777 1879 826 1911 illi
851 1888 981 1920 quoque
1014 1875 1063 1909 fa-

52 1929 183 1955 teantur
206 1947 217 1964 ‚
253 1920 370 1956 necesse
393 1922 437 1958 est
461 1946 471 1963 ,
504 1924 562 1966 qui
585 1923 655 1965 post
688 1922 880 1955 excisionem
905 1943 915 1957 ‚
950 1920 1065 1954 mulie-

52 1974 102 1998 res
128 1965 213 1999 filios
236 1965 410 2009 peperisse,
434 1966 639 2000 tradiderunt
663 1976 673 2003 3
705 1965 763 1999 nisi
785 1964 873 1998 forte
899 1975 947 1997 res
969 1964 1065 2005 longe

53 2008 225 2042 rarissimas
257 2009 334 2042 duas
357 2010 391 2042 in
426 2021 523 2043 unam
546 2008 742 2050 eandemque
775 2009 944 2042 mulierem
976 2010 1060 2041 ceci-

52 2050 132 2085 diffe
151 2074 164 2092 ‚
195 2054 426 2086 contenderent
451 2078 461 2094 ‚
491 2062 527 2086 ut
561 2053 667 2085 exciso
698 2063 793 2088 utero,
812 2050 920 2086 fuisset
955 2052 1061 2093 super-

55 2094 138 2134 stes,
160 2099 191 2128 &
213 2097 376 2138 duplicem
400 2108 415 2128 a
440 2096 624 2138 primordiis
647 2105 775 2130 uterum
799 2093 977 2129 habuisset.
1001 2094 1060 2128 Sed

56 2147 93 2171 ut
116 2139 222 2172 dicere
244 2138 400 2182 ingressus
421 2149 506 2172 eram
526 2162 538 2179 ‚
562 2150 639 2172 num
663 2150 701 2171 ex
722 2151 760 2172 eo
782 2138 871 2181 quod
894 2140 927 2171 in
951 2148 1063 2171 excre-

57 2181 186 2217 scentiis
208 2205 220 2222 ,
255 2185 419 2226 vaginaeve
444 2181 642 2224 prolapsibus
667 2193 725 2223 pro
748 2191 841 2215 utero
864 2181 1059 2222 accipiendis

55 2234 108 2258 tot
132 2225 293 2268 Chirurgi
316 2227 443 2268 decepti
467 2226 561 2265 sunt,
586 2236 685 2263 num,
708 2226 839 2268 inquam
855 2249 864 2264 ,
888 2224 970 2257 illud
982 2235 1062 2257 con-

55 2266 201 2313 sequitur
223 2291 232 2307 ‚
264 2270 415 2311 deceptos
441 2270 562 2310 pariter
585 2266 645 2302 efse
679 2280 791 2301 omnes
814 2268 872 2310 qui
897 2269 983 2301 uteri
1005 2267 1062 2301 de-

53 2311 223 2354 scensum,
246 2312 471 2355 prolapsumve
495 2311 523 2345 se
546 2311 658 2345 vidisse
682 2338 690 2352 ‚
715 2308 934 2353 scripserunt?
959 2309 1061 2353 Qod

53 2365 129 2388 vero
151 2366 216 2389 non
239 2357 391 2397 consequi
412 2378 420 2393 ‚
454 2366 528 2389 cum
552 2357 637 2388 ratio
660 2354 747 2398 ipsa,
771 2363 842 2388 tum
865 2353 1060 2388 evidentissi-

53 2411 104 2432 me
136 2398 308 2433 ostendunt
331 2398 583 2432 Observationes
614 2410 711 2440 quam
736 2398 841 2440 plures
865 2397 903 2431 ad
927 2399 1056 2440 aliquot

48 2441 200 2476 addendae
223 2454 295 2485 quae
318 2444 351 2475 in
378 2441 588 2484 Sepulchreto
608 2441 831 2483 producuntur
846 2465 854 2472 .
880 2441 976 2478 Illas,
1003 2440 1069 2474 vel'

46 2497 96 2519 me
118 2495 269 2526 tacente,
292 2483 456 2519 indicabit
478 2485 660 2527 Slevogtius
684 2485 739 2528 (x
758 2488 769 2523 )
793 2507 803 2522 ,
836 2486 868 2517 Sc
893 2484 1055 2527 copiosior

46 2530 82 2562 in
114 2529 154 2562 iis
177 2529 367 2572 colligendis
400 2540 472 2571 quat
495 2527 534 2562 ad
568 2528 648 2562 hanc
673 2527 873 2571 Sepulchreti
908 2528 1053 2561 XXXII.

48 2573 231 2608 Seffionem
256 2575 418 2606 attineant
445 2594 458 2612 ‚
492 2570 666 2606 Sandenius
688 2575 701 2610 (
726 2583 743 2611 γ
768 2575 802 2610 ).·
825 2572 858 2604 in
882 2571 973 2613 cujus
997 2571 1056 2604 Se-

49 2618 166 2650 &ionis
188 2615 429 2650 Additamentis
464 2616 582 2650 mirum
605 2616 638 2649 in
662 2616 776 2656 primis
799 2613 842 2648 est
864 2638 876 2654 ,
907 2626 956 2648 eas
981 2615 1057 2646 Ob-

53 2659 250 2694 servationes
272 2658 371 2694 deesse
394 2681 404 2697 ‚
436 2669 509 2701 qua:
533 2671 570 2692 ex
593 2657 804 2700 Ruyschiana
819 2660 976 2692 Centuria
1000 2669 1057 2690 ex-

52 2704 141 2745 cerpi
174 2715 212 2736 eo
236 2712 380 2745 tempore
412 2702 584 2744 potuissent
608 2726 617 2741 ,
650 2713 715 2736 non
740 2700 825 2737 secus
857 2713 892 2735 ac
915 2713 987 2744 quae
1017 2710 1057 2733 ex

55 2747 249 2789 pervulgato
273 2747 392 2780 Bolinii
416 2746 500 2779 libro
525 2757 602 2779 mox
625 2757 641 2779 a
666 2746 762 2779 nobis
784 2745 1057 2779 commemorabi-

55 2799 130 2823 tur.
150 2789 207 2824 Ad
230 2788 283 2822 has
303 2788 431 2830 adjicies
455 2800 526 2831 quae
549 2799 627 2822 tunc
648 2799 712 2822 non
737 2791 911 2828 extabant,
936 2789 1055 2831 partim

57 2832 152 2874 supra
174 2831 351 2869 indicatas,
377 2833 493 2873 partim
516 2831 601 2865 infra
614 2832 821 2873 indicandas,
844 2841 1058 2875 praetereaque

57 2876 135 2910 alias
168 2875 230 2910 five
253 2875 416 2909 descensus
451 2876 535 2909 uteri
557 2900 564 2914 ,
598 2875 660 2908 sive
684 2876 849 2918 prolapsus
870 2899 883 2916 ,
917 2875 953 2908 ad
978 2885 1056 2916 quas

54 2919 218 2963 pertinent
243 2919 358 2952 Vateri
380 2920 394 2957 (
416 2917 474 2962 z)
498 2930 580 2957 una,
603 2920 656 2953 Cl.
682 2917 772 2965 Phi12
788 2917 934 2962 Adolphi
948 2918 1057 2952 Boeh-

57 2964 141 2996 meri
164 2964 178 3001 (
200 2973 218 2995 a
241 2966 256 3002 >
278 2961 374 2995 altera
389 2983 397 2998 ‚
421 2962 522 2995 ambae
546 2985 555 3000 ,
589 2971 625 2996 ut
648 2970 791 3004 caeterae,
815 2974 869 3006 per
892 2962 1053 2997 dissefflo-

55 3017 131 3039 nem
154 3004 383 3039 evidentiffime
406 3007 625 3047 comprobatae
642 3031 650 3038 .
679 3019 686 3026 .

100 3051 132 3081 6.
158 3050 323 3083 Caeterum
348 3046 404 3081 etfi
437 3049 574 3083 Medicis
595 3048 728 3091 quidem
749 3070 760 3086 ‚
792 3051 824 3083 &
845 3048 1018 3091 Chirurgis
1046 3071 1060 3088 ‚

56 3101 93 3126 ut
116 3095 151 3126 in
174 3093 230 3126 illa
254 3091 398 3134 Epistola
421 3093 434 3133 (
454 3089 472 3123 b
495 3096 507 3131 )
528 3094 562 3125 iri
583 3092 716 3125 Celsum
739 3092 834 3133 dixi,
856 3092 994 3135 aspeffits
1007 3093 1056 3125 in-

55 3136 134 3178 verfi
157 3136 243 3170 uteri
262 3135 356 3168 nimis
377 3133 416 3171 eft
439 3145 529 3168 rarus
550 3157 559 3173 ,
593 3135 689 3178 idque
721 3134 868 3177 rariffime
903 3136 1024 3169 evenire
1045 3157 1056 3174 ,

53 3178 206 3212 Graafius
228 3178 277 3221 (c
301 3180 314 3215 )
340 3176 503 3219 scripserat
523 3192 532 3216 ·,
565 3179 803 3212 obstetricibus
826 3187 932 3212 tamen
954 3200 963 3214 ‚
998 3179 1059 3210 im-

57 3223 170 3262 peritis
192 3220 370 3264 praesertim
386 3245 395 3259 ‚
418 3222 449 3252 &
471 3222 505 3254 in
528 3223 692 3264 puerperis
715 3230 874 3255 certarum
888 3223 1056 3264 regionum

55 3264 141 3300 haud
164 3264 353 3305 rariffismum
377 3260 455 3301 esse,
479 3277 519 3298 ex
541 3264 633 3298 libris
657 3265 808 3307 intelligo
829 3288 838 3303 ‚
863 3266 896 3298 in
922 3266 1053 3307 primis—

22 3302 33 3331 Ὗ
54 3319 119 3350 que
150 3319 190 3342 ex
213 3307 260 3341 II.
285 3305 552 3347 ¹Adam-sariorum
584 3309 743 3351 Ruyschii
775 3308 903 3342 Decade
933 3313 943 3347 (
967 3309 1017 3352 c)
1043 3333 1051 3341 .

55 3352 136 3386 Inde
156 3351 258 3385 etiarn
282 3358 391 3393 patet,
416 3360 481 3382 non
504 3351 623 3392 semper
648 3359 703 3386 aut
726 3363 765 3386 ex
787 3352 914 3386 illarum
947 3353 1052 3393 impe-

54 3398 131 3430 ritia
156 3419 166 3434 ,
199 3403 254 3427 aut
276 3405 315 3426 ex
346 3392 461 3426 harum
484 3393 719 3429 vehementiore
756 3396 898 3437 pariendi
931 3405 1050 3429 conatu

51 3438 214 3473 inversum
245 3445 372 3471 uterum
394 3436 554 3477 extrudi,
589 3436 639 3472 sed
672 3451 689 3472 a
720 3439 889 3472 conatibus
920 3450 1050 3480 quoque

51 3481 234 3521 &onerandi
255 3479 337 3513 uteri
356 3478 418 3521 poft
437 3487 587 3521 partum.
614 3481 668 3514 Est
681 3491 832 3522 praeterea
856 3482 948 3516 causa
962 3482 1021 3515 alia
1035 3504 1046 3521 ,

138 3524 303 3566 Morgagni
313 3523 347 3556 de
361 3521 429 3555 Sed.
442 3523 483 3556 (7*
493 3522 579 3565 Caus.
592 3523 694 3558 Morb.
712 3525 812 3558 Tom.
825 3528 872 3559 II.

1943 257 2039 310 203

1108 320 1159 355 sed
1181 320 1269 364 quod
1292 320 1330 354 ad
1353 319 1500 355 effe&um
1524 318 1609 353 hunc
1634 319 1774 359 attinet,
1798 317 1894 361 longe
1917 319 2069 353 rariffima
2094 317 2107 349 i

1108 364 1261 398 nimir'um
1285 374 1359 397 cum
1383 365 1487 406 ampla
1512 361 1721 396 excrescentia
1741 385 1749 399 ,
1785 361 1887 397 fundo
1909 363 1995 396 uteri
2019 364 2106 396 intus

1107 410 1218 441 innata
1242 429 1254 447 ,
1286 406 1342 440 suo
1367 407 1505 449 pondere
1539 407 1674 439 invertit
1706 414 1833 439 uterum
1855 431 1862 442 ,
1896 406 2108 446 deorsumque

1107 452 1211 484 trahit
1234 474 1246 491 ‚
1278 449 1550 492 quemadmodum
1575 449 1750 482 Sandenius
1782 448 1911 490 quidem
1935 448 2108 491 proposuit

1107 497 1122 534 (
1143 505 1158 528 e
1181 497 1213 532 ).
1238 495 1339 527 Certe
1362 503 1468 527 autem
1492 504 1563 525 eum
1588 502 1715 525 uterum
1740 489 1833 525 fuisse
1859 491 2018 525 inversum
2041 514 2050 528 ‚
2075 502 2109 524 a-

1107 546 1237 570 natome
1259 537 1399 569 ostendit
1421 551 1430 573 ;
1466 547 1538 568 nam
1570 535 1657 568 intra
1679 533 1746 577 ejus
1770 546 1884 568 cavum
1905 558 1917 575 ‚
1950 535 2004 567 illa
2027 533 2109 568 facie

1108 579 1377 622 comprehensum
1399 590 1471 622 quae
1494 580 1635 612 exterior
1659 588 1750 612 antea
1774 577 1898 616 fuerat,
1924 579 2008 611 uteri
2033 580 2107 611 vin-

1108 624 1200 661 cula,
1225 626 1254 656 &
1268 623 1429 665 Falloppii
1453 623 1559 659 mbae,
1586 624 1617 654 δι
1638 623 1749 655 ovaria
1771 621 1919 655 conclusa
1932 620 2110 664 deprehen-

1107 668 1239 701 derunt.
1266 668 1340 703 Qua
1366 667 1492 700 ratione
1515 665 1641 699 facilius
1665 664 1829 706 intelliges
1846 687 1855 702 ‚
1879 665 2047 706 quomodo
2073 665 2109 696 in

1107 711 1244 744 Henrici
1269 710 1309 743 ab
1343 709 1429 742 Heer
1453 709 1550 742 relata
1583 710 1616 741 in
1641 707 1887 750 Sepulchretmn
1922 705 2009 749 (f)
2034 707 2111 740 Ob-

1106 753 1285 787 servatione
1307 754 1340 785 in
1365 762 1491 786 uterum
1513 775 1525 791 ‚
1559 752 1598 783 ab
1622 760 1732 793 agyrta
1756 750 1917 783 exsectum
1939 771 1949 787 ‚
1983 749 2113 791 prolabi

1106 795 1256 840 potuisset
1293 807 1363 838 pars
1391 806 1461 835 ,non
1487 794 1614 828 modica
1648 793 1787 827 intestini
1811 793 1888 826 Coli
1914 816 1922 831 ,
1954 795 1983 825 δι
2018 792 2112 825 simul

1107 852 1182 875 cum
1206 840 1284 880 illo,
1308 849 1342 872 ut
1366 850 1436 880 quae
1460 839 1545 871 intra
1560 835 1665 878 ipsum
1687 835 1847 870 inversum
1864 836 2112 872 contineretur,

1110 885 1269 925 amputari
1293 907 1302 915 .
1336 883 1480 924 Colliges
1503 883 1599 914 etiam
1631 892 1668 914 ex
1692 879 1839 913 Sandenii
1873 879 2113 912 Observatione

1109 928 1164 970 (g
1186 929 1220 964 ),
1246 923 1331 966 posse
1355 936 1589 967 nonnunquam
1614 923 1779 957 mulierem
1806 922 1954 959 inverso,
1979 933 2036 955 nec
2060 933 2112 955 re-

1110 968 1216 1013 posito
1239 991 1249 1007 ,
1281 977 1375 1002 utero
1396 992 1408 1008 ‚
1441 967 1656 1002 hebdomadas
1681 967 1787 1008 plures
1812 967 1919 1000 vivere
1946 992 1956 1007 ,
1979 966 2048 998 imo
2071 976 2113 999 ex

1108 1012 1255 1045 Genselii
1277 1011 1458 1045 Curatione
1483 1010 1537 1054 (h
1559 1014 1573 1050 )
1596 1009 1664 1054 post
1679 1010 1783 1052 plures
1806 1010 1873 1043 dies
1896 1011 1930 1042 in
1954 1008 2042 1042 suam
2053 1008 2112 1042 de-

1109 1057 1208 1097 nique
1235 1054 1519 1090 sedemrestituto,
1544 1053 1682 1087 servari.
1706 1054 1833 1086 Verum
1845 1054 1911 1086 haec
1936 1064 2004 1086 rara
2017 1052 2114 1088 sunt,

1108 1099 1130 1131 fi
1156 1110 1232 1132 cum
1256 1106 1307 1131 tot
1331 1098 1400 1130 aliis
1423 1099 1490 1131 cito
1513 1095 1640 1131 funestis
1651 1095 1772 1129 casibus
1794 1095 2022 1134 conferas,·ad
2032 1105 2116 1137 quos

1110 1141 1251 1175 addenda
1274 1140 1316 1174 est
1340 1139 1497 1182 producora
1522 1151 1537 1172 a
1561 1140 1691 1174 Bolinio
1716 1143 1729 1178 (
1750 1139 1762 1172 i
1784 1143 1794 1178 )
1821 1141 2004 1182 primiparae
2028 1148 2116 1171 mors

1109 1187 1196 1218 intra
1218 1184 1359 1218 horulam
1382 1182 1554 1217 consecuta
1578 1183 1755 1216 violentam
1779 1183 1863 1216 uteri
1887 1194 1903 1216 e
1928 1183 1981 1215 sua
2007 1181 2077 1214 sede
2101 1202 2113 1219 ,

1110 1239 1213 1262 vacua
1236 1229 1393 1265 inventa,
1417 1226 1672 1263 detrafflonem‚
1698 1228 1728 1258 &
1752 1226 1800 1258 vel
1823 1225 1921 1258 citior
1941 1246 1950 1262 ,
1981 1223 2002 1257 fi
2033 1224 2118 1256 redte

1111 1272 1286 1313 intelligo,
1311 1272 1346 1303 in
1369 1269 1505 1303 foemina
1529 1271 1591 1303 alia
1614 1269 1654 1303 de
1676 1280 1740 1311 qua
1764 1280 1803 1302 ex
1814 1268 1985 1310 Champan
2011 1262 2114 1300 refert

1111 1316 1257 1349 laudatus
1283 1312 1476 1347 Boehmerus
1500 1313 1606 1356 (le).
1738 1313 1832 1345 Alter
1858 1321 1989 1354 quoque
2013 1311 2119 1350 uteri,

1110 1359 1146 1392 id
1169 1359 1211 1393 est
1235 1356 1298 1390 fine
1330 1355 1509 1390 inversione
1530 1378 1540 1394 ,
1574 1354 1740 1398 prolapsus
1765 1366 1867 1397 neque
1901 1354 1982 1389 adeo
2005 1354 2116 1387 creber

1111 1402 1179 1442 est,
1202 1410 1238 1434 ut
1260 1402 1415 1442 integrum
1447 1398 1516 1440 eJua
1538 1398 1798 1433 observatorum
1831 1397 2007 1440 catalogum
2029 1406 2121 1430 retu-2

1110 1445 1185 1479 lerit
1207 1443 1326 1487 Blafius
1350 1443 1381 1475 in
1405 1444 1635 1477 commentariis
1659 1443 1698 1475 ad
1719 1441 1908 1484 Veslingz'um
1924 1461 1934 1477 ,
1958 1441 2118 1482 quemad-

1112 1487 1248 1522 modum
1272 1487 1484 1521 hallucinatus
1508 1485 1632 1528 scripsit
1655 1483 1806 1517 Graafius
1830 1484 1878 1526 (l
1900 1488 1911 1523 )
1932 1507 1945 1523 ,
1968 1493 2024 1516 nec
2049 1494 2125 1517 rur-

1112 1531 1163 1564 sus
1185 1532 1264 1565 adeo
1287 1542 1375 1564 rarus
1398 1528 1441 1562 est
1464 1552 1473 1566 ,
1506 1537 1542 1561 ut
1562 1535 1675 1570 praerer
1708 1526 1894 1569 Ruyschium
1918 1527 2037 1560 viderit
2067 1536 2122 1559 ne-

1113 1586 1163 1608 mo
1185 1597 1193 1612 ,
1225 1575 1314 1618 quod
1339 1573 1539 1606 Widmanno
1572 1575 1586 1610 (
1608 1581 1640 1604 m
1662 1573 1676 1609 )
1708 1570 1793 1604 haud
1823 1569 1991 1603 excidisset
2014 1593 2023 1606 ‚
2059 1569 2123 1602 nisi

1114 1618 1247 1655 oblito,
1272 1627 1308 1651 ut
1333 1615 1395 1654 fit,
1418 1615 1700 1649 Observationum
1727 1614 1843 1646 Plateri
1867 1613 1921 1655 (n
1940 1612 1980 1654 )‚
2005 1615 2035 1645 &
2063 1614 2122 1645 Pe-

1113 1663 1184 1704 yeri
1209 1665 1219 1701 (
1243 1672 1258 1693 ο
1277 1662 1312 1703 ).
1447 1657 1623 1692 Descensus
1648 1657 1756 1700 potius
1781 1657 1888 1696 uteri,
1911 1654 2123 1698 &prolapsus

1113 1706 1239 1747 vaginae
1264 1702 1484 1745 potiffimum‚
1508 1700 1593 1735 haud
1628 1711 1701 1733 raro
1722 1701 1866 1733 occurrit
1890 1723 1896 1730 .
1934 1701 2048 1742 Itaque
2072 1701 2125 1731 in..

1114 1748 1194 1783 versi
1231 1748 1314 1780 uteri
1338 1745 1524 1789 prolapsum
1558 1742 1706 1777 nonnisi
1740 1742 1869 1782 semel,
1903 1753 1967 1776 non
2002 1741 2123 1776 inversi

1114 1802 1281 1834 nunquam
1305 1790 1386 1823 mihi
1411 1788 1550 1825 accidit,
1576 1797 1612 1821 ut
1637 1786 1691 1820 hic
1715 1786 1858 1820 audirem
1878 1810 1886 1818 .
1923 1785 2122 1820 Descensum

1115 1844 1224 1869 autem
1248 1835 1332 1868 uteri
1354 1856 1364 1872 ‚
1394 1837 1425 1867 δι
1449 1833 1574 1875 vaginae
1607 1829 1791 1873 prolapsum
1815 1839 1886 1863 tum
1919 1830 1953 1863 in
1979 1830 2121 1864 viventi-‚-

1114 1880 1174 1912 bus
1196 1877 1362 1912 interdurn
1385 1876 1454 1911 vidi
1479 1898 1489 1914 ,
1524 1883 1593 1909 tum
1618 1875 1651 1908 in
1677 1874 1817 1907 mortuis
1840 1873 2074 1909 animadverti.

1158 1933 1190 1965 7.
1214 1922 1362 1965 Rogatus
1383 1944 1393 1961 ‚
1424 1930 1460 1956 ut
1491 1917 1628 1955 honeste
1658 1916 1801 1956 foeminae
1825 1917 1924 1956 annos
1955 1928 2037 1955 natae
2072 1919 2122 1952 vi-vv

1116 1967 1203 2007 ginti
1227 1969 1370 2010 quinque
1387 1993 1396 2008 ,
1420 1965 1578 2001 naturalia
1602 1963 1818 2008 inspicerem,
1842 1975 1876 2001 ut
1899 1965 2057 2009 quidnam
2070 1963 2121 2005 es·-¹

1115 2009 1163 2043 set
1188 2021 1304 2051 corpus
1325 2020 1429 2051 teres,
1452 2011 1540 2053 penis
1562 2009 1685 2049 simile,
1709 2011 1794 2047 intra
1818 2011 1968 2054 vaginam
1980 2017 2124 2055 properi-4

1113 2053 1208 2092 dens,
1234 2053 1454 2096 dignoscerem
1476 2077 1486 2096 ‚
1517 2056 1678 2088 continuo
1701 2053 1760 2088 esse
1784 2057 1865 2089 uteri
1890 2057 2047 2089 cervicem
2070 2058 2122 2090 vi·-

1113 2096 1172 2137 di,
1195 2108 1264 2139 quae
1287 2095 1372 2131 infra
1397 2098 1540 2132 medium
1565 2098 1689 2140 vaginae
1713 2097 1936 2133 descenderat.
1962 2100 2059 2133 Uteri
2084 2113 2120 2133 o-

1114 2139 1259 2178 sculum,
1283 2144 1403 2184 quippe
1425 2143 1460 2175 in
1484 2151 1584 2184 nupta
1607 2140 1762 2184 quidem,
1785 2142 1836 2176 sed
1859 2154 1929 2185 quae
1952 2154 2120 2186 nunquam

1113 2184 1280 2227 peperisset
1301 2207 1314 2223 ,
1349 2184 1520 2228 angustum
1543 2193 1610 2218 erat
1631 2207 1643 2224 ³
1676 2187 1706 2218 &
1729 2185 1845 2220 circuli
1878 2187 2119 2229 propemodum

1115 2225 1222 2261 forma
1236 2240 1246 2259 .·
1269 2239 1308 2261 ex
1330 2239 1432 2271 eoque
1456 2229 1634 2271 pauxillum
1660 2226 1821 2271 sanguinis
1843 2231 1928 2263 exire
1942 2230 2118 2272 conspexi·‚

1114 2272 1299 2313 nuperrime
1336 2274 1422 2305 enirn
1454 2273 1488 2304 in
1520 2272 1690 2305 menstruis
1726 2272 1842 2305 mulier
1864 2273 1997 2311 fuerat3
2030 2284 2065 2307 ut
2091 2275 2117 2307 si

1113 2316 1186 2355 quis
1210 2314 1295 2348 forte
1317 2314 1505 2354 dubitaret,
1528 2326 1567 2349 an
1591 2313 1658 2348 haec
1681 2326 1720 2347 ex
1734 2325 1825 2349 utero
1839 2316 1994 2358 prodeant
2009 2343 2018 2357 ‚
2042 2317 2118 2360 pos-

1114 2357 1160 2391 set
1182 2358 1237 2391 illa
1269 2359 1466 2401 inspeftione
1489 2357 1662 2391 convinci.
1795 2359 1855 2393 Sed
1891 2359 1954 2401 jam
1979 2372 2049 2404 quae
2084 2362 2118 2393 in

1114 2403 1252 2435 mortuis
1276 2402 1620 2441 animadverterimus‚
1637 2400 1746 2434 bestiis
1769 2404 1932 2443 primum,
1956 2402 2116 2437 deinde&

1107 2444 1301 2478 mulieribus
1322 2470 1332 2485 ,
1365 2456 1583 2487 proponamus
1604 2455 1614 2482 3
1640 2443 1682 2477 fic
1705 2446 1790 2477 enim
1815 2457 1878 2478 non
1902 2459 1918 2480 a
1943 2445 2011 2480 solo
2034 2459 2116 2490 pon-

1107 2489 1201 2524 dere,
1225 2488 1275 2521 sed
1301 2500 1316 2521 a
1340 2487 1440 2522 causis
1461 2491 1558 2522 etiarn
1571 2488 1642 2520 aliis
1664 2489 1780 2529 quaein
1805 2490 1997 2532 corporibus
2021 2500 2118 2532 agant

1108 2531 1280 2565 secundum
1304 2532 1471 2565 finitorem
1495 2530 1607 2574 positis
1633 2552 1642 2567 ,
1680 2531 1747 2565 haec
1770 2533 1853 2566 mala
1877 2532 1966 2571 fieri,
1993 2534 2115 2577 perspi-

1107 2585 1205 2608 cuum
1240 2576 1321 2608 erit.
1456 2576 1488 2608 A
1524 2573 1675 2608 Valsalva
1709 2584 1815 2609 autem
1849 2576 1937 2620 quod
1972 2579 2114 2620 primum

1109 2618 1268 2655 scribam,
1293 2619 1374 2652 olim
1399 2619 1529 2660 accepi.

1150 2663 1179 2695 8.
1207 2662 1479 2695 CATELLAM
1504 2670 1721 2703 praegnantem
1746 2674 1820 2696 cum
1843 2661 2006 2698 dissecaret
2028 2689 2039 2705 ,
2064 2666 2115 2698 in-

1107 2704 1231 2739 versam
1254 2703 1392 2739 offendit
1416 2706 1586 2747 vaginam,
1612 2704 1888 2749 conjunctumque
1911 2718 2038 2741 uterum
2049 2719 2115 2742 nori

1107 2748 1313 2791 pauloquarn
1338 2748 1455 2786 soleat,
1482 2750 1607 2789 vaginae
1619 2747 1748 2781 orificio
1769 2751 1973 2792 propiorem.
2001 2752 2111 2788 Quarn

1108 2791 1192 2825 sedis
1215 2793 1300 2825 uteri
1323 2794 1539 2825 mutationem
1562 2790 1657 2832 hujus
1668 2802 1797 2834 quoque
1819 2805 1937 2828 cornua
1955 2816 1965 2832 ,
1985 2797 2015 2827 δε
2030 2806 2113 2836 prae-

1110 2835 1221 2868 sertim
1244 2834 1438 2874 dexterum,
1461 2836 1494 2867 in
1517 2845 1584 2876 quo
1610 2843 1671 2868 tres
1693 2844 1784 2868 erant
1795 2837 1915 2873 catuli,
1938 2837 2113 2872 confirma-

1109 2878 1211 2913 bant.
1236 2879 1351 2911 Secuta
1374 2879 1459 2911 enim
1481 2887 1570 2912 erant
1595 2885 1745 2917 uterum,
1770 2890 1871 2921 neque
1896 2880 2026 2914 modico
2038 2883 2111 2924 spa-

1107 2923 1157 2956 tio
1173 2948 1183 2963 ,
1208 2923 1357 2963 vaginam
1381 2921 1488 2954 versus
1502 2944 1509 2953 .

1149 2978 1181 3006 9.
1206 2964 1412 2998 VACCAM
1430 2989 1439 3003 ‚
1462 2975 1533 3006 quae
1558 2964 1680 3005 vaginae
1697 2964 1860 3009 prolapsui
1883 2967 2025 3002 obnoxia
2038 2966 2110 3002 fue.'

1105 3018 1177 3048 rat,
1201 3008 1245 3041 ob
1268 3008 1349 3041 hanc
1372 3006 1472 3049 ipsam
1495 3006 1622 3040 causam
1645 3006 1796 3043 dominus
1821 3012 1952 3044 mactari
1977 3012 2109 3051 voluit,

1105 3063 1181 3086 cum
1207 3052 1341 3094 gravida
1364 3050 1438 3084 esset
1463 3048 1583 3083 menses
1605 3049 1671 3091 jam
1694 3052 1824 3086 circiter
1848 3052 1964 3095 septem
1985 3076 1994 3092 ‚
2019 3057 2106 3089 veri-

1108 3105 1161 3129 tus
1182 3117 1192 3133 ‚
1230 3106 1268 3128 ne
1292 3097 1325 3128 in
1349 3103 1445 3138 partu
1471 3102 1672 3134 moreretur,
1695 3093 1800 3137 ficque
1822 3095 1890 3139 ejus
1915 3098 2069 3132 viscerum
2095 3121 2106 3137 ‚

1110 3141 1142 3171 δε
1177 3139 1324 3172 carnium
1359 3138 1500 3180 pretium
1535 3139 1630 3170 vilius
1662 3135 1770 3172 fieret.
1906 3140 1937 3172 V
1961 3143 1991 3174 A
2014 3142 2048 3174 G
2073 3144 2108 3174 Ι-

1108 3181 1146 3215 Ν
1169 3183 1203 3215 Α
1228 3182 1265 3214 Μ
1288 3192 1362 3215 cum
1394 3189 1486 3214 utero
1509 3182 1618 3214 nactus
1643 3202 1653 3217 ,
1686 3181 1775 3215 illam
1800 3183 1956 3216 inversam
1982 3184 2020 3218 ad
2045 3193 2108 3219 tra-

1107 3225 1196 3258 ‹ftum
1220 3225 1360 3268 aliquem
1385 3225 1494 3258 inveni
1518 3235 1580 3266 qua
1604 3235 1677 3257 cum
1699 3235 1841 3259 extrema
1866 3228 1948 3260 uteri
1981 3229 2105 3262 cervice

1105 3279 1248 3302 connexa
1271 3268 1314 3302 est
1336 3293 1345 3301 .
1381 3267 1432 3300 Ibi
1457 3278 1534 3301 vero
1567 3269 1681 3310 vagina
1703 3269 1943 3303 exulceratione
1965 3281 2029 3303 non
2053 3283 2106 3305 ca-

1105 3311 1195 3344 rebat
1218 3336 1226 3344 .
1260 3312 1299 3344 In
1324 3320 1417 3343 utero
1438 3334 1448 3349 ,
1471 3313 1502 3344 δε
1519 3311 1611 3344 'foetu
1634 3335 1643 3349 ‚
1676 3312 1830 3352 quoniam
1855 3312 2026 3348 secundum
2048 3326 2103 3349 na-

1103 3364 1211 3403 turam
1233 3354 1262 3387 se
1285 3353 1448 3388 habebant
1469 3376 1481 3393 ‚
1513 3366 1586 3396 quae
1610 3353 1783 3392 adnotavi,
1809 3355 1873 3389 huc
1897 3358 2029 3391 minime
2052 3367 2103 3391 at-

1102 3407 1230 3430 tinent.

1148 3451 1197 3474 10.
1224 3440 1281 3474 Sed
1315 3438 1408 3473 ficuti
1431 3440 1464 3473 in
1497 3440 1547 3474 his
1570 3440 1673 3473 brutis
1707 3451 1771 3472 non
1810 3450 1936 3483 poterat
1969 3443 2101 3480 morbus

1100 3484 1236 3527 ponderi
1269 3483 1425 3527 imputari
1457 3481 1604 3519 deorsum
1616 3483 1768 3558 c{argenti
1791 3504 1801 3521 ‚
1833 3493 1891 3519 aut
1923 3485 2100 3528 trahenti3

1669 3539 1687 3560 c
1733 3536 1751 3558 2
2013 3529 2058 3563 ita

43 3613 2103 3637 ,Q—*W

106 3691 121 3719 (
135 3698 151 3714 u
165 3689 179 3718 2
195 3689 290 3714 Differt.
309 3687 338 3712 de
354 3688 448 3718 polypo
464 3692 577 3723 exlutero
592 3689 680 3717 egi-effu
695 3688 752 3723 thes.
772 3697 809 3714 ιο.
872 3688 884 3721 (
899 3699 914 3714 u
929 3689 937 3720 )
956 3690 1048 3715 Differt.
1066 3690 1097 3714 de
1113 3691 1217 3716 Muliere
1233 3688 1327 3720 gravida
1343 3689 1408 3718 lapsu
1422 3697 1474 3719 vag.
1490 3689 1552 3715 uteri
1569 3691 1591 3714 Se
1605 3693 1659 3714 caet.
1678 3690 1701 3721 §.
1717 3698 1752 3717 ιι.

107 3721 121 3749 (
133 3727 151 3751 y
166 3720 180 3748 )
196 3718 254 3753 ΟΜ.Δ
270 3719 338 3747 supra
353 3719 382 3742 ad
400 3726 425 3741 n.
442 3727 466 3747 4.
483 3724 526 3742 cit.
585 3720 600 3748 ζ
614 3727 632 3747 z
651 3721 658 3748 )
676 3720 773 3753 Dissert.
786 3721 815 3744 de
833 3721 928 3751 Polypo
945 3721 967 3744 8:
984 3726 1036 3745 caet.
1053 3720 1112 3745 ibid.
1129 3722 1171 3746 cit.
1183 3721 1241 3746 thes.
1258 3723 1281 3745 8.
1298 3721 1324 3744 in
1340 3720 1402 3744 fine.

109 3751 125 3779 ζ
140 3759 154 3774 a
173 3751 186 3778 )
202 3750 294 3773 Dislert.
310 3749 338 3772 de
355 3749 460 3777 Prolaps.
476 3751 498 3783 ὃς
516 3750 602 3773 Invers.
619 3751 706 3777 Uter-1,
724 3750 749 3774 in
768 3752 861 3775 Praefat.
924 3755 932 3780 (
950 3752 963 3775 b
978 3757 987 3779 >
1007 3753 1054 3775 IV.
1114 3752 1127 3780 (
1143 3760 1154 3776 c
1170 3753 1184 3781 )
1200 3755 1235 3776 De
1251 3750 1351 3775 Mulier.
1370 3752 1432 3780 Org.
1448 3758 1471 3775 c.
1488 3757 1526 3776 xo.
1588 3750 1597 3780 (
1613 3750 1629 3773 d
1648 3751 1656 3780 )
1672 3759 1693 3776 c.
1713 3759 1749 3776 ιο.

109 3781 118 3808 s
134 3781 169 3815 ².)
187 3779 245 3803 obs.
264 3779 330 3808 supra
346 3779 375 3803 ad
393 3787 415 3802 n.
430 3787 455 3807 4.
472 3784 514 3803 cit.
573 3781 587 3809 (
602 3778 645 3809 f)
661 3780 722 3805 Sest.
742 3781 785 3805 hac
801 3781 859 3806 Obs.
875 3784 899 3806 6.
959 3782 1004 3811 (g
1021 3782 1035 3809 )
1053 3781 1074 3811 §.
1095 3789 1132 3810 ²7.
1193 3783 1202 3812 (
1219 3783 1233 3805 h
1248 3782 1262 3810 )
1278 3781 1330 3805 Act.
1349 3780 1422 3805 Erud.
1439 3781 1504 3810 Lips.
1523 3781 1552 3804 A.
1573 3787 1579 3804 i
1603 3784 1636 3805 ¹6.
1654 3783 1693 3805 M.
1711 3781 1776 3811 Mai.

109 3808 124 3838 ζ
139 3818 147 3832 ι
164 3811 177 3838 )
194 3812 228 3833 De
246 3812 357 3833 Renunt.
375 3809 471 3834 Vulner.
489 3811 549 3843 Sest.
567 3819 589 3835 ².
608 3818 629 3833 c.
646 3819 667 3838 4.
685 3811 743 3836 vers.
761 3812 834 3836 finem
848 3829 854 3836 .
917 3812 930 3840 (
947 3811 962 3835 k
984 3814 991 3839 l
1008 3812 1100 3836 Differt.
1116 3811 1184 3841 supra
1200 3812 1230 3836 ad
1246 3820 1270 3835 n.
1289 3820 1311 3841 ς.
1329 3811 1369 3835 cit.
1388 3811 1412 3842 §.
1431 3819 1467 3841 13.
1530 3812 1544 3840 ί
1559 3810 1569 3835 Ι
1615 3817 1636 3836 c.
1653 3820 1692 3839 ιο.
1708 3812 1748 3838 cit.

106 3840 124 3868 ζ
139 3848 162 3865 m
176 3840 190 3869 2
205 3840 265 3866 obs.
283 3839 348 3870 supra
362 3839 392 3865 ad
408 3847 433 3866 n.
450 3848 475 3866 a..
491 3846 533 3866 cit.
595 3840 605 3871 (
621 3849 637 3865 η
653 3842 666 3870 )
682 3842 697 3866 l.
716 3850 739 3871 3-
800 3844 812 3870 ε
828 3850 840 3867 ο
855 3843 870 3872 )
885 3841 910 3867 in
926 3841 1050 3868 Additam.
1066 3842 1096 3868 ad
1113 3843 1175 3870 lianc.
1190 3841 1312 3873 Sepulchr.
1329 3841 1391 3869 Seft.
1407 3842 1467 3868 Obs.
1485 3849 1511 3873 ς,
