2498 4075
415 168 512 221 354
654 151 813 209 Liber
845 152 941 208 lV.
975 152 1060 207 De
1095 152 1306 208 Morbis
1340 140 1692 223 ChirurgiciS,
1724 156 1780 209 &
1814 154 2227 214 Universalibus'

346 230 559 274 permisissem
580 228 661 265 inde
683 231 864 272 graviffima
888 230 1136 273 symptomata,
1158 235 1190 268 &
1221 242 1362 270 mortem

347 275 533 320 accersivit,
668 274 802 310 Quaeres
825 273 983 314 fortasse,
1006 287 1073 317 quo
1107 284 1252 316 tempore
1284 288 1362 310 con-

345 318 468 353 tervere
490 315 772 359 incipiantsfracta
796 318 883 357 ossa,
907 320 937 351 δι
959 329 1026 360 quo
1050 318 1088 352 ad
1109 319 1286 361 perfeetum
1308 321 1360 353 in-

345 368 395 394 ter
419 360 448 394 se
471 361 628 395 coalitum
660 362 874 402 perveniant?
898 360 990 401 Res,
1013 363 1134 404 opinor
1159 386 1169 403 ,
1199 361 1359 405 ejusmodi

344 403 411 443 est,
436 413 471 438 ut
494 403 517 439 fi
540 404 700 439 rationem
723 404 899 445 spectemus
915 428 924 443 ‚
949 414 1008 446 pro
1040 412 1131 440 certo
1154 416 1291 449 nequeat
1323 408 1356 440 in

344 447 528 483 universum
551 446 702 481 definiri.
726 447 846 490 Neque
870 448 977 484 enim·‚
1001 457 1036 481 ut
1049 448 1200 491 gravidas
1225 449 1359 493 sepona-

342 501 413 525 mus
436 515 447 531 ,
486 491 521 524 in
544 489 664 532 quibus
687 490 896 524 consolidatae
920 490 1068 526 fraeturae
1092 492 1140 525 ibi
1165 493 1221 526 vix
1256 505 1358 527 unum

341 532 525 576 exemplum
547 534 706 575 legimus,
730 534 787 567 ubi
810 544 877 567 non
900 533 1109 569 consolidatae
1135 535 1225 578 plura
1257 536 1357 571 habe-

341 588 413 611 mus
436 581 448 616 (
471 585 493 611 x
515 580 547 617 )·,
570 587 697 619 neque,
719 577 877 621 inquam,
899 576 1119 613 consolidatio
1133 588 1201 613 tam
1223 581 1357 614 citoin-

338 621 439 662 cipiet
464 642 474 659 ‚
507 629 561 653 aut
584 619 772 662 perficietur
794 622 830 655 in
853 622 948 665 aegris
971 622 1185 663 corporibus,
1207 635 1306 666 quam
1321 626 1355 657 in

338 663 442 706 sanis,
466 674 568 707 neque
591 664 673 699 item
695 677 734 699 ex
758 664 840 699 sanis
865 666 933 708 pari
957 665 1123 700 celeritate
1146 668 1181 700 in
1206 667 1355 706 senibus,

337 718 373 741 ac
396 708 431 741 in
454 707 656 750 junioribus,
681 717 735 743 aut
766 709 801 742 in
823 709 862 741 iis
893 709 1047 743 omnibus
1070 710 1188 752 quibus
1212 719 1267 744 aut
1290 722 1356 745 non

339 751 450 785 eadem
474 751 616 784 fraetura
637 752 701 791 sit,
728 761 797 785 aut*
812 762 877 785 non
901 751 1011 786 eadem
1036 752 1226 787 adhibeatur
1240 766 1357 788 curan-

336 795 372 829 di
395 796 499 829 ratio.
525 794 597 828 Nec
620 806 697 829 vero
721 797 816 829 aliter
840 796 1039 838 experientia
1062 796 1157 830 docet
1182 819 1192 834 ,
1222 797 1245 830 fi
1270 800 1355 840 peri-

336 838 410 873 cula
432 849 503 881 quae
525 838 580 871 Cl.
607 838 777 873 Hamelius
801 840 856 881 (y
879 838 987 877 )fecit
1011 841 1045 873 in
1070 840 1174 874 brutis
1205 841 1354 875 animan-

336 881 448 922 tibus,
471 882 673 916 attendamus
689 906 697 916 .
727 882 883 926 Namque
905 884 941 917 in
957 894 1043 925 :egro
1056 884 1354 926 animaliquineto-

335 924 467 960 decimo
491 937 507 960 a
532 923 673 960 fraetura
695 925 747 959 die
768 926 912 966 callum,
937 937 1025 966 non,
1050 936 1088 960 ut
1112 929 1146 961 in
1178 928 1248 961 aliis
1282 930 1353 971 pari

338 979 356 1003 a
388 966 528 1003 fraistura
560 970 734 1003 intervallo
765 968 943 1012 perfeetum
977 972 987 1003 i
1036 972 1140 1011 enit,
1174 970 1226 1005 sed
1259 983 1351 1016 aeque

336 1011 568 1055 imperfecfftum
590 1024 626 1047 ac
659 1015 695 1047 in
718 1013 843 1051 altero,
867 1011 1090 1052 decinw'die3
1114 1023 1206 1048 erant
1243 1025 1351 1050 autem

334 1057 479 1101 juniores
501 1057 670 1096 columbi,
694 1059 727 1091 δε
748 1068 784 1090 os
807 1056 915 1096 idem,
939 1056 1191 1102 adeundemque
1216 1059 1350 1094 modum

336 1105 369 1136 &
392 1101 534 1134 fractum
557 1100 685 1142 fuerat,
706 1103 737 1134 &
761 1099 963 1143 repositum,
986 1104 1018 1134 δε
1040 1102 1247 1145 obligatum:
1273 1104 1364 1146 quit

335 1146 396 1180 bus
426 1146 515 1179 enim
549 1146 668 1179 aiecius
703 1144 889 1187 obligatum
911 1144 955 1178 est
978 1167 992 1185 ,
1020 1145 1086 1179 illis
1118 1155 1173 1181 aut
1204 1156 1351 1188 gangrae-

334 1201 377 1225 na
407 1201 506 1233 quam
529 1189 641 1223 Celsus
671 1191 683 1227 (
707 1199 732 1232 z
753 1191 764 1227 )
788 1200 827 1221 ex
846 1189 948 1222 nimia
971 1186 1179 1223 adstrifflone
1201 1192 1349 1230 praenun-

334 1236 402 1271 ciat
426 1260 436 1274 ,
469 1243 607 1268 mortem
631 1232 744 1266 attulit
768 1231 953 1274 priusquam
979 1242 1131 1273 apparere
1156 1231 1257 1274 posset
1279 1244 1350 1267 ear-

334 1279 490 1321 tilaginea
512 1276 586 1311 calli
610 1274 808 1315 firmitudO,
831 1284 868 1308 ut
899 1285 974 1316 quae
997 1285 1070 1308 ante
1081 1283 1238 1319 quartum
1260 1274 1349 1311 diem

334 1327 368 1359 in
392 1323 517 1356 caeteris
540 1318 761 1354 animadversa
787 1329 852 1352 non
877 1318 943 1359 est,
968 1327 1024 1352 aut
1045 1321 1059 1358 (
1082 1331 1100 1352 a
1124 1323 1136 1357 )
1160 1330 1200 1355 ne
1231 1320 1348 1354 οᾶανο

333 1366 468 1411 quidem
491 1365 542 1399 die
558 1385 570 1403 ,
596 1375 664 1407 quo
687 1363 722 1396 in
746 1361 818 1395 aliis
840 1360 899 1396 effe
930 1360 1034 1396 offeus
1065 1362 1164 1397 callus
1195 1363 1314 1406 incipit
1337 1385 1349 1402 ,

333 1413 440 1450 ullum
464 1407 595 1452 prorsus
618 1406 690 1445 calli
713 1405 849 1439 initium
874 1405 962 1444 suit,
988 1404 1041 1440 sed
1063 1408 1110 1441 ita
1133 1406 1164 1441 se
1187 1406 1349 1443 habebant

334 1456 447 1495 cuncta
461 1476 470 1491 ‚
494 1461 531 1490 ut
553 1452 576 1485 fi
602 1461 680 1485 tunc
704 1447 842 1484 fraetum
865 1461 901 1484 os
923 1448 1051 1483 fuisset.

379 1510 430 1541 29.
455 1497 537 1530 Haec
561 1505 667 1532 autem
691 1495 823 1533 omnia,
846 1501 884 1527 ut
909 1494 971 1527 alia
995 1494 1076 1527 bene
1092 1494 1194 1530 multa
1209 1518 1219 1534 ‚
1245 1494 1349 1538 expli-

333 1553 388 1583 cat
412 1543 477 1578 Vir
501 1536 825 1581 Experientiffimus,
846 1536 966 1571 callum
990 1547 1157 1579 repetens,
1182 1549 1246 1573 non
1271 1561 1281 1576 ‚
1318 1548 1353 1572 ut

336 1588 392 1625 aiii
416 1609 429 1627 ,
463 1583 503 1619 ab
525 1584 618 1618 oiseis
641 1580 731 1615 fibris
755 1579 786 1614 se
809 1580 1065 1622 producentibus
1080 1604 1088 1619 ,
1116 1592 1170 1616 aut
1202 1582 1242 1615 ab
1265 1580 1351 1617 osseo

333 1633 394 1677 qui
424 1629 465 1663 ab
487 1628 538 1662 his
573 1625 710 1669 quidem
741 1622 832 1657 fibris
855 1624 995 1658 destillet
1019 1647 1029 1663 ‚
1064 1625 1160 1660 succo
1184 1648 1196 1665 ‚
1228 1635 1286 1660 aut
1311 1626 1354 1659 ab

335 1673 439 1716 effuso
460 1696 472 1712 ,
505 1674 536 1705 δέ
570 1669 752 1705 adhaerente
776 1666 887 1701 fractis
917 1667 1036 1702 ossibus
1078 1670 1266 1712 sanguine5
1301 1668 1354 1703 sed

331 1722 425 1765 juxta
450 1715 599 1760 proprias
621 1712 875 1747 Observationes
886 1722 927 1744 ex
947 1711 1180 1747 intumescente
1194 1736 1204 1752 ,
1230 1712 1355 1746 &crai-

331 1765 413 1804 fiore
435 1759 524 1795 saeco
548 1757 586 1792 ad
610 1756 769 1792 fraeturas
795 1763 931 1788 externo
948 1778 958 1795 ‚
980 1757 1153 1789 internove
1175 1754 1353 1796 ‚periostim

332 1804 533 1846 laminasque
557 1801 626 1835 suas
650 1802 685 1834 in
707 1798 952 1840 cartilagineam
977 1799 1144 1841 primum,
1167 1798 1283 1832 deinde
1317 1800 1353 1833 in

332 1844 453 1889 osseam
476 1843 714 1881 firmitudinem
739 1851 907 1877 mutante.
931 1842 992 1877 Sed
1015 1841 1123 1877 dehac
1146 1842 1222 1876 calli
1245 1842 1353 1876 firmi-

334 1896 450 1934 tudine
472 1891 536 1926 sive
560 1887 662 1933 ipsam
685 1886 779 1931 juxta
803 1886 947 1920 laudatas
982 1886 1131 1920 Hamelii
1157 1912 1166 1926 ‚
1195 1884 1261 1919 five
1284 1896 1352 1920 ma-

334 1941 376 1979 lis
398 1936 572 1975 secundum
595 1933 731 1966 minime
754 1928 964 1973 negligendas
988 1929 1119 1964 Solertis
1142 1930 1222 1964 Viri
1245 1929 1352 1964 Deht-

333 1985 420 2023 jeeffl
444 1979 497 2026 (h
520 1983 533 2020 )
557 1976 814 2012 Observationes
849 1975 1032 2018 explicare3
1055 1973 1141 2009 haud
1165 1974 1258 2007 aliter
1281 1972 1352 2007 sen-

333 2028 486 2063 tiendum
510 2021 593 2063 else,
618 2031 685 2054 non
707 2018 896 2058 dubitabis,
921 2029 956 2051 ac
980 2018 1018 2053 de
1041 2019 1116 2053 calli
1150 2017 1252 2050 initio
1277 2039 1287 2056 ‚
1319 2020 1352 2051 &

332 2071 578 2114 complemento
602 2065 729 2099 dietum
753 2062 819 2102 est,
844 2072 958 2104 nempe
981 2073 1042 2105 pro
1055 2062 1176 2101 variis,
1198 2071 1271 2103 quae
1284 2071 1352 2095 me—

332 2125 468 2155 moratae
493 2113 588 2148 sunt,
612 2107 745 2150 aliisque
768 2104 931 2147 ejusmodi
943 2105 1210 2144 conditionibus,
1231 2105 1352 2146 quibus

333 2160 465 2202 10ngius
488 2165 643 2199 quoque,
669 2160 725 2185 aut
748 2150 876 2184 brevius
897 2160 936 2183 ex
954 2161 1022 2192 quo
1034 2149 1215 2191 completus
1229 2148 1351 2186 suerit,

334 2213 463 2247 tempus
488 2197 670 2233 addendum
694 2194 738 2228 est
753 2217 766 2234 ‚
790 2194 915 2236 magis,
938 2193 1087 2241 minusye
1118 2192 1351 2234 compaflum,

335 2259 392 2288 aut
414 2254 500 2282 certe
521 2242 660 2277 durum,
685 2238 880 2280 firmumque
904 2235 964 2271 esse
988 2237 1073 2280 poste
1097 2261 1104 2269 .
1139 2237 1183 2269 Et
1206 2235 1266 2270 hac
1289 2248 1350 2279 ego

335 2293 466 2332 ratione
490 2296 573 2332 puto
588 2307 599 2325 ,
624 2281 768 2317 adversas
791 2283 878 2314 inter
901 2280 931 2314 se
962 2281 1224 2314 Clarissimorum
1259 2291 1350 2315 com-

362 2336 482 2371 lurium
514 2332 678 2366 Virorum
702 2325 875 2360 sententias
908 2323 969 2358 effe
1003 2324 1243 2359 conciliandas.
1268 2325 1350 2359 Sunt

336 2351 425 2419 {nim
448 2378 506 2422 qui
529 2374 672 2409 scribant
697 2393 707 2409 ‚
740 2369 810 2412 pari
843 2367 1046 2403 firmitudine
1078 2366 1138 2402 ess'e
1170 2368 1291 2402 callum
1316 2379 1352 2401 ac

337 2423 463 2468 quaevis
495 2430 567 2465 pars
590 2416 681 2453 offis,
705 2415 795 2450 imo,
820 2410 843 2445 fi
870 2412 1034 2446 diametro
1057 2411 1096 2445 fit
1120 2434 1131 2449 ,
1164 2421 1201 2445 ut
1235 2411 1350 2459 saepe,

338 2471 438 2514 quam
459 2477 518 2503 os,
541 2461 682 2505 majori,
705 2468 766 2500 pro
789 2455 942 2490 diametri
967 2464 1142 2499 augmento
1174 2463 1268 2488 tanto
1292 2454 1352 2488 esse

337 2511 555 2550 robustiorem
579 2528 589 2545 ,
624 2504 722 2545 idque
745 2499 905 2542 sapienter
938 2499 998 2534 esse
1036 2497 1205 2542 provisum
1229 2521 1242 2538 ,
1273 2500 1352 2541 quia

337 2556 442 2594 {rafim
476 2550 542 2587 ossa
576 2559 652 2585 cum
675 2543 828 2579 rariffime
851 2542 1027 2577 secundum
1061 2542 1231 2585 pristinam
1263 2542 1353 2576 dire-

341 2602 488 2635 &ionem
511 2599 734 2637 reponantur,
757 2587 806 2620 ibi
830 2586 979 2630 alioquin
992 2597 1085 2619 novae
1108 2585 1259 2619 frauurae
1284 2596 1354 2618 rna..

364 2647 390 2678 is
412 2640 511 2676 essent
534 2631 702 2674 obnoxia,
725 2631 912 2673 ibidemque
933 2629 1066 2664 difficile
1086 2630 1206 2664 iterum
1230 2628 1354 2671 possent

339 2657 516 2723 {oalescere
539 2688 709 2726 propterea
740 2675 818 2719 quia
851 2673 953 2708 callus
985 2673 1145 2707 structura
1180 2681 1265 2707 caret
1299 2682 1354 2705 va-

339 2731 477 2768 sculari.
505 2727 589 2764 Quae
611 2732 647 2757 ut
672 2720 862 2763 seponamus
886 2728 958 2751 tum
981 2718 1058 2760 quia
1081 2716 1256 2751 secundum
1280 2716 1352 2749 Ha-

338 2775 433 2811 melii
468 2771 600 2815 quidem
632 2763 890 2799 Observationes
914 2771 980 2794 non
1004 2771 1042 2793 ex
1065 2758 1152 2799 offe,
1174 2771 1277 2809 neque
1311 2770 1352 2792 ex

338 2820 424 2855 callo
470 2815 520 2849 sed
544 2824 582 2847 ex
606 2808 784 2853 periostio,
809 2816 844 2841 ut
876 2804 1020 2838 diximus
1044 2827 1054 2844 ,
1087 2804 1189 2839 callus
1222 2803 1352 2837 videtur

338 2841 550 2906 repetgndus,
572 2865 644 2889 tum
666 2852 743 2896 quia
765 2861 830 2884 non
855 2848 1030 2898 ignobilis·
1047 2846 1234 2899 Chirurgus
1268 2846 1353 2896 affir—

341 2915 410 2941 mat
457 2903 561 2936 fracto
576 2900 683 2942 priore
704 2894 790 2929 cailo
803 2917 814 2934 ,
841 2894 977 2928 alterum
1001 2902 1100 2926 citius
1119 2902 1218 2935 quam
1240 2900 1352 2939 prior²

341 2928 479 2985 fornssari
494 2969 504 2986 ,
527 2941 673 2984 illudque
696 2950 797 2974 unum
820 2936 874 2972 hic
898 2935 1120 2975 attendamus,
1143 2935 1263 2970 callum
1285 2933 1353 2967 dici

340 3004 411 3029 non
435 2987 662 3024 minussaltem
684 2994 782 3026 quam
806 2992 843 3016 os
864 2980 969 3024 ipsum
983 3001 992 3017 ‚
1017 2979 1234 3018 resistentem,
1255 2977 1353 3012 &fir-

340 3045 456 3073 mum‚·
479 3033 552 3066 sunt
575 3038 664 3063 certe
686 3027 742 3061 alii
765 3029 797 3059 &
820 3034 931 3068 graves
954 3045 964 3061 ‚
995 3025 1027 3057 δι
1051 3023 1154 3065 plures
1177 3023 1256 3058 Viri
1291 3023 1351 3072 qui

340 3091 418 3116 cum
440 3078 498 3112 hac
524 3086 556 3108 re
580 3073 714 3107 minime
737 3067 976 3104 consentientia
1006 3074 1197 3110 proponunt
1220 3091 1229 3100 .
1261 3066 1351 3098 Vide

340 3125 457 3161 enim,
478 3128 514 3155 ut
536 3116 649 3151 Celsus
671 3118 685 3155 (
706 3126 723 3148 c
744 3117 759 3153 )
782 3112 820 3146 ad
853 3112 994 3145 nimium
1027 3111 1085 3154 qui
1117 3110 1235 3144 offibus
1267 3108 1352 3142 recte

342 3170 431 3202 inter
452 3165 483 3198 se
506 3161 677 3205 glutinatis
701 3157 946 3198 supervenerit,
969 3154 1088 3189 callum
1111 3152 1351 3188 extenuandum

342 3224 377 3246 ea
403 3209 488 3243 artui
513 3206 654 3240 exterius
676 3200 828 3236 adhibeat
851 3210 923 3241 quae
943 3221 956 3239 ,
979 3197 1001 3232 si
1025 3197 1109 3232 ossea
1131 3197 1253 3232 duritie
1276 3193 1351 3231 esset

341 3255 442 3291 callus
456 3274 466 3290 ‚
488 3249 645 3293 opitulari
668 3244 751 3280 nihil
776 3241 901 3286 possent
916 3266 926 3282 ,
948 3251 985 3277 ut
1009 3242 1092 3275 lenes
1115 3253 1154 3275 ex
1185 3241 1280 3282 oleo,
1302 3238 1353 3290 sa-

340 3301 395 3338 je,
418 3299 449 3329 &
473 3295 586 3331 nitro,
611 3289 786 3333 longasque
811 3285 976 3320 frifflones
999 3308 1010 3323 ,
1043 3285 1147 3319 multa
1177 3295 1218 3319 ex
1247 3283 1353 3318 calida

341 3339 418 3376 salsa
445 3350 524 3381 aqua
548 3336 694 3371 fomenta
710 3356 719 3372 ‚
746 3331 904 3373 malagma
928 3329 1016 3372 quod
1049 3328 1175 3371 digerat
1199 3352 1209 3379 2
1245 3331 1276 3361 &
1298 3326 1355 3361 ad-

341 3383 543 3424 strifflorem
566 3380 790 3422 alligationem
815 3401 823 3410 .
854 3375 924 3408 Aut
947 3373 969 3408 fi
999 3373 1069 3409 haec
1100 3370 1254 3416 profmffe
1287 3382 1353 3405 non

1413 241 1531 274 putas·‚
1555 232 1745 268 Hamelium
1765 234 1787 277 1(
1804 233 1824 266 d
1845 237 1858 274 )
1881 235 1966 277 leges
1991 234 2183 273 scribentem
2201 261 2211 277 ‚
2235 248 2324 282 aquae
2348 238 2420 273 stila

1412 275 1562 310 licidium
1584 288 1649 309 non
1675 276 1776 310 modo
1799 276 1838 311 ad
1860 278 1894 312 id
1906 278 2213 320 saepenumeroutile
2227 280 2338 320 fuisse,
2362 294 2419 317 ve-

1411 330 1485 352 rum
1508 321 1607 352 etiam
1634 318 1690 354 ubi
1713 321 1835 355 nimius
1857 321 1922 356 fuit
1945 320 2044 363 ipsius
2067 322 2161 359 usus,
2184 333 2417 369 nonnunquam

1410 362 1530 396 callum
1554 362 1633 396 adeo
1658 362 1850 405 molliviise,
1875 374 1911 399 ut
1933 364 1999 399 duo
2020 376 2092 408 quae
2115 367 2198 400 inter
2231 366 2262 401 se
2291 369 2420 404 coalue-

1409 415 1503 444 rant,
1525 405 1596 453 ossi-s
1620 416 1761 441 extrema
1785 418 1841 449 per
1863 407 1894 442 se
1917 410 2038 443 iterum
2062 408 2200 451 sejuncta
2231 411 2294 444 sint
2313 435 2325 444 ,.
2358 413 2419 448 Sed

1409 449 1532 483 fuerint
1552 450 1717 492 ,ejusmodi
1740 452 1816 485 calli
1839 461 1895 485 aut
1927 463 1993 485 non
2026 452 2072 485 ita
2096 464 2220 495 magnae
2243 452 2419 496 diametri,
2438 475 2441 477 ,

1410 502 1466 526 aut
1490 495 1587 527 nimis
1610 504 1772 534 recentes,
1793 503 1830 528 ut
1852 494 2013 531 bimestris
2037 495 2117 537 ille,
2141 499 2173 530 δε
2198 508 2313 539 parum
2334 500 2419 534 erni-

1407 547 1484 570 nens
1506 537 1542 569 in
1564 548 1658 571 crure
1681 536 1819 580 junioris
1840 540 1938 581 agni,
1960 539 2017 582 qui
2040 539 2139 574 callus
2164 552 2204 574 ex
2236 541 2420 586 interrupta

1407 580 1492 613 intra
1517 580 1614 622 paulo
1637 583 1742 615 acrius
1766 582 1918 617 lixivi-um
1940 582 2135 617 ebullitione
2145 584 2360 626 reglutinatus
2371 585 2420 620 est

1408 623 1495 665 apud
1518 624 1654 658 eundem
1678 624 1870 659 Hamelium
1889 627 1903 664 (
1927 636 1942 659 e
1963 629 1997 666 >3
2021 625 2255 668 insignic-erte,
2279 631 2310 661 δε
2325 639 2421 665 mon-

1407 666 1504 700 strosa
1528 668 1705 701 eminentia
1728 678 1821 703 erant
1845 669 1893 702 illi
1906 668 1995 708 duo,
2018 670 2178 708 minime,
2201 680 2237 704 ut
2261 671 2419 710 videtur,

1408 719 1550 744 recentes
1569 736 1578 752 ‚
1603 723 1685 754 quos
1708 722 1747 745 ex
1772 711 1940 746 Rolfincio
1953 713 2204 755 Sepulchretum
2227 712 2315 757 (f)
2337 727 2420 759 pro-

1408 756 1503 795 ponit
1526 756 1559 788 in
1583 754 1760 789 femoribus
1784 756 1949 796 cujusdam
1972 757 2156 794 cadaveris,
2179 769 2247 800 quo
2266 758 2331 799 posi
2343 770 2420 791 ana..

1407 805 1511 831 comen
1533 798 1617 831 cot'z‘o
1639 799 1678 830 ad
1692 798 1804 841 sceleti
1820 798 2010 838 strubiuram
2025 825 2034 841 ‚
2058 808 2185 843 uterque
2208 798 2247 834 ab
2280 801 2420 840 invicem

1403 839 1584 881 abscedebat
1606 840 1731 876 callus,
1754 843 1872 875 Praeter
1894 852 2024 878 caeteras
2049 853 2156 887 autem
2178 843 2276 886 digna
2291 843 2335 879 est
2346 856 2422 888 quae

1403 883 1460 917 hic
1484 892 1684 920 memoretur
1708 907 1718 923 ,
1750 885 1951 920 Observatio
1973 909 1985 926 ‚
2020 899 2036 921 a
2071 887 2214 930 spectato
2250 888 2420 931 Chirurgo

1404 938 1481 960 cum
1504 928 1698 962 Salzmanno
1721 929 1775 971 (g
1799 932 1809 968 )
1833 932 2075 965 communicata
2092 954 2100 962 .
2126 932 2236 968 Militi
2271 928 2420 966 fractura

1402 972 1493 1004 tibiae
1517 972 1604 1005 callo
1627 981 1695 1005 tam
1720 972 1816 1006 firmo
1841 972 1948 1007 sanata
1973 972 2043 1009 fuer
2054 984 2109 1012 at,
2134 984 2170 1007 ut
2193 973 2271 1008 huic
2295 976 2419 1016 pariter

1402 1026 1439 1049 ac
1463 1014 1557 1049 alteri
1589 1015 1755 1056 insistens,
1781 1016 1845 1051 fine
1869 1017 1937 1051 ullo
1965 1018 2182 1051 incommodo
2201 1017 2383 1052 ambularet
2405 1040 2416 1056 ,

1400 1069 1477 1093 cum
1501 1056 1586 1092 forte
1610 1059 1727 1093 ottavo
1751 1060 1823 1101 post
1848 1061 1952 1094 mense
1977 1071 2069 1095 acuta
2093 1061 2180 1095 febri
2214 1071 2382 1103 correptus
2403 1086 2417 1102 ,

1401 1102 1436 1134 in
1461 1101 1611 1145 idemque
1634 1103 1669 1136 in
1693 1113 1760 1145 quo
1784 1106 1872 1146 prius
1894 1105 2071 1144 cubuerat,
2095 1105 2337 1140 Nosocomium
2362 1104 2421 1139 de-

1402 1147 1505 1184 latus,
1529 1145 1606 1180 dum
1630 1147 1791 1180 consuetis
1815 1148 1963 1182 adversus
1986 1147 2106 1183 febrim
2135 1148 2289 1183 remediis
2326 1159 2421 1184 cura-

1400 1198 1480 1226 tur,
1500 1188 1757 1224 animadversum
1778 1191 1846 1229 est,
1870 1191 1959 1234 quasi
1993 1192 2077 1226 callo
2110 1203 2128 1225 a
2163 1191 2276 1226 febrili
2313 1193 2420 1228 calore

1400 1233 1514 1268 sensim
1536 1233 1732 1275 absumpt0‚
1755 1245 1900 1273 extrema
1926 1234 1998 1269 offis
2021 1246 2075 1279 per
2101 1235 2130 1269 se
2151 1236 2274 1271 iterum
2307 1235 2418 1279 sejun-

1399 1277 1449 1310 eta
1480 1275 1543 1311 esse
1578 1289 1586 1310 ι
1620 1288 1692 1321 quae
1725 1278 1884 1320 perstante
1916 1277 2034 1319 febri,
2067 1289 2143 1313 cum
2183 1281 2417 1323 ,conglutinare

1399 1331 1464 1353 non
1488 1319 1655 1357 licuisset,
1679 1331 1774 1359 mox,
1800 1322 1924 1356 sublata
1947 1321 2031 1356 febri
2051 1347 2060 1363 ‚
2084 1334 2101 1355 a
2124 1332 2239 1357 natura
2263 1322 2330 1366 ipsa
2354 1322 2419 1355 line

1399 1375 1519 1406 magno
1542 1365 1593 1398 vel
1619 1364 1953 1406 medicamentorum,
1977 1367 2027 1400 vel
2051 1365 2223 1409 fasciarum
2237 1375 2393 1409 apparatu
2408 1388 2419 1403 ,

1400 1408 1487 1442 tibia
1511 1409 1546 1441 in
1570 1408 1736 1451 integrum
1761 1409 1906 1444 restituta
1929 1409 1994 1444 est.
2021 1410 2173 1452 Denique
2210 1411 2286 1445 calli
2320 1408 2420 1452 ipsius

1399 1462 1572 1494 compages
1605 1452 1639 1484 in
1662 1451 1844 1487 demortuis
1866 1451 2030 1496 inspefiia,
2056 1454 2232 1495 aliquando
2257 1451 2420 1496 ejusmodi

1400 1495 1465 1534 est,
1490 1506 1524 1528 ut
1547 1498 1696 1537 quamvis
1717 1495 1882 1531 diametro
1906 1496 2013 1531 multo
2037 1497 2200 1539 amplior,
2225 1506 2334 1531 tamen
2347 1496 2421 1529 lon-

1401 1550 1441 1581 ge
1465 1537 1614 1581 fragilior
1644 1550 1742 1581 quam
1767 1551 1803 1574 os
1826 1541 1878 1574 cui
1904 1541 2064 1581 accrevit,
2089 1543 2275 1576 inveniatur
2299 1565 2308 1572 .
2342 1539 2419 1573 Ne-

1403 1593 1468 1625 que
1492 1583 1578 1616 enim
1600 1593 1639 1615 ex
1661 1583 1745 1617 duro
1767 1582 1853 1623 osse,
1879 1583 1931 1619 sed
1953 1595 1992 1617 ex
2015 1583 2187 1627 spongiosa
2202 1610 2212 1623 ,
2234 1584 2341 1627 qualis
2364 1584 2418 1616 in-

1404 1635 1454 1658 ter
1477 1625 1555 1660 duas
1577 1626 1679 1659 cranii
1692 1625 1845 1665 laminas,
1870 1628 2043 1662 substantia
2055 1627 2119 1661 est.
2144 1627 2420 1671 Cujusmodical-

1405 1669 1475 1703 lum
1497 1672 1530 1702 in
1553 1670 1706 1711 gallinae,
1731 1672 1763 1703 &
1787 1672 1892 1705 anatis
1916 1672 1963 1705 ala
1985 1670 2193 1712 describens,
2217 1669 2420 1714 pingensque

1404 1712 1593 1754 Ruyschius
1615 1717 1626 1752 (
1650 1712 1670 1746 h
1692 1716 1727 1752 )‚
1749 1714 1783 1747 id
1807 1714 1973 1757 aliquoties
1996 1714 2029 1747 in
2061 1714 2181 1748 homine
2214 1725 2332 1757 quoque
2364 1713 2420 1746 ob—

1398 1754 1534 1800 servaffe
1560 1756 1611 1795 se,
1635 1756 1718 1790 dicit
1743 1767 1751 1788 τ
1783 1757 1830 1790 ica
1851 1766 1887 1790 ur
1905 1757 1993 1791 <haud
2015 1759 2111 1791 nimis
2129 1755 2288 1799 fidendum
2303 1756 2349 1799 fit
2373 1758 2418 1790 iis

1404 1800 1460 1840 qui
1495 1806 1683 1839 autumant,
1698 1796 1919 1841 frablurarum
1941 1800 2057 1834 callum
2085 1799 2208 1843 semper
2238 1807 2339 1833 ,tantae
2362 1797 2419 1842 effe

1397 1840 1592 1884 firmitatis,
1611 1851 1652 1877 ut
1674 1841 1734 1887 offa
1757 1843 1833 1877 olim
1858 1842 1968 1887 fracta
1990 1865 2005 1881 v‚
2036 1845 2080 1878 ef?-
2104 1841 2347 1887 ferruminara,
2373 1843 2422 1876 ci-

1401 1885 1470 1918 tias
1490 1887 1505 1924 (
1520 1885 1548 1928 fi
1572 1888 1668 1920 denuo
1692 1886 1874 1933 frac‘turam
1892 1888 2062 1931 patiantur
2084 1891 2100 1927 )
2122 1887 2168 1928 irc
2186 1885 2252 1920 loco
2282 1885 2388 1920 vicino
2410 1907 2425 1925 ,

1403 1938 1495 1970 quam
1518 1931 1551 1962 in
1583 1929 1665 1964 diuo
1700 1929 1780 1964 callo
1795 1927 2010 1973 frangantur:
2037 1932 2118 1973 quin
2141 1931 2238 1965 etiarn
2262 1929 2338 1963 inde
2359 1926 2424 1962 effe

1402 1983 1470 2005 non
1493 1972 1645 2014 dubitat,
1668 1972 1759 2017 quod
1784 1974 1887 2016 aliqui
1907 1974 1973 2015 posi
1995 1973 2100 2016 offium
2112 1973 2291 2019 srac'c'orum
2314 1971 2423 2007 ferru-

1403 2017 1621 2050 minationem
1644 2016 1808 2051 facillimo
1831 2018 1985 2060 negotio,
2005 2021 2077 2051 imo
2100 2016 2303 2056 incedendo,
2325 2016 2361 2049 in
2372 2027 2424 2049 re-

1403 2058 1549 2093 cidivam
1572 2059 1713 2094 incidant
1736 2085 1746 2094 .
1779 2060 1945 2094 Caeterum
1968 2060 1991 2094 fi
2017 2061 2110 2102 plura
2147 2060 2294 2102 exempla
2329 2061 2422 2102 cupis

1403 2102 1584 2137 observatae.
1604 2104 1763 2138 callorum
1787 2103 1977 2142 strueturae,
2001 2106 2032 2137 δι
2057 2104 2146 2137 mirae
2170 2103 2423 2138 interdumlon-

1403 2147 1585 2188 gitudini53
1609 2148 1687 2187 vix,
1710 2146 1829 2185 credo,
1852 2146 1969 2190 majori
1993 2159 2131 2182 numero
2156 2146 2240 2189 apud
2260 2147 2345 2182 ¹alios
2367 2147 2421 2180 in·-

1403 2191 1534 2230 venies,
1558 2203 1656 2234 quam
1682 2190 1766 2234 apud
1790 2191 1910 2226 Erudit
1924 2215 1932 2224 .
1953 2192 2009 2236 Jo.
2030 2191 2177 2225 Beniam‚
2203 2188 2424 2225 Boehmerum

1401 2238 1415 2274 (
1439 2234 1451 2267 i
1475 2238 1504 2274 )-
1531 2235 1642 2271 Quem
1667 2246 1838 2269 numerum
1852 2258 1863 2276 ‚
1885 2244 1991 2276 puto,
2012 2245 2128 2278 augere
2161 2236 2307 2277 poteris,
2329 2234 2421 2278 quod

1402 2277 1441 2312 ad
1463 2276 1652 2313 strueturam
1677 2280 1796 2313 attinet
1821 2289 1831 2320 ς
1870 2278 2111 2312 Observatione
2135 2279 2192 2312 Cl.
2228 2278 2309 2312 Viri
2341 2277 2423 2312 Ale-

1402 2321 1518 2355 xandri
1542 2324 1726 2357 Camerarii
1750 2327 1763 2363 (
1786 2322 1804 2362 l<
1825 2327 1838 2362 )
1861 2323 1894 2354 in
1919 2324 2012 2365 pueri
2038 2322 2184 2360 semore3
2207 2322 2299 2365 quod
2340 2332 2421 2355 vero

1402 2365 1442 2400 ad
1466 2366 1727 2408 longitudinem,
1753 2365 1900 2409 exemplo
1912 2366 2131 2410 propositoab
2144 2366 2196 2411 Jo.
2219 2365 2348 2409 Jacobo
2360 2365 2423 2399 Ba.

1401 2409 1471 2450 jero
1495 2413 1508 2449 (
1530 2409 1543 2443 l
1559 2409 1577 2451 >
1600 2411 1633 2443 in
1659 2411 1822 2444 molitoris
1846 2410 1978 2443 maxilla
2001 2408 2159 2444 inferiore
2183 2416 2314 2443 amento
2324 2407 2424 2452 usque*

1401 2453 1443 2486 ad
1464 2453 1600 2487 medium
1623 2454 1724 2489 trium
1747 2454 1873 2488 circiter
1896 2454 2061 2487 unciarum
2092 2451 2322 2494 amplitudine.
2376 2479 2378 2483 .

1447 2506 1502 2539 30.
1524 2496 1626 2531 Nunc
1649 2507 1686 2531 ut
1710 2497 1749 2531 ab
1772 2498 1812 2530 iis
1835 2508 1906 2539 quae
1931 2495 2040 2533 fraetis
2073 2496 2192 2531 offibus
2212 2505 2283 2529 >non
2316 2494 2420 2530 cruris

1402 2547 1534 2573 tantum
1549 2563 1558 2576 ‚
1583 2540 1634 2575 sed
1658 2544 1689 2575 &
1713 2541 1785 2575 aliis
1809 2541 1962 2575 accidunt
1987 2561 1999 2579 ,
2030 2540 2070 2575 ad
2094 2540 2268 2583 peculiares
2300 2547 2417 2573 eorum

1400 2581 1563 2618 frasturas
1587 2584 1734 2618 redeam:
1760 2596 1878 2623 unam,
1903 2584 1954 2618 sed
1977 2595 2084 2618 rarum
2107 2581 2277 2630 quidpiam
2301 2590 2420 2626 praete-

1403 2636 1458 2661 rea
1481 2628 1706 2662 continentem
1720 2651 1729 2666 ,
1752 2628 2026 2662 Observationem
2050 2627 2240 2668 subjiciam.

1449 2681 1502 2714 31.
1527 2671 1680 2715 SENEX
1704 2670 1842 2706 rusticus
1876 2671 2052 2713 pinguior,
2075 2670 2155 2704 dum
2185 2671 2290 2705 vitem
2323 2677 2420 2712 puta-

1402 2723 1453 2750 ret
1475 2736 1486 2754 ‚
1519 2726 1559 2749 ex
1581 2715 1696 2750 arbore
1729 2716 1765 2749 in
1790 2715 1882 2758 pedes
1904 2713 2089 2755 ceciderat,
2110 2716 2221 2747 &crus
2243 2713 2419 2748 dexterum

1403 2761 1452 2794 ita
1475 2757 1640 2802 fregerat,
1664 2768 1702 2793 ut
1724 2755 1790 2793 offa
1822 2770 1878 2801 per
1901 2757 2017 2792 vulnus
2039 2757 2129 2800 quod
2150 2757 2218 2797 ipsa
2244 2757 2385 2792 fecerant
2404 2778 2416 2795 ,

1406 2803 1448 2837 ab
1470 2803 1571 2837 latere
1592 2804 1723 2837 interno
1747 2803 1845 2844 paulo
1869 2801 1962 2844 supra
1978 2800 2100 2844 *pedem
2122 2801 2300 2835 exstarent.
2326 2800 2416 2838 His,

1405 2857 1572 2890 utcunque
1595 2855 1794 2889 potuerunt,
1819 2845 1966 2888 repositis
1978 2857 1998 2885 ,·
2013 2845 2180 2878 hominem
2204 2846 2239 2878 in
2265 2843 2419 2884 Urbem,

1403 2893 1435 2925 &
1460 2889 1700 2924 Nosocomium
1723 2897 1880 2923 vexerunt
1903 2887 2025 2931 frigido
2050 2888 2125 2921 anni
2157 2897 2323 2931 tempores
2347 2897 2418 2922 erat

1402 2935 1492 2968 enim
1516 2932 1640 2968 medius
1663 2935 1796 2968 circiter
1819 2933 2013 2970 Februarius
2025 2930 2138 2966 mensis
2162 2934 2206 2967 A.
2235 2934 2330 2974 1736.
2345 2931 2417 2964 Ita-

1402 2989 1468 3021 que
1489 2978 1567 3012 coeli
1588 2980 1689 3012 etiam
1707 2976 1842 3020 injuriis*
1859 2976 2083 3011 accedentibus
2097 2997 2106 3014 ‚
2133 2975 2251 3010 servari
2274 2983 2340 3008 non
2354 2984 2418 3016 po-

1403 3022 1471 3055 tuit
1485 3043 1494 3060 ‚
1516 3021 1728 3065 mortuusque
1750 3021 1795 3055 est
1818 3022 1903 3054 intra
1926 3029 2081 3062 quartum
2104 3030 2120 3051 a
2144 3019 2283 3053 frafiura
2305 3016 2416 3052 diem.

1404 3064 1473 3099 Etsi
1498 3067 1660 3100 Anatome
1683 3076 1781 3108 quam
1802 3066 1836 3098 in
1858 3064 2041 3105 Gymnaiio
2052 3073 2131 3109 tunc
2143 3062 2299 3097 habebam
2313 3085 2324 3102 ,
2347 3061 2416 3103 spe-

1404 3109 1513 3143 §tabat
1535 3108 1574 3143 ad
1598 3108 1719 3146 finem3
1742 3118 1849 3142 tamen
1873 3108 2015 3141 oblatam
2037 3106 2227 3149 hujusmodi
2250 3105 2415 3139 cadaveris

1401 3153 1523 3187 viscera
1547 3152 1792 3195 perscrutandi,
1816 3162 2004 3194 aegrumque
2029 3161 2135 3185 artum
2165 3148 2417 3191 introspiciendi

1402 3195 1594 3232 facultatem
1617 3197 1781 3239 negligere
1803 3196 1918 3229 nolui.
1943 3197 1980 3228 In
2002 3194 2121 3238 quibus
2144 3195 2212 3228 haec
2224 3201 2342 3237 praeter
2360 3203 2426 3226 na.-

1404 3250 1486 3275 turae
1532 3239 1666 3275 modum
1698 3239 1934 3273 animadverti.
2070 3236 2313 3273 ABDOMEN
2356 3247 2417 3278 po-

1403 3284 1515 3318 stridie
1539 3286 1652 3318 mortis
1675 3281 1920 3319 subtumidum‚
1945 3291 2010 3316 non
2022 3282 2119 3316 aliam
2143 3291 2249 3315 tamen
2268 3279 2314 3313 ob
2336 3290 2415 3312 cau-

1406 3327 1495 3366 sam,
1520 3327 1579 3362 nifi
1609 3326 1698 3371 quod
1731 3337 1806 3366 aer,
1828 3326 1986 3361 intestinis
2016 3323 2159 3361 inclusus
2182 3348 2194 3365 ,
2228 3323 2296 3358 haec
2325 3333 2418 3365 quo-

1405 3382 1469 3415 que
1521 3371 1706 3407 subtumida
1758 3368 1899 3405 faciebat
1927 3393 1946 3411 ,
1975 3381 2051 3406 cum
2104 3367 2244 3403 incisum
2288 3365 2365 3401 esset
2399 3387 2415 3404 ,

2272 3419 2370 3453 atque

356 3524 2411 3559 ΝΜ

401 3628 411 3655 s
429 3636 443 3652 a·
463 3629 470 3658 )
486 3627 550 3656 Eph.
564 3628 597 3650 N.
615 3626 645 3651 C.
661 3626 719 3649 Dee.
736 3630 760 3649 ῐ.
775 3624 808 3648 Α.
824 3628 847 3648 r.
866 3621 926 3647 Obs.
946 3629 985 3651 ις.
1004 3628 1060 3646 cum
1077 3618 1176 3654 Scholia
1191 3635 1198 3643 .
1298 3648 1303 3652 ”
1503 3647 1509 3651 ,
1627 3646 1632 3650 ι

400 3659 415 3686 (
431 3667 449 3686 z
465 3659 478 3686 )
494 3666 515 3682 c.
535 3666 573 3682 ιο.
592 3657 637 3681 cit.
653 3658 676 3680 S.
694 3663 714 3680 1.
775 3655 791 3686 (
807 3663 821 3678 a
839 3654 848 3683 )
868 3655 944 3678 Mem.
961 3659 983 3676 2.
1045 3652 1058 3681 (
1075 3650 1089 3674 b
1104 3652 1119 3681 )
1137 3650 1233 3675 Dxffert.
1249 3648 1332 3673 exhib.
1350 3648 1434 3672 ossium
1451 3650 1510 3672 :2111
1527 3653 1709 3677 generationem
1725 3648 1769 3671 Sec.

400 3688 409 3716 (
428 3689 443 3712 d
458 3689 472 3716 )
489 3690 567 3712 Mem.
584 3695 607 3710 2.
625 3686 669 3711 cit.
732 3687 747 3716 (
761 3693 774 3709 e
790 3685 804 3714 )
822 3684 886 3709 ibid.
948 3681 1011 3715 (ff)
1029 3682 1089 3707 Sest.
1108 3683 1152 3706 hac
1169 3690 1191 3710 ς.
1209 3679 1268 3705 Obs.
1289 3686 1309 3703 1.
1329 3677 1353 3708 §.
1370 3680 1392 3703 8.

403 3717 446 3748 (g
463 3722 472 3743 )
490 3718 583 3742 Differt.
600 3719 629 3741 de
647 3716 724 3741 Attio.
742 3718 838 3744 analag.
856 3716 901 3740 Ere.
918 3721 940 3738 e.
957 3721 978 3737 ι.
998 3712 1023 3742 §.
1040 3721 1062 3740 7.
1126 3713 1141 3741 (
1158 3711 1172 3735 h
1186 3711 1201 3740 )
1216 3709 1289 3735 Thes.
1307 3711 1381 3735 Anat.
1398 3711 1420 3733 8.
1437 3716 1464 3733 n.
1480 3716 1519 3738 49.
1537 3708 1561 3733 8:
1575 3706 1641 3733 Τὼ.

402 3750 411 3778 (
431 3749 441 3771 i
458 3748 471 3775 )
488 3747 582 3771 nissen.
600 3747 628 3772 de
645 3747 740 3771 offium
756 3746 845 3771 Callo.
908 3746 921 3775 ζ
936 3743 954 3769 k
968 3743 983 3773 )
999 3742 1053 3770 Ast·
1072 3745 1105 3768 N·
1123 3744 1152 3769 C.
1168 3744 1246 3769 Tum·
1266 3747 1286 3767 Ι.
1301 3739 1363 3765 Obs·
1384 3747 1420 3772 53.
1436 3739 1494 3767 Vers-
1512 3738 1556 3765 fin·

401 3779 418 3809 ζ
434 3779 443 3804 ι
458 3778 472 3807 )
489 3777 551 3808 Eph.
568 3779 604 3802 N.
621 3779 653 3802 C.
673 3779 743 3802 Cent.
760 3786 784 3808 7.
800 3775 858 3804 Obs.
874 3783 901 3806 4«

1262 3619 1273 3642 f
1288 3624 1303 3647 r
1317 3617 1332 3645 )
1350 3616 1468 3642 Memoir.
1485 3616 1514 3641 de
1530 3615 1547 3640 l'
1565 3615 1637 3642 acad.
1654 3616 1686 3639 R.
1703 3615 1744 3639 des
1761 3615 1799 3640 Sc.
1818 3616 1850 3641 A.
1867 3622 1936 3646 ¹74¹·
1953 3615 2033 3639 Mem.
2052 3608 2077 3640 i.

1834 3647 1843 3675 (
1859 3654 1870 3670 c
1886 3647 1899 3675 )
1917 3646 1941 3670 in
1958 3645 2006 3670 fine
2023 3653 2049 3670 e.
2066 3652 2107 3671 ιο.
2124 3644 2196 3675 paulo
2211 3646 2268 3668 ante
2283 3640 2331 3667 cit.

1658 3714 1684 3738 3.
1701 3706 1751 3738 Fig.
1769 3715 1791 3738 ς.
1801 3707 1825 3734 δε
1839 3706 1953 3737 eatalog.
1970 3706 2067 3732 Rarior.
2079 3705 2161 3733 Theca
2171 3707 2199 3732 B.
2209 3701 2294 3735 Repos.
2305 3707 2331 3727 ²⁹
2353 3710 2376 3729 n,
2385 3710 2409 3729 82
