<?xml version="1.0" encoding="UTF-8"?>
<!DOCTYPE html PUBLIC "-//W3C//DTD XHTML 1.0 Transitional//EN"
    "http://www.w3.org/TR/xhtml1/DTD/xhtml1-transitional.dtd">
<html xmlns="http://www.w3.org/1999/xhtml" xml:lang="en" lang="en">
 <head>
  <title>
</title>
<meta http-equiv="Content-Type" content="text/html;charset=utf-8" />
  <meta name='ocr-system' content='tesseract 3.04.00' />
  <meta name='ocr-capabilities' content='ocr_page ocr_carea ocr_par ocr_line ocrx_word'/>
</head>
<body>
  <div class='ocr_page' id='page_1' title='image "./desedibusetcausi00morg_0469.png"; bbox 0 0 2498 4075; ppageno 0'>
   <div class='ocr_carea' id='block_1_1' title="bbox 378 221 1797 293">
    <p class='ocr_par' dir='ltr' id='par_1_1' title="bbox 378 221 1797 293">
     <span class='ocr_line' id='line_1_1' title="bbox 378 221 1797 293; baseline -0.002 -13"><span class='ocrx_word' id='word_1_1' title='bbox 378 225 531 293; x_wconf 84' lang='lat' dir='ltr'>Epist.</span> <span class='ocrx_word' id='word_1_2' title='bbox 569 223 729 277; x_wconf 85' lang='lat' dir='ltr'>Anat.</span> <span class='ocrx_word' id='word_1_3' title='bbox 765 221 981 280; x_wconf 82' lang='lat' dir='ltr'>Medica</span> <span class='ocrx_word' id='word_1_4' title='bbox 1017 221 1279 278; x_wconf 71' lang='lat' dir='ltr'>XXXVI„</span> <span class='ocrx_word' id='word_1_5' title='bbox 1312 221 1431 276; x_wconf 89' lang='lat' dir='ltr'>Art.</span> <span class='ocrx_word' id='word_1_6' title='bbox 1452 226 1625 289; x_wconf 83' lang='lat'><strong>25.26.</strong></span> <span class='ocrx_word' id='word_1_7' title='bbox 1647 226 1700 278; x_wconf 70' lang='grc' dir='ltr'>ὅ(</span> <span class='ocrx_word' id='word_1_8' title='bbox 1721 223 1797 288; x_wconf 86' lang='lat'>27&#39;.</span> 
     </span>
    </p>
   </div>
   <div class='ocr_carea' id='block_1_2' title="bbox 76 302 1105 3609">
    <p class='ocr_par' dir='ltr' id='par_1_2' title="bbox 107 302 1105 435">
     <span class='ocr_line' id='line_1_2' title="bbox 110 302 1105 351; baseline 0.004 -15"><span class='ocrx_word' id='word_1_9' title='bbox 110 311 182 344; x_wconf 82' lang='lat' dir='ltr'>pter</span> <span class='ocrx_word' id='word_1_10' title='bbox 203 302 269 348; x_wconf 80' lang='lat' dir='ltr'>ejus</span> <span class='ocrx_word' id='word_1_11' title='bbox 291 305 415 349; x_wconf 88' lang='lat' dir='ltr'>pondus</span> <span class='ocrx_word' id='word_1_12' title='bbox 437 333 446 347; x_wconf 93' lang='lat'>,</span> <span class='ocrx_word' id='word_1_13' title='bbox 478 305 582 348; x_wconf 80' lang='lat' dir='ltr'>dignae</span> <span class='ocrx_word' id='word_1_14' title='bbox 606 304 677 339; x_wconf 89' lang='lat' dir='ltr'>sunt</span> <span class='ocrx_word' id='word_1_15' title='bbox 701 304 787 351; x_wconf 55' lang='lat' dir='ltr'>leffitu</span> <span class='ocrx_word' id='word_1_16' title='bbox 807 327 820 345; x_wconf 89' lang='lat'>‚</span> <span class='ocrx_word' id='word_1_17' title='bbox 853 317 869 338; x_wconf 88' lang='lat' dir='ltr'>a</span> <span class='ocrx_word' id='word_1_18' title='bbox 901 306 955 340; x_wconf 90' lang='lat' dir='ltr'>Cl.</span> <span class='ocrx_word' id='word_1_19' title='bbox 988 305 1105 343; x_wconf 87' lang='lat' dir='ltr'>Rostio</span> 
     </span>
     <span class='ocr_line' id='line_1_3' title="bbox 109 345 1104 393; baseline -0.002 -8"><span class='ocrx_word' id='word_1_20' title='bbox 109 345 217 389; x_wconf 85' lang='lat' dir='ltr'><strong><em>(f),</em></strong></span> <span class='ocrx_word' id='word_1_21' title='bbox 243 351 273 380; x_wconf 89' lang='lat'>&amp;</span> <span class='ocrx_word' id='word_1_22' title='bbox 296 350 501 383; x_wconf 86' lang='lat' dir='ltr'>Usenbenzio</span> <span class='ocrx_word' id='word_1_23' title='bbox 524 351 610 391; x_wconf 83' lang='lat' dir='ltr'>(g)</span> <span class='ocrx_word' id='word_1_24' title='bbox 633 348 823 393; x_wconf 73' lang='lat' dir='ltr'>propolitae.</span> <span class='ocrx_word' id='word_1_25' title='bbox 849 348 912 382; x_wconf 88' lang='lat' dir='ltr'>His</span> <span class='ocrx_word' id='word_1_26' title='bbox 935 359 1024 393; x_wconf 87' lang='lat' dir='ltr'>potes</span> <span class='ocrx_word' id='word_1_27' title='bbox 1036 360 1104 386; x_wconf 86' lang='lat' dir='ltr'>eam</span> 
     </span>
     <span class='ocr_line' id='line_1_4' title="bbox 107 390 880 435; baseline 0.001 -13"><span class='ocrx_word' id='word_1_28' title='bbox 107 401 235 433; x_wconf 88' lang='lat' dir='ltr'>quoque</span> <span class='ocrx_word' id='word_1_29' title='bbox 260 393 489 435; x_wconf 71' lang='lat' dir='ltr'>adderequarn</span> <span class='ocrx_word' id='word_1_30' title='bbox 512 393 669 426; x_wconf 89' lang='lat' dir='ltr'>continuo</span> <span class='ocrx_word' id='word_1_31' title='bbox 693 390 880 432; x_wconf 70' lang='lat' dir='ltr'>subjiciam..</span> 
     </span>
    </p>

    <p class='ocr_par' dir='ltr' id='par_1_3' title="bbox 76 434 1105 3609">
     <span class='ocr_line' id='line_1_5' title="bbox 151 434 1105 478; baseline 0.003 -13"><span class='ocrx_word' id='word_1_32' title='bbox 151 443 201 474; x_wconf 84' lang='lat'>25.</span> <span class='ocrx_word' id='word_1_33' title='bbox 227 434 436 478; x_wconf 85' lang='lat' dir='ltr'>BAJULUS</span> <span class='ocrx_word' id='word_1_34' title='bbox 459 434 679 475; x_wconf 77' lang='lat' dir='ltr'>consistentis,</span> <span class='ocrx_word' id='word_1_35' title='bbox 704 443 739 467; x_wconf 89' lang='lat' dir='ltr'>ut</span> <span class='ocrx_word' id='word_1_36' title='bbox 762 434 952 475; x_wconf 87' lang='lat' dir='ltr'>videbatur,</span> <span class='ocrx_word' id='word_1_37' title='bbox 974 435 1105 477; x_wconf 62' lang='lat' dir='ltr'>aetatis,</span> 
     </span>
     <span class='ocr_line' id='line_1_6' title="bbox 105 476 1105 520; baseline 0.004 -13"><span class='ocrx_word' id='word_1_38' title='bbox 105 476 197 509; x_wconf 88' lang='lat' dir='ltr'>nullo</span> <span class='ocrx_word' id='word_1_39' title='bbox 221 490 362 520; x_wconf 85' lang='lat' dir='ltr'>unquam</span> <span class='ocrx_word' id='word_1_40' title='bbox 384 488 521 512; x_wconf 89' lang='lat' dir='ltr'>tentatus</span> <span class='ocrx_word' id='word_1_41' title='bbox 546 477 660 511; x_wconf 89' lang='lat' dir='ltr'>morbo</span> <span class='ocrx_word' id='word_1_42' title='bbox 684 498 694 514; x_wconf 88' lang='lat'>‚</span> <span class='ocrx_word' id='word_1_43' title='bbox 730 477 808 511; x_wconf 90' lang='lat' dir='ltr'>dum</span> <span class='ocrx_word' id='word_1_44' title='bbox 829 479 956 520; x_wconf 82' lang='lat' dir='ltr'>gravius</span> <span class='ocrx_word' id='word_1_45' title='bbox 981 478 1105 512; x_wconf 90' lang='lat' dir='ltr'>attollit</span> 
     </span>
     <span class='ocr_line' id='line_1_7' title="bbox 105 521 1104 562; baseline 0.003 -11"><span class='ocrx_word' id='word_1_46' title='bbox 105 529 209 558; x_wconf 89' lang='lat' dir='ltr'>onus,</span> <span class='ocrx_word' id='word_1_47' title='bbox 234 522 323 556; x_wconf 93' lang='lat' dir='ltr'>illico</span> <span class='ocrx_word' id='word_1_48' title='bbox 347 533 410 557; x_wconf 91' lang='lat' dir='ltr'>non</span> <span class='ocrx_word' id='word_1_49' title='bbox 435 524 535 556; x_wconf 86' lang='lat' dir='ltr'>levem</span> <span class='ocrx_word' id='word_1_50' title='bbox 560 521 597 557; x_wconf 91' lang='lat' dir='ltr'>ad</span> <span class='ocrx_word' id='word_1_51' title='bbox 620 521 749 558; x_wconf 88' lang='lat' dir='ltr'>lumbos</span> <span class='ocrx_word' id='word_1_52' title='bbox 775 522 949 555; x_wconf 86' lang='lat' dir='ltr'>molestiam</span> <span class='ocrx_word' id='word_1_53' title='bbox 973 521 1069 556; x_wconf 87' lang='lat' dir='ltr'>sentit</span> <span class='ocrx_word' id='word_1_54' title='bbox 1091 544 1104 562; x_wconf 87' lang='lat'>‚</span> 
     </span>
     <span class='ocr_line' id='line_1_8' title="bbox 95 564 1104 606; baseline 0 -9"><span class='ocrx_word' id='word_1_55' title='bbox 95 574 176 605; x_wconf 78' lang='lat' dir='ltr'>quae</span> <span class='ocrx_word' id='word_1_56' title='bbox 200 574 276 599; x_wconf 89' lang='lat' dir='ltr'>tunc</span> <span class='ocrx_word' id='word_1_57' title='bbox 300 566 433 600; x_wconf 85' lang='lat' dir='ltr'>biduum</span> <span class='ocrx_word' id='word_1_58' title='bbox 462 565 578 599; x_wconf 87' lang='lat' dir='ltr'>cubare</span> <span class='ocrx_word' id='word_1_59' title='bbox 600 565 693 606; x_wconf 79' lang='lat' dir='ltr'>cogit</span> <span class='ocrx_word' id='word_1_60' title='bbox 715 588 724 603; x_wconf 85' lang='lat'>,</span> <span class='ocrx_word' id='word_1_61' title='bbox 758 566 791 601; x_wconf 86' lang='lat' dir='ltr'>in</span> <span class='ocrx_word' id='word_1_62' title='bbox 815 564 973 606; x_wconf 80' lang='lat' dir='ltr'>reliquum</span> <span class='ocrx_word' id='word_1_63' title='bbox 997 573 1104 598; x_wconf 86' lang='lat' dir='ltr'>autern</span> 
     </span>
     <span class='ocr_line' id='line_1_9' title="bbox 105 607 1104 650; baseline 0.002 -12"><span class='ocrx_word' id='word_1_64' title='bbox 105 613 231 649; x_wconf 86' lang='lat' dir='ltr'>tempus</span> <span class='ocrx_word' id='word_1_65' title='bbox 254 610 298 641; x_wconf 91' lang='lat' dir='ltr'>ita</span> <span class='ocrx_word' id='word_1_66' title='bbox 320 609 470 644; x_wconf 87' lang='lat' dir='ltr'>debilitat</span> <span class='ocrx_word' id='word_1_67' title='bbox 488 631 500 648; x_wconf 92' lang='lat'><em>‚</em></span> <span class='ocrx_word' id='word_1_68' title='bbox 533 617 569 642; x_wconf 88' lang='lat' dir='ltr'>ut</span> <span class='ocrx_word' id='word_1_69' title='bbox 593 619 630 641; x_wconf 90' lang='lat' dir='ltr'>ne</span> <span class='ocrx_word' id='word_1_70' title='bbox 655 609 772 650; x_wconf 76' lang='lat' dir='ltr'>viginti</span> <span class='ocrx_word' id='word_1_71' title='bbox 796 607 927 650; x_wconf 89' lang='lat' dir='ltr'>quidem</span> <span class='ocrx_word' id='word_1_72' title='bbox 949 607 1104 641; x_wconf 90' lang='lat' dir='ltr'>librarum</span> 
     </span>
     <span class='ocr_line' id='line_1_10' title="bbox 106 649 1101 692; baseline 0.003 -12"><span class='ocrx_word' id='word_1_73' title='bbox 106 650 230 689; x_wconf 84' lang='lat' dir='ltr'>pondus</span> <span class='ocrx_word' id='word_1_74' title='bbox 253 651 315 685; x_wconf 82' lang='lat' dir='ltr'>sine</span> <span class='ocrx_word' id='word_1_75' title='bbox 338 652 524 686; x_wconf 85' lang='lat' dir='ltr'>lumborum</span> <span class='ocrx_word' id='word_1_76' title='bbox 546 652 754 686; x_wconf 88' lang='lat' dir='ltr'>incommodo</span> <span class='ocrx_word' id='word_1_77' title='bbox 778 650 841 691; x_wconf 81' lang='lat' dir='ltr'>jam</span> <span class='ocrx_word' id='word_1_78' title='bbox 853 649 945 692; x_wconf 81' lang='lat' dir='ltr'>poffit</span> <span class='ocrx_word' id='word_1_79' title='bbox 969 650 1101 684; x_wconf 89' lang='lat' dir='ltr'>tollere.</span> 
     </span>
     <span class='ocr_line' id='line_1_11' title="bbox 104 692 1104 737; baseline 0 -12"><span class='ocrx_word' id='word_1_80' title='bbox 104 692 218 726; x_wconf 82' lang='lat' dir='ltr'>Mense</span> <span class='ocrx_word' id='word_1_81' title='bbox 240 693 408 737; x_wconf 65' lang='lat' dir='ltr'>interjetffto</span> <span class='ocrx_word' id='word_1_82' title='bbox 429 717 437 732; x_wconf 84' lang='lat'>‚</span> <span class='ocrx_word' id='word_1_83' title='bbox 472 694 530 728; x_wconf 88' lang='lat' dir='ltr'>fibi</span> <span class='ocrx_word' id='word_1_84' title='bbox 553 696 637 730; x_wconf 70' lang='lat' dir='ltr'>visus,</span> <span class='ocrx_word' id='word_1_85' title='bbox 666 695 709 729; x_wconf 87' lang='lat' dir='ltr'>est</span> <span class='ocrx_word' id='word_1_86' title='bbox 729 717 741 734; x_wconf 67' lang='lat'>2</span> <span class='ocrx_word' id='word_1_87' title='bbox 773 693 849 727; x_wconf 88' lang='lat' dir='ltr'>dum</span> <span class='ocrx_word' id='word_1_88' title='bbox 873 695 907 725; x_wconf 90' lang='lat' dir='ltr'>in</span> <span class='ocrx_word' id='word_1_89' title='bbox 930 694 1050 729; x_wconf 69' lang='lat' dir='ltr'>lthulo</span> <span class='ocrx_word' id='word_1_90' title='bbox 1072 692 1104 731; x_wconf 77' lang='lat' dir='ltr'>se</span> 
     </span>
     <span class='ocr_line' id='line_1_12' title="bbox 103 736 1103 780; baseline 0.002 -14"><span class='ocrx_word' id='word_1_91' title='bbox 103 747 307 773; x_wconf 79' lang='lat' dir='ltr'>converteret</span> <span class='ocrx_word' id='word_1_92' title='bbox 333 763 344 778; x_wconf 90' lang='lat'><strong><em>,</em></strong></span> <span class='ocrx_word' id='word_1_93' title='bbox 374 748 464 780; x_wconf 86' lang='lat' dir='ltr'>aquae</span> <span class='ocrx_word' id='word_1_94' title='bbox 499 740 534 771; x_wconf 87' lang='lat' dir='ltr'>iu</span> <span class='ocrx_word' id='word_1_95' title='bbox 567 748 678 772; x_wconf 85' lang='lat' dir='ltr'>ventre</span> <span class='ocrx_word' id='word_1_96' title='bbox 712 738 921 779; x_wconf 77' lang='lat' dir='ltr'>agitationem</span> <span class='ocrx_word' id='word_1_97' title='bbox 955 736 1066 770; x_wconf 83' lang='lat' dir='ltr'>audire</span> <span class='ocrx_word' id='word_1_98' title='bbox 1092 761 1103 777; x_wconf 92' lang='lat'>‚</span> 
     </span>
     <span class='ocr_line' id='line_1_13' title="bbox 104 778 1104 825; baseline 0 -13"><span class='ocrx_word' id='word_1_99' title='bbox 104 789 183 812; x_wconf 83' lang='lat' dir='ltr'>mox</span> <span class='ocrx_word' id='word_1_100' title='bbox 204 781 367 824; x_wconf 85' lang='lat' dir='ltr'>quoddam</span> <span class='ocrx_word' id='word_1_101' title='bbox 394 781 482 824; x_wconf 84' lang='lat' dir='ltr'>quasi</span> <span class='ocrx_word' id='word_1_102' title='bbox 506 792 623 825; x_wconf 87' lang='lat' dir='ltr'>corpus</span> <span class='ocrx_word' id='word_1_103' title='bbox 646 782 806 823; x_wconf 82' lang='lat' dir='ltr'><strong>percipere</strong></span> <span class='ocrx_word' id='word_1_104' title='bbox 828 779 914 822; x_wconf 91' lang='lat' dir='ltr'>quod</span> <span class='ocrx_word' id='word_1_105' title='bbox 936 791 976 812; x_wconf 82' lang='lat' dir='ltr'>ex</span> <span class='ocrx_word' id='word_1_106' title='bbox 998 778 1104 823; x_wconf 84' lang='lat' dir='ltr'>hypo-</span> 
     </span>
     <span class='ocr_line' id='line_1_14' title="bbox 103 822 1104 866; baseline 0.001 -11"><span class='ocrx_word' id='word_1_107' title='bbox 103 822 224 862; x_wconf 77' lang='lat' dir='ltr'>gastrio</span> <span class='ocrx_word' id='word_1_108' title='bbox 246 825 279 857; x_wconf 89' lang='lat' dir='ltr'>in</span> <span class='ocrx_word' id='word_1_109' title='bbox 303 824 519 859; x_wconf 91' lang='lat' dir='ltr'>scrobiculum</span> <span class='ocrx_word' id='word_1_110' title='bbox 543 848 552 863; x_wconf 93' lang='lat'>,</span> <span class='ocrx_word' id='word_1_111' title='bbox 578 834 614 859; x_wconf 88' lang='lat' dir='ltr'>ut</span> <span class='ocrx_word' id='word_1_112' title='bbox 639 825 801 866; x_wconf 86' lang='lat' dir='ltr'>appellant</span> <span class='ocrx_word' id='word_1_113' title='bbox 821 845 834 862; x_wconf 84' lang='lat'><em>,</em></span> <span class='ocrx_word' id='word_1_114' title='bbox 867 823 973 856; x_wconf 89' lang='lat' dir='ltr'>cordis</span> <span class='ocrx_word' id='word_1_115' title='bbox 998 825 1104 856; x_wconf 87' lang='lat' dir='ltr'>ascen-</span> 
     </span>
     <span class='ocr_line' id='line_1_15' title="bbox 101 865 1103 910; baseline 0.002 -13"><span class='ocrx_word' id='word_1_116' title='bbox 101 865 200 907; x_wconf 82' lang='lat' dir='ltr'>dens,</span> <span class='ocrx_word' id='word_1_117' title='bbox 223 867 335 910; x_wconf 84' lang='lat' dir='ltr'>ibique</span> <span class='ocrx_word' id='word_1_118' title='bbox 357 868 546 908; x_wconf 71' lang='lat' dir='ltr'>subsiliens,</span> <span class='ocrx_word' id='word_1_119' title='bbox 568 868 701 901; x_wconf 91' lang='lat' dir='ltr'>initium</span> <span class='ocrx_word' id='word_1_120' title='bbox 725 866 843 901; x_wconf 84' lang='lat' dir='ltr'>faceret</span> <span class='ocrx_word' id='word_1_121' title='bbox 866 867 1001 900; x_wconf 85' lang='lat' dir='ltr'>tumoris</span> <span class='ocrx_word' id='word_1_122' title='bbox 1022 877 1103 907; x_wconf 87' lang='lat' dir='ltr'>prae-</span> 
     </span>
     <span class='ocr_line' id='line_1_16' title="bbox 100 907 1102 954; baseline 0.001 -13"><span class='ocrx_word' id='word_1_123' title='bbox 100 907 194 948; x_wconf 86' lang='lat' dir='ltr'>duri,</span> <span class='ocrx_word' id='word_1_124' title='bbox 218 921 274 944; x_wconf 84' lang='lat' dir='ltr'>nec</span> <span class='ocrx_word' id='word_1_125' title='bbox 296 911 416 948; x_wconf 85' lang='lat' dir='ltr'>modici</span> <span class='ocrx_word' id='word_1_126' title='bbox 435 925 444 947; x_wconf 72' lang='lat'>3</span> <span class='ocrx_word' id='word_1_127' title='bbox 477 923 544 954; x_wconf 79' lang='lat' dir='ltr'>quo</span> <span class='ocrx_word' id='word_1_128' title='bbox 567 910 659 944; x_wconf 73' lang='lat' dir='ltr'>simul</span> <span class='ocrx_word' id='word_1_129' title='bbox 682 913 713 943; x_wconf 88' lang='lat'>&amp;</span> <span class='ocrx_word' id='word_1_130' title='bbox 736 908 893 943; x_wconf 83' lang='lat' dir='ltr'>febricula</span> <span class='ocrx_word' id='word_1_131' title='bbox 930 908 1069 942; x_wconf 50' lang='lat' dir='ltr'>afflictius</span> <span class='ocrx_word' id='word_1_132' title='bbox 1092 930 1102 946; x_wconf 64' lang='lat'>2</span> 
     </span>
     <span class='ocr_line' id='line_1_17' title="bbox 98 952 1102 997; baseline 0.001 -13"><span class='ocrx_word' id='word_1_133' title='bbox 98 953 236 994; x_wconf 60' lang='lat' dir='ltr'>quinffito</span> <span class='ocrx_word' id='word_1_134' title='bbox 268 952 332 995; x_wconf 83' lang='lat' dir='ltr'>jam</span> <span class='ocrx_word' id='word_1_135' title='bbox 357 955 460 993; x_wconf 86' lang='lat' dir='ltr'>mense</span> <span class='ocrx_word' id='word_1_136' title='bbox 491 966 530 987; x_wconf 83' lang='lat' dir='ltr'>ex</span> <span class='ocrx_word' id='word_1_137' title='bbox 553 966 619 997; x_wconf 92' lang='lat' dir='ltr'>quo</span> <span class='ocrx_word' id='word_1_138' title='bbox 642 964 737 996; x_wconf 80' lang='lat' dir='ltr'>grave</span> <span class='ocrx_word' id='word_1_139' title='bbox 768 952 849 988; x_wconf 87' lang='lat' dir='ltr'>illud</span> <span class='ocrx_word' id='word_1_140' title='bbox 872 963 952 989; x_wconf 86' lang='lat' dir='ltr'>onus</span> <span class='ocrx_word' id='word_1_141' title='bbox 976 952 1102 986; x_wconf 84' lang='lat' dir='ltr'>sustule-</span> 
     </span>
     <span class='ocr_line' id='line_1_18' title="bbox 96 996 1101 1038; baseline -0.009 -4"><span class='ocrx_word' id='word_1_142' title='bbox 96 1005 170 1033; x_wconf 85' lang='lat' dir='ltr'>rat,</span> <span class='ocrx_word' id='word_1_143' title='bbox 194 997 228 1031; x_wconf 87' lang='lat' dir='ltr'>in</span> <span class='ocrx_word' id='word_1_144' title='bbox 253 997 491 1033; x_wconf 87' lang='lat' dir='ltr'>Nosocomium</span> <span class='ocrx_word' id='word_1_145' title='bbox 514 997 576 1035; x_wconf 88' lang='lat' dir='ltr'>hoc</span> <span class='ocrx_word' id='word_1_146' title='bbox 601 999 712 1034; x_wconf 70' lang='lat' dir='ltr'>venit,</span> <span class='ocrx_word' id='word_1_147' title='bbox 733 998 763 1029; x_wconf 89' lang='lat'><strong>&amp;</strong></span> <span class='ocrx_word' id='word_1_148' title='bbox 777 1007 811 1029; x_wconf 86' lang='lat' dir='ltr'>ea</span> <span class='ocrx_word' id='word_1_149' title='bbox 832 1007 903 1038; x_wconf 87' lang='lat' dir='ltr'>quae</span> <span class='ocrx_word' id='word_1_150' title='bbox 916 996 1006 1032; x_wconf 77' lang='lat' dir='ltr'>dixi,</span> <span class='ocrx_word' id='word_1_151' title='bbox 1028 1006 1101 1028; x_wconf 78' lang='lat' dir='ltr'>nar-</span> 
     </span>
     <span class='ocr_line' id='line_1_19' title="bbox 98 1037 1099 1078; baseline 0 -6"><span class='ocrx_word' id='word_1_152' title='bbox 98 1040 184 1072; x_wconf 78' lang='lat' dir='ltr'>ravit</span> <span class='ocrx_word' id='word_1_153' title='bbox 207 1043 315 1074; x_wconf 85' lang='lat' dir='ltr'>omnia</span> <span class='ocrx_word' id='word_1_154' title='bbox 337 1066 344 1073; x_wconf 90' lang='lat'><strong><em>.</em></strong></span> <span class='ocrx_word' id='word_1_155' title='bbox 379 1042 417 1075; x_wconf 91' lang='lat' dir='ltr'>Id</span> <span class='ocrx_word' id='word_1_156' title='bbox 439 1050 505 1075; x_wconf 88' lang='lat' dir='ltr'>erat</span> <span class='ocrx_word' id='word_1_157' title='bbox 528 1049 674 1078; x_wconf 82' lang='lat' dir='ltr'>certum,</span> <span class='ocrx_word' id='word_1_158' title='bbox 698 1039 848 1073; x_wconf 81' lang='lat' dir='ltr'>affiduam</span> <span class='ocrx_word' id='word_1_159' title='bbox 871 1047 948 1072; x_wconf 89' lang='lat' dir='ltr'>tunc</span> <span class='ocrx_word' id='word_1_160' title='bbox 971 1038 1029 1075; x_wconf 81' lang='lat' dir='ltr'>esse</span> <span class='ocrx_word' id='word_1_161' title='bbox 1051 1037 1099 1072; x_wconf 92' lang='lat' dir='ltr'>fe-</span> 
     </span>
     <span class='ocr_line' id='line_1_20' title="bbox 97 1079 1098 1123; baseline 0 -9"><span class='ocrx_word' id='word_1_162' title='bbox 97 1082 278 1121; x_wconf 84' lang='lat' dir='ltr'>briculam,</span> <span class='ocrx_word' id='word_1_163' title='bbox 302 1088 332 1123; x_wconf 66' lang='lat'>8&lt;</span> <span class='ocrx_word' id='word_1_164' title='bbox 355 1085 451 1120; x_wconf 74' lang='grc' dir='ltr'>ηοᾶυ</span> <span class='ocrx_word' id='word_1_165' title='bbox 474 1084 677 1123; x_wconf 77' lang='lat' dir='ltr'>exacerbari,</span> <span class='ocrx_word' id='word_1_166' title='bbox 699 1093 860 1116; x_wconf 88' lang='lat' dir='ltr'>tumorem</span> <span class='ocrx_word' id='word_1_167' title='bbox 871 1079 930 1116; x_wconf 83' lang='lat' dir='ltr'>esse</span> <span class='ocrx_word' id='word_1_168' title='bbox 954 1083 987 1115; x_wconf 91' lang='lat' dir='ltr'>in</span> <span class='ocrx_word' id='word_1_169' title='bbox 1012 1080 1098 1115; x_wconf 83' lang='lat' dir='ltr'>scro-</span> 
     </span>
     <span class='ocr_line' id='line_1_21' title="bbox 97 1124 1101 1173; baseline -0.002 -14"><span class='ocrx_word' id='word_1_170' title='bbox 97 1126 208 1159; x_wconf 87' lang='lat' dir='ltr'>biculo</span> <span class='ocrx_word' id='word_1_171' title='bbox 232 1127 290 1169; x_wconf 80' lang='lat' dir='ltr'>illo</span> <span class='ocrx_word' id='word_1_172' title='bbox 309 1150 318 1165; x_wconf 87' lang='lat'><em>‚</em></span> <span class='ocrx_word' id='word_1_173' title='bbox 351 1131 383 1161; x_wconf 89' lang='lat'><strong>&amp;</strong></span> <span class='ocrx_word' id='word_1_174' title='bbox 404 1126 489 1162; x_wconf 89' lang='lat' dir='ltr'>infra</span> <span class='ocrx_word' id='word_1_175' title='bbox 512 1128 591 1163; x_wconf 88' lang='lat' dir='ltr'>imas</span> <span class='ocrx_word' id='word_1_176' title='bbox 613 1127 710 1162; x_wconf 86' lang='lat' dir='ltr'>costas</span> <span class='ocrx_word' id='word_1_177' title='bbox 733 1137 862 1173; x_wconf 79' lang='lat' dir='ltr'>quoque</span> <span class='ocrx_word' id='word_1_178' title='bbox 883 1147 894 1162; x_wconf 82' lang='lat'>‚</span> <span class='ocrx_word' id='word_1_179' title='bbox 927 1124 1101 1168; x_wconf 63' lang='lat' dir='ltr'>praesertim</span> 
     </span>
     <span class='ocr_line' id='line_1_22' title="bbox 96 1169 1101 1213; baseline -0.001 -11"><span class='ocrx_word' id='word_1_180' title='bbox 96 1169 241 1206; x_wconf 79' lang='lat' dir='ltr'>dexteras</span> <span class='ocrx_word' id='word_1_181' title='bbox 261 1193 270 1208; x_wconf 92' lang='lat'><em>‚</em></span> <span class='ocrx_word' id='word_1_182' title='bbox 306 1174 337 1208; x_wconf 68' lang='grc' dir='ltr'>ὃς,</span> <span class='ocrx_word' id='word_1_183' title='bbox 361 1172 395 1204; x_wconf 88' lang='lat' dir='ltr'>in</span> <span class='ocrx_word' id='word_1_184' title='bbox 420 1180 530 1204; x_wconf 89' lang='lat' dir='ltr'>ventre</span> <span class='ocrx_word' id='word_1_185' title='bbox 553 1170 611 1204; x_wconf 81' lang='lat' dir='ltr'>esse</span> <span class='ocrx_word' id='word_1_186' title='bbox 635 1181 750 1213; x_wconf 81' lang='lat' dir='ltr'>aquam</span> <span class='ocrx_word' id='word_1_187' title='bbox 784 1170 918 1205; x_wconf 71' lang='lat' dir='ltr'>effusam</span> <span class='ocrx_word' id='word_1_188' title='bbox 939 1192 947 1200; x_wconf 94' lang='lat'><strong><em>.</em></strong></span> <span class='ocrx_word' id='word_1_189' title='bbox 983 1170 1101 1203; x_wconf 89' lang='lat' dir='ltr'>Crevit</span> 
     </span>
     <span class='ocr_line' id='line_1_23' title="bbox 96 1211 1102 1252; baseline -0.002 -6"><span class='ocrx_word' id='word_1_190' title='bbox 96 1212 167 1246; x_wconf 86' lang='lat' dir='ltr'>haec</span> <span class='ocrx_word' id='word_1_191' title='bbox 193 1213 313 1249; x_wconf 89' lang='lat' dir='ltr'>interea</span> <span class='ocrx_word' id='word_1_192' title='bbox 328 1226 341 1252; x_wconf 81' lang='lat'>3.</span> <span class='ocrx_word' id='word_1_193' title='bbox 363 1223 397 1248; x_wconf 91' lang='lat' dir='ltr'>ut</span> <span class='ocrx_word' id='word_1_194' title='bbox 421 1226 495 1248; x_wconf 89' lang='lat' dir='ltr'>cum</span> <span class='ocrx_word' id='word_1_195' title='bbox 520 1213 601 1247; x_wconf 87' lang='lat' dir='ltr'>mihi</span> <span class='ocrx_word' id='word_1_196' title='bbox 626 1212 711 1247; x_wconf 90' lang='lat' dir='ltr'>forte</span> <span class='ocrx_word' id='word_1_197' title='bbox 733 1211 857 1247; x_wconf 80' lang='lat' dir='ltr'>occasio</span> <span class='ocrx_word' id='word_1_198' title='bbox 880 1211 954 1246; x_wconf 79' lang='lat' dir='ltr'>esset</span> <span class='ocrx_word' id='word_1_199' title='bbox 978 1213 1010 1244; x_wconf 91' lang='lat' dir='ltr'>in</span> <span class='ocrx_word' id='word_1_200' title='bbox 1028 1212 1102 1245; x_wconf 46' lang='lat' dir='ltr'>Noa</span> 
     </span>
     <span class='ocr_line' id='line_1_24' title="bbox 94 1254 1102 1295; baseline -0.001 -6"><span class='ocrx_word' id='word_1_201' title='bbox 94 1254 276 1293; x_wconf 78' lang='lat' dir='ltr'>socomium</span> <span class='ocrx_word' id='word_1_202' title='bbox 300 1257 491 1294; x_wconf 79' lang='lat' dir='ltr'>ascendendi</span> <span class='ocrx_word' id='word_1_203' title='bbox 514 1279 526 1295; x_wconf 82' lang='lat'>‚</span> <span class='ocrx_word' id='word_1_204' title='bbox 562 1269 626 1291; x_wconf 90' lang='lat' dir='ltr'>uno</span> <span class='ocrx_word' id='word_1_205' title='bbox 650 1258 762 1292; x_wconf 56' lang='lat' dir='ltr'>exaesa</span> <span class='ocrx_word' id='word_1_206' title='bbox 784 1257 914 1289; x_wconf 84' lang='lat' dir='ltr'>circiter</span> <span class='ocrx_word' id='word_1_207' title='bbox 936 1255 1039 1289; x_wconf 90' lang='lat' dir='ltr'>mense</span> <span class='ocrx_word' id='word_1_208' title='bbox 1062 1267 1102 1289; x_wconf 88' lang='lat' dir='ltr'>ex</span> 
     </span>
     <span class='ocr_line' id='line_1_25' title="bbox 95 1298 1102 1342; baseline 0 -10"><span class='ocrx_word' id='word_1_209' title='bbox 95 1310 163 1342; x_wconf 88' lang='lat' dir='ltr'>quo</span> <span class='ocrx_word' id='word_1_210' title='bbox 185 1301 233 1335; x_wconf 89' lang='lat' dir='ltr'>ibi</span> <span class='ocrx_word' id='word_1_211' title='bbox 256 1300 471 1337; x_wconf 76' lang='lat' dir='ltr'>decumbebat</span> <span class='ocrx_word' id='word_1_212' title='bbox 490 1324 498 1338; x_wconf 94' lang='lat'>‚</span> <span class='ocrx_word' id='word_1_213' title='bbox 530 1303 560 1339; x_wconf 67' lang='grc' dir='ltr'>ὃς</span> <span class='ocrx_word' id='word_1_214' title='bbox 584 1311 714 1342; x_wconf 78' lang='lat' dir='ltr'>rogatus</span> <span class='ocrx_word' id='word_1_215' title='bbox 736 1322 746 1339; x_wconf 90' lang='lat'><strong><em>,</em></strong></span> <span class='ocrx_word' id='word_1_216' title='bbox 781 1309 926 1333; x_wconf 83' lang='lat' dir='ltr'>ventrem</span> <span class='ocrx_word' id='word_1_217' title='bbox 958 1298 1102 1333; x_wconf 84' lang='lat' dir='ltr'>hominis</span> 
     </span>
     <span class='ocr_line' id='line_1_26' title="bbox 94 1343 1099 1386; baseline 0 -10"><span class='ocrx_word' id='word_1_218' title='bbox 94 1344 335 1377; x_wconf 67' lang='lat' dir='ltr'>contrectantem</span> <span class='ocrx_word' id='word_1_219' title='bbox 350 1355 363 1382; x_wconf 81' lang='lat'>3</span> <span class='ocrx_word' id='word_1_220' title='bbox 385 1346 443 1382; x_wconf 71' lang='lat' dir='ltr'>vix</span> <span class='ocrx_word' id='word_1_221' title='bbox 465 1345 543 1378; x_wconf 82' lang='lat' dir='ltr'>alibi</span> <span class='ocrx_word' id='word_1_222' title='bbox 567 1355 663 1386; x_wconf 87' lang='lat' dir='ltr'>quam</span> <span class='ocrx_word' id='word_1_223' title='bbox 686 1346 720 1377; x_wconf 91' lang='lat' dir='ltr'>in</span> <span class='ocrx_word' id='word_1_224' title='bbox 746 1343 927 1377; x_wconf 87' lang='lat' dir='ltr'>scrobiculo</span> <span class='ocrx_word' id='word_1_225' title='bbox 950 1369 959 1383; x_wconf 89' lang='lat'><strong>,</strong></span> <span class='ocrx_word' id='word_1_226' title='bbox 992 1352 1099 1376; x_wconf 89' lang='lat' dir='ltr'>tumo-</span> 
     </span>
     <span class='ocr_line' id='line_1_27' title="bbox 93 1386 1102 1430; baseline -0.001 -9"><span class='ocrx_word' id='word_1_227' title='bbox 93 1398 165 1421; x_wconf 76' lang='lat' dir='ltr'>rem</span> <span class='ocrx_word' id='word_1_228' title='bbox 187 1387 386 1430; x_wconf 83' lang='lat' dir='ltr'>perciperem</span> <span class='ocrx_word' id='word_1_229' title='bbox 407 1413 417 1429; x_wconf 90' lang='lat'>,</span> <span class='ocrx_word' id='word_1_230' title='bbox 449 1388 620 1424; x_wconf 83' lang='lat' dir='ltr'>abdomine</span> <span class='ocrx_word' id='word_1_231' title='bbox 644 1388 791 1425; x_wconf 86' lang='lat' dir='ltr'>videlicet</span> <span class='ocrx_word' id='word_1_232' title='bbox 825 1398 905 1429; x_wconf 84' lang='lat' dir='ltr'>aqua</span> <span class='ocrx_word' id='word_1_233' title='bbox 929 1386 1067 1420; x_wconf 83' lang='lat' dir='ltr'>distento</span> <span class='ocrx_word' id='word_1_234' title='bbox 1091 1411 1102 1424; x_wconf 61' lang='lat'>0,</span> 
     </span>
     <span class='ocr_line' id='line_1_28' title="bbox 93 1429 1099 1473; baseline -0.002 -9"><span class='ocrx_word' id='word_1_235' title='bbox 93 1432 175 1466; x_wconf 83' lang='lat' dir='ltr'>Erat</span> <span class='ocrx_word' id='word_1_236' title='bbox 199 1432 225 1463; x_wconf 88' lang='lat' dir='ltr'>is</span> <span class='ocrx_word' id='word_1_237' title='bbox 248 1440 359 1466; x_wconf 87' lang='lat' dir='ltr'>tumor</span> <span class='ocrx_word' id='word_1_238' title='bbox 383 1432 576 1473; x_wconf 69' lang='lat' dir='ltr'>praedurus,</span> <span class='ocrx_word' id='word_1_239' title='bbox 610 1429 759 1464; x_wconf 77' lang='lat' dir='ltr'>nonnihil</span> <span class='ocrx_word' id='word_1_240' title='bbox 784 1430 950 1471; x_wconf 70' lang='lat' dir='ltr'>inaequalis</span> <span class='ocrx_word' id='word_1_241' title='bbox 973 1453 986 1469; x_wconf 88' lang='lat'><em>‚</em></span> <span class='ocrx_word' id='word_1_242' title='bbox 1022 1433 1053 1462; x_wconf 88' lang='lat'><strong>&amp;</strong></span> <span class='ocrx_word' id='word_1_243' title='bbox 1077 1429 1099 1462; x_wconf 83' lang='lat' dir='ltr'>fi</span> 
     </span>
     <span class='ocr_line' id='line_1_29' title="bbox 93 1472 1100 1517; baseline -0.001 -11"><span class='ocrx_word' id='word_1_244' title='bbox 93 1475 145 1508; x_wconf 89' lang='lat' dir='ltr'>vel</span> <span class='ocrx_word' id='word_1_245' title='bbox 169 1485 348 1517; x_wconf 84' lang='lat' dir='ltr'>premeres,</span> <span class='ocrx_word' id='word_1_246' title='bbox 370 1475 493 1508; x_wconf 85' lang='lat' dir='ltr'>doloris</span> <span class='ocrx_word' id='word_1_247' title='bbox 515 1485 644 1517; x_wconf 84' lang='lat' dir='ltr'>expers.</span> <span class='ocrx_word' id='word_1_248' title='bbox 670 1472 837 1517; x_wconf 68' lang='lat' dir='ltr'>Quaesivi,</span> <span class='ocrx_word' id='word_1_249' title='bbox 860 1483 937 1506; x_wconf 91' lang='lat' dir='ltr'>num</span> <span class='ocrx_word' id='word_1_250' title='bbox 961 1474 1100 1514; x_wconf 88' lang='lat' dir='ltr'>pondere</span> 
     </span>
     <span class='ocr_line' id='line_1_30' title="bbox 92 1515 1099 1560; baseline -0.001 -9"><span class='ocrx_word' id='word_1_251' title='bbox 92 1518 248 1552; x_wconf 86' lang='lat' dir='ltr'>molestus</span> <span class='ocrx_word' id='word_1_252' title='bbox 270 1516 370 1551; x_wconf 80' lang='lat' dir='ltr'>esset?</span> <span class='ocrx_word' id='word_1_253' title='bbox 393 1530 471 1552; x_wconf 88' lang='lat' dir='ltr'>num</span> <span class='ocrx_word' id='word_1_254' title='bbox 492 1518 602 1551; x_wconf 88' lang='lat' dir='ltr'>dolore</span> <span class='ocrx_word' id='word_1_255' title='bbox 626 1517 753 1560; x_wconf 89' lang='lat' dir='ltr'>aliquo,</span> <span class='ocrx_word' id='word_1_256' title='bbox 775 1516 814 1549; x_wconf 90' lang='lat' dir='ltr'>ad</span> <span class='ocrx_word' id='word_1_257' title='bbox 836 1515 986 1557; x_wconf 76' lang='lat' dir='ltr'>jugulum</span> <span class='ocrx_word' id='word_1_258' title='bbox 1000 1515 1099 1559; x_wconf 84' lang='lat' dir='ltr'>usque</span> 
     </span>
     <span class='ocr_line' id='line_1_31' title="bbox 94 1558 1099 1604; baseline -0.004 -9"><span class='ocrx_word' id='word_1_259' title='bbox 94 1561 257 1604; x_wconf 62' lang='lat' dir='ltr'>produt&#39;ffo</span> <span class='ocrx_word' id='word_1_260' title='bbox 268 1564 281 1592; x_wconf 65' lang='lat'>,²</span> <span class='ocrx_word' id='word_1_261' title='bbox 302 1572 381 1595; x_wconf 87' lang='lat' dir='ltr'>num</span> <span class='ocrx_word' id='word_1_262' title='bbox 403 1561 492 1595; x_wconf 81' lang='lat' dir='ltr'>tuffis</span> <span class='ocrx_word' id='word_1_263' title='bbox 514 1560 688 1604; x_wconf 86' lang='lat' dir='ltr'>aliquando</span> <span class='ocrx_word' id='word_1_264' title='bbox 712 1563 862 1593; x_wconf 83' lang='lat' dir='ltr'>vexaret?</span> <span class='ocrx_word' id='word_1_265' title='bbox 888 1558 1020 1592; x_wconf 79' lang='lat' dir='ltr'>Diserte</span> <span class='ocrx_word' id='word_1_266' title='bbox 1043 1570 1099 1592; x_wconf 78' lang='lat' dir='ltr'>ne-</span> 
     </span>
     <span class='ocr_line' id='line_1_32' title="bbox 92 1603 1102 1647; baseline -0.003 -9"><span class='ocrx_word' id='word_1_267' title='bbox 92 1605 186 1647; x_wconf 75' lang='lat' dir='ltr'>gavit</span> <span class='ocrx_word' id='word_1_268' title='bbox 210 1604 278 1638; x_wconf 80' lang='lat' dir='ltr'>hcec</span> <span class='ocrx_word' id='word_1_269' title='bbox 302 1606 412 1638; x_wconf 89' lang='lat' dir='ltr'>omnia</span> <span class='ocrx_word' id='word_1_270' title='bbox 435 1629 443 1638; x_wconf 93' lang='lat'><strong>.</strong></span> <span class='ocrx_word' id='word_1_271' title='bbox 476 1603 565 1638; x_wconf 86' lang='lat' dir='ltr'>Cum</span> <span class='ocrx_word' id='word_1_272' title='bbox 589 1613 697 1637; x_wconf 88' lang='lat' dir='ltr'>autern</span> <span class='ocrx_word' id='word_1_273' title='bbox 730 1613 908 1645; x_wconf 81' lang='lat' dir='ltr'>quaererem</span> <span class='ocrx_word' id='word_1_274' title='bbox 930 1624 940 1640; x_wconf 94' lang='lat'>‚</span> <span class='ocrx_word' id='word_1_275' title='bbox 964 1613 1002 1636; x_wconf 87' lang='lat' dir='ltr'>an</span> <span class='ocrx_word' id='word_1_276' title='bbox 1027 1613 1102 1641; x_wconf 80' lang='lat' dir='ltr'>tum</span> 
     </span>
     <span class='ocr_line' id='line_1_33' title="bbox 91 1645 1099 1686; baseline -0.003 -5"><span class='ocrx_word' id='word_1_277' title='bbox 91 1652 193 1682; x_wconf 86' lang='lat' dir='ltr'>etiam</span> <span class='ocrx_word' id='word_1_278' title='bbox 215 1647 402 1683; x_wconf 85' lang='lat' dir='ltr'>incresceret</span> <span class='ocrx_word' id='word_1_279' title='bbox 422 1646 561 1680; x_wconf 78' lang='lat' dir='ltr'>tumor?</span> <span class='ocrx_word' id='word_1_280' title='bbox 582 1648 650 1680; x_wconf 84' lang='lat' dir='ltr'>imo</span> <span class='ocrx_word' id='word_1_281' title='bbox 667 1672 675 1686; x_wconf 89' lang='lat'>,</span> <span class='ocrx_word' id='word_1_282' title='bbox 699 1648 766 1686; x_wconf 84' lang='lat' dir='ltr'>ait,</span> <span class='ocrx_word' id='word_1_283' title='bbox 789 1645 950 1686; x_wconf 83' lang='lat' dir='ltr'>subsedit,</span> <span class='ocrx_word' id='word_1_284' title='bbox 974 1646 1099 1679; x_wconf 85' lang='lat' dir='ltr'>minor-</span> 
     </span>
     <span class='ocr_line' id='line_1_34' title="bbox 91 1689 1096 1734; baseline -0.002 -9"><span class='ocrx_word' id='word_1_285' title='bbox 91 1703 154 1734; x_wconf 86' lang='lat' dir='ltr'>que</span> <span class='ocrx_word' id='word_1_286' title='bbox 177 1690 219 1725; x_wconf 88' lang='lat' dir='ltr'>est</span> <span class='ocrx_word' id='word_1_287' title='bbox 240 1689 343 1725; x_wconf 66' lang='lat' dir='ltr'>fastus</span> <span class='ocrx_word' id='word_1_288' title='bbox 361 1701 374 1728; x_wconf 82' lang='lat'>3</span> <span class='ocrx_word' id='word_1_289' title='bbox 405 1693 502 1724; x_wconf 88' lang='lat' dir='ltr'>credo</span> <span class='ocrx_word' id='word_1_290' title='bbox 523 1717 531 1730; x_wconf 86' lang='lat'><strong>‚</strong></span> <span class='ocrx_word' id='word_1_291' title='bbox 567 1689 656 1733; x_wconf 85' lang='lat' dir='ltr'>quod</span> <span class='ocrx_word' id='word_1_292' title='bbox 678 1691 818 1725; x_wconf 86' lang='lat' dir='ltr'>crescens</span> <span class='ocrx_word' id='word_1_293' title='bbox 842 1700 922 1731; x_wconf 83' lang='lat' dir='ltr'>aqua</span> <span class='ocrx_word' id='word_1_294' title='bbox 945 1689 1096 1723; x_wconf 88' lang='lat' dir='ltr'>obscura-</span> 
     </span>
     <span class='ocr_line' id='line_1_35' title="bbox 90 1731 1098 1776; baseline -0.002 -8"><span class='ocrx_word' id='word_1_295' title='bbox 90 1744 168 1768; x_wconf 78' lang='lat' dir='ltr'>ret:</span> <span class='ocrx_word' id='word_1_296' title='bbox 202 1737 233 1768; x_wconf 85' lang='lat'><strong>&amp;</strong></span> <span class='ocrx_word' id='word_1_297' title='bbox 257 1734 327 1767; x_wconf 88' lang='lat' dir='ltr'>sane</span> <span class='ocrx_word' id='word_1_298' title='bbox 360 1735 417 1776; x_wconf 89' lang='lat' dir='ltr'>qui</span> <span class='ocrx_word' id='word_1_299' title='bbox 441 1733 517 1767; x_wconf 87' lang='lat' dir='ltr'>alias</span> <span class='ocrx_word' id='word_1_300' title='bbox 550 1735 722 1775; x_wconf 81' lang='lat' dir='ltr'>tetigerant</span> <span class='ocrx_word' id='word_1_301' title='bbox 747 1754 756 1770; x_wconf 86' lang='lat'><em>‚</em></span> <span class='ocrx_word' id='word_1_302' title='bbox 788 1734 945 1766; x_wconf 88' lang='lat' dir='ltr'>minorem</span> <span class='ocrx_word' id='word_1_303' title='bbox 967 1731 1025 1766; x_wconf 86' lang='lat' dir='ltr'>esse</span> <span class='ocrx_word' id='word_1_304' title='bbox 1048 1731 1098 1766; x_wconf 81' lang='lat' dir='ltr'>fa-</span> 
     </span>
     <span class='ocr_line' id='line_1_36' title="bbox 90 1776 1097 1820; baseline -0.002 -10"><span class='ocrx_word' id='word_1_305' title='bbox 90 1778 203 1816; x_wconf 65' lang='lat' dir='ltr'>ctum,</span> <span class='ocrx_word' id='word_1_306' title='bbox 228 1788 294 1811; x_wconf 88' lang='lat' dir='ltr'>non</span> <span class='ocrx_word' id='word_1_307' title='bbox 318 1776 535 1820; x_wconf 81' lang='lat' dir='ltr'>agnoscebant</span> <span class='ocrx_word' id='word_1_308' title='bbox 555 1801 563 1809; x_wconf 81' lang='lat'><strong><em>.</em></strong></span> <span class='ocrx_word' id='word_1_309' title='bbox 590 1777 777 1820; x_wconf 84' lang='lat' dir='ltr'>Subpallida</span> <span class='ocrx_word' id='word_1_310' title='bbox 799 1786 864 1810; x_wconf 89' lang='lat' dir='ltr'>erat</span> <span class='ocrx_word' id='word_1_311' title='bbox 887 1776 1029 1814; x_wconf 84' lang='lat' dir='ltr'>hominis</span> <span class='ocrx_word' id='word_1_312' title='bbox 1051 1776 1097 1809; x_wconf 83' lang='lat' dir='ltr'>fa.</span> 
     </span>
     <span class='ocr_line' id='line_1_37' title="bbox 89 1818 1097 1862; baseline 0 -8"><span class='ocrx_word' id='word_1_313' title='bbox 89 1822 175 1858; x_wconf 82' lang='lat' dir='ltr'>cies;</span> <span class='ocrx_word' id='word_1_314' title='bbox 199 1831 265 1855; x_wconf 92' lang='lat' dir='ltr'>non</span> <span class='ocrx_word' id='word_1_315' title='bbox 287 1818 374 1855; x_wconf 80' lang='lat' dir='ltr'>flava</span> <span class='ocrx_word' id='word_1_316' title='bbox 391 1843 400 1858; x_wconf 86' lang='lat'><em>,</em></span> <span class='ocrx_word' id='word_1_317' title='bbox 425 1832 491 1854; x_wconf 88' lang='lat' dir='ltr'>non</span> <span class='ocrx_word' id='word_1_318' title='bbox 514 1820 618 1855; x_wconf 88' lang='lat' dir='ltr'>lurida</span> <span class='ocrx_word' id='word_1_319' title='bbox 639 1832 647 1853; x_wconf 92' lang='lat'><strong>:</strong></span> <span class='ocrx_word' id='word_1_320' title='bbox 671 1831 711 1853; x_wconf 86' lang='lat' dir='ltr'>ne</span> <span class='ocrx_word' id='word_1_321' title='bbox 734 1819 844 1854; x_wconf 90' lang='lat' dir='ltr'>album</span> <span class='ocrx_word' id='word_1_322' title='bbox 863 1819 996 1862; x_wconf 87' lang='lat' dir='ltr'>quidem</span> <span class='ocrx_word' id='word_1_323' title='bbox 1019 1831 1097 1854; x_wconf 87' lang='lat' dir='ltr'>ocu-</span> 
     </span>
     <span class='ocr_line' id='line_1_38' title="bbox 89 1861 1096 1906; baseline 0 -9"><span class='ocrx_word' id='word_1_324' title='bbox 89 1866 219 1903; x_wconf 86' lang='lat' dir='ltr'>lorum,</span> <span class='ocrx_word' id='word_1_325' title='bbox 244 1877 262 1900; x_wconf 85' lang='lat' dir='ltr'>a</span> <span class='ocrx_word' id='word_1_326' title='bbox 286 1875 336 1898; x_wconf 89' lang='lat' dir='ltr'>me</span> <span class='ocrx_word' id='word_1_327' title='bbox 360 1873 540 1905; x_wconf 84' lang='lat' dir='ltr'>perattente</span> <span class='ocrx_word' id='word_1_328' title='bbox 562 1863 761 1906; x_wconf 59' lang='lat' dir='ltr'>inspeetum</span> <span class='ocrx_word' id='word_1_329' title='bbox 785 1864 852 1897; x_wconf 89' lang='lat' dir='ltr'>ullo</span> <span class='ocrx_word' id='word_1_330' title='bbox 875 1863 974 1898; x_wconf 87' lang='lat' dir='ltr'>modo</span> <span class='ocrx_word' id='word_1_331' title='bbox 995 1861 1096 1897; x_wconf 88' lang='lat' dir='ltr'>flave-</span> 
     </span>
     <span class='ocr_line' id='line_1_39' title="bbox 88 1906 1097 1953; baseline -0.001 -11"><span class='ocrx_word' id='word_1_332' title='bbox 88 1907 197 1942; x_wconf 75' lang='lat' dir='ltr'>scebat</span> <span class='ocrx_word' id='word_1_333' title='bbox 212 1932 220 1940; x_wconf 93' lang='lat'><strong>.</strong></span> <span class='ocrx_word' id='word_1_334' title='bbox 352 1907 490 1949; x_wconf 88' lang='lat' dir='ltr'>Supinus</span> <span class='ocrx_word' id='word_1_335' title='bbox 512 1908 703 1953; x_wconf 80' lang='lat' dir='ltr'>plerumque</span> <span class='ocrx_word' id='word_1_336' title='bbox 726 1906 888 1942; x_wconf 85' lang='lat' dir='ltr'>cubabat:</span> <span class='ocrx_word' id='word_1_337' title='bbox 910 1918 1097 1950; x_wconf 83' lang='lat' dir='ltr'>quanquam</span> 
     </span>
     <span class='ocr_line' id='line_1_40' title="bbox 88 1948 1096 1994; baseline 0 -10"><span class='ocrx_word' id='word_1_338' title='bbox 88 1960 220 1994; x_wconf 85' lang='lat' dir='ltr'>poterat</span> <span class='ocrx_word' id='word_1_339' title='bbox 242 1951 278 1985; x_wconf 91' lang='lat' dir='ltr'>in</span> <span class='ocrx_word' id='word_1_340' title='bbox 290 1948 411 1985; x_wconf 85' lang='lat' dir='ltr'>&#39;utrum</span> <span class='ocrx_word' id='word_1_341' title='bbox 434 1951 548 1984; x_wconf 89' lang='lat' dir='ltr'>liberet</span> <span class='ocrx_word' id='word_1_342' title='bbox 572 1951 657 1984; x_wconf 85' lang='lat' dir='ltr'>latus.</span> <span class='ocrx_word' id='word_1_343' title='bbox 675 1975 684 1983; x_wconf 91' lang='lat'><strong>.</strong></span> <span class='ocrx_word' id='word_1_344' title='bbox 710 1950 847 1986; x_wconf 85' lang='lat' dir='ltr'>Sitiebat</span> <span class='ocrx_word' id='word_1_345' title='bbox 869 1950 1019 1993; x_wconf 80' lang='lat' dir='ltr'>quidem3</span> <span class='ocrx_word' id='word_1_346' title='bbox 1044 1950 1096 1984; x_wconf 90' lang='lat' dir='ltr'>sed</span> 
     </span>
     <span class='ocr_line' id='line_1_41' title="bbox 88 1993 1097 2038; baseline -0.001 -10"><span class='ocrx_word' id='word_1_347' title='bbox 88 2005 158 2030; x_wconf 73' lang='lat' dir='ltr'>non¹</span> <span class='ocrx_word' id='word_1_348' title='bbox 180 1994 272 2028; x_wconf 86' lang='lat' dir='ltr'>valde</span> <span class='ocrx_word' id='word_1_349' title='bbox 295 2019 304 2028; x_wconf 86' lang='lat'><strong>.</strong></span> <span class='ocrx_word' id='word_1_350' title='bbox 335 1993 561 2038; x_wconf 78' lang='lat' dir='ltr'>spiritumque</span> <span class='ocrx_word' id='word_1_351' title='bbox 593 1994 729 2028; x_wconf 86' lang='lat' dir='ltr'>ducebat</span> <span class='ocrx_word' id='word_1_352' title='bbox 766 1993 1006 2034; x_wconf 71' lang='lat' dir='ltr'>incommode5</span> <span class='ocrx_word' id='word_1_353' title='bbox 1039 2005 1097 2027; x_wconf 88' lang='lat' dir='ltr'>nec</span> 
     </span>
     <span class='ocr_line' id='line_1_42' title="bbox 88 2036 1100 2080; baseline -0.002 -9"><span class='ocrx_word' id='word_1_354' title='bbox 88 2047 201 2073; x_wconf 85' lang='lat' dir='ltr'>tamen</span> <span class='ocrx_word' id='word_1_355' title='bbox 223 2038 514 2073; x_wconf 84' lang='lat' dir='ltr'>incommodiffirne</span> <span class='ocrx_word' id='word_1_356' title='bbox 535 2063 543 2071; x_wconf 97' lang='lat'>.</span> <span class='ocrx_word' id='word_1_357' title='bbox 576 2037 708 2075; x_wconf 85' lang='lat' dir='ltr'>Quibus</span> <span class='ocrx_word' id='word_1_358' title='bbox 729 2048 768 2071; x_wconf 89' lang='lat' dir='ltr'>eo</span> <span class='ocrx_word' id='word_1_359' title='bbox 788 2038 977 2080; x_wconf 85' lang='lat' dir='ltr'>diligentius</span> <span class='ocrx_word' id='word_1_360' title='bbox 999 2036 1100 2071; x_wconf 50' lang='lat' dir='ltr'>adsto-i</span> 
     </span>
     <span class='ocr_line' id='line_1_43' title="bbox 88 2080 1095 2124; baseline -0.002 -9"><span class='ocrx_word' id='word_1_361' title='bbox 88 2082 191 2122; x_wconf 85' lang='lat' dir='ltr'>tatis,</span> <span class='ocrx_word' id='word_1_362' title='bbox 212 2082 301 2124; x_wconf 90' lang='lat' dir='ltr'>quod</span> <span class='ocrx_word' id='word_1_363' title='bbox 324 2082 490 2116; x_wconf 88' lang='lat' dir='ltr'>hominem</span> <span class='ocrx_word' id='word_1_364' title='bbox 514 2080 601 2115; x_wconf 87' lang='lat' dir='ltr'>haud</span> <span class='ocrx_word' id='word_1_365' title='bbox 625 2082 724 2123; x_wconf 82' lang='lat' dir='ltr'>longo</span> <span class='ocrx_word' id='word_1_366' title='bbox 747 2082 816 2123; x_wconf 86' lang='lat' dir='ltr'>post</span> <span class='ocrx_word' id='word_1_367' title='bbox 841 2091 987 2121; x_wconf 85' lang='lat' dir='ltr'>ternpore</span> <span class='ocrx_word' id='word_1_368' title='bbox 1011 2082 1095 2113; x_wconf 87' lang='lat' dir='ltr'>inte-</span> 
     </span>
     <span class='ocr_line' id='line_1_44' title="bbox 87 2122 1094 2166; baseline -0.004 -6"><span class='ocrx_word' id='word_1_369' title='bbox 87 2126 232 2160; x_wconf 86' lang='lat' dir='ltr'>riturum</span> <span class='ocrx_word' id='word_1_370' title='bbox 258 2147 269 2163; x_wconf 87' lang='lat'>,</span> <span class='ocrx_word' id='word_1_371' title='bbox 302 2128 332 2158; x_wconf 81' lang='grc' dir='ltr'>δι</span> <span class='ocrx_word' id='word_1_372' title='bbox 355 2126 495 2159; x_wconf 88' lang='lat' dir='ltr'>rimandi</span> <span class='ocrx_word' id='word_1_373' title='bbox 530 2124 652 2160; x_wconf 82' lang='lat' dir='ltr'>viscera</span> <span class='ocrx_word' id='word_1_374' title='bbox 683 2126 815 2166; x_wconf 85' lang='lat' dir='ltr'>copiam</span> <span class='ocrx_word' id='word_1_375' title='bbox 842 2124 937 2157; x_wconf 91' lang='lat' dir='ltr'>nobis</span> <span class='ocrx_word' id='word_1_376' title='bbox 970 2122 1094 2157; x_wconf 67' lang='lat' dir='ltr'>fafiuni</span> 
     </span>
     <span class='ocr_line' id='line_1_45' title="bbox 86 2164 1093 2211; baseline -0.004 -8"><span class='ocrx_word' id='word_1_377' title='bbox 86 2171 131 2203; x_wconf 87' lang='lat' dir='ltr'>iri</span> <span class='ocrx_word' id='word_1_378' title='bbox 153 2192 163 2207; x_wconf 83' lang='lat'>‚</span> <span class='ocrx_word' id='word_1_379' title='bbox 194 2168 428 2211; x_wconf 83' lang='lat' dir='ltr'>prospiciebam</span> <span class='ocrx_word' id='word_1_380' title='bbox 448 2192 457 2207; x_wconf 90' lang='lat'>‚</span> <span class='ocrx_word' id='word_1_381' title='bbox 494 2168 619 2202; x_wconf 87' lang='lat' dir='ltr'>incerto</span> <span class='ocrx_word' id='word_1_382' title='bbox 642 2178 681 2202; x_wconf 81' lang='lat' dir='ltr'>ex</span> <span class='ocrx_word' id='word_1_383' title='bbox 703 2175 794 2209; x_wconf 85' lang='lat' dir='ltr'>parte</span> <span class='ocrx_word' id='word_1_384' title='bbox 821 2164 1033 2209; x_wconf 86' lang='lat' dir='ltr'>suspensoque</span> <span class='ocrx_word' id='word_1_385' title='bbox 1055 2165 1093 2199; x_wconf 91' lang='lat' dir='ltr'>de</span> 
     </span>
     <span class='ocr_line' id='line_1_46' title="bbox 88 2208 1094 2253; baseline -0.005 -6"><span class='ocrx_word' id='word_1_386' title='bbox 88 2212 240 2247; x_wconf 85' lang='lat' dir='ltr'>universa</span> <span class='ocrx_word' id='word_1_387' title='bbox 264 2214 404 2246; x_wconf 92' lang='lat' dir='ltr'>tumoris</span> <span class='ocrx_word' id='word_1_388' title='bbox 428 2211 497 2246; x_wconf 88' lang='lat' dir='ltr'>sede</span> <span class='ocrx_word' id='word_1_389' title='bbox 520 2210 669 2253; x_wconf 86' lang='lat' dir='ltr'>judicio,</span> <span class='ocrx_word' id='word_1_390' title='bbox 692 2208 829 2247; x_wconf 78' lang='lat' dir='ltr'>disceffi.</span> <span class='ocrx_word' id='word_1_391' title='bbox 855 2209 914 2242; x_wconf 90' lang='lat' dir='ltr'>Ille</span> <span class='ocrx_word' id='word_1_392' title='bbox 938 2220 1014 2242; x_wconf 88' lang='lat' dir='ltr'>vero</span> <span class='ocrx_word' id='word_1_393' title='bbox 1027 2211 1094 2243; x_wconf 85' lang='lat' dir='ltr'>exi-</span> 
     </span>
     <span class='ocr_line' id='line_1_47' title="bbox 87 2254 1093 2299; baseline -0.003 -10"><span class='ocrx_word' id='word_1_394' title='bbox 87 2256 281 2291; x_wconf 85' lang='lat' dir='ltr'>lescentibus</span> <span class='ocrx_word' id='word_1_395' title='bbox 304 2257 434 2289; x_wconf 86' lang='lat' dir='ltr'>demum</span> <span class='ocrx_word' id='word_1_396' title='bbox 459 2254 623 2299; x_wconf 83' lang='lat' dir='ltr'>pulsibus,</span> <span class='ocrx_word' id='word_1_397' title='bbox 648 2257 719 2287; x_wconf 83' lang='lat' dir='ltr'>sana</span> <span class='ocrx_word' id='word_1_398' title='bbox 744 2254 840 2297; x_wconf 91' lang='lat' dir='ltr'>usque</span> <span class='ocrx_word' id='word_1_399' title='bbox 863 2254 900 2289; x_wconf 84' lang='lat' dir='ltr'>ad</span> <span class='ocrx_word' id='word_1_400' title='bbox 911 2263 1093 2288; x_wconf 87' lang='lat' dir='ltr'>extremum</span> 
     </span>
     <span class='ocr_line' id='line_1_48' title="bbox 87 2297 1094 2343; baseline -0.003 -9"><span class='ocrx_word' id='word_1_401' title='bbox 87 2307 197 2334; x_wconf 78' lang='lat' dir='ltr'>&#39;mente</span> <span class='ocrx_word' id='word_1_402' title='bbox 216 2324 227 2340; x_wconf 93' lang='lat'><strong>,</strong></span> <span class='ocrx_word' id='word_1_403' title='bbox 258 2302 291 2333; x_wconf 88' lang='lat'>&amp;</span> <span class='ocrx_word' id='word_1_404' title='bbox 314 2301 449 2340; x_wconf 85' lang='lat' dir='ltr'>loquens</span> <span class='ocrx_word' id='word_1_405' title='bbox 471 2321 480 2336; x_wconf 91' lang='lat'>,</span> <span class='ocrx_word' id='word_1_406' title='bbox 515 2298 638 2340; x_wconf 77' lang='lat' dir='ltr'>placide</span> <span class='ocrx_word' id='word_1_407' title='bbox 661 2299 750 2333; x_wconf 87' lang='lat' dir='ltr'>obiit</span> <span class='ocrx_word' id='word_1_408' title='bbox 782 2299 890 2343; x_wconf 58' lang='lat' dir='ltr'>initio,</span> <span class='ocrx_word' id='word_1_409' title='bbox 905 2297 1028 2343; x_wconf 82' lang='lat' dir='ltr'>Aprilis</span> <span class='ocrx_word' id='word_1_410' title='bbox 1050 2297 1094 2337; x_wconf 75' lang='lat' dir='ltr'>A,</span> 
     </span>
     <span class='ocr_line' id='line_1_49' title="bbox 90 2341 962 2388; baseline 0.001 -12"><span class='ocrx_word' id='word_1_411' title='bbox 90 2353 186 2388; x_wconf 87' lang='lat'>1745.</span> <span class='ocrx_word' id='word_1_412' title='bbox 209 2343 337 2377; x_wconf 87' lang='lat' dir='ltr'>decimo</span> <span class='ocrx_word' id='word_1_413' title='bbox 358 2350 479 2385; x_wconf 87' lang='lat' dir='ltr'>quarto</span> <span class='ocrx_word' id='word_1_414' title='bbox 500 2341 666 2384; x_wconf 83' lang='lat' dir='ltr'>postquam</span> <span class='ocrx_word' id='word_1_415' title='bbox 692 2342 834 2377; x_wconf 86' lang='lat' dir='ltr'>videram</span> <span class='ocrx_word' id='word_1_416' title='bbox 854 2365 865 2381; x_wconf 84' lang='lat'>‚</span> <span class='ocrx_word' id='word_1_417' title='bbox 889 2342 962 2377; x_wconf 89' lang='lat' dir='ltr'>die.</span> 
     </span>
     <span class='ocr_line' id='line_1_50' title="bbox 88 2385 1092 2429; baseline 0.003 -10"><span class='ocrx_word' id='word_1_418' title='bbox 88 2386 323 2421; x_wconf 69' lang='lat' dir='ltr'>CADAVER</span> <span class='ocrx_word' id='word_1_419' title='bbox 349 2394 456 2419; x_wconf 83' lang='lat' dir='ltr'>autem</span> <span class='ocrx_word' id='word_1_420' title='bbox 477 2396 553 2419; x_wconf 85' lang='lat' dir='ltr'>curn</span> <span class='ocrx_word' id='word_1_421' title='bbox 579 2386 726 2428; x_wconf 88' lang='lat' dir='ltr'>postridie</span> <span class='ocrx_word' id='word_1_422' title='bbox 749 2385 925 2427; x_wconf 82' lang='lat' dir='ltr'>secaretur;</span> <span class='ocrx_word' id='word_1_423' title='bbox 947 2388 1092 2429; x_wconf 81' lang='lat' dir='ltr'>graviori</span> 
     </span>
     <span class='ocr_line' id='line_1_51' title="bbox 83 2426 1091 2473; baseline 0.003 -10"><span class='ocrx_word' id='word_1_424' title='bbox 83 2431 219 2473; x_wconf 81' lang='lat' dir='ltr'>negotio</span> <span class='ocrx_word' id='word_1_425' title='bbox 242 2427 438 2471; x_wconf 81' lang='lat' dir='ltr'>impeditus,</span> <span class='ocrx_word' id='word_1_426' title='bbox 462 2426 560 2462; x_wconf 85' lang='lat' dir='ltr'>adesse</span> <span class='ocrx_word' id='word_1_427' title='bbox 583 2440 647 2461; x_wconf 91' lang='lat' dir='ltr'>non</span> <span class='ocrx_word' id='word_1_428' title='bbox 673 2431 765 2471; x_wconf 86' lang='lat' dir='ltr'>potui</span> <span class='ocrx_word' id='word_1_429' title='bbox 789 2455 796 2462; x_wconf 95' lang='lat'>.</span> <span class='ocrx_word' id='word_1_430' title='bbox 823 2432 885 2463; x_wconf 90' lang='lat' dir='ltr'>Pro</span> <span class='ocrx_word' id='word_1_431' title='bbox 910 2442 959 2463; x_wconf 89' lang='lat' dir='ltr'>me</span> <span class='ocrx_word' id='word_1_432' title='bbox 983 2441 1091 2466; x_wconf 84' lang='lat' dir='ltr'>tamen</span> 
     </span>
     <span class='ocr_line' id='line_1_52' title="bbox 76 2470 1088 2517; baseline 0.001 -9"><span class='ocrx_word' id='word_1_433' title='bbox 76 2473 262 2508; x_wconf 74' lang='lat' dir='ltr'>diffeffloni</span> <span class='ocrx_word' id='word_1_434' title='bbox 288 2470 422 2514; x_wconf 86' lang='lat' dir='ltr'>praefuit</span> <span class='ocrx_word' id='word_1_435' title='bbox 447 2471 610 2505; x_wconf 88' lang='lat' dir='ltr'>Mediavia</span> <span class='ocrx_word' id='word_1_436' title='bbox 634 2473 760 2507; x_wconf 85' lang='lat' dir='ltr'>noster:</span> <span class='ocrx_word' id='word_1_437' title='bbox 787 2486 803 2507; x_wconf 88' lang='lat' dir='ltr'>a</span> <span class='ocrx_word' id='word_1_438' title='bbox 826 2486 892 2517; x_wconf 90' lang='lat' dir='ltr'>quo</span> <span class='ocrx_word' id='word_1_439' title='bbox 916 2473 983 2509; x_wconf 77' lang='lat' dir='ltr'>haec</span> <span class='ocrx_word' id='word_1_440' title='bbox 998 2487 1088 2510; x_wconf 90' lang='lat' dir='ltr'>acce-</span> 
     </span>
     <span class='ocr_line' id='line_1_53' title="bbox 76 2515 1088 2561; baseline 0.002 -11"><span class='ocrx_word' id='word_1_441' title='bbox 76 2520 110 2560; x_wconf 90' lang='lat' dir='ltr'>pi</span> <span class='ocrx_word' id='word_1_442' title='bbox 126 2517 239 2550; x_wconf 88' lang='lat' dir='ltr'>eodem</span> <span class='ocrx_word' id='word_1_443' title='bbox 251 2515 321 2549; x_wconf 88' lang='lat' dir='ltr'>die.</span> <span class='ocrx_word' id='word_1_444' title='bbox 456 2516 589 2559; x_wconf 83' lang='lat' dir='ltr'>Corpus</span> <span class='ocrx_word' id='word_1_445' title='bbox 601 2517 811 2550; x_wconf 88' lang='lat' dir='ltr'>macilentum</span> <span class='ocrx_word' id='word_1_446' title='bbox 827 2540 840 2556; x_wconf 87' lang='lat'>,</span> <span class='ocrx_word' id='word_1_447' title='bbox 861 2520 892 2551; x_wconf 81' lang='grc' dir='ltr'>δι</span> <span class='ocrx_word' id='word_1_448' title='bbox 904 2517 1062 2561; x_wconf 86' lang='lat' dir='ltr'>nusquam</span> <span class='ocrx_word' id='word_1_449' title='bbox 1077 2545 1088 2560; x_wconf 85' lang='lat'>,</span> 
     </span>
     <span class='ocr_line' id='line_1_54' title="bbox 76 2558 1089 2602; baseline -0.001 -8"><span class='ocrx_word' id='word_1_450' title='bbox 76 2560 137 2595; x_wconf 76' lang='lat' dir='ltr'>nisi</span> <span class='ocrx_word' id='word_1_451' title='bbox 160 2560 276 2594; x_wconf 89' lang='lat' dir='ltr'>leviter</span> <span class='ocrx_word' id='word_1_452' title='bbox 299 2558 339 2592; x_wconf 88' lang='lat' dir='ltr'>ad</span> <span class='ocrx_word' id='word_1_453' title='bbox 363 2558 507 2593; x_wconf 85' lang='lat' dir='ltr'>scrotum</span> <span class='ocrx_word' id='word_1_454' title='bbox 528 2582 539 2598; x_wconf 90' lang='lat'><em>,</em></span> <span class='ocrx_word' id='word_1_455' title='bbox 575 2561 682 2594; x_wconf 89' lang='lat' dir='ltr'>multo</span> <span class='ocrx_word' id='word_1_456' title='bbox 704 2569 813 2594; x_wconf 89' lang='lat' dir='ltr'>autem</span> <span class='ocrx_word' id='word_1_457' title='bbox 843 2560 947 2594; x_wconf 90' lang='lat' dir='ltr'>levius</span> <span class='ocrx_word' id='word_1_458' title='bbox 972 2561 1009 2596; x_wconf 88' lang='lat' dir='ltr'>ad</span> <span class='ocrx_word' id='word_1_459' title='bbox 1034 2575 1089 2602; x_wconf 82' lang='lat' dir='ltr'>pe-</span> 
     </span>
     <span class='ocr_line' id='line_1_55' title="bbox 76 2601 1084 2642; baseline 0.003 -4"><span class='ocrx_word' id='word_1_460' title='bbox 76 2604 130 2638; x_wconf 86' lang='lat' dir='ltr'>des</span> <span class='ocrx_word' id='word_1_461' title='bbox 149 2626 160 2642; x_wconf 84' lang='lat'>‚</span> <span class='ocrx_word' id='word_1_462' title='bbox 193 2603 353 2637; x_wconf 85' lang='lat' dir='ltr'>oedemate</span> <span class='ocrx_word' id='word_1_463' title='bbox 376 2601 550 2636; x_wconf 63' lang='lat' dir='ltr'>affestum.</span> <span class='ocrx_word' id='word_1_464' title='bbox 684 2605 810 2637; x_wconf 87' lang='lat' dir='ltr'>Venter</span> <span class='ocrx_word' id='word_1_465' title='bbox 844 2605 980 2638; x_wconf 84' lang='lat' dir='ltr'>multam</span> <span class='ocrx_word' id='word_1_466' title='bbox 1006 2605 1084 2641; x_wconf 86' lang='lat' dir='ltr'>effu·</span> 
     </span>
     <span class='ocr_line' id='line_1_56' title="bbox 79 2646 1088 2690; baseline 0.001 -8"><span class='ocrx_word' id='word_1_467' title='bbox 79 2649 284 2690; x_wconf 81' lang='lat' dir='ltr'>famaquam</span> <span class='ocrx_word' id='word_1_468' title='bbox 308 2646 444 2683; x_wconf 89' lang='lat' dir='ltr'>habuit,</span> <span class='ocrx_word' id='word_1_469' title='bbox 467 2657 534 2679; x_wconf 87' lang='lat' dir='ltr'>non</span> <span class='ocrx_word' id='word_1_470' title='bbox 557 2647 820 2689; x_wconf 81' lang='lat' dir='ltr'>graveolentem,</span> <span class='ocrx_word' id='word_1_471' title='bbox 844 2659 908 2681; x_wconf 88' lang='lat' dir='ltr'>non</span> <span class='ocrx_word' id='word_1_472' title='bbox 931 2649 1088 2688; x_wconf 81' lang='lat' dir='ltr'>crassam,</span> 
     </span>
     <span class='ocr_line' id='line_1_57' title="bbox 80 2688 1087 2735; baseline -0.001 -9"><span class='ocrx_word' id='word_1_473' title='bbox 80 2703 146 2726; x_wconf 87' lang='lat' dir='ltr'>non</span> <span class='ocrx_word' id='word_1_474' title='bbox 172 2704 189 2725; x_wconf 82' lang='lat' dir='ltr'>a</span> <span class='ocrx_word' id='word_1_475' title='bbox 211 2689 404 2735; x_wconf 89' lang='lat' dir='ltr'>quibusdam</span> <span class='ocrx_word' id='word_1_476' title='bbox 427 2688 519 2732; x_wconf 88' lang='lat' dir='ltr'>quasi</span> <span class='ocrx_word' id='word_1_477' title='bbox 530 2693 761 2724; x_wconf 84' lang='lat' dir='ltr'>membranulis</span> <span class='ocrx_word' id='word_1_478' title='bbox 781 2693 1087 2727; x_wconf 83' lang='lat' dir='ltr'>innatantibustur-</span> 
     </span>
     <span class='ocr_line' id='line_1_58' title="bbox 78 2733 1087 2776; baseline 0 -6"><span class='ocrx_word' id='word_1_479' title='bbox 78 2737 209 2776; x_wconf 85' lang='lat' dir='ltr'>bidam,</span> <span class='ocrx_word' id='word_1_480' title='bbox 231 2733 282 2768; x_wconf 84' lang='lat' dir='ltr'>sed</span> <span class='ocrx_word' id='word_1_481' title='bbox 306 2733 520 2776; x_wconf 80' lang='lat' dir='ltr'>pellucidam,</span> <span class='ocrx_word' id='word_1_482' title='bbox 544 2745 731 2776; x_wconf 78' lang='lat' dir='ltr'>vergentem</span> <span class='ocrx_word' id='word_1_483' title='bbox 755 2745 861 2768; x_wconf 85' lang='lat' dir='ltr'>tamen</span> <span class='ocrx_word' id='word_1_484' title='bbox 884 2735 923 2769; x_wconf 83' lang='lat' dir='ltr'>ad</span> <span class='ocrx_word' id='word_1_485' title='bbox 946 2748 1019 2769; x_wconf 91' lang='lat' dir='ltr'>eum</span> <span class='ocrx_word' id='word_1_486' title='bbox 1030 2749 1087 2770; x_wconf 88' lang='lat' dir='ltr'>co-</span> 
     </span>
     <span class='ocr_line' id='line_1_59' title="bbox 82 2777 1089 2820; baseline 0 -6"><span class='ocrx_word' id='word_1_487' title='bbox 82 2782 186 2815; x_wconf 89' lang='lat' dir='ltr'>lorem</span> <span class='ocrx_word' id='word_1_488' title='bbox 207 2788 304 2820; x_wconf 86' lang='lat' dir='ltr'>quem</span> <span class='ocrx_word' id='word_1_489' title='bbox 326 2779 359 2810; x_wconf 89' lang='lat' dir='ltr'>in</span> <span class='ocrx_word' id='word_1_490' title='bbox 382 2778 455 2811; x_wconf 88' lang='lat' dir='ltr'>oleo</span> <span class='ocrx_word' id='word_1_491' title='bbox 469 2777 679 2820; x_wconf 83' lang='lat' dir='ltr'>amygdalino</span> <span class='ocrx_word' id='word_1_492' title='bbox 691 2778 856 2813; x_wconf 85' lang='lat' dir='ltr'>videmus.</span> <span class='ocrx_word' id='word_1_493' title='bbox 878 2780 1059 2819; x_wconf 72' lang='lat' dir='ltr'>Omentum</span> <span class='ocrx_word' id='word_1_494' title='bbox 1073 2804 1089 2820; x_wconf 83' lang='lat'><em>,</em></span> 
     </span>
     <span class='ocr_line' id='line_1_60' title="bbox 82 2819 1088 2872; baseline -0.006 -14"><span class='ocrx_word' id='word_1_495' title='bbox 82 2824 260 2859; x_wconf 60' lang='lat' dir='ltr'>retractum</span> <span class='ocrx_word' id='word_1_496' title='bbox 274 2822 307 2854; x_wconf 90' lang='lat' dir='ltr'>in</span> <span class='ocrx_word' id='word_1_497' title='bbox 331 2819 615 2864; x_wconf 87' lang='lat' dir='ltr'>hypochondrium</span> <span class='ocrx_word' id='word_1_498' title='bbox 627 2821 810 2862; x_wconf 80' lang='lat' dir='ltr'>sinistrum,</span> <span class='ocrx_word' id='word_1_499' title='bbox 831 2823 994 2872; x_wconf 69' lang='lat' dir='ltr'>integrum</span> <span class='ocrx_word' id='word_1_500' title='bbox 1013 2825 1088 2866; x_wconf 85' lang='lat' dir='ltr'>qui-</span> 
     </span>
     <span class='ocr_line' id='line_1_61' title="bbox 81 2863 1090 2908; baseline -0.002 -7"><span class='ocrx_word' id='word_1_501' title='bbox 81 2868 155 2901; x_wconf 86' lang='lat' dir='ltr'>dem</span> <span class='ocrx_word' id='word_1_502' title='bbox 179 2864 263 2903; x_wconf 77' lang='lat' dir='ltr'>fuit3</span> <span class='ocrx_word' id='word_1_503' title='bbox 289 2863 340 2898; x_wconf 81' lang='lat' dir='ltr'>sed</span> <span class='ocrx_word' id='word_1_504' title='bbox 363 2876 402 2897; x_wconf 87' lang='lat' dir='ltr'>ex</span> <span class='ocrx_word' id='word_1_505' title='bbox 422 2864 580 2898; x_wconf 86' lang='lat' dir='ltr'>subviridi</span> <span class='ocrx_word' id='word_1_506' title='bbox 605 2865 751 2899; x_wconf 86' lang='lat' dir='ltr'>fuscum.</span> <span class='ocrx_word' id='word_1_507' title='bbox 776 2867 988 2900; x_wconf 85' lang='lat' dir='ltr'>Ventriculus</span> <span class='ocrx_word' id='word_1_508' title='bbox 1013 2878 1090 2908; x_wconf 88' lang='lat' dir='ltr'>par-</span> 
     </span>
     <span class='ocr_line' id='line_1_62' title="bbox 79 2907 1088 2952; baseline -0.001 -7"><span class='ocrx_word' id='word_1_509' title='bbox 79 2922 161 2948; x_wconf 84' lang='lat' dir='ltr'>vus,</span> <span class='ocrx_word' id='word_1_510' title='bbox 182 2910 212 2941; x_wconf 86' lang='lat'>&amp;</span> <span class='ocrx_word' id='word_1_511' title='bbox 235 2907 416 2942; x_wconf 68' lang='lat' dir='ltr'>conti-‘astus</span> <span class='ocrx_word' id='word_1_512' title='bbox 431 2930 441 2939; x_wconf 84' lang='grc'><strong>.</strong></span> <span class='ocrx_word' id='word_1_513' title='bbox 464 2909 543 2942; x_wconf 88' lang='lat' dir='ltr'>Lien</span> <span class='ocrx_word' id='word_1_514' title='bbox 566 2908 669 2951; x_wconf 88' lang='lat' dir='ltr'>duplo</span> <span class='ocrx_word' id='word_1_515' title='bbox 691 2908 814 2951; x_wconf 83' lang='lat' dir='ltr'>major,</span> <span class='ocrx_word' id='word_1_516' title='bbox 837 2921 935 2952; x_wconf 86' lang='lat' dir='ltr'>quam</span> <span class='ocrx_word' id='word_1_517' title='bbox 958 2921 1088 2952; x_wconf 86' lang='lat' dir='ltr'>aequum</span> 
     </span>
     <span class='ocr_line' id='line_1_63' title="bbox 83 2951 1086 2995; baseline -0.003 -6"><span class='ocrx_word' id='word_1_518' title='bbox 83 2953 179 2990; x_wconf 83' lang='lat' dir='ltr'>esset,</span> <span class='ocrx_word' id='word_1_519' title='bbox 203 2951 356 2986; x_wconf 85' lang='lat' dir='ltr'>subalbus</span> <span class='ocrx_word' id='word_1_520' title='bbox 377 2953 516 2985; x_wconf 81' lang='lat' dir='ltr'>exterius</span> <span class='ocrx_word' id='word_1_521' title='bbox 532 2975 542 2990; x_wconf 92' lang='lat'>‚</span> <span class='ocrx_word' id='word_1_522' title='bbox 565 2954 654 2986; x_wconf 84' lang='lat' dir='ltr'>intus</span> <span class='ocrx_word' id='word_1_523' title='bbox 678 2953 748 2986; x_wconf 86' lang='lat' dir='ltr'>alba</span> <span class='ocrx_word' id='word_1_524' title='bbox 771 2952 918 2995; x_wconf 76' lang='lat' dir='ltr'>quaedani</span> <span class='ocrx_word' id='word_1_525' title='bbox 943 2953 1060 2987; x_wconf 85' lang='lat' dir='ltr'>habens</span> <span class='ocrx_word' id='word_1_526' title='bbox 1077 2978 1086 2993; x_wconf 90' lang='lat'><em>‚</em></span> 
     </span>
     <span class='ocr_line' id='line_1_64' title="bbox 79 2994 1088 3039; baseline -0.001 -7"><span class='ocrx_word' id='word_1_527' title='bbox 79 3010 137 3032; x_wconf 89' lang='lat' dir='ltr'>nec</span> <span class='ocrx_word' id='word_1_528' title='bbox 160 3007 267 3031; x_wconf 86' lang='lat' dir='ltr'>tamen</span> <span class='ocrx_word' id='word_1_529' title='bbox 290 2995 368 3029; x_wconf 89' lang='lat' dir='ltr'>dura</span> <span class='ocrx_word' id='word_1_530' title='bbox 389 3017 399 3029; x_wconf 82' lang='lat'><em>.</em></span> <span class='ocrx_word' id='word_1_531' title='bbox 430 2994 544 3038; x_wconf 83' lang='lat' dir='ltr'>Hepar</span> <span class='ocrx_word' id='word_1_532' title='bbox 566 3006 674 3030; x_wconf 89' lang='lat' dir='ltr'>autem</span> <span class='ocrx_word' id='word_1_533' title='bbox 690 2996 792 3039; x_wconf 60' lang='lat' dir='ltr'>‚longe</span> <span class='ocrx_word' id='word_1_534' title='bbox 828 2998 1025 3035; x_wconf 79' lang='lat' dir='ltr'>maximum3</span> <span class='ocrx_word' id='word_1_535' title='bbox 1051 3007 1088 3031; x_wconf 84' lang='lat' dir='ltr'>ut</span> 
     </span>
     <span class='ocr_line' id='line_1_65' title="bbox 80 3038 1085 3082; baseline -0.003 -7"><span class='ocrx_word' id='word_1_536' title='bbox 80 3052 195 3075; x_wconf 90' lang='lat' dir='ltr'>eorum</span> <span class='ocrx_word' id='word_1_537' title='bbox 218 3040 274 3082; x_wconf 88' lang='lat' dir='ltr'>qui</span> <span class='ocrx_word' id='word_1_538' title='bbox 299 3038 451 3076; x_wconf 88' lang='lat' dir='ltr'>aderant,</span> <span class='ocrx_word' id='word_1_539' title='bbox 474 3040 575 3082; x_wconf 89' lang='lat' dir='ltr'>aliqui</span> <span class='ocrx_word' id='word_1_540' title='bbox 598 3040 696 3073; x_wconf 89' lang='lat' dir='ltr'>libras</span> <span class='ocrx_word' id='word_1_541' title='bbox 720 3039 854 3081; x_wconf 88' lang='lat' dir='ltr'>pendere</span> <span class='ocrx_word' id='word_1_542' title='bbox 878 3038 915 3074; x_wconf 90' lang='lat' dir='ltr'>ad</span> <span class='ocrx_word' id='word_1_543' title='bbox 927 3049 1085 3082; x_wconf 84' lang='lat' dir='ltr'>quatuor-</span> 
     </span>
     <span class='ocr_line' id='line_1_66' title="bbox 79 3082 1083 3127; baseline -0.004 -7"><span class='ocrx_word' id='word_1_544' title='bbox 79 3086 209 3125; x_wconf 89' lang='lat' dir='ltr'>decim,</span> <span class='ocrx_word' id='word_1_545' title='bbox 231 3082 447 3127; x_wconf 79' lang='lat' dir='ltr'>judicaverint</span> <span class='ocrx_word' id='word_1_546' title='bbox 468 3105 478 3113; x_wconf 82' lang='lat'><strong>.</strong></span> <span class='ocrx_word' id='word_1_547' title='bbox 509 3085 609 3117; x_wconf 81' lang='lat' dir='ltr'>Certe</span> <span class='ocrx_word' id='word_1_548' title='bbox 629 3107 640 3122; x_wconf 92' lang='lat'>,</span> <span class='ocrx_word' id='word_1_549' title='bbox 663 3082 720 3117; x_wconf 86' lang='lat' dir='ltr'>etsi</span> <span class='ocrx_word' id='word_1_550' title='bbox 738 3085 809 3116; x_wconf 69' lang='lat' dir='ltr'>&#39;non</span> <span class='ocrx_word' id='word_1_551' title='bbox 833 3084 973 3117; x_wconf 87' lang='lat' dir='ltr'>multum</span> <span class='ocrx_word' id='word_1_552' title='bbox 997 3083 1083 3117; x_wconf 84' lang='lat' dir='ltr'>infra</span> 
     </span>
     <span class='ocr_line' id='line_1_67' title="bbox 80 3125 1077 3169; baseline -0.003 -5"><span class='ocrx_word' id='word_1_553' title='bbox 80 3129 184 3165; x_wconf 85' lang='lat' dir='ltr'>costas</span> <span class='ocrx_word' id='word_1_554' title='bbox 206 3129 234 3163; x_wconf 90' lang='lat' dir='ltr'>se</span> <span class='ocrx_word' id='word_1_555' title='bbox 257 3125 468 3163; x_wconf 57' lang='lat' dir='ltr'>extendebam</span> <span class='ocrx_word' id='word_1_556' title='bbox 492 3127 613 3161; x_wconf 88' lang='lat' dir='ltr'>ventris</span> <span class='ocrx_word' id='word_1_557' title='bbox 636 3126 818 3161; x_wconf 82' lang='lat' dir='ltr'>universam</span> <span class='ocrx_word' id='word_1_558' title='bbox 843 3128 1005 3169; x_wconf 79' lang='lat' dir='ltr'>regionem</span> <span class='ocrx_word' id='word_1_559' title='bbox 1031 3127 1077 3161; x_wconf 91' lang='lat' dir='ltr'>su-</span> 
     </span>
     <span class='ocr_line' id='line_1_68' title="bbox 79 3167 1081 3216; baseline -0.001 -12"><span class='ocrx_word' id='word_1_560' title='bbox 79 3175 257 3216; x_wconf 77' lang='lat' dir='ltr'>periorem.</span> <span class='ocrx_word' id='word_1_561' title='bbox 280 3172 310 3203; x_wconf 90' lang='lat'>&amp;</span> <span class='ocrx_word' id='word_1_562' title='bbox 334 3169 492 3211; x_wconf 73' lang='lat' dir='ltr'>proximae</span> <span class='ocrx_word' id='word_1_563' title='bbox 514 3167 591 3204; x_wconf 91' lang='lat' dir='ltr'>huic</span> <span class='ocrx_word' id='word_1_564' title='bbox 614 3180 758 3214; x_wconf 88' lang='lat' dir='ltr'>partem,</span> <span class='ocrx_word' id='word_1_565' title='bbox 784 3174 922 3204; x_wconf 86' lang='lat' dir='ltr'>anterius</span> <span class='ocrx_word' id='word_1_566' title='bbox 944 3182 1081 3213; x_wconf 73' lang='lat' dir='ltr'>occupa-</span> 
     </span>
     <span class='ocr_line' id='line_1_69' title="bbox 78 3213 1071 3257; baseline -0.004 -6"><span class='ocrx_word' id='word_1_567' title='bbox 78 3218 158 3251; x_wconf 83' lang='lat' dir='ltr'>bat:</span> <span class='ocrx_word' id='word_1_568' title='bbox 182 3214 396 3249; x_wconf 82' lang='lat' dir='ltr'>finistrorsum</span> <span class='ocrx_word' id='word_1_569' title='bbox 418 3221 525 3247; x_wconf 85' lang='lat' dir='ltr'>autem</span> <span class='ocrx_word' id='word_1_570' title='bbox 547 3213 625 3248; x_wconf 82' lang='lat' dir='ltr'>adeo</span> <span class='ocrx_word' id='word_1_571' title='bbox 647 3224 828 3248; x_wconf 86' lang='lat' dir='ltr'>excreverat</span> <span class='ocrx_word' id='word_1_572' title='bbox 847 3238 859 3254; x_wconf 91' lang='lat'><strong><em>,</em></strong></span> <span class='ocrx_word' id='word_1_573' title='bbox 885 3224 919 3248; x_wconf 90' lang='lat' dir='ltr'>ut</span> <span class='ocrx_word' id='word_1_574' title='bbox 945 3215 1071 3257; x_wconf 85' lang='lat' dir='ltr'>Suspen-</span> 
     </span>
     <span class='ocr_line' id='line_1_70' title="bbox 79 3257 1077 3302; baseline -0.003 -9"><span class='ocrx_word' id='word_1_575' title='bbox 79 3260 166 3294; x_wconf 84' lang='lat' dir='ltr'>sorio</span> <span class='ocrx_word' id='word_1_576' title='bbox 189 3259 390 3302; x_wconf 85' lang='lat' dir='ltr'>ligamento,</span> <span class='ocrx_word' id='word_1_577' title='bbox 415 3258 503 3298; x_wconf 86' lang='lat' dir='ltr'>quod</span> <span class='ocrx_word' id='word_1_578' title='bbox 526 3257 651 3291; x_wconf 85' lang='lat' dir='ltr'>craffius</span> <span class='ocrx_word' id='word_1_579' title='bbox 675 3259 820 3301; x_wconf 89' lang='lat' dir='ltr'>alioquin</span> <span class='ocrx_word' id='word_1_580' title='bbox 844 3257 963 3291; x_wconf 59' lang='lat' dir='ltr'>fafftum</span> <span class='ocrx_word' id='word_1_581' title='bbox 988 3269 1077 3295; x_wconf 86' lang='lat' dir='ltr'>erat,</span> 
     </span>
     <span class='ocr_line' id='line_1_71' title="bbox 79 3300 1079 3347; baseline -0.002 -10"><span class='ocrx_word' id='word_1_582' title='bbox 79 3304 260 3347; x_wconf 88' lang='lat' dir='ltr'>plurimum</span> <span class='ocrx_word' id='word_1_583' title='bbox 285 3302 318 3334; x_wconf 87' lang='lat' dir='ltr'>in</span> <span class='ocrx_word' id='word_1_584' title='bbox 343 3311 411 3333; x_wconf 88' lang='lat' dir='ltr'>eam</span> <span class='ocrx_word' id='word_1_585' title='bbox 434 3308 557 3342; x_wconf 82' lang='lat' dir='ltr'>partem</span> <span class='ocrx_word' id='word_1_586' title='bbox 579 3311 711 3335; x_wconf 88' lang='lat' dir='ltr'>curvato</span> <span class='ocrx_word' id='word_1_587' title='bbox 727 3325 736 3340; x_wconf 89' lang='lat'><strong><em>,</em></strong></span> <span class='ocrx_word' id='word_1_588' title='bbox 762 3300 866 3335; x_wconf 79' lang='lat' dir='ltr'>fissura</span> <span class='ocrx_word' id='word_1_589' title='bbox 881 3302 1079 3335; x_wconf 86' lang='lat' dir='ltr'>umbilicalis</span> 
     </span>
     <span class='ocr_line' id='line_1_72' title="bbox 79 3341 1079 3386; baseline -0.002 -5"><span class='ocrx_word' id='word_1_590' title='bbox 79 3347 119 3381; x_wconf 87' lang='lat' dir='ltr'>ad</span> <span class='ocrx_word' id='word_1_591' title='bbox 143 3345 302 3381; x_wconf 86' lang='lat' dir='ltr'>sinistrum</span> <span class='ocrx_word' id='word_1_592' title='bbox 326 3345 407 3377; x_wconf 87' lang='lat' dir='ltr'>latus</span> <span class='ocrx_word' id='word_1_593' title='bbox 438 3341 510 3376; x_wconf 83' lang='lat' dir='ltr'>esset</span> <span class='ocrx_word' id='word_1_594' title='bbox 533 3344 733 3386; x_wconf 76' lang='lat' dir='ltr'>cartilaginis</span> <span class='ocrx_word' id='word_1_595' title='bbox 764 3343 942 3378; x_wconf 86' lang='lat' dir='ltr'>ensiforrnis</span> <span class='ocrx_word' id='word_1_596' title='bbox 963 3371 971 3378; x_wconf 91' lang='lat'>.</span> <span class='ocrx_word' id='word_1_597' title='bbox 1004 3346 1079 3379; x_wconf 86' lang='lat' dir='ltr'>To-</span> 
     </span>
     <span class='ocr_line' id='line_1_73' title="bbox 78 3387 1080 3430; baseline -0.004 -6"><span class='ocrx_word' id='word_1_598' title='bbox 78 3387 153 3424; x_wconf 87' lang='lat' dir='ltr'>tum</span> <span class='ocrx_word' id='word_1_599' title='bbox 175 3399 240 3424; x_wconf 88' lang='lat' dir='ltr'>erat</span> <span class='ocrx_word' id='word_1_600' title='bbox 264 3388 362 3430; x_wconf 84' lang='lat' dir='ltr'>hepar</span> <span class='ocrx_word' id='word_1_601' title='bbox 384 3388 499 3421; x_wconf 88' lang='lat' dir='ltr'>durum</span> <span class='ocrx_word' id='word_1_602' title='bbox 519 3409 528 3424; x_wconf 89' lang='lat'>‚</span> <span class='ocrx_word' id='word_1_603' title='bbox 560 3388 591 3419; x_wconf 74' lang='grc' dir='ltr'>δι</span> <span class='ocrx_word' id='word_1_604' title='bbox 615 3388 876 3422; x_wconf 87' lang='lat' dir='ltr'>extuberantibus</span> <span class='ocrx_word' id='word_1_605' title='bbox 908 3389 1044 3422; x_wconf 85' lang='lat' dir='ltr'>maculis</span> <span class='ocrx_word' id='word_1_606' title='bbox 1065 3412 1080 3429; x_wconf 90' lang='lat'><em>,</em></span> 
     </span>
     <span class='ocr_line' id='line_1_74' title="bbox 77 3429 1077 3478; baseline -0.004 -9"><span class='ocrx_word' id='word_1_607' title='bbox 77 3434 186 3478; x_wconf 81' lang='lat' dir='ltr'>digito</span> <span class='ocrx_word' id='word_1_608' title='bbox 208 3433 325 3477; x_wconf 84' lang='lat' dir='ltr'>pollice</span> <span class='ocrx_word' id='word_1_609' title='bbox 347 3441 411 3464; x_wconf 87' lang='lat' dir='ltr'>non</span> <span class='ocrx_word' id='word_1_610' title='bbox 436 3429 669 3472; x_wconf 79' lang='lat' dir='ltr'>angustioribus</span> <span class='ocrx_word' id='word_1_611' title='bbox 688 3454 697 3469; x_wconf 91' lang='lat'><em>‚</em></span> <span class='ocrx_word' id='word_1_612' title='bbox 730 3432 839 3474; x_wconf 80' lang='lat' dir='ltr'>passim</span> <span class='ocrx_word' id='word_1_613' title='bbox 861 3431 1044 3465; x_wconf 41' lang='lat' dir='ltr'>distinctum</span> <span class='ocrx_word' id='word_1_614' title='bbox 1069 3457 1077 3471; x_wconf 85' lang='lat'>,</span> 
     </span>
     <span class='ocr_line' id='line_1_75' title="bbox 78 3473 1079 3521; baseline -0.004 -9"><span class='ocrx_word' id='word_1_615' title='bbox 78 3481 180 3521; x_wconf 85' lang='lat' dir='ltr'>iisque</span> <span class='ocrx_word' id='word_1_616' title='bbox 203 3474 378 3514; x_wconf 87' lang='lat' dir='ltr'>subflavis,</span> <span class='ocrx_word' id='word_1_617' title='bbox 401 3483 512 3507; x_wconf 80' lang='lat' dir='ltr'>caetera</span> <span class='ocrx_word' id='word_1_618' title='bbox 536 3473 710 3515; x_wconf 82' lang='lat' dir='ltr'>pallidum.</span> <span class='ocrx_word' id='word_1_619' title='bbox 736 3476 815 3508; x_wconf 86' lang='lat' dir='ltr'>Haec</span> <span class='ocrx_word' id='word_1_620' title='bbox 840 3477 999 3508; x_wconf 84' lang='lat' dir='ltr'>exterius.</span> <span class='ocrx_word' id='word_1_621' title='bbox 1027 3478 1079 3508; x_wconf 92' lang='lat' dir='ltr'>In-</span> 
     </span>
     <span class='ocr_line' id='line_1_76' title="bbox 77 3517 1080 3560; baseline -0.003 -5"><span class='ocrx_word' id='word_1_622' title='bbox 77 3524 178 3556; x_wconf 87' lang='lat' dir='ltr'>terius</span> <span class='ocrx_word' id='word_1_623' title='bbox 200 3530 331 3556; x_wconf 84' lang='lat' dir='ltr'>autem3</span> <span class='ocrx_word' id='word_1_624' title='bbox 355 3517 376 3551; x_wconf 82' lang='lat' dir='ltr'>fi</span> <span class='ocrx_word' id='word_1_625' title='bbox 400 3528 513 3560; x_wconf 81' lang='lat' dir='ltr'>paucas</span> <span class='ocrx_word' id='word_1_626' title='bbox 535 3519 693 3559; x_wconf 86' lang='lat' dir='ltr'>exciperes</span> <span class='ocrx_word' id='word_1_627' title='bbox 716 3517 770 3551; x_wconf 88' lang='lat' dir='ltr'>hic</span> <span class='ocrx_word' id='word_1_628' title='bbox 792 3520 860 3552; x_wconf 93' lang='lat' dir='ltr'>illic</span> <span class='ocrx_word' id='word_1_629' title='bbox 885 3518 1080 3552; x_wconf 85' lang='lat' dir='ltr'>intermistas</span> 
     </span>
     <span class='ocr_line' id='line_1_77' title="bbox 76 3562 1079 3609; baseline -0.001 -12"><span class='ocrx_word' id='word_1_630' title='bbox 76 3566 233 3609; x_wconf 83' lang='lat' dir='ltr'>hepaticae</span> <span class='ocrx_word' id='word_1_631' title='bbox 259 3562 438 3597; x_wconf 76' lang='lat' dir='ltr'>substantiae</span> <span class='ocrx_word' id='word_1_632' title='bbox 460 3562 626 3603; x_wconf 68' lang='lat' dir='ltr'>portiones</span> <span class='ocrx_word' id='word_1_633' title='bbox 643 3572 658 3602; x_wconf 85' lang='grc'>,·</span> <span class='ocrx_word' id='word_1_634' title='bbox 685 3571 794 3597; x_wconf 88' lang='lat' dir='ltr'>totum</span> <span class='ocrx_word' id='word_1_635' title='bbox 827 3562 930 3596; x_wconf 86' lang='lat' dir='ltr'>viscus</span> <span class='ocrx_word' id='word_1_636' title='bbox 953 3562 1079 3596; x_wconf 86' lang='lat' dir='ltr'>consta-</span> 
     </span>
    </p>
   </div>
   <div class='ocr_carea' id='block_1_3' title="bbox 1129 303 2162 3609">
    <p class='ocr_par' dir='ltr' id='par_1_4' title="bbox 1155 303 2155 478">
     <span class='ocr_line' id='line_1_78' title="bbox 1157 303 2155 349; baseline 0.003 -12"><span class='ocrx_word' id='word_1_637' title='bbox 1157 304 1213 341; x_wconf 89' lang='lat' dir='ltr'>bat</span> <span class='ocrx_word' id='word_1_638' title='bbox 1243 315 1283 340; x_wconf 83' lang='lat' dir='ltr'>ex</span> <span class='ocrx_word' id='word_1_639' title='bbox 1315 304 1488 341; x_wconf 85' lang='lat' dir='ltr'>substantia</span> <span class='ocrx_word' id='word_1_640' title='bbox 1515 330 1525 347; x_wconf 84' lang='lat'><em>,</em></span> <span class='ocrx_word' id='word_1_641' title='bbox 1563 316 1634 347; x_wconf 82' lang='lat' dir='ltr'>quae</span> <span class='ocrx_word' id='word_1_642' title='bbox 1664 316 1727 340; x_wconf 87' lang='lat' dir='ltr'>non</span> <span class='ocrx_word' id='word_1_643' title='bbox 1764 305 1890 343; x_wconf 87' lang='lat' dir='ltr'>facilius</span> <span class='ocrx_word' id='word_1_644' title='bbox 1922 303 2022 347; x_wconf 81' lang='lat' dir='ltr'>posset</span> <span class='ocrx_word' id='word_1_645' title='bbox 2056 318 2155 349; x_wconf 88' lang='lat' dir='ltr'>quam</span> 
     </span>
     <span class='ocr_line' id='line_1_79' title="bbox 1157 347 2154 389; baseline 0.001 -7"><span class='ocrx_word' id='word_1_646' title='bbox 1157 349 1343 382; x_wconf 86' lang='lat' dir='ltr'>mammaria</span> <span class='ocrx_word' id='word_1_647' title='bbox 1368 349 1516 389; x_wconf 78' lang='lat' dir='ltr'>glandula</span> <span class='ocrx_word' id='word_1_648' title='bbox 1538 370 1548 386; x_wconf 91' lang='lat'>‚</span> <span class='ocrx_word' id='word_1_649' title='bbox 1584 348 1729 384; x_wconf 81' lang='lat' dir='ltr'>dissecari</span> <span class='ocrx_word' id='word_1_650' title='bbox 1754 362 1763 384; x_wconf 81' lang='grc'><strong><em>;</em></strong></span> <span class='ocrx_word' id='word_1_651' title='bbox 1786 362 1819 384; x_wconf 84' lang='lat' dir='ltr'>ea</span> <span class='ocrx_word' id='word_1_652' title='bbox 1844 362 1882 385; x_wconf 84' lang='lat' dir='ltr'>ex</span> <span class='ocrx_word' id='word_1_653' title='bbox 1905 349 1979 383; x_wconf 91' lang='lat' dir='ltr'>albo</span> <span class='ocrx_word' id='word_1_654' title='bbox 2001 347 2154 383; x_wconf 81' lang='lat' dir='ltr'>flavesce—</span> 
     </span>
     <span class='ocr_line' id='line_1_80' title="bbox 1156 390 2154 433; baseline 0.002 -10"><span class='ocrx_word' id='word_1_655' title='bbox 1156 391 1212 424; x_wconf 90' lang='lat' dir='ltr'>bat</span> <span class='ocrx_word' id='word_1_656' title='bbox 1228 415 1238 431; x_wconf 91' lang='lat'><strong>,</strong></span> <span class='ocrx_word' id='word_1_657' title='bbox 1261 390 1427 433; x_wconf 76' lang='lat' dir='ltr'>&amp;press&#39;a‚</span> <span class='ocrx_word' id='word_1_658' title='bbox 1449 391 1591 428; x_wconf 85' lang='lat' dir='ltr'>ichorem</span> <span class='ocrx_word' id='word_1_659' title='bbox 1613 393 1699 433; x_wconf 88' lang='lat' dir='ltr'>quasi</span> <span class='ocrx_word' id='word_1_660' title='bbox 1711 394 1916 433; x_wconf 85' lang='lat' dir='ltr'>purulentum</span> <span class='ocrx_word' id='word_1_661' title='bbox 1940 395 2090 428; x_wconf 85' lang='lat' dir='ltr'>emittere</span> <span class='ocrx_word' id='word_1_662' title='bbox 2104 394 2154 425; x_wconf 83' lang='lat' dir='ltr'>vi-</span> 
     </span>
     <span class='ocr_line' id='line_1_81' title="bbox 1155 434 2019 478; baseline -0.002 -10"><span class='ocrx_word' id='word_1_663' title='bbox 1155 434 1312 469; x_wconf 82' lang='lat' dir='ltr'>debatur.</span> <span class='ocrx_word' id='word_1_664' title='bbox 1338 435 1489 477; x_wconf 87' lang='lat' dir='ltr'>Denique</span> <span class='ocrx_word' id='word_1_665' title='bbox 1510 434 1618 476; x_wconf 72' lang='lat' dir='ltr'>Cystis</span> <span class='ocrx_word' id='word_1_666' title='bbox 1640 445 1707 468; x_wconf 90' lang='lat' dir='ltr'>erat</span> <span class='ocrx_word' id='word_1_667' title='bbox 1734 437 1861 476; x_wconf 88' lang='lat' dir='ltr'>prorsus</span> <span class='ocrx_word' id='word_1_668' title='bbox 1885 438 2019 478; x_wconf 78' lang='lat' dir='ltr'>exigua.</span> 
     </span>
    </p>

    <p class='ocr_par' dir='ltr' id='par_1_5' title="bbox 1143 476 2162 2476">
     <span class='ocr_line' id='line_1_82' title="bbox 1200 476 2159 514; baseline -0.001 -3"><span class='ocrx_word' id='word_1_669' title='bbox 1200 483 1250 511; x_wconf 88' lang='lat'>26.</span> <span class='ocrx_word' id='word_1_670' title='bbox 1275 477 1306 513; x_wconf 87' lang='lat' dir='ltr'>A</span> <span class='ocrx_word' id='word_1_671' title='bbox 1330 477 1401 510; x_wconf 89' lang='lat' dir='ltr'>nisu</span> <span class='ocrx_word' id='word_1_672' title='bbox 1425 479 1457 511; x_wconf 88' lang='lat' dir='ltr'>in</span> <span class='ocrx_word' id='word_1_673' title='bbox 1480 478 1671 512; x_wconf 88' lang='lat' dir='ltr'>extollendis</span> <span class='ocrx_word' id='word_1_674' title='bbox 1703 479 1852 512; x_wconf 76' lang='lat' dir='ltr'>oneribus</span> <span class='ocrx_word' id='word_1_675' title='bbox 1874 491 1948 514; x_wconf 89' lang='lat' dir='ltr'>cum</span> <span class='ocrx_word' id='word_1_676' title='bbox 1983 477 2071 512; x_wconf 84' lang='lat' dir='ltr'>faber</span> <span class='ocrx_word' id='word_1_677' title='bbox 2093 476 2159 510; x_wconf 84' lang='lat' dir='ltr'>fer-</span> 
     </span>
     <span class='ocr_line' id='line_1_83' title="bbox 1155 520 2154 565; baseline -0.001 -11"><span class='ocrx_word' id='word_1_678' title='bbox 1155 523 1279 559; x_wconf 85' lang='lat' dir='ltr'>rarius,</span> <span class='ocrx_word' id='word_1_679' title='bbox 1302 520 1445 561; x_wconf 84' lang='lat' dir='ltr'>itemque</span> <span class='ocrx_word' id='word_1_680' title='bbox 1469 521 1606 557; x_wconf 85' lang='lat' dir='ltr'>mulier,</span> <span class='ocrx_word' id='word_1_681' title='bbox 1629 521 1668 555; x_wconf 90' lang='lat' dir='ltr'>de</span> <span class='ocrx_word' id='word_1_682' title='bbox 1693 522 1812 563; x_wconf 89' lang='lat' dir='ltr'>quibus</span> <span class='ocrx_word' id='word_1_683' title='bbox 1836 523 1984 565; x_wconf 88' lang='lat' dir='ltr'>loquitur</span> <span class='ocrx_word' id='word_1_684' title='bbox 2006 520 2154 555; x_wconf 60' lang='lat' dir='ltr'>essch-</span> 
     </span>
     <span class='ocr_line' id='line_1_84' title="bbox 1156 562 2155 607; baseline 0 -10"><span class='ocrx_word' id='word_1_685' title='bbox 1156 564 1274 597; x_wconf 87' lang='lat' dir='ltr'>midius</span> <span class='ocrx_word' id='word_1_686' title='bbox 1297 565 1311 602; x_wconf 89' lang='lat'>(</span> <span class='ocrx_word' id='word_1_687' title='bbox 1331 562 1385 605; x_wconf 85' lang='lat' dir='ltr'>h)</span> <span class='ocrx_word' id='word_1_688' title='bbox 1411 587 1421 603; x_wconf 92' lang='lat'>‚</span> <span class='ocrx_word' id='word_1_689' title='bbox 1453 563 1606 607; x_wconf 87' lang='lat' dir='ltr'>quiddam</span> <span class='ocrx_word' id='word_1_690' title='bbox 1630 564 1687 597; x_wconf 88' lang='lat' dir='ltr'>fibi</span> <span class='ocrx_word' id='word_1_691' title='bbox 1714 566 1800 598; x_wconf 90' lang='lat' dir='ltr'>intus</span> <span class='ocrx_word' id='word_1_692' title='bbox 1824 567 1930 607; x_wconf 90' lang='lat' dir='ltr'>rumpi</span> <span class='ocrx_word' id='word_1_693' title='bbox 1951 588 1959 602; x_wconf 95' lang='lat'><strong>‚</strong></span> <span class='ocrx_word' id='word_1_694' title='bbox 1992 577 2056 598; x_wconf 88' lang='lat' dir='ltr'>non</span> <span class='ocrx_word' id='word_1_695' title='bbox 2092 564 2155 597; x_wconf 79' lang='lat' dir='ltr'>fine</span> 
     </span>
     <span class='ocr_line' id='line_1_85' title="bbox 1155 607 2155 651; baseline -0.001 -11"><span class='ocrx_word' id='word_1_696' title='bbox 1155 616 1210 640; x_wconf 89' lang='lat' dir='ltr'>aut</span> <span class='ocrx_word' id='word_1_697' title='bbox 1235 616 1381 648; x_wconf 79' lang='lat' dir='ltr'>magno,</span> <span class='ocrx_word' id='word_1_698' title='bbox 1404 616 1458 641; x_wconf 86' lang='lat' dir='ltr'>aut</span> <span class='ocrx_word' id='word_1_699' title='bbox 1481 615 1590 642; x_wconf 88' lang='lat' dir='ltr'>urente</span> <span class='ocrx_word' id='word_1_700' title='bbox 1613 607 1725 641; x_wconf 90' lang='lat' dir='ltr'>dolore</span> <span class='ocrx_word' id='word_1_701' title='bbox 1750 611 1782 641; x_wconf 94' lang='lat' dir='ltr'>in</span> <span class='ocrx_word' id='word_1_702' title='bbox 1795 612 1924 651; x_wconf 78' lang='lat' dir='ltr'>regione</span> <span class='ocrx_word' id='word_1_703' title='bbox 1948 608 2072 649; x_wconf 84' lang='lat' dir='ltr'>hepatis</span> <span class='ocrx_word' id='word_1_704' title='bbox 2085 607 2155 640; x_wconf 87' lang='lat' dir='ltr'>sen-</span> 
     </span>
     <span class='ocr_line' id='line_1_86' title="bbox 1156 649 2154 694; baseline -0.001 -11"><span class='ocrx_word' id='word_1_705' title='bbox 1156 650 1243 689; x_wconf 89' lang='lat' dir='ltr'>sere;</span> <span class='ocrx_word' id='word_1_706' title='bbox 1265 658 1412 684; x_wconf 88' lang='lat' dir='ltr'>neutrum</span> <span class='ocrx_word' id='word_1_707' title='bbox 1437 650 1496 682; x_wconf 89' lang='lat' dir='ltr'>esse</span> <span class='ocrx_word' id='word_1_708' title='bbox 1517 649 1707 692; x_wconf 86' lang='lat' dir='ltr'>deceptum,</span> <span class='ocrx_word' id='word_1_709' title='bbox 1731 653 1879 693; x_wconf 88' lang='lat' dir='ltr'>apparuit</span> <span class='ocrx_word' id='word_1_710' title='bbox 1904 662 1941 685; x_wconf 85' lang='lat' dir='ltr'>ex</span> <span class='ocrx_word' id='word_1_711' title='bbox 1967 653 2003 685; x_wconf 85' lang='lat' dir='ltr'>iis</span> <span class='ocrx_word' id='word_1_712' title='bbox 2026 662 2097 694; x_wconf 82' lang='lat' dir='ltr'>quae</span> <span class='ocrx_word' id='word_1_713' title='bbox 2118 651 2154 683; x_wconf 86' lang='lat' dir='ltr'>in</span> 
     </span>
     <span class='ocr_line' id='line_1_87' title="bbox 1154 691 2155 736; baseline 0 -10"><span class='ocrx_word' id='word_1_714' title='bbox 1154 693 1239 730; x_wconf 84' lang='lat' dir='ltr'>fabri</span> <span class='ocrx_word' id='word_1_715' title='bbox 1272 692 1420 729; x_wconf 87' lang='lat' dir='ltr'>cadavere</span> <span class='ocrx_word' id='word_1_716' title='bbox 1444 695 1575 725; x_wconf 88' lang='lat' dir='ltr'>inventa</span> <span class='ocrx_word' id='word_1_717' title='bbox 1607 691 1678 726; x_wconf 91' lang='lat' dir='ltr'>sunt</span> <span class='ocrx_word' id='word_1_718' title='bbox 1698 718 1706 733; x_wconf 91' lang='lat'>‚</span> <span class='ocrx_word' id='word_1_719' title='bbox 1737 697 1769 727; x_wconf 89' lang='lat'><strong>&amp;</strong></span> <span class='ocrx_word' id='word_1_720' title='bbox 1792 706 1830 727; x_wconf 81' lang='lat' dir='ltr'>ex</span> <span class='ocrx_word' id='word_1_721' title='bbox 1865 695 1904 727; x_wconf 90' lang='lat' dir='ltr'>iis</span> <span class='ocrx_word' id='word_1_722' title='bbox 1928 706 1999 736; x_wconf 78' lang='lat' dir='ltr'>quae</span> <span class='ocrx_word' id='word_1_723' title='bbox 2026 694 2155 727; x_wconf 88' lang='lat' dir='ltr'>mulieri</span> 
     </span>
     <span class='ocr_line' id='line_1_88' title="bbox 1154 736 2155 779; baseline 0 -9"><span class='ocrx_word' id='word_1_724' title='bbox 1154 736 1337 772; x_wconf 85' lang='lat' dir='ltr'>acciderunt</span> <span class='ocrx_word' id='word_1_725' title='bbox 1362 760 1370 767; x_wconf 84' lang='grc'><strong>.</strong></span> <span class='ocrx_word' id='word_1_726' title='bbox 1405 736 1463 772; x_wconf 81' lang='lat' dir='ltr'>sed</span> <span class='ocrx_word' id='word_1_727' title='bbox 1487 736 1566 779; x_wconf 84' lang='lat' dir='ltr'>quid</span> <span class='ocrx_word' id='word_1_728' title='bbox 1599 736 1700 771; x_wconf 90' lang='lat' dir='ltr'>noster</span> <span class='ocrx_word' id='word_1_729' title='bbox 1725 737 1858 779; x_wconf 85' lang='lat' dir='ltr'>Bajulus</span> <span class='ocrx_word' id='word_1_730' title='bbox 1881 737 1939 770; x_wconf 82' lang='lat' dir='ltr'>fibi</span> <span class='ocrx_word' id='word_1_731' title='bbox 1964 737 2000 770; x_wconf 88' lang='lat' dir='ltr'>ad</span> <span class='ocrx_word' id='word_1_732' title='bbox 2026 737 2155 771; x_wconf 81' lang='lat' dir='ltr'>lumbos</span> 
     </span>
     <span class='ocr_line' id='line_1_89' title="bbox 1153 779 2156 822; baseline -0.002 -9"><span class='ocrx_word' id='word_1_733' title='bbox 1153 779 1270 814; x_wconf 85' lang='lat' dir='ltr'>laeserit</span> <span class='ocrx_word' id='word_1_734' title='bbox 1295 802 1306 819; x_wconf 86' lang='lat'>‚</span> <span class='ocrx_word' id='word_1_735' title='bbox 1338 790 1410 812; x_wconf 91' lang='lat' dir='ltr'>cum</span> <span class='ocrx_word' id='word_1_736' title='bbox 1433 780 1514 813; x_wconf 89' lang='lat' dir='ltr'>illud</span> <span class='ocrx_word' id='word_1_737' title='bbox 1538 790 1619 812; x_wconf 89' lang='lat' dir='ltr'>onus</span> <span class='ocrx_word' id='word_1_738' title='bbox 1642 780 1790 814; x_wconf 84' lang='lat' dir='ltr'>attollere</span> <span class='ocrx_word' id='word_1_739' title='bbox 1811 791 1946 814; x_wconf 86' lang='lat' dir='ltr'>conatus</span> <span class='ocrx_word' id='word_1_740' title='bbox 1970 780 2033 818; x_wconf 87' lang='lat' dir='ltr'>est,</span> <span class='ocrx_word' id='word_1_741' title='bbox 2056 779 2156 822; x_wconf 90' lang='lat' dir='ltr'>quid-</span> 
     </span>
     <span class='ocr_line' id='line_1_90' title="bbox 1153 822 2155 869; baseline -0.001 -13"><span class='ocrx_word' id='word_1_742' title='bbox 1153 834 1215 865; x_wconf 90' lang='lat' dir='ltr'>que</span> <span class='ocrx_word' id='word_1_743' title='bbox 1258 822 1453 858; x_wconf 84' lang='lat' dir='ltr'>ascendentis</span> <span class='ocrx_word' id='word_1_744' title='bbox 1483 822 1595 869; x_wconf 33' lang='lat' dir='ltr'>*instar</span> <span class='ocrx_word' id='word_1_745' title='bbox 1638 825 1783 864; x_wconf 87' lang='lat' dir='ltr'>corporis</span> <span class='ocrx_word' id='word_1_746' title='bbox 1828 825 2017 866; x_wconf 86' lang='lat' dir='ltr'>imposuerit</span> <span class='ocrx_word' id='word_1_747' title='bbox 2040 846 2050 862; x_wconf 87' lang='lat'><strong>,</strong></span> <span class='ocrx_word' id='word_1_748' title='bbox 2098 822 2155 856; x_wconf 83' lang='lat' dir='ltr'>etsi</span> 
     </span>
     <span class='ocr_line' id='line_1_91' title="bbox 1155 864 2157 909; baseline -0.002 -9"><span class='ocrx_word' id='word_1_749' title='bbox 1155 878 1227 901; x_wconf 88' lang='lat' dir='ltr'>vera</span> <span class='ocrx_word' id='word_1_750' title='bbox 1252 864 1381 899; x_wconf 84' lang='lat' dir='ltr'>fortasse</span> <span class='ocrx_word' id='word_1_751' title='bbox 1413 866 1600 908; x_wconf 60' lang='lat' dir='ltr'>conieetura</span> <span class='ocrx_word' id='word_1_752' title='bbox 1624 865 1792 909; x_wconf 84' lang='lat' dir='ltr'>assequaris</span> <span class='ocrx_word' id='word_1_753' title='bbox 1814 880 1825 904; x_wconf 67' lang='lat'>1</span> <span class='ocrx_word' id='word_1_754' title='bbox 1856 868 2071 901; x_wconf 80' lang='lat' dir='ltr'>demonstrare</span> <span class='ocrx_word' id='word_1_755' title='bbox 2102 874 2157 898; x_wconf 78' lang='lat' dir='ltr'>ta-</span> 
     </span>
     <span class='ocr_line' id='line_1_92' title="bbox 1156 908 2159 951; baseline -0.001 -9"><span class='ocrx_word' id='word_1_756' title='bbox 1156 921 1228 942; x_wconf 89' lang='lat' dir='ltr'>men</span> <span class='ocrx_word' id='word_1_757' title='bbox 1252 909 1336 942; x_wconf 87' lang='lat' dir='ltr'>haud</span> <span class='ocrx_word' id='word_1_758' title='bbox 1358 909 1451 943; x_wconf 85' lang='lat' dir='ltr'>facile</span> <span class='ocrx_word' id='word_1_759' title='bbox 1476 911 1615 950; x_wconf 86' lang='lat' dir='ltr'>poteris.</span> <span class='ocrx_word' id='word_1_760' title='bbox 1641 909 1724 943; x_wconf 86' lang='lat' dir='ltr'>Illud</span> <span class='ocrx_word' id='word_1_761' title='bbox 1747 920 1871 944; x_wconf 88' lang='lat' dir='ltr'>certum</span> <span class='ocrx_word' id='word_1_762' title='bbox 1896 935 1905 950; x_wconf 96' lang='lat'>‚</span> <span class='ocrx_word' id='word_1_763' title='bbox 1927 911 2085 945; x_wconf 85' lang='lat' dir='ltr'>crescente</span> <span class='ocrx_word' id='word_1_764' title='bbox 2107 908 2159 951; x_wconf 61' lang='lat' dir='ltr'>jea</span> 
     </span>
     <span class='ocr_line' id='line_1_93' title="bbox 1155 953 2157 996; baseline 0 -10"><span class='ocrx_word' id='word_1_765' title='bbox 1155 953 1276 986; x_wconf 88' lang='lat' dir='ltr'>cinoris</span> <span class='ocrx_word' id='word_1_766' title='bbox 1300 954 1385 987; x_wconf 90' lang='lat' dir='ltr'>vitio</span> <span class='ocrx_word' id='word_1_767' title='bbox 1401 978 1409 991; x_wconf 86' lang='lat'>,</span> <span class='ocrx_word' id='word_1_768' title='bbox 1433 955 1463 989; x_wconf 86' lang='lat'>&amp;</span> <span class='ocrx_word' id='word_1_769' title='bbox 1487 962 1634 990; x_wconf 87' lang='lat' dir='ltr'>tumore,</span> <span class='ocrx_word' id='word_1_770' title='bbox 1659 955 1691 986; x_wconf 87' lang='lat' dir='ltr'>in</span> <span class='ocrx_word' id='word_1_771' title='bbox 1716 965 1826 988; x_wconf 87' lang='lat' dir='ltr'>ventre</span> <span class='ocrx_word' id='word_1_772' title='bbox 1849 965 1962 996; x_wconf 88' lang='lat' dir='ltr'>aquam</span> <span class='ocrx_word' id='word_1_773' title='bbox 1985 978 1994 993; x_wconf 90' lang='lat'>,</span> <span class='ocrx_word' id='word_1_774' title='bbox 2029 953 2093 989; x_wconf 81' lang='lat' dir='ltr'>five</span> <span class='ocrx_word' id='word_1_775' title='bbox 2116 963 2157 986; x_wconf 81' lang='lat' dir='ltr'>ex</span> 
     </span>
     <span class='ocr_line' id='line_1_94' title="bbox 1154 995 2156 1039; baseline 0.001 -11"><span class='ocrx_word' id='word_1_776' title='bbox 1154 1005 1244 1039; x_wconf 91' lang='lat' dir='ltr'>parte</span> <span class='ocrx_word' id='word_1_777' title='bbox 1269 1006 1360 1028; x_wconf 87' lang='lat' dir='ltr'>antea</span> <span class='ocrx_word' id='word_1_778' title='bbox 1385 995 1517 1035; x_wconf 83' lang='lat' dir='ltr'>fuisset,</span> <span class='ocrx_word' id='word_1_779' title='bbox 1540 996 1600 1029; x_wconf 76' lang='lat' dir='ltr'>sive</span> <span class='ocrx_word' id='word_1_780' title='bbox 1624 1008 1687 1030; x_wconf 91' lang='lat' dir='ltr'>non</span> <span class='ocrx_word' id='word_1_781' title='bbox 1700 995 1828 1037; x_wconf 86' lang='lat' dir='ltr'>fuisset,</span> <span class='ocrx_word' id='word_1_782' title='bbox 1853 995 1996 1031; x_wconf 46' lang='lat' dir='ltr'>crevisse&lt;</span> <span class='ocrx_word' id='word_1_783' title='bbox 2023 997 2156 1038; x_wconf 87' lang='lat' dir='ltr'>Nempe</span> 
     </span>
     <span class='ocr_line' id='line_1_95' title="bbox 1156 1037 2158 1083; baseline 0.001 -11"><span class='ocrx_word' id='word_1_784' title='bbox 1156 1048 1266 1072; x_wconf 89' lang='lat' dir='ltr'>tumor</span> <span class='ocrx_word' id='word_1_785' title='bbox 1289 1037 1353 1079; x_wconf 89' lang='lat' dir='ltr'>ipse</span> <span class='ocrx_word' id='word_1_786' title='bbox 1380 1038 1525 1081; x_wconf 80' lang='lat' dir='ltr'>hepatis,</span> <span class='ocrx_word' id='word_1_787' title='bbox 1549 1042 1580 1072; x_wconf 87' lang='lat'>&amp;</span> <span class='ocrx_word' id='word_1_788' title='bbox 1604 1040 1727 1080; x_wconf 86' lang='lat' dir='ltr'>pondus</span> <span class='ocrx_word' id='word_1_789' title='bbox 1751 1041 1783 1074; x_wconf 85' lang='lat' dir='ltr'>iu</span> <span class='ocrx_word' id='word_1_790' title='bbox 1798 1051 1959 1082; x_wconf 84' lang='lat' dir='ltr'>perpetuo.</span> <span class='ocrx_word' id='word_1_791' title='bbox 1975 1039 2158 1083; x_wconf 85' lang='lat' dir='ltr'>supinode-</span> 
     </span>
     <span class='ocr_line' id='line_1_96' title="bbox 1153 1082 2158 1126; baseline -0.001 -10"><span class='ocrx_word' id='word_1_792' title='bbox 1153 1082 1267 1117; x_wconf 88' lang='lat' dir='ltr'>cubitu</span> <span class='ocrx_word' id='word_1_793' title='bbox 1291 1092 1444 1114; x_wconf 86' lang='lat' dir='ltr'>venarum</span> <span class='ocrx_word' id='word_1_794' title='bbox 1468 1083 1588 1121; x_wconf 83' lang='lat' dir='ltr'>Cavae,</span> <span class='ocrx_word' id='word_1_795' title='bbox 1611 1084 1643 1115; x_wconf 87' lang='lat'>&amp;</span> <span class='ocrx_word' id='word_1_796' title='bbox 1668 1085 1838 1116; x_wconf 85' lang='lat' dir='ltr'>Portarum</span> <span class='ocrx_word' id='word_1_797' title='bbox 1862 1093 1993 1118; x_wconf 87' lang='lat' dir='ltr'>truncos</span> <span class='ocrx_word' id='word_1_798' title='bbox 2012 1106 2021 1120; x_wconf 95' lang='lat'>‚</span> <span class='ocrx_word' id='word_1_799' title='bbox 2053 1083 2158 1126; x_wconf 87' lang='lat' dir='ltr'>pluri-</span> 
     </span>
     <span class='ocr_line' id='line_1_97' title="bbox 1153 1123 2158 1169; baseline -0.001 -9"><span class='ocrx_word' id='word_1_800' title='bbox 1153 1125 1287 1169; x_wconf 88' lang='lat' dir='ltr'>mosque</span> <span class='ocrx_word' id='word_1_801' title='bbox 1319 1123 1412 1162; x_wconf 83' lang='lat' dir='ltr'>simul</span> <span class='ocrx_word' id='word_1_802' title='bbox 1436 1125 1577 1167; x_wconf 78' lang='lat' dir='ltr'>lymphae</span> <span class='ocrx_word' id='word_1_803' title='bbox 1615 1125 1730 1159; x_wconf 66' lang='lat' dir='ltr'>dustus</span> <span class='ocrx_word' id='word_1_804' title='bbox 1754 1129 1918 1167; x_wconf 87' lang='lat' dir='ltr'>premebat</span> <span class='ocrx_word' id='word_1_805' title='bbox 1937 1150 1949 1167; x_wconf 87' lang='lat'><em>‚</em></span> <span class='ocrx_word' id='word_1_806' title='bbox 1972 1136 2008 1160; x_wconf 91' lang='lat' dir='ltr'>ut</span> <span class='ocrx_word' id='word_1_807' title='bbox 2032 1137 2072 1160; x_wconf 76' lang='lat' dir='ltr'>ex</span> <span class='ocrx_word' id='word_1_808' title='bbox 2095 1125 2158 1159; x_wconf 89' lang='lat' dir='ltr'>ho-</span> 
     </span>
     <span class='ocr_line' id='line_1_98' title="bbox 1152 1167 2155 1211; baseline -0.001 -8"><span class='ocrx_word' id='word_1_809' title='bbox 1152 1180 1224 1203; x_wconf 82' lang='lat' dir='ltr'>rum</span> <span class='ocrx_word' id='word_1_810' title='bbox 1247 1167 1439 1211; x_wconf 87' lang='lat' dir='ltr'>quibusdam</span> <span class='ocrx_word' id='word_1_811' title='bbox 1464 1170 1586 1210; x_wconf 66' lang='lat' dir='ltr'>ruptis,</span> <span class='ocrx_word' id='word_1_812' title='bbox 1612 1178 1664 1202; x_wconf 86' lang='lat' dir='ltr'>aut</span> <span class='ocrx_word' id='word_1_813' title='bbox 1680 1191 1689 1206; x_wconf 93' lang='lat'>,</span> <span class='ocrx_word' id='word_1_814' title='bbox 1716 1169 1736 1201; x_wconf 87' lang='lat' dir='ltr'>si</span> <span class='ocrx_word' id='word_1_815' title='bbox 1759 1169 1877 1210; x_wconf 81' lang='lat' dir='ltr'>integri</span> <span class='ocrx_word' id='word_1_816' title='bbox 1901 1169 1935 1203; x_wconf 91' lang='lat' dir='ltr'>hi</span> <span class='ocrx_word' id='word_1_817' title='bbox 1959 1180 2048 1203; x_wconf 87' lang='lat' dir='ltr'>erant</span> <span class='ocrx_word' id='word_1_818' title='bbox 2075 1193 2086 1209; x_wconf 88' lang='lat'>,</span> <span class='ocrx_word' id='word_1_819' title='bbox 2108 1169 2155 1202; x_wconf 86' lang='lat' dir='ltr'>ob</span> 
     </span>
     <span class='ocr_line' id='line_1_99' title="bbox 1153 1211 2159 1255; baseline 0 -10"><span class='ocrx_word' id='word_1_820' title='bbox 1153 1212 1254 1255; x_wconf 87' lang='lat' dir='ltr'>ipsam</span> <span class='ocrx_word' id='word_1_821' title='bbox 1279 1222 1402 1246; x_wconf 88' lang='lat' dir='ltr'>moram</span> <span class='ocrx_word' id='word_1_822' title='bbox 1425 1211 1605 1253; x_wconf 80' lang='lat' dir='ltr'>sanguinis,</span> <span class='ocrx_word' id='word_1_823' title='bbox 1630 1212 1700 1253; x_wconf 87' lang='lat' dir='ltr'>plus</span> <span class='ocrx_word' id='word_1_824' title='bbox 1724 1224 1814 1254; x_wconf 86' lang='lat' dir='ltr'>aquae</span> <span class='ocrx_word' id='word_1_825' title='bbox 1838 1214 1871 1245; x_wconf 90' lang='lat' dir='ltr'>in</span> <span class='ocrx_word' id='word_1_826' title='bbox 1896 1224 2043 1249; x_wconf 86' lang='lat' dir='ltr'>ventrem</span> <span class='ocrx_word' id='word_1_827' title='bbox 2057 1211 2159 1246; x_wconf 85' lang='lat' dir='ltr'>effun-</span> 
     </span>
     <span class='ocr_line' id='line_1_100' title="bbox 1153 1254 2158 1298; baseline -0.001 -8"><span class='ocrx_word' id='word_1_828' title='bbox 1153 1256 1282 1290; x_wconf 85' lang='lat' dir='ltr'>deretur</span> <span class='ocrx_word' id='word_1_829' title='bbox 1309 1280 1322 1294; x_wconf 13' lang='lat' dir='ltr'>.r</span> <span class='ocrx_word' id='word_1_830' title='bbox 1349 1255 1532 1290; x_wconf 84' lang='lat' dir='ltr'>Accedebat</span> <span class='ocrx_word' id='word_1_831' title='bbox 1556 1254 1648 1291; x_wconf 80' lang='lat' dir='ltr'>causa</span> <span class='ocrx_word' id='word_1_832' title='bbox 1679 1266 1751 1298; x_wconf 82' lang='lat' dir='ltr'>quae</span> <span class='ocrx_word' id='word_1_833' title='bbox 1775 1256 1897 1290; x_wconf 89' lang='lat' dir='ltr'>lentum</span> <span class='ocrx_word' id='word_1_834' title='bbox 1922 1279 1931 1294; x_wconf 92' lang='lat'>‚</span> <span class='ocrx_word' id='word_1_835' title='bbox 1966 1259 1997 1290; x_wconf 72' lang='grc' dir='ltr'>δε</span> <span class='ocrx_word' id='word_1_836' title='bbox 2020 1258 2158 1290; x_wconf 88' lang='lat' dir='ltr'>inertem</span> 
     </span>
     <span class='ocr_line' id='line_1_101' title="bbox 1153 1297 2157 1342; baseline 0.001 -10"><span class='ocrx_word' id='word_1_837' title='bbox 1153 1300 1338 1342; x_wconf 80' lang='lat' dir='ltr'>sanguinem</span> <span class='ocrx_word' id='word_1_838' title='bbox 1363 1297 1504 1335; x_wconf 84' lang='lat' dir='ltr'>faceret,</span> <span class='ocrx_word' id='word_1_839' title='bbox 1527 1308 1656 1333; x_wconf 86' lang='lat' dir='ltr'>tanturn</span> <span class='ocrx_word' id='word_1_840' title='bbox 1679 1298 1830 1333; x_wconf 89' lang='lat' dir='ltr'>videlicet</span> <span class='ocrx_word' id='word_1_841' title='bbox 1854 1299 2006 1338; x_wconf 84' lang='lat' dir='ltr'>scirrhofi</span> <span class='ocrx_word' id='word_1_842' title='bbox 2029 1299 2157 1342; x_wconf 90' lang='lat' dir='ltr'>hepatis</span> 
     </span>
     <span class='ocr_line' id='line_1_102' title="bbox 1153 1342 2159 1386; baseline 0 -9"><span class='ocrx_word' id='word_1_843' title='bbox 1153 1345 1297 1380; x_wconf 83' lang='lat' dir='ltr'>vitium3</span> <span class='ocrx_word' id='word_1_844' title='bbox 1321 1351 1355 1375; x_wconf 92' lang='lat' dir='ltr'>ut</span> <span class='ocrx_word' id='word_1_845' title='bbox 1379 1342 1454 1376; x_wconf 90' lang='lat' dir='ltr'>bilis</span> <span class='ocrx_word' id='word_1_846' title='bbox 1477 1353 1577 1385; x_wconf 88' lang='lat' dir='ltr'>neque</span> <span class='ocrx_word' id='word_1_847' title='bbox 1589 1342 1703 1376; x_wconf 89' lang='lat' dir='ltr'>idonea</span> <span class='ocrx_word' id='word_1_848' title='bbox 1729 1343 1766 1376; x_wconf 92' lang='lat' dir='ltr'>ad</span> <span class='ocrx_word' id='word_1_849' title='bbox 1782 1343 1833 1380; x_wconf 86' lang='lat' dir='ltr'>sua</span> <span class='ocrx_word' id='word_1_850' title='bbox 1858 1355 2007 1383; x_wconf 85' lang='lat' dir='ltr'>munera,</span> <span class='ocrx_word' id='word_1_851' title='bbox 2034 1346 2159 1386; x_wconf 88' lang='lat' dir='ltr'>&amp;pau-</span> 
     </span>
     <span class='ocr_line' id='line_1_103' title="bbox 1151 1384 2158 1429; baseline -0.001 -8"><span class='ocrx_word' id='word_1_852' title='bbox 1151 1398 1187 1421; x_wconf 88' lang='lat' dir='ltr'>ca</span> <span class='ocrx_word' id='word_1_853' title='bbox 1212 1395 1319 1424; x_wconf 82' lang='lat' dir='ltr'>certe;</span> <span class='ocrx_word' id='word_1_854' title='bbox 1343 1385 1376 1419; x_wconf 88' lang='lat' dir='ltr'>id</span> <span class='ocrx_word' id='word_1_855' title='bbox 1398 1385 1486 1428; x_wconf 90' lang='lat' dir='ltr'>quod</span> <span class='ocrx_word' id='word_1_856' title='bbox 1509 1386 1606 1429; x_wconf 87' lang='lat' dir='ltr'>cystis</span> <span class='ocrx_word' id='word_1_857' title='bbox 1628 1384 1843 1425; x_wconf 85' lang='lat' dir='ltr'>confirmabat</span> <span class='ocrx_word' id='word_1_858' title='bbox 1868 1388 2007 1429; x_wconf 88' lang='lat' dir='ltr'>parvitas</span> <span class='ocrx_word' id='word_1_859' title='bbox 2028 1402 2035 1424; x_wconf 86' lang='lat'>;</span> <span class='ocrx_word' id='word_1_860' title='bbox 2062 1388 2158 1420; x_wconf 84' lang='lat' dir='ltr'>secer-</span> 
     </span>
     <span class='ocr_line' id='line_1_104' title="bbox 1151 1429 2160 1474; baseline 0 -11"><span class='ocrx_word' id='word_1_861' title='bbox 1151 1439 1304 1463; x_wconf 84' lang='lat' dir='ltr'>neretur:</span> <span class='ocrx_word' id='word_1_862' title='bbox 1327 1429 1539 1471; x_wconf 87' lang='lat' dir='ltr'>quamobrem</span> <span class='ocrx_word' id='word_1_863' title='bbox 1561 1429 1665 1462; x_wconf 85' lang='lat' dir='ltr'>bonus</span> <span class='ocrx_word' id='word_1_864' title='bbox 1687 1429 1935 1474; x_wconf 88' lang='lat' dir='ltr'>nequechylus‚</span> <span class='ocrx_word' id='word_1_865' title='bbox 1960 1442 2061 1473; x_wconf 90' lang='lat' dir='ltr'>neque</span> <span class='ocrx_word' id='word_1_866' title='bbox 2086 1431 2160 1464; x_wconf 87' lang='lat' dir='ltr'>san-</span> 
     </span>
     <span class='ocr_line' id='line_1_105' title="bbox 1150 1472 2160 1516; baseline 0.002 -10"><span class='ocrx_word' id='word_1_867' title='bbox 1150 1475 1222 1516; x_wconf 84' lang='lat' dir='ltr'>guis</span> <span class='ocrx_word' id='word_1_868' title='bbox 1244 1472 1496 1506; x_wconf 86' lang='lat' dir='ltr'>conficiebatur.</span> <span class='ocrx_word' id='word_1_869' title='bbox 1521 1473 1597 1506; x_wconf 88' lang='lat' dir='ltr'>Huc</span> <span class='ocrx_word' id='word_1_870' title='bbox 1621 1474 1738 1507; x_wconf 88' lang='lat' dir='ltr'>lienem</span> <span class='ocrx_word' id='word_1_871' title='bbox 1763 1474 1841 1507; x_wconf 91' lang='lat' dir='ltr'>adde</span> <span class='ocrx_word' id='word_1_872' title='bbox 1864 1474 2011 1512; x_wconf 84' lang='lat' dir='ltr'>&amp;mole,</span> <span class='ocrx_word' id='word_1_873' title='bbox 2036 1478 2160 1508; x_wconf 85' lang='lat' dir='ltr'>&amp;con-</span> 
     </span>
     <span class='ocr_line' id='line_1_106' title="bbox 1151 1516 2162 1560; baseline 0.001 -10"><span class='ocrx_word' id='word_1_874' title='bbox 1151 1517 1321 1550; x_wconf 86' lang='lat' dir='ltr'>stitutione</span> <span class='ocrx_word' id='word_1_875' title='bbox 1345 1526 1553 1556; x_wconf 86' lang='lat' dir='ltr'>peccantem:</span> <span class='ocrx_word' id='word_1_876' title='bbox 1577 1518 1634 1558; x_wconf 88' lang='lat' dir='ltr'>qui</span> <span class='ocrx_word' id='word_1_877' title='bbox 1660 1516 1786 1550; x_wconf 84' lang='lat' dir='ltr'>tametsi</span> <span class='ocrx_word' id='word_1_878' title='bbox 1809 1518 1888 1559; x_wconf 89' lang='lat' dir='ltr'>quid</span> <span class='ocrx_word' id='word_1_879' title='bbox 1911 1527 1983 1559; x_wconf 72' lang='lat' dir='ltr'>agat</span> <span class='ocrx_word' id='word_1_880' title='bbox 2018 1518 2162 1560; x_wconf 72' lang='lat' dir='ltr'>peculia-</span> 
     </span>
     <span class='ocr_line' id='line_1_107' title="bbox 1150 1557 2158 1602; baseline 0.001 -8"><span class='ocrx_word' id='word_1_881' title='bbox 1150 1561 1228 1595; x_wconf 90' lang='lat' dir='ltr'>riter</span> <span class='ocrx_word' id='word_1_882' title='bbox 1251 1584 1265 1600; x_wconf 82' lang='lat'><em>,</em></span> <span class='ocrx_word' id='word_1_883' title='bbox 1295 1558 1428 1593; x_wconf 83' lang='lat' dir='ltr'>definire</span> <span class='ocrx_word' id='word_1_884' title='bbox 1450 1571 1516 1592; x_wconf 89' lang='lat' dir='ltr'>non</span> <span class='ocrx_word' id='word_1_885' title='bbox 1550 1557 1713 1602; x_wconf 81' lang='lat' dir='ltr'>possumus</span> <span class='ocrx_word' id='word_1_886' title='bbox 1736 1573 1745 1596; x_wconf 84' lang='lat'>;</span> <span class='ocrx_word' id='word_1_887' title='bbox 1777 1561 1810 1593; x_wconf 89' lang='lat' dir='ltr'>in</span> <span class='ocrx_word' id='word_1_888' title='bbox 1833 1561 2015 1597; x_wconf 83' lang='lat' dir='ltr'>universum</span> <span class='ocrx_word' id='word_1_889' title='bbox 2050 1572 2158 1595; x_wconf 85' lang='lat' dir='ltr'>tamen</span> 
     </span>
     <span class='ocr_line' id='line_1_108' title="bbox 1150 1602 2159 1646; baseline 0.001 -9"><span class='ocrx_word' id='word_1_890' title='bbox 1150 1605 1230 1646; x_wconf 88' lang='lat' dir='ltr'>quin</span> <span class='ocrx_word' id='word_1_891' title='bbox 1254 1613 1429 1646; x_wconf 86' lang='lat' dir='ltr'>utrumque</span> <span class='ocrx_word' id='word_1_892' title='bbox 1454 1602 1583 1636; x_wconf 88' lang='lat' dir='ltr'>tandem</span> <span class='ocrx_word' id='word_1_893' title='bbox 1606 1624 1614 1639; x_wconf 88' lang='lat'>‚</span> <span class='ocrx_word' id='word_1_894' title='bbox 1641 1611 1696 1637; x_wconf 88' lang='lat' dir='ltr'>aut</span> <span class='ocrx_word' id='word_1_895' title='bbox 1721 1603 1857 1638; x_wconf 88' lang='lat' dir='ltr'>alterum</span> <span class='ocrx_word' id='word_1_896' title='bbox 1882 1604 2015 1638; x_wconf 90' lang='lat' dir='ltr'>illorum</span> <span class='ocrx_word' id='word_1_897' title='bbox 2039 1603 2159 1639; x_wconf 88' lang='lat' dir='ltr'>humo-</span> 
     </span>
     <span class='ocr_line' id='line_1_109' title="bbox 1148 1645 2159 1689; baseline 0.001 -8"><span class='ocrx_word' id='word_1_898' title='bbox 1148 1658 1221 1681; x_wconf 87' lang='lat' dir='ltr'>rum</span> <span class='ocrx_word' id='word_1_899' title='bbox 1255 1645 1346 1689; x_wconf 85' lang='lat' dir='ltr'>juvet</span> <span class='ocrx_word' id='word_1_900' title='bbox 1373 1670 1383 1686; x_wconf 93' lang='lat'>‚</span> <span class='ocrx_word' id='word_1_901' title='bbox 1419 1658 1485 1684; x_wconf 87' lang='lat' dir='ltr'>non</span> <span class='ocrx_word' id='word_1_902' title='bbox 1509 1646 1697 1680; x_wconf 86' lang='lat' dir='ltr'>dubitamus</span> <span class='ocrx_word' id='word_1_903' title='bbox 1718 1672 1726 1680; x_wconf 90' lang='lat'>.</span> <span class='ocrx_word' id='word_1_904' title='bbox 1760 1649 1830 1681; x_wconf 90' lang='lat' dir='ltr'>Cur</span> <span class='ocrx_word' id='word_1_905' title='bbox 1854 1658 1930 1679; x_wconf 90' lang='lat' dir='ltr'>vero</span> <span class='ocrx_word' id='word_1_906' title='bbox 1953 1648 1987 1680; x_wconf 88' lang='lat' dir='ltr'>in</span> <span class='ocrx_word' id='word_1_907' title='bbox 2014 1646 2100 1687; x_wconf 89' lang='lat' dir='ltr'>hoc,</span> <span class='ocrx_word' id='word_1_908' title='bbox 2125 1651 2159 1682; x_wconf 88' lang='lat'>&amp;</span> 
     </span>
     <span class='ocr_line' id='line_1_110' title="bbox 1148 1690 2159 1734; baseline 0.003 -12"><span class='ocrx_word' id='word_1_909' title='bbox 1148 1691 1266 1732; x_wconf 83' lang='lat' dir='ltr'>priore&#39;</span> <span class='ocrx_word' id='word_1_910' title='bbox 1281 1691 1352 1723; x_wconf 93' lang='lat' dir='ltr'>viro</span> <span class='ocrx_word' id='word_1_911' title='bbox 1369 1715 1376 1727; x_wconf 86' lang='lat'><em>.</em></span> <span class='ocrx_word' id='word_1_912' title='bbox 1401 1692 1432 1722; x_wconf 89' lang='lat'>&amp;</span> <span class='ocrx_word' id='word_1_913' title='bbox 1456 1691 1489 1725; x_wconf 87' lang='lat' dir='ltr'>in</span> <span class='ocrx_word' id='word_1_914' title='bbox 1515 1699 1567 1722; x_wconf 90' lang='lat' dir='ltr'>tot</span> <span class='ocrx_word' id='word_1_915' title='bbox 1592 1690 1662 1723; x_wconf 89' lang='lat' dir='ltr'>aliis</span> <span class='ocrx_word' id='word_1_916' title='bbox 1677 1712 1690 1729; x_wconf 84' lang='lat'><em>,</em></span> <span class='ocrx_word' id='word_1_917' title='bbox 1712 1690 1877 1733; x_wconf 86' lang='lat' dir='ltr'>inquibus</span> <span class='ocrx_word' id='word_1_918' title='bbox 1901 1702 2067 1725; x_wconf 88' lang='lat' dir='ltr'>numerare</span> <span class='ocrx_word' id='word_1_919' title='bbox 2085 1690 2159 1734; x_wconf 92' lang='lat' dir='ltr'>pos-</span> 
     </span>
     <span class='ocr_line' id='line_1_111' title="bbox 1148 1733 2158 1776; baseline 0.003 -10"><span class='ocrx_word' id='word_1_920' title='bbox 1148 1734 1213 1767; x_wconf 87' lang='lat' dir='ltr'>sem</span> <span class='ocrx_word' id='word_1_921' title='bbox 1239 1733 1600 1769; x_wconf 28' lang='lat' dir='ltr'>tuminfantemffillum</span> <span class='ocrx_word' id='word_1_922' title='bbox 1613 1733 1740 1767; x_wconf 83' lang='lat' dir='ltr'>Preuffii</span> <span class='ocrx_word' id='word_1_923' title='bbox 1765 1735 1782 1776; x_wconf 86' lang='lat'>(&#39;</span> <span class='ocrx_word' id='word_1_924' title='bbox 1801 1734 1813 1767; x_wconf 90' lang='lat' dir='ltr'><em>l</em></span> <span class='ocrx_word' id='word_1_925' title='bbox 1833 1738 1867 1775; x_wconf 93' lang='lat'>)‚</span> <span class='ocrx_word' id='word_1_926' title='bbox 1892 1743 1964 1768; x_wconf 88' lang='lat' dir='ltr'>tum</span> <span class='ocrx_word' id='word_1_927' title='bbox 1989 1736 2158 1769; x_wconf 85' lang='lat' dir='ltr'>mulierem</span> 
     </span>
     <span class='ocr_line' id='line_1_112' title="bbox 1148 1775 2159 1821; baseline 0.004 -12"><span class='ocrx_word' id='word_1_928' title='bbox 1148 1777 1232 1820; x_wconf 84' lang='lat' dir='ltr'>apud</span> <span class='ocrx_word' id='word_1_929' title='bbox 1257 1775 1406 1821; x_wconf 87' lang='lat' dir='ltr'>Portium</span> <span class='ocrx_word' id='word_1_930' title='bbox 1430 1780 1441 1816; x_wconf 93' lang='lat'>(</span> <span class='ocrx_word' id='word_1_931' title='bbox 1464 1788 1495 1809; x_wconf 88' lang='lat' dir='ltr'>m</span> <span class='ocrx_word' id='word_1_932' title='bbox 1517 1779 1531 1816; x_wconf 94' lang='lat'>)</span> <span class='ocrx_word' id='word_1_933' title='bbox 1557 1802 1566 1816; x_wconf 88' lang='lat'><strong>‚</strong></span> <span class='ocrx_word' id='word_1_934' title='bbox 1602 1775 1662 1812; x_wconf 67' lang='lat' dir='ltr'>nisi,</span> <span class='ocrx_word' id='word_1_935' title='bbox 1686 1777 1771 1810; x_wconf 91' lang='lat' dir='ltr'>idem</span> <span class='ocrx_word' id='word_1_936' title='bbox 1796 1777 1875 1820; x_wconf 80' lang='lat' dir='ltr'>saepe</span> <span class='ocrx_word' id='word_1_937' title='bbox 1906 1779 1985 1813; x_wconf 86' lang='lat' dir='ltr'>adeo</span> <span class='ocrx_word' id='word_1_938' title='bbox 2007 1780 2041 1811; x_wconf 90' lang='lat' dir='ltr'>in</span> <span class='ocrx_word' id='word_1_939' title='bbox 2065 1776 2159 1813; x_wconf 86' lang='lat' dir='ltr'>disse-</span> 
     </span>
     <span class='ocr_line' id='line_1_113' title="bbox 1148 1819 2159 1863; baseline 0.002 -9"><span class='ocrx_word' id='word_1_940' title='bbox 1148 1819 1314 1854; x_wconf 67' lang='lat' dir='ltr'>&amp;ionibus</span> <span class='ocrx_word' id='word_1_941' title='bbox 1336 1819 1577 1862; x_wconf 87' lang='lat' dir='ltr'>conspiceretur</span> <span class='ocrx_word' id='word_1_942' title='bbox 1599 1833 1609 1857; x_wconf 80' lang='lat'>3</span> <span class='ocrx_word' id='word_1_943' title='bbox 1643 1831 1700 1854; x_wconf 92' lang='lat' dir='ltr'>cur</span> <span class='ocrx_word' id='word_1_944' title='bbox 1721 1845 1731 1861; x_wconf 94' lang='lat'>‚</span> <span class='ocrx_word' id='word_1_945' title='bbox 1764 1822 1921 1863; x_wconf 72' lang='lat' dir='ltr'>inquam,v</span> <span class='ocrx_word' id='word_1_946' title='bbox 1943 1823 2004 1856; x_wconf 88' lang='lat' dir='ltr'>lien</span> <span class='ocrx_word' id='word_1_947' title='bbox 2031 1822 2123 1856; x_wconf 79' lang='lat' dir='ltr'>simul</span> <span class='ocrx_word' id='word_1_948' title='bbox 2147 1845 2159 1860; x_wconf 85' lang='lat'><strong><em>‚</em></strong></span> 
     </span>
     <span class='ocr_line' id='line_1_114' title="bbox 1148 1862 2159 1906; baseline 0.003 -10"><span class='ocrx_word' id='word_1_949' title='bbox 1148 1865 1180 1896; x_wconf 91' lang='lat'>&amp;</span> <span class='ocrx_word' id='word_1_950' title='bbox 1202 1862 1299 1904; x_wconf 87' lang='lat' dir='ltr'>hepar</span> <span class='ocrx_word' id='word_1_951' title='bbox 1322 1864 1445 1898; x_wconf 84' lang='lat' dir='ltr'>tumida</span> <span class='ocrx_word' id='word_1_952' title='bbox 1472 1872 1593 1905; x_wconf 86' lang='lat' dir='ltr'>reperta</span> <span class='ocrx_word' id='word_1_953' title='bbox 1620 1864 1702 1902; x_wconf 87' lang='lat' dir='ltr'>fint,</span> <span class='ocrx_word' id='word_1_954' title='bbox 1731 1873 1762 1897; x_wconf 93' lang='lat' dir='ltr'>te</span> <span class='ocrx_word' id='word_1_955' title='bbox 1783 1864 1991 1906; x_wconf 71' lang='lat' dir='ltr'>quaesiturum</span> <span class='ocrx_word' id='word_1_956' title='bbox 2017 1867 2159 1900; x_wconf 87' lang='lat' dir='ltr'>nonexi-</span> 
     </span>
     <span class='ocr_line' id='line_1_115' title="bbox 1148 1907 2157 1952; baseline 0.005 -13"><span class='ocrx_word' id='word_1_957' title='bbox 1148 1907 1246 1940; x_wconf 87' lang='lat' dir='ltr'>stimo</span> <span class='ocrx_word' id='word_1_958' title='bbox 1268 1931 1277 1946; x_wconf 92' lang='lat'>,</span> <span class='ocrx_word' id='word_1_959' title='bbox 1314 1909 1414 1950; x_wconf 83' lang='lat' dir='ltr'>probe</span> <span class='ocrx_word' id='word_1_960' title='bbox 1437 1919 1615 1943; x_wconf 88' lang='lat' dir='ltr'>memorem</span> <span class='ocrx_word' id='word_1_961' title='bbox 1650 1907 1733 1942; x_wconf 89' lang='lat' dir='ltr'>unde</span> <span class='ocrx_word' id='word_1_962' title='bbox 1758 1907 1945 1950; x_wconf 80' lang='lat' dir='ltr'>sanguinem</span> <span class='ocrx_word' id='word_1_963' title='bbox 1981 1920 2157 1952; x_wconf 78' lang='lat' dir='ltr'>utrumque.</span> 
     </span>
     <span class='ocr_line' id='line_1_116' title="bbox 1148 1950 2158 1996; baseline 0.007 -14"><span class='ocrx_word' id='word_1_964' title='bbox 1148 1950 1252 1984; x_wconf 88' lang='lat' dir='ltr'>viscus</span> <span class='ocrx_word' id='word_1_965' title='bbox 1276 1952 1432 1991; x_wconf 87' lang='lat' dir='ltr'>accipiat.</span> <span class='ocrx_word' id='word_1_966' title='bbox 1457 1951 1545 1986; x_wconf 90' lang='lat' dir='ltr'>Cum</span> <span class='ocrx_word' id='word_1_967' title='bbox 1569 1951 1659 1988; x_wconf 84' lang='lat' dir='ltr'>enim</span> <span class='ocrx_word' id='word_1_968' title='bbox 1682 1952 1876 1988; x_wconf 87' lang='lat' dir='ltr'>arteriosurn</span> <span class='ocrx_word' id='word_1_969' title='bbox 1894 1953 2027 1996; x_wconf 84' lang='lat' dir='ltr'>quidem</span> <span class='ocrx_word' id='word_1_970' title='bbox 2052 1956 2091 1988; x_wconf 91' lang='lat' dir='ltr'>ab</span> <span class='ocrx_word' id='word_1_971' title='bbox 2104 1967 2158 1988; x_wconf 88' lang='lat' dir='ltr'>ea-</span> 
     </span>
     <span class='ocr_line' id='line_1_117' title="bbox 1148 1992 2156 2039; baseline 0.006 -13"><span class='ocrx_word' id='word_1_972' title='bbox 1148 1992 1222 2027; x_wconf 87' lang='lat' dir='ltr'>dem</span> <span class='ocrx_word' id='word_1_973' title='bbox 1245 1993 1392 2027; x_wconf 88' lang='lat' dir='ltr'>Coeliaca</span> <span class='ocrx_word' id='word_1_974' title='bbox 1417 1997 1534 2029; x_wconf 85' lang='lat' dir='ltr'>arteria</span> <span class='ocrx_word' id='word_1_975' title='bbox 1559 1994 1726 2032; x_wconf 85' lang='lat' dir='ltr'>habeant;</span> <span class='ocrx_word' id='word_1_976' title='bbox 1751 1995 1907 2029; x_wconf 91' lang='lat' dir='ltr'>utrolibet</span> <span class='ocrx_word' id='word_1_977' title='bbox 1933 1999 2076 2039; x_wconf 89' lang='lat' dir='ltr'>primum</span> <span class='ocrx_word' id='word_1_978' title='bbox 2102 2008 2156 2034; x_wconf 91' lang='lat' dir='ltr'>tu-</span> 
     </span>
     <span class='ocr_line' id='line_1_118' title="bbox 1150 2038 2156 2083; baseline 0.006 -12"><span class='ocrx_word' id='word_1_979' title='bbox 1150 2047 1278 2078; x_wconf 87' lang='lat' dir='ltr'>mente,</span> <span class='ocrx_word' id='word_1_980' title='bbox 1302 2049 1413 2083; x_wconf 30' lang='lat' dir='ltr'>eoque·</span> <span class='ocrx_word' id='word_1_981' title='bbox 1429 2039 1535 2072; x_wconf 86' lang='lat' dir='ltr'>minus</span> <span class='ocrx_word' id='word_1_982' title='bbox 1563 2040 1740 2081; x_wconf 88' lang='lat' dir='ltr'>accipiente</span> <span class='ocrx_word' id='word_1_983' title='bbox 1760 2061 1772 2078; x_wconf 84' lang='lat'><em>,</em></span> <span class='ocrx_word' id='word_1_984' title='bbox 1795 2038 1865 2081; x_wconf 86' lang='lat' dir='ltr'>plus</span> <span class='ocrx_word' id='word_1_985' title='bbox 1887 2040 1920 2072; x_wconf 92' lang='lat' dir='ltr'>in</span> <span class='ocrx_word' id='word_1_986' title='bbox 1945 2042 2080 2077; x_wconf 87' lang='lat' dir='ltr'>alterum</span> <span class='ocrx_word' id='word_1_987' title='bbox 2105 2045 2156 2077; x_wconf 88' lang='lat' dir='ltr'>in-</span> 
     </span>
     <span class='ocr_line' id='line_1_119' title="bbox 1148 2078 2159 2131; baseline 0.008 -18"><span class='ocrx_word' id='word_1_988' title='bbox 1148 2078 1255 2113; x_wconf 87' lang='lat' dir='ltr'>fluet.</span> <span class='ocrx_word' id='word_1_989' title='bbox 1281 2081 1478 2124; x_wconf 84' lang='lat' dir='ltr'>Sanguinem</span> <span class='ocrx_word' id='word_1_990' title='bbox 1500 2091 1609 2121; x_wconf 63' lang='lat' dir='ltr'>autern,</span> <span class='ocrx_word' id='word_1_991' title='bbox 1629 2082 1781 2116; x_wconf 84' lang='lat' dir='ltr'>venosum</span> <span class='ocrx_word' id='word_1_992' title='bbox 1805 2094 1879 2117; x_wconf 89' lang='lat' dir='ltr'>curn</span> <span class='ocrx_word' id='word_1_993' title='bbox 1903 2081 1994 2125; x_wconf 75' lang='lat' dir='ltr'>jecur</span> <span class='ocrx_word' id='word_1_994' title='bbox 2018 2088 2159 2131; x_wconf 75' lang='lat' dir='ltr'>recipiat,</span> 
     </span>
     <span class='ocr_line' id='line_1_120' title="bbox 1144 2124 2161 2173; baseline 0.006 -17"><span class='ocrx_word' id='word_1_995' title='bbox 1144 2125 1180 2156; x_wconf 90' lang='lat' dir='ltr'>in</span> <span class='ocrx_word' id='word_1_996' title='bbox 1203 2133 1293 2166; x_wconf 87' lang='lat' dir='ltr'>parte</span> <span class='ocrx_word' id='word_1_997' title='bbox 1315 2136 1356 2158; x_wconf 86' lang='lat' dir='ltr'>ex</span> <span class='ocrx_word' id='word_1_998' title='bbox 1378 2124 1501 2168; x_wconf 85' lang='lat' dir='ltr'>splene,</span> <span class='ocrx_word' id='word_1_999' title='bbox 1526 2139 1686 2170; x_wconf 86' lang='lat' dir='ltr'>eumque,</span> <span class='ocrx_word' id='word_1_1000' title='bbox 1712 2137 1749 2160; x_wconf 92' lang='lat' dir='ltr'>ut</span> <span class='ocrx_word' id='word_1_1001' title='bbox 1773 2126 1959 2171; x_wconf 57' lang='lat' dir='ltr'>censemus,</span> <span class='ocrx_word' id='word_1_1002' title='bbox 1982 2129 2161 2173; x_wconf 50' lang='lat' dir='ltr'>secretim}</span> 
     </span>
     <span class='ocr_line' id='line_1_121' title="bbox 1145 2167 2157 2221; baseline 0.014 -22"><span class='ocrx_word' id='word_1_1003' title='bbox 1145 2167 1223 2216; x_wconf 58' lang='lat' dir='ltr'>bilss</span> <span class='ocrx_word' id='word_1_1004' title='bbox 1245 2167 1455 2216; x_wconf 79' lang='lat' dir='ltr'>profuturum</span> <span class='ocrx_word' id='word_1_1005' title='bbox 1476 2180 1490 2209; x_wconf 87' lang='grc'>,·</span> <span class='ocrx_word' id='word_1_1006' title='bbox 1522 2172 1637 2215; x_wconf 57' lang='lat' dir='ltr'>utique,</span> <span class='ocrx_word' id='word_1_1007' title='bbox 1658 2169 1679 2204; x_wconf 86' lang='lat' dir='ltr'>si</span> <span class='ocrx_word' id='word_1_1008' title='bbox 1703 2169 1794 2214; x_wconf 78' lang='lat' dir='ltr'>jecur</span> <span class='ocrx_word' id='word_1_1009' title='bbox 1817 2182 1964 2217; x_wconf 82' lang='lat' dir='ltr'>tumeat3</span> <span class='ocrx_word' id='word_1_1010' title='bbox 1989 2179 2061 2221; x_wconf 86' lang='lat' dir='ltr'>plus</span> <span class='ocrx_word' id='word_1_1011' title='bbox 2086 2180 2157 2216; x_wconf 69' lang='lat' dir='ltr'>san-</span> 
     </span>
     <span class='ocr_line' id='line_1_122' title="bbox 1144 2211 2156 2266; baseline 0.011 -22"><span class='ocrx_word' id='word_1_1012' title='bbox 1144 2211 1252 2259; x_wconf 42' lang='lat' dir='ltr'>guini-s</span> <span class='ocrx_word' id='word_1_1013' title='bbox 1275 2222 1307 2244; x_wconf 84' lang='lat' dir='ltr'>in</span> <span class='ocrx_word' id='word_1_1014' title='bbox 1332 2211 1442 2260; x_wconf 43' lang='lat' dir='ltr'>splene·</span> <span class='ocrx_word' id='word_1_1015' title='bbox 1461 2213 1644 2251; x_wconf 66' lang='lat' dir='ltr'>restitabitt</span> <span class='ocrx_word' id='word_1_1016' title='bbox 1666 2214 1689 2250; x_wconf 87' lang='lat' dir='ltr'>fi</span> <span class='ocrx_word' id='word_1_1017' title='bbox 1713 2227 1787 2249; x_wconf 86' lang='lat' dir='ltr'>vero</span> <span class='ocrx_word' id='word_1_1018' title='bbox 1811 2218 1896 2260; x_wconf 84' lang='lat' dir='ltr'>splen</span> <span class='ocrx_word' id='word_1_1019' title='bbox 1917 2237 1925 2259; x_wconf 66' lang='grc' dir='ltr'>ς</span> <span class='ocrx_word' id='word_1_1020' title='bbox 1952 2225 2094 2266; x_wconf 79' lang='lat' dir='ltr'>ineptior</span> <span class='ocrx_word' id='word_1_1021' title='bbox 2117 2227 2156 2263; x_wconf 76' lang='lat' dir='ltr'>ad</span> 
     </span>
     <span class='ocr_line' id='line_1_123' title="bbox 1145 2255 2152 2310; baseline 0.017 -24"><span class='ocrx_word' id='word_1_1022' title='bbox 1145 2255 1317 2304; x_wconf 79' lang='lat' dir='ltr'>transitum</span> <span class='ocrx_word' id='word_1_1023' title='bbox 1351 2267 1407 2297; x_wconf 89' lang='lat' dir='ltr'>per</span> <span class='ocrx_word' id='word_1_1024' title='bbox 1429 2259 1548 2299; x_wconf 72' lang='lat' dir='ltr'>jecoris</span> <span class='ocrx_word' id='word_1_1025' title='bbox 1583 2259 1741 2301; x_wconf 80' lang='lat' dir='ltr'>angustias</span> <span class='ocrx_word' id='word_1_1026' title='bbox 1766 2259 1890 2304; x_wconf 80' lang='lat' dir='ltr'>sanguis</span> <span class='ocrx_word' id='word_1_1027' title='bbox 1926 2266 1966 2301; x_wconf 86' lang='lat' dir='ltr'>ab</span> <span class='ocrx_word' id='word_1_1028' title='bbox 1989 2268 2152 2310; x_wconf 65' lang='lat' dir='ltr'>ejusmodi</span> 
     </span>
     <span class='ocr_line' id='line_1_124' title="bbox 1145 2296 2156 2352; baseline 0.014 -23"><span class='ocrx_word' id='word_1_1029' title='bbox 1145 2307 1298 2336; x_wconf 78' lang='lat' dir='ltr'>mittetur</span> <span class='ocrx_word' id='word_1_1030' title='bbox 1321 2296 1428 2342; x_wconf 88' lang='lat' dir='ltr'>splene</span> <span class='ocrx_word' id='word_1_1031' title='bbox 1447 2322 1456 2337; x_wconf 87' lang='lat'>‚</span> <span class='ocrx_word' id='word_1_1032' title='bbox 1491 2302 1659 2345; x_wconf 85' lang='lat' dir='ltr'>minusque</span> <span class='ocrx_word' id='word_1_1033' title='bbox 1685 2302 1821 2339; x_wconf 85' lang='lat' dir='ltr'>idoneus.</span> <span class='ocrx_word' id='word_1_1034' title='bbox 1854 2307 1892 2342; x_wconf 88' lang='lat' dir='ltr'>ad</span> <span class='ocrx_word' id='word_1_1035' title='bbox 1914 2313 2048 2352; x_wconf 76' lang='lat' dir='ltr'>optirnae</span> <span class='ocrx_word' id='word_1_1036' title='bbox 2081 2315 2156 2348; x_wconf 71' lang='lat' dir='ltr'>bilis</span> 
     </span>
     <span class='ocr_line' id='line_1_125' title="bbox 1144 2342 2119 2391; baseline 0.006 -12"><span class='ocrx_word' id='word_1_1037' title='bbox 1144 2346 1373 2384; x_wconf 85' lang='lat' dir='ltr'>secretionem,</span> <span class='ocrx_word' id='word_1_1038' title='bbox 1398 2353 1432 2377; x_wconf 91' lang='lat' dir='ltr'>ut</span> <span class='ocrx_word' id='word_1_1039' title='bbox 1456 2342 1478 2377; x_wconf 84' lang='lat' dir='ltr'>fi</span> <span class='ocrx_word' id='word_1_1040' title='bbox 1503 2345 1629 2378; x_wconf 86' lang='lat' dir='ltr'>craffior</span> <span class='ocrx_word' id='word_1_1041' title='bbox 1653 2372 1662 2386; x_wconf 92' lang='lat'>,</span> <span class='ocrx_word' id='word_1_1042' title='bbox 1693 2358 1728 2381; x_wconf 88' lang='lat' dir='ltr'>ac</span> <span class='ocrx_word' id='word_1_1043' title='bbox 1755 2348 1911 2384; x_wconf 53' lang='lat' dir='ltr'>viscidior‘</span> <span class='ocrx_word' id='word_1_1044' title='bbox 1941 2355 2119 2391; x_wconf 61' lang='lat' dir='ltr'>secernatur</span> 
     </span>
     <span class='ocr_line' id='line_1_126' title="bbox 1145 2384 2155 2443; baseline 0.013 -20"><span class='ocrx_word' id='word_1_1045' title='bbox 1145 2402 1183 2423; x_wconf 86' lang='lat' dir='ltr'>ex</span> <span class='ocrx_word' id='word_1_1046' title='bbox 1207 2400 1294 2433; x_wconf 83' lang='lat' dir='ltr'>parte</span> <span class='ocrx_word' id='word_1_1047' title='bbox 1317 2390 1352 2424; x_wconf 88' lang='lat' dir='ltr'>in</span> <span class='ocrx_word' id='word_1_1048' title='bbox 1375 2386 1490 2433; x_wconf 83' lang='lat' dir='ltr'>hepate</span> <span class='ocrx_word' id='word_1_1049' title='bbox 1514 2399 1692 2427; x_wconf 85' lang='lat' dir='ltr'>remoretur</span> <span class='ocrx_word' id='word_1_1050' title='bbox 1714 2415 1724 2433; x_wconf 89' lang='lat'>,</span> <span class='ocrx_word' id='word_1_1051' title='bbox 1757 2391 1890 2440; x_wconf 81' lang='lat' dir='ltr'>ejusque</span> <span class='ocrx_word' id='word_1_1052' title='bbox 1911 2399 1942 2431; x_wconf 67' lang='grc' dir='ltr'>ὃ(</span> <span class='ocrx_word' id='word_1_1053' title='bbox 1966 2400 2030 2443; x_wconf 85' lang='lat' dir='ltr'>ipsa</span> <span class='ocrx_word' id='word_1_1054' title='bbox 2056 2384 2155 2437; x_wconf 59' lang='lat' dir='ltr'>adau:</span> 
     </span>
     <span class='ocr_line' id='line_1_127' title="bbox 1143 2435 1383 2476; baseline 0.013 -10"><span class='ocrx_word' id='word_1_1055' title='bbox 1143 2443 1216 2476; x_wconf 85' lang='lat' dir='ltr'>geat</span> <span class='ocrx_word' id='word_1_1056' title='bbox 1241 2435 1361 2469; x_wconf 88' lang='lat' dir='ltr'>molem</span> <span class='ocrx_word' id='word_1_1057' title='bbox 1375 2461 1383 2469; x_wconf 95' lang='lat'>.</span> 
     </span>
    </p>

    <p class='ocr_par' dir='ltr' id='par_1_6' title="bbox 1129 2480 2156 3609">
     <span class='ocr_line' id='line_1_128' title="bbox 1187 2480 2151 2529; baseline 0.015 -20"><span class='ocrx_word' id='word_1_1058' title='bbox 1187 2488 1237 2520; x_wconf 92' lang='lat'>27.</span> <span class='ocrx_word' id='word_1_1059' title='bbox 1266 2480 1431 2513; x_wconf 87' lang='lat' dir='ltr'>Caeterum</span> <span class='ocrx_word' id='word_1_1060' title='bbox 1455 2480 1544 2519; x_wconf 84' lang='lat' dir='ltr'>haec,</span> <span class='ocrx_word' id='word_1_1061' title='bbox 1567 2483 1598 2514; x_wconf 65' lang='grc' dir='ltr'>δέ</span> <span class='ocrx_word' id='word_1_1062' title='bbox 1620 2482 1768 2524; x_wconf 68' lang='lat' dir='ltr'>quaedam</span> <span class='ocrx_word' id='word_1_1063' title='bbox 1792 2484 1852 2516; x_wconf 87' lang='lat' dir='ltr'>alia</span> <span class='ocrx_word' id='word_1_1064' title='bbox 1878 2484 1913 2517; x_wconf 87' lang='lat' dir='ltr'>in</span> <span class='ocrx_word' id='word_1_1065' title='bbox 1935 2485 1995 2520; x_wconf 89' lang='lat' dir='ltr'>hac</span> <span class='ocrx_word' id='word_1_1066' title='bbox 2020 2488 2151 2529; x_wconf 85' lang='lat' dir='ltr'>Episto-</span> 
     </span>
     <span class='ocr_line' id='line_1_129' title="bbox 1140 2521 2156 2575; baseline 0.013 -22"><span class='ocrx_word' id='word_1_1067' title='bbox 1140 2521 1169 2554; x_wconf 91' lang='lat' dir='ltr'>la</span> <span class='ocrx_word' id='word_1_1068' title='bbox 1196 2522 1233 2571; x_wconf 79' lang='lat' dir='ltr'>ad</span> <span class='ocrx_word' id='word_1_1069' title='bbox 1257 2532 1321 2554; x_wconf 90' lang='lat' dir='ltr'>non</span> <span class='ocrx_word' id='word_1_1070' title='bbox 1346 2523 1525 2569; x_wconf 73' lang='lat' dir='ltr'>absimilem</span> <span class='ocrx_word' id='word_1_1071' title='bbox 1560 2525 1694 2558; x_wconf 90' lang='lat' dir='ltr'>modum</span> <span class='ocrx_word' id='word_1_1072' title='bbox 1719 2526 1881 2568; x_wconf 85' lang='lat' dir='ltr'>proposita</span> <span class='ocrx_word' id='word_1_1073' title='bbox 1904 2551 1913 2565; x_wconf 90' lang='lat'>,</span> <span class='ocrx_word' id='word_1_1074' title='bbox 1948 2528 1990 2563; x_wconf 86' lang='lat' dir='ltr'>fic</span> <span class='ocrx_word' id='word_1_1075' title='bbox 2015 2533 2156 2575; x_wconf 85' lang='lat' dir='ltr'>accipias</span> 
     </span>
     <span class='ocr_line' id='line_1_130' title="bbox 1141 2564 2151 2611; baseline 0.014 -15"><span class='ocrx_word' id='word_1_1076' title='bbox 1141 2564 1239 2598; x_wconf 83' lang='lat' dir='ltr'>velim</span> <span class='ocrx_word' id='word_1_1077' title='bbox 1258 2587 1270 2604; x_wconf 88' lang='lat'>‚</span> <span class='ocrx_word' id='word_1_1078' title='bbox 1294 2575 1331 2599; x_wconf 89' lang='lat' dir='ltr'>ut</span> <span class='ocrx_word' id='word_1_1079' title='bbox 1356 2564 1377 2599; x_wconf 86' lang='lat' dir='ltr'>fi</span> <span class='ocrx_word' id='word_1_1080' title='bbox 1401 2566 1520 2608; x_wconf 74' lang='lat' dir='ltr'>justum</span> <span class='ocrx_word' id='word_1_1081' title='bbox 1546 2577 1672 2611; x_wconf 85' lang='lat' dir='ltr'>ternpus</span> <span class='ocrx_word' id='word_1_1082' title='bbox 1697 2569 1808 2603; x_wconf 88' lang='lat' dir='ltr'>datum</span> <span class='ocrx_word' id='word_1_1083' title='bbox 1832 2569 1871 2603; x_wconf 78' lang='lat' dir='ltr'>fit</span> <span class='ocrx_word' id='word_1_1084' title='bbox 1896 2573 2018 2606; x_wconf 70' lang='lat' dir='ltr'>affloni</span> <span class='ocrx_word' id='word_1_1085' title='bbox 2041 2575 2151 2610; x_wconf 78' lang='lat' dir='ltr'>causa-</span> 
     </span>
     <span class='ocr_line' id='line_1_131' title="bbox 1140 2607 2151 2656; baseline 0.013 -15"><span class='ocrx_word' id='word_1_1086' title='bbox 1140 2619 1212 2642; x_wconf 90' lang='lat' dir='ltr'>rum</span> <span class='ocrx_word' id='word_1_1087' title='bbox 1237 2607 1371 2647; x_wconf 80' lang='lat' dir='ltr'>harum,</span> <span class='ocrx_word' id='word_1_1088' title='bbox 1398 2610 1545 2655; x_wconf 82' lang='lat' dir='ltr'>nihilque</span> <span class='ocrx_word' id='word_1_1089' title='bbox 1569 2610 1607 2644; x_wconf 86' lang='lat' dir='ltr'>fit</span> <span class='ocrx_word' id='word_1_1090' title='bbox 1632 2612 1721 2654; x_wconf 86' lang='lat' dir='ltr'>quod</span> <span class='ocrx_word' id='word_1_1091' title='bbox 1745 2613 1845 2655; x_wconf 84' lang='lat' dir='ltr'>ipsam</span> <span class='ocrx_word' id='word_1_1092' title='bbox 1870 2616 2050 2656; x_wconf 62' lang='lat' dir='ltr'>impediat·²</span> <span class='ocrx_word' id='word_1_1093' title='bbox 2074 2619 2151 2653; x_wconf 82' lang='lat' dir='ltr'>effe-</span> 
     </span>
     <span class='ocr_line' id='line_1_132' title="bbox 1139 2651 2149 2704; baseline 0.007 -20"><span class='ocrx_word' id='word_1_1094' title='bbox 1139 2651 1473 2694; x_wconf 63' lang='lat' dir='ltr'>tftusquosdiximuS,</span> <span class='ocrx_word' id='word_1_1095' title='bbox 1498 2653 1759 2697; x_wconf 79' lang='lat' dir='ltr'>consequantur3</span> <span class='ocrx_word' id='word_1_1096' title='bbox 1785 2657 1862 2700; x_wconf 81' lang='lat' dir='ltr'>saepe</span> <span class='ocrx_word' id='word_1_1097' title='bbox 1875 2661 1982 2700; x_wconf 80' lang='lat' dir='ltr'>enim,</span> <span class='ocrx_word' id='word_1_1098' title='bbox 2007 2673 2042 2695; x_wconf 85' lang='lat' dir='ltr'>ur</span> <span class='ocrx_word' id='word_1_1099' title='bbox 2069 2675 2149 2704; x_wconf 80' lang='lat' dir='ltr'>pau-</span> 
     </span>
     <span class='ocr_line' id='line_1_133' title="bbox 1139 2695 2148 2745; baseline 0.013 -18"><span class='ocrx_word' id='word_1_1100' title='bbox 1139 2695 1171 2728; x_wconf 91' lang='lat' dir='ltr'>lo</span> <span class='ocrx_word' id='word_1_1101' title='bbox 1195 2704 1267 2728; x_wconf 88' lang='lat' dir='ltr'>ante</span> <span class='ocrx_word' id='word_1_1102' title='bbox 1290 2697 1472 2744; x_wconf 80' lang='lat' dir='ltr'>indicatum</span> <span class='ocrx_word' id='word_1_1103' title='bbox 1496 2697 1540 2733; x_wconf 89' lang='lat' dir='ltr'>est</span> <span class='ocrx_word' id='word_1_1104' title='bbox 1563 2721 1574 2737; x_wconf 87' lang='lat'>‚</span> <span class='ocrx_word' id='word_1_1105' title='bbox 1606 2698 1846 2742; x_wconf 85' lang='lat' dir='ltr'>consequuntur</span> <span class='ocrx_word' id='word_1_1106' title='bbox 1866 2715 1874 2738; x_wconf 70' lang='grc' dir='ltr'>ς</span> <span class='ocrx_word' id='word_1_1107' title='bbox 1902 2713 1965 2736; x_wconf 86' lang='lat' dir='ltr'>uon</span> <span class='ocrx_word' id='word_1_1108' title='bbox 1991 2705 2113 2745; x_wconf 82' lang='lat' dir='ltr'>semper</span> <span class='ocrx_word' id='word_1_1109' title='bbox 2138 2732 2148 2740; x_wconf 91' lang='lat'><em>.</em></span> 
     </span>
     <span class='ocr_line' id='line_1_134' title="bbox 1138 2738 2149 2791; baseline 0.012 -20"><span class='ocrx_word' id='word_1_1110' title='bbox 1138 2738 1306 2780; x_wconf 86' lang='lat' dir='ltr'>Exemplis</span> <span class='ocrx_word' id='word_1_1111' title='bbox 1328 2750 1420 2782; x_wconf 77' lang='lat' dir='ltr'>Juvat</span> <span class='ocrx_word' id='word_1_1112' title='bbox 1445 2753 1511 2775; x_wconf 85' lang='lat' dir='ltr'>rem</span> <span class='ocrx_word' id='word_1_1113' title='bbox 1533 2741 1711 2776; x_wconf 81' lang='lat' dir='ltr'>illustrare.</span> <span class='ocrx_word' id='word_1_1114' title='bbox 1735 2745 1909 2778; x_wconf 87' lang='lat' dir='ltr'>Latomum</span> <span class='ocrx_word' id='word_1_1115' title='bbox 1935 2746 2032 2782; x_wconf 87' lang='lat' dir='ltr'>secuit</span> <span class='ocrx_word' id='word_1_1116' title='bbox 2057 2749 2149 2791; x_wconf 81' lang='lat' dir='ltr'>Jaco-</span> 
     </span>
     <span class='ocr_line' id='line_1_135' title="bbox 1137 2781 2146 2831; baseline 0.012 -16"><span class='ocrx_word' id='word_1_1117' title='bbox 1137 2781 1198 2816; x_wconf 82' lang='lat' dir='ltr'>bus</span> <span class='ocrx_word' id='word_1_1118' title='bbox 1224 2783 1353 2824; x_wconf 89' lang='lat' dir='ltr'>Sylvius</span> <span class='ocrx_word' id='word_1_1119' title='bbox 1378 2784 1465 2828; x_wconf 85' lang='lat' dir='ltr'>(n)</span> <span class='ocrx_word' id='word_1_1120' title='bbox 1484 2810 1492 2824; x_wconf 85' lang='lat'>‚</span> <span class='ocrx_word' id='word_1_1121' title='bbox 1528 2786 1586 2827; x_wconf 91' lang='lat' dir='ltr'>qui</span> <span class='ocrx_word' id='word_1_1122' title='bbox 1612 2784 1712 2826; x_wconf 87' lang='lat' dir='ltr'>hepar</span> <span class='ocrx_word' id='word_1_1123' title='bbox 1735 2786 1875 2820; x_wconf 84' lang='lat' dir='ltr'>habebat</span> <span class='ocrx_word' id='word_1_1124' title='bbox 1902 2787 2056 2831; x_wconf 71' lang='lat' dir='ltr'>magnum</span> <span class='ocrx_word' id='word_1_1125' title='bbox 2080 2819 2086 2829; x_wconf 86' lang='grc'>,</span> <span class='ocrx_word' id='word_1_1126' title='bbox 2113 2796 2146 2826; x_wconf 73' lang='grc' dir='ltr'>δε</span> 
     </span>
     <span class='ocr_line' id='line_1_136' title="bbox 1138 2826 2148 2870; baseline 0.009 -12"><span class='ocrx_word' id='word_1_1127' title='bbox 1138 2826 1223 2859; x_wconf 69' lang='grc' dir='ltr'>εοᾶί</span> <span class='ocrx_word' id='word_1_1128' title='bbox 1247 2828 1345 2860; x_wconf 85' lang='lat' dir='ltr'>instar</span> <span class='ocrx_word' id='word_1_1129' title='bbox 1368 2827 1510 2870; x_wconf 85' lang='lat' dir='ltr'>pallens,</span> <span class='ocrx_word' id='word_1_1130' title='bbox 1535 2839 1570 2860; x_wconf 87' lang='lat' dir='ltr'>ac</span> <span class='ocrx_word' id='word_1_1131' title='bbox 1593 2836 1761 2867; x_wconf 85' lang='lat' dir='ltr'>tenerum3</span> <span class='ocrx_word' id='word_1_1132' title='bbox 1785 2830 1901 2864; x_wconf 85' lang='lat' dir='ltr'>lienem</span> <span class='ocrx_word' id='word_1_1133' title='bbox 1927 2843 2003 2867; x_wconf 88' lang='lat' dir='ltr'>vero</span> <span class='ocrx_word' id='word_1_1134' title='bbox 2027 2837 2148 2870; x_wconf 80' lang='lat' dir='ltr'>cinerei</span> 
     </span>
     <span class='ocr_line' id='line_1_137' title="bbox 1138 2869 2144 2920; baseline 0.003 -17"><span class='ocrx_word' id='word_1_1135' title='bbox 1138 2869 1280 2909; x_wconf 82' lang='lat' dir='ltr'>coloris,</span> <span class='ocrx_word' id='word_1_1136' title='bbox 1302 2872 1333 2903; x_wconf 90' lang='lat'><strong>&amp;</strong></span> <span class='ocrx_word' id='word_1_1137' title='bbox 1356 2882 1428 2904; x_wconf 89' lang='lat' dir='ltr'>cum</span> <span class='ocrx_word' id='word_1_1138' title='bbox 1454 2870 1583 2904; x_wconf 88' lang='lat' dir='ltr'>scirrhis</span> <span class='ocrx_word' id='word_1_1139' title='bbox 1607 2871 1733 2905; x_wconf 90' lang='lat' dir='ltr'>duobus</span> <span class='ocrx_word' id='word_1_1140' title='bbox 1758 2876 1863 2915; x_wconf 85' lang='lat' dir='ltr'>parvis</span> <span class='ocrx_word' id='word_1_1141' title='bbox 1886 2878 2027 2912; x_wconf 86' lang='lat' dir='ltr'>exterius</span> <span class='ocrx_word' id='word_1_1142' title='bbox 2048 2905 2057 2920; x_wconf 82' lang='lat'>‚</span> <span class='ocrx_word' id='word_1_1143' title='bbox 2092 2881 2144 2914; x_wconf 59' lang='lat' dir='ltr'>ina</span> 
     </span>
     <span class='ocr_line' id='line_1_138' title="bbox 1138 2915 2143 2965; baseline 0.005 -18"><span class='ocrx_word' id='word_1_1144' title='bbox 1138 2923 1189 2947; x_wconf 89' lang='lat' dir='ltr'>tus</span> <span class='ocrx_word' id='word_1_1145' title='bbox 1213 2921 1321 2946; x_wconf 87' lang='lat' dir='ltr'>autem</span> <span class='ocrx_word' id='word_1_1146' title='bbox 1354 2915 1442 2948; x_wconf 90' lang='lat' dir='ltr'>velut</span> <span class='ocrx_word' id='word_1_1147' title='bbox 1466 2915 1636 2948; x_wconf 63' lang='lat' dir='ltr'>excoCtum</span> <span class='ocrx_word' id='word_1_1148' title='bbox 1657 2939 1664 2946; x_wconf 96' lang='lat'>.</span> <span class='ocrx_word' id='word_1_1149' title='bbox 1699 2916 1769 2948; x_wconf 93' lang='lat' dir='ltr'>Cur</span> <span class='ocrx_word' id='word_1_1150' title='bbox 1792 2928 1856 2950; x_wconf 88' lang='lat' dir='ltr'>non</span> <span class='ocrx_word' id='word_1_1151' title='bbox 1882 2930 2034 2961; x_wconf 83' lang='lat' dir='ltr'>magnum</span> <span class='ocrx_word' id='word_1_1152' title='bbox 2058 2935 2143 2965; x_wconf 74' lang='lat' dir='ltr'>quo-</span> 
     </span>
     <span class='ocr_line' id='line_1_139' title="bbox 1138 2955 2142 3006; baseline 0.008 -16"><span class='ocrx_word' id='word_1_1153' title='bbox 1138 2960 1225 2999; x_wconf 90' lang='lat' dir='ltr'>que?</span> <span class='ocrx_word' id='word_1_1154' title='bbox 1249 2956 1302 2989; x_wconf 91' lang='lat' dir='ltr'>Ne</span> <span class='ocrx_word' id='word_1_1155' title='bbox 1326 2955 1412 2990; x_wconf 87' lang='lat' dir='ltr'>forte</span> <span class='ocrx_word' id='word_1_1156' title='bbox 1443 2957 1553 2991; x_wconf 86' lang='lat' dir='ltr'>credas</span> <span class='ocrx_word' id='word_1_1157' title='bbox 1574 2958 1618 2990; x_wconf 91' lang='lat' dir='ltr'>ob</span> <span class='ocrx_word' id='word_1_1158' title='bbox 1649 2960 1901 2995; x_wconf 87' lang='lat' dir='ltr'>teneritudinem</span> <span class='ocrx_word' id='word_1_1159' title='bbox 1934 2964 2106 3001; x_wconf 70' lang='lat' dir='ltr'>dumtaxit</span> <span class='ocrx_word' id='word_1_1160' title='bbox 2130 2989 2142 3006; x_wconf 92' lang='lat'><em>‚</em></span> 
     </span>
     <span class='ocr_line' id='line_1_140' title="bbox 1138 2999 2143 3054; baseline 0.009 -22"><span class='ocrx_word' id='word_1_1161' title='bbox 1138 3011 1209 3043; x_wconf 85' lang='lat' dir='ltr'>quae</span> <span class='ocrx_word' id='word_1_1162' title='bbox 1236 3000 1329 3033; x_wconf 67' lang='lat' dir='ltr'>aucto</span> <span class='ocrx_word' id='word_1_1163' title='bbox 1362 2999 1474 3048; x_wconf 77' lang='lat' dir='ltr'>jecoris</span> <span class='ocrx_word' id='word_1_1164' title='bbox 1498 3001 1630 3043; x_wconf 81' lang='lat' dir='ltr'>ponderi</span> <span class='ocrx_word' id='word_1_1165' title='bbox 1654 3003 1866 3044; x_wconf 83' lang='lat' dir='ltr'>aequipollens</span> <span class='ocrx_word' id='word_1_1166' title='bbox 1887 3028 1896 3043; x_wconf 89' lang='lat'><em>,</em></span> <span class='ocrx_word' id='word_1_1167' title='bbox 1932 3006 2061 3045; x_wconf 81' lang='lat' dir='ltr'>facilem</span> <span class='ocrx_word' id='word_1_1168' title='bbox 2087 3022 2143 3054; x_wconf 84' lang='lat' dir='ltr'>per</span> 
     </span>
     <span class='ocr_line' id='line_1_141' title="bbox 1134 3041 2142 3091; baseline 0.004 -14"><span class='ocrx_word' id='word_1_1169' title='bbox 1134 3041 1198 3078; x_wconf 90' lang='lat' dir='ltr'>hoc</span> <span class='ocrx_word' id='word_1_1170' title='bbox 1221 3043 1323 3076; x_wconf 85' lang='lat' dir='ltr'>viscus</span> <span class='ocrx_word' id='word_1_1171' title='bbox 1348 3044 1521 3078; x_wconf 81' lang='lat' dir='ltr'>transitum</span> <span class='ocrx_word' id='word_1_1172' title='bbox 1546 3044 1691 3087; x_wconf 80' lang='lat' dir='ltr'>sanguini</span> <span class='ocrx_word' id='word_1_1173' title='bbox 1715 3046 2066 3091; x_wconf 69' lang='lat' dir='ltr'>conservaret;&#39;scias,</span> <span class='ocrx_word' id='word_1_1174' title='bbox 2090 3067 2142 3088; x_wconf 64' lang='lat' dir='ltr'>ra-</span> 
     </span>
     <span class='ocr_line' id='line_1_142' title="bbox 1133 3085 2141 3140; baseline 0.008 -21"><span class='ocrx_word' id='word_1_1175' title='bbox 1133 3098 1172 3119; x_wconf 90' lang='lat' dir='ltr'>ro</span> <span class='ocrx_word' id='word_1_1176' title='bbox 1196 3087 1362 3125; x_wconf 82' lang='lat' dir='ltr'>exemplo.</span> <span class='ocrx_word' id='word_1_1177' title='bbox 1387 3085 1478 3122; x_wconf 70' lang='lat' dir='ltr'>fuiss&#39;e</span> <span class='ocrx_word' id='word_1_1178' title='bbox 1501 3089 1534 3119; x_wconf 87' lang='lat' dir='ltr'>in</span> <span class='ocrx_word' id='word_1_1179' title='bbox 1560 3089 1620 3121; x_wconf 90' lang='lat' dir='ltr'>illo</span> <span class='ocrx_word' id='word_1_1180' title='bbox 1632 3088 1765 3122; x_wconf 86' lang='lat' dir='ltr'>homine</span> <span class='ocrx_word' id='word_1_1181' title='bbox 1787 3101 1888 3124; x_wconf 70' lang='lat' dir='ltr'>ramos</span> <span class='ocrx_word' id='word_1_1182' title='bbox 1900 3101 1966 3125; x_wconf 81' lang='lat' dir='ltr'>tres</span> <span class='ocrx_word' id='word_1_1183' title='bbox 1988 3096 2141 3140; x_wconf 79' lang='lat' dir='ltr'>insignes,</span> 
     </span>
     <span class='ocr_line' id='line_1_143' title="bbox 1132 3129 2139 3179; baseline 0.011 -16"><span class='ocrx_word' id='word_1_1184' title='bbox 1132 3132 1188 3172; x_wconf 91' lang='lat' dir='ltr'>qui</span> <span class='ocrx_word' id='word_1_1185' title='bbox 1213 3129 1251 3162; x_wconf 79' lang='lat' dir='ltr'>ab</span> <span class='ocrx_word' id='word_1_1186' title='bbox 1274 3129 1397 3163; x_wconf 82' lang='lat' dir='ltr'>sinistra</span> <span class='ocrx_word' id='word_1_1187' title='bbox 1420 3141 1498 3164; x_wconf 68' lang='lat' dir='ltr'>vena</span> <span class='ocrx_word' id='word_1_1188' title='bbox 1521 3131 1704 3174; x_wconf 80' lang='lat' dir='ltr'>Emulgence</span> <span class='ocrx_word' id='word_1_1189' title='bbox 1726 3133 1767 3165; x_wconf 85' lang='lat' dir='ltr'>ad</span> <span class='ocrx_word' id='word_1_1190' title='bbox 1787 3132 1897 3168; x_wconf 70' lang='lat' dir='ltr'>lienem</span> <span class='ocrx_word' id='word_1_1191' title='bbox 1913 3134 2101 3178; x_wconf 77' lang='lat' dir='ltr'>ferebantur</span> <span class='ocrx_word' id='word_1_1192' title='bbox 2128 3164 2139 3179; x_wconf 85' lang='lat'>,</span> 
     </span>
     <span class='ocr_line' id='line_1_144' title="bbox 1134 3173 2138 3226; baseline 0.007 -19"><span class='ocrx_word' id='word_1_1193' title='bbox 1134 3174 1168 3207; x_wconf 90' lang='lat' dir='ltr'>id</span> <span class='ocrx_word' id='word_1_1194' title='bbox 1192 3173 1254 3212; x_wconf 83' lang='lat' dir='ltr'>est,</span> <span class='ocrx_word' id='word_1_1195' title='bbox 1280 3183 1314 3206; x_wconf 89' lang='lat' dir='ltr'>ut</span> <span class='ocrx_word' id='word_1_1196' title='bbox 1339 3184 1423 3207; x_wconf 89' lang='lat' dir='ltr'>nunc</span> <span class='ocrx_word' id='word_1_1197' title='bbox 1447 3175 1632 3209; x_wconf 87' lang='lat' dir='ltr'>circumitio</span> <span class='ocrx_word' id='word_1_1198' title='bbox 1656 3175 1816 3218; x_wconf 83' lang='lat' dir='ltr'>sanguinis</span> <span class='ocrx_word' id='word_1_1199' title='bbox 1839 3177 1954 3215; x_wconf 87' lang='lat' dir='ltr'>docet,</span> <span class='ocrx_word' id='word_1_1200' title='bbox 1980 3192 2035 3222; x_wconf 87' lang='lat' dir='ltr'>per</span> <span class='ocrx_word' id='word_1_1201' title='bbox 2056 3195 2138 3226; x_wconf 79' lang='lat' dir='ltr'>quos</span> 
     </span>
     <span class='ocr_line' id='line_1_145' title="bbox 1134 3216 2137 3261; baseline 0.006 -11"><span class='ocrx_word' id='word_1_1202' title='bbox 1134 3228 1248 3259; x_wconf 76' lang='lat' dir='ltr'>magna</span> <span class='ocrx_word' id='word_1_1203' title='bbox 1273 3216 1435 3258; x_wconf 80' lang='lat' dir='ltr'>sanguinis</span> <span class='ocrx_word' id='word_1_1204' title='bbox 1459 3229 1528 3257; x_wconf 67' lang='lat' dir='ltr'>pars</span> <span class='ocrx_word' id='word_1_1205' title='bbox 1548 3240 1560 3257; x_wconf 86' lang='lat'><em>,</em></span> <span class='ocrx_word' id='word_1_1206' title='bbox 1583 3230 1655 3261; x_wconf 88' lang='lat' dir='ltr'>quae</span> <span class='ocrx_word' id='word_1_1207' title='bbox 1679 3231 1733 3260; x_wconf 89' lang='lat' dir='ltr'>per</span> <span class='ocrx_word' id='word_1_1208' title='bbox 1756 3219 1844 3260; x_wconf 82' lang='lat' dir='ltr'>jecur</span> <span class='ocrx_word' id='word_1_1209' title='bbox 1867 3220 1998 3256; x_wconf 86' lang='lat' dir='ltr'>difficile</span> <span class='ocrx_word' id='word_1_1210' title='bbox 2024 3226 2137 3260; x_wconf 82' lang='lat' dir='ltr'>transi-</span> 
     </span>
     <span class='ocr_line' id='line_1_146' title="bbox 1130 3258 2135 3309; baseline 0.01 -16"><span class='ocrx_word' id='word_1_1211' title='bbox 1130 3269 1221 3295; x_wconf 77' lang='lat' dir='ltr'>tura,</span> <span class='ocrx_word' id='word_1_1212' title='bbox 1245 3258 1382 3302; x_wconf 86' lang='lat' dir='ltr'>splenem</span> <span class='ocrx_word' id='word_1_1213' title='bbox 1408 3260 1580 3295; x_wconf 84' lang='lat' dir='ltr'>restitando</span> <span class='ocrx_word' id='word_1_1214' title='bbox 1604 3261 1821 3298; x_wconf 79' lang='lat' dir='ltr'>distendisset,</span> <span class='ocrx_word' id='word_1_1215' title='bbox 1846 3265 1877 3296; x_wconf 86' lang='lat' dir='ltr'>in</span> <span class='ocrx_word' id='word_1_1216' title='bbox 1905 3266 2135 3309; x_wconf 70' lang='lat' dir='ltr'>Emulgentem</span> 
     </span>
     <span class='ocr_line' id='line_1_147' title="bbox 1129 3304 2136 3355; baseline 0.009 -19"><span class='ocrx_word' id='word_1_1217' title='bbox 1129 3314 1244 3337; x_wconf 88' lang='lat' dir='ltr'>venam</span> <span class='ocrx_word' id='word_1_1218' title='bbox 1267 3304 1464 3337; x_wconf 87' lang='lat' dir='ltr'>diverteret.</span> <span class='ocrx_word' id='word_1_1219' title='bbox 1491 3305 1584 3338; x_wconf 90' lang='lat' dir='ltr'>Num</span> <span class='ocrx_word' id='word_1_1220' title='bbox 1608 3316 1684 3338; x_wconf 91' lang='lat' dir='ltr'>vero</span> <span class='ocrx_word' id='word_1_1221' title='bbox 1708 3306 1806 3338; x_wconf 89' lang='lat' dir='ltr'>iidem</span> <span class='ocrx_word' id='word_1_1222' title='bbox 1828 3316 1890 3340; x_wconf 85' lang='lat' dir='ltr'>tres</span> <span class='ocrx_word' id='word_1_1223' title='bbox 1914 3313 1993 3342; x_wconf 86' lang='lat' dir='ltr'>rami</span> <span class='ocrx_word' id='word_1_1224' title='bbox 2007 3305 2136 3355; x_wconf 81' lang='lat' dir='ltr'>sangui-</span> 
     </span>
     <span class='ocr_line' id='line_1_148' title="bbox 1130 3347 2134 3398; baseline 0.006 -19"><span class='ocrx_word' id='word_1_1225' title='bbox 1130 3358 1204 3380; x_wconf 90' lang='lat' dir='ltr'>nem</span> <span class='ocrx_word' id='word_1_1226' title='bbox 1227 3347 1326 3392; x_wconf 71' lang='lat' dir='ltr'>eitius</span> <span class='ocrx_word' id='word_1_1227' title='bbox 1348 3359 1445 3390; x_wconf 90' lang='lat' dir='ltr'>quam</span> <span class='ocrx_word' id='word_1_1228' title='bbox 1470 3347 1551 3381; x_wconf 87' lang='lat' dir='ltr'>ferat</span> <span class='ocrx_word' id='word_1_1229' title='bbox 1576 3349 1669 3381; x_wconf 88' lang='lat' dir='ltr'>lienis</span> <span class='ocrx_word' id='word_1_1230' title='bbox 1692 3358 1803 3381; x_wconf 85' lang='lat' dir='ltr'>natura</span> <span class='ocrx_word' id='word_1_1231' title='bbox 1826 3370 1833 3383; x_wconf 79' lang='lat'>,</span> <span class='ocrx_word' id='word_1_1232' title='bbox 1868 3362 1907 3384; x_wconf 81' lang='lat' dir='ltr'>ex</span> <span class='ocrx_word' id='word_1_1233' title='bbox 1931 3354 2001 3395; x_wconf 80' lang='lat' dir='ltr'>ipso</span> <span class='ocrx_word' id='word_1_1234' title='bbox 2027 3357 2134 3398; x_wconf 55' lang='grc' dir='ltr'>εἶρος-</span> 
     </span>
     <span class='ocr_line' id='line_1_149' title="bbox 1131 3389 2135 3435; baseline 0.01 -12"><span class='ocrx_word' id='word_1_1235' title='bbox 1131 3399 1253 3425; x_wconf 84' lang='lat' dir='ltr'>tantes,</span> <span class='ocrx_word' id='word_1_1236' title='bbox 1278 3401 1366 3430; x_wconf 78' lang='lat' dir='ltr'>Jecur</span> <span class='ocrx_word' id='word_1_1237' title='bbox 1387 3401 1490 3426; x_wconf 89' lang='lat' dir='ltr'>autem</span> <span class='ocrx_word' id='word_1_1238' title='bbox 1516 3402 1604 3434; x_wconf 90' lang='lat' dir='ltr'>parte</span> <span class='ocrx_word' id='word_1_1239' title='bbox 1626 3389 1692 3433; x_wconf 81' lang='lat' dir='ltr'>ejus</span> <span class='ocrx_word' id='word_1_1240' title='bbox 1716 3391 1926 3435; x_wconf 84' lang='lat' dir='ltr'>auxiliiquod</span> <span class='ocrx_word' id='word_1_1241' title='bbox 1951 3398 2036 3431; x_wconf 82' lang='lat' dir='ltr'>illius</span> <span class='ocrx_word' id='word_1_1242' title='bbox 2063 3412 2135 3435; x_wconf 87' lang='lat' dir='ltr'>mu-</span> 
     </span>
     <span class='ocr_line' id='line_1_150' title="bbox 1131 3433 2132 3481; baseline 0.006 -14"><span class='ocrx_word' id='word_1_1243' title='bbox 1131 3445 1190 3467; x_wconf 89' lang='lat' dir='ltr'>nus</span> <span class='ocrx_word' id='word_1_1244' title='bbox 1215 3433 1255 3466; x_wconf 93' lang='lat' dir='ltr'>ab</span> <span class='ocrx_word' id='word_1_1245' title='bbox 1279 3434 1362 3466; x_wconf 87' lang='lat' dir='ltr'>liene</span> <span class='ocrx_word' id='word_1_1246' title='bbox 1387 3436 1546 3477; x_wconf 89' lang='lat' dir='ltr'>requirit,</span> <span class='ocrx_word' id='word_1_1247' title='bbox 1570 3434 1720 3467; x_wconf 88' lang='lat' dir='ltr'>orbantes</span> <span class='ocrx_word' id='word_1_1248' title='bbox 1740 3459 1748 3473; x_wconf 93' lang='lat'><em>,</em></span> <span class='ocrx_word' id='word_1_1249' title='bbox 1776 3436 1874 3478; x_wconf 79' lang='lat' dir='ltr'>longo</span> <span class='ocrx_word' id='word_1_1250' title='bbox 1899 3443 2052 3481; x_wconf 82' lang='lat' dir='ltr'>temporis</span> <span class='ocrx_word' id='word_1_1251' title='bbox 2076 3445 2132 3478; x_wconf 81' lang='lat' dir='ltr'>de-</span> 
     </span>
     <span class='ocr_line' id='line_1_151' title="bbox 1131 3476 2130 3528; baseline 0.007 -18"><span class='ocrx_word' id='word_1_1252' title='bbox 1131 3476 1223 3510; x_wconf 90' lang='lat' dir='ltr'>cursu</span> <span class='ocrx_word' id='word_1_1253' title='bbox 1247 3476 1370 3519; x_wconf 87' lang='lat' dir='ltr'>aliquid</span> <span class='ocrx_word' id='word_1_1254' title='bbox 1392 3478 1593 3511; x_wconf 90' lang='lat' dir='ltr'>contulerint</span> <span class='ocrx_word' id='word_1_1255' title='bbox 1616 3477 1653 3510; x_wconf 90' lang='lat' dir='ltr'>ad</span> <span class='ocrx_word' id='word_1_1256' title='bbox 1677 3489 1711 3510; x_wconf 86' lang='lat' dir='ltr'>ea</span> <span class='ocrx_word' id='word_1_1257' title='bbox 1737 3478 1814 3510; x_wconf 86' lang='lat' dir='ltr'>vitia</span> <span class='ocrx_word' id='word_1_1258' title='bbox 1838 3492 1908 3521; x_wconf 75' lang='lat' dir='ltr'>quae</span> <span class='ocrx_word' id='word_1_1259' title='bbox 1933 3494 2071 3528; x_wconf 89' lang='lat' dir='ltr'>utroque</span> <span class='ocrx_word' id='word_1_1260' title='bbox 2094 3490 2130 3522; x_wconf 82' lang='lat' dir='ltr'>in</span> 
     </span>
     <span class='ocr_line' id='line_1_152' title="bbox 1130 3519 2129 3565; baseline 0.008 -13"><span class='ocrx_word' id='word_1_1261' title='bbox 1130 3520 1246 3553; x_wconf 88' lang='lat' dir='ltr'>viscere</span> <span class='ocrx_word' id='word_1_1262' title='bbox 1272 3519 1344 3554; x_wconf 93' lang='lat' dir='ltr'>sunt</span> <span class='ocrx_word' id='word_1_1263' title='bbox 1370 3519 1586 3553; x_wconf 83' lang='lat' dir='ltr'>animadversa</span> <span class='ocrx_word' id='word_1_1264' title='bbox 1608 3542 1615 3555; x_wconf 87' lang='lat'>‚</span> <span class='ocrx_word' id='word_1_1265' title='bbox 1640 3521 1705 3562; x_wconf 85' lang='lat' dir='ltr'>ipse</span> <span class='ocrx_word' id='word_1_1266' title='bbox 1729 3522 1944 3558; x_wconf 81' lang='lat' dir='ltr'>existimabis.</span> <span class='ocrx_word' id='word_1_1267' title='bbox 2075 3532 2129 3565; x_wconf 76' lang='lat' dir='ltr'>Se-</span> 
     </span>
     <span class='ocr_line' id='line_1_153' title="bbox 1129 3564 2130 3609; baseline 0.011 -11"><span class='ocrx_word' id='word_1_1268' title='bbox 1129 3564 1271 3598; x_wconf 87' lang='lat' dir='ltr'>cundum</span> <span class='ocrx_word' id='word_1_1269' title='bbox 1294 3574 1329 3597; x_wconf 87' lang='lat' dir='ltr'>ea</span> <span class='ocrx_word' id='word_1_1270' title='bbox 1352 3575 1423 3606; x_wconf 84' lang='lat' dir='ltr'>quae</span> <span class='ocrx_word' id='word_1_1271' title='bbox 1447 3564 1542 3607; x_wconf 90' lang='lat' dir='ltr'>paulo</span> <span class='ocrx_word' id='word_1_1272' title='bbox 1566 3572 1640 3597; x_wconf 85' lang='lat' dir='ltr'>ante</span> <span class='ocrx_word' id='word_1_1273' title='bbox 1661 3564 1748 3598; x_wconf 70' lang='lat' dir='ltr'>dicta</span> <span class='ocrx_word' id='word_1_1274' title='bbox 1774 3589 1782 3605; x_wconf 90' lang='lat'>‚</span> <span class='ocrx_word' id='word_1_1275' title='bbox 1807 3577 1859 3600; x_wconf 91' lang='lat' dir='ltr'>aut</span> <span class='ocrx_word' id='word_1_1276' title='bbox 1882 3579 1964 3603; x_wconf 92' lang='lat' dir='ltr'>nunc</span> <span class='ocrx_word' id='word_1_1277' title='bbox 1988 3572 2130 3609; x_wconf 84' lang='lat' dir='ltr'>indicata</span> 
     </span>
    </p>
   </div>
   <div class='ocr_carea' id='block_1_4' title="bbox 1991 3615 2083 3657">
    <p class='ocr_par' dir='ltr' id='par_1_7' title="bbox 1991 3615 2083 3657">
     <span class='ocr_line' id='line_1_154' title="bbox 1991 3615 2083 3657; baseline 0.022 -9"><span class='ocrx_word' id='word_1_1278' title='bbox 1991 3615 2083 3657; x_wconf 87' lang='lat' dir='ltr'>sunt,</span> 
     </span>
    </p>
   </div>
   <div class='ocr_carea' id='block_1_5' title="bbox 75 3695 2129 3724">
    <p class='ocr_par' dir='ltr' id='par_1_8' title="bbox 75 3695 2129 3724">
     <span class='ocr_line' id='line_1_155' title="bbox 75 3695 2129 3724; baseline -0.001 -12"><span class='ocrx_word' id='word_1_1279' title='bbox 75 3695 2129 3724; x_wconf 38' lang='grc' dir='ltr'>*μ-ψ--ᾑ-Ο-ῄ--ᾑ-Ἧῆ</span> 
     </span>
    </p>
   </div>
   <div class='ocr_carea' id='block_1_6' title="bbox 134 3770 1065 3865">
    <p class='ocr_par' dir='ltr' id='par_1_9' title="bbox 134 3770 1065 3865">
     <span class='ocr_line' id='line_1_156' title="bbox 134 3770 1065 3804; baseline 0 -9"><span class='ocrx_word' id='word_1_1280' title='bbox 134 3776 149 3804; x_wconf 85' lang='grc'><strong>(</strong></span> <span class='ocrx_word' id='word_1_1281' title='bbox 161 3774 176 3803; x_wconf 72' lang='lat' dir='ltr'><em>f</em></span> <span class='ocrx_word' id='word_1_1282' title='bbox 191 3774 199 3803; x_wconf 95' lang='lat'>)</span> <span class='ocrx_word' id='word_1_1283' title='bbox 215 3773 268 3798; x_wconf 73' lang='lat' dir='ltr'>Ast.</span> <span class='ocrx_word' id='word_1_1284' title='bbox 285 3774 317 3796; x_wconf 86' lang='lat' dir='ltr'>N.</span> <span class='ocrx_word' id='word_1_1285' title='bbox 335 3773 364 3797; x_wconf 90' lang='lat' dir='ltr'>C.</span> <span class='ocrx_word' id='word_1_1286' title='bbox 381 3773 455 3796; x_wconf 90' lang='lat' dir='ltr'>Tom.</span> <span class='ocrx_word' id='word_1_1287' title='bbox 472 3779 495 3795; x_wconf 81' lang='lat'>2.</span> <span class='ocrx_word' id='word_1_1288' title='bbox 509 3770 568 3796; x_wconf 80' lang='lat' dir='ltr'>Obs.</span> <span class='ocrx_word' id='word_1_1289' title='bbox 587 3776 639 3801; x_wconf 83' lang='lat'>178.</span> <span class='ocrx_word' id='word_1_1290' title='bbox 703 3773 746 3802; x_wconf 76' lang='lat' dir='ltr'>(g</span> <span class='ocrx_word' id='word_1_1291' title='bbox 763 3771 770 3802; x_wconf 93' lang='lat'><em>)</em></span> <span class='ocrx_word' id='word_1_1292' title='bbox 787 3771 810 3796; x_wconf 75' lang='grc' dir='ltr'>δε</span> <span class='ocrx_word' id='word_1_1293' title='bbox 826 3774 896 3797; x_wconf 88' lang='lat' dir='ltr'>Cent.</span> <span class='ocrx_word' id='word_1_1294' title='bbox 913 3780 934 3802; x_wconf 81' lang='lat'>9.</span> <span class='ocrx_word' id='word_1_1295' title='bbox 951 3771 1008 3796; x_wconf 90' lang='lat' dir='ltr'>Obs.</span> <span class='ocrx_word' id='word_1_1296' title='bbox 1028 3779 1065 3801; x_wconf 84' lang='lat'>27.</span> 
     </span>
     <span class='ocr_line' id='line_1_157' title="bbox 135 3801 611 3865; baseline -0.004 -38"><span class='ocrx_word' id='word_1_1297' title='bbox 135 3805 202 3865; x_wconf 55' lang='grc' dir='ltr'>ἓξι)</span> <span class='ocrx_word' id='word_1_1298' title='bbox 228 3804 284 3828; x_wconf 89' lang='lat' dir='ltr'>Obs.</span> <span class='ocrx_word' id='word_1_1299' title='bbox 314 3803 355 3827; x_wconf 86' lang='lat' dir='ltr'>cit.</span> <span class='ocrx_word' id='word_1_1300' title='bbox 382 3802 446 3829; x_wconf 80' lang='lat' dir='ltr'>supra</span> <span class='ocrx_word' id='word_1_1301' title='bbox 471 3801 499 3825; x_wconf 80' lang='lat' dir='ltr'>ad</span> <span class='ocrx_word' id='word_1_1302' title='bbox 526 3810 549 3826; x_wconf 77' lang='lat' dir='ltr'>n,</span> <span class='ocrx_word' id='word_1_1303' title='bbox 575 3804 611 3825; x_wconf 83' lang='lat'>18.</span> 
     </span>
    </p>
   </div>
   <div class='ocr_carea' id='block_1_7' title="bbox 195 3833 621 3863">
    <p class='ocr_par' dir='ltr' id='par_1_10' title="bbox 195 3833 621 3863">
     <span class='ocr_line' id='line_1_158' title="bbox 195 3833 621 3863; baseline 0 -5"><span class='ocrx_word' id='word_1_1304' title='bbox 195 3834 208 3863; x_wconf 88' lang='lat'>)</span> <span class='ocrx_word' id='word_1_1305' title='bbox 225 3835 325 3860; x_wconf 80' lang='lat' dir='ltr'>Observ.</span> <span class='ocrx_word' id='word_1_1306' title='bbox 341 3833 425 3863; x_wconf 67' lang='lat' dir='ltr'>adjest.</span> <span class='ocrx_word' id='word_1_1307' title='bbox 442 3833 533 3863; x_wconf 70' lang='lat' dir='ltr'>Isagogi</span> <span class='ocrx_word' id='word_1_1308' title='bbox 548 3833 621 3858; x_wconf 75' lang='lat' dir='ltr'>Anat.</span> 
     </span>
    </p>
   </div>
   <div class='ocr_carea' id='block_1_8' title="bbox 1129 3771 1745 3805">
    <p class='ocr_par' dir='ltr' id='par_1_11' title="bbox 1129 3771 1745 3805">
     <span class='ocr_line' id='line_1_159' title="bbox 1129 3771 1745 3805; baseline 0.005 -10"><span class='ocrx_word' id='word_1_1309' title='bbox 1129 3772 1137 3800; x_wconf 85' lang='lat'>(</span> <span class='ocrx_word' id='word_1_1310' title='bbox 1156 3772 1171 3795; x_wconf 88' lang='lat' dir='ltr'><em>h</em></span> <span class='ocrx_word' id='word_1_1311' title='bbox 1187 3775 1198 3800; x_wconf 83' lang='grc'><strong><em>&gt;</em></strong></span> <span class='ocrx_word' id='word_1_1312' title='bbox 1216 3774 1356 3797; x_wconf 84' lang='lat' dir='ltr'>Commerc.</span> <span class='ocrx_word' id='word_1_1313' title='bbox 1375 3771 1461 3797; x_wconf 83' lang='lat' dir='ltr'>Litter.</span> <span class='ocrx_word' id='word_1_1314' title='bbox 1480 3774 1509 3796; x_wconf 77' lang='lat' dir='ltr'>A.</span> <span class='ocrx_word' id='word_1_1315' title='bbox 1528 3780 1593 3805; x_wconf 62' lang='lat'>1734·</span> <span class='ocrx_word' id='word_1_1316' title='bbox 1612 3772 1690 3797; x_wconf 80' lang='lat' dir='ltr'>Hebd.</span> <span class='ocrx_word' id='word_1_1317' title='bbox 1710 3782 1745 3803; x_wconf 63' lang='lat'>34.</span> 
     </span>
    </p>
   </div>
   <div class='ocr_carea' id='block_1_9' title="bbox 674 3801 1771 3834">
    <p class='ocr_par' dir='ltr' id='par_1_12' title="bbox 674 3801 1771 3834">
     <span class='ocr_line' id='line_1_160' title="bbox 674 3801 1771 3834; baseline 0.004 -8"><span class='ocrx_word' id='word_1_1318' title='bbox 674 3802 688 3832; x_wconf 88' lang='lat'>(</span> <span class='ocrx_word' id='word_1_1319' title='bbox 704 3810 726 3826; x_wconf 81' lang='lat' dir='ltr'>m</span> <span class='ocrx_word' id='word_1_1320' title='bbox 743 3803 757 3832; x_wconf 89' lang='lat'>)</span> <span class='ocrx_word' id='word_1_1321' title='bbox 781 3802 835 3829; x_wconf 74' lang='lat' dir='ltr'>Ast.</span> <span class='ocrx_word' id='word_1_1322' title='bbox 864 3802 939 3829; x_wconf 86' lang='lat' dir='ltr'>Erud.</span> <span class='ocrx_word' id='word_1_1323' title='bbox 963 3801 1027 3833; x_wconf 77' lang='lat' dir='ltr'>Lips.</span> <span class='ocrx_word' id='word_1_1324' title='bbox 1053 3804 1086 3829; x_wconf 73' lang='lat' dir='ltr'>A.</span> <span class='ocrx_word' id='word_1_1325' title='bbox 1108 3809 1177 3834; x_wconf 77' lang='lat'>1704.</span> <span class='ocrx_word' id='word_1_1326' title='bbox 1205 3804 1244 3829; x_wconf 89' lang='lat' dir='ltr'>M.</span> <span class='ocrx_word' id='word_1_1327' title='bbox 1263 3801 1397 3833; x_wconf 75' lang='lat' dir='ltr'>septembr.</span> <span class='ocrx_word' id='word_1_1328' title='bbox 1414 3803 1440 3828; x_wconf 91' lang='lat' dir='ltr'>in</span> <span class='ocrx_word' id='word_1_1329' title='bbox 1457 3803 1538 3829; x_wconf 79' lang='lat' dir='ltr'>Relat.</span> <span class='ocrx_word' id='word_1_1330' title='bbox 1555 3811 1608 3833; x_wconf 71' lang='lat' dir='ltr'>eius</span> <span class='ocrx_word' id='word_1_1331' title='bbox 1627 3803 1771 3834; x_wconf 64' lang='lat' dir='ltr'>Opttseulor.</span> 
     </span>
    </p>
   </div>
  </div>
 </body>
</html>
