2498 4075
327 270 402 297 ium
426 274 443 301 a
466 259 620 295 lateribus
642 268 775 303 quoque
798 255 925 293 tumida
949 264 1037 291 erat,
1059 256 1090 287 &
1111 255 1191 291 alibi
1222 255 1333 289 ,cocci-

329 316 386 344 nea
411 329 421 346 ,
456 304 534 338 alibi
559 314 596 336 ex
620 304 770 337 coccineo
797 302 883 337 fusca
907 325 917 342 ‚
951 299 1055 334 minus
1080 306 1184 332 tamen
1209 310 1226 331 a
1249 298 1332 333 facie

330 360 432 388 cava,
453 358 551 389 quam
575 345 656 379 alibi
678 368 689 387 ,
727 357 831 388 neque
856 344 895 378 ab
919 355 953 378 ea
981 350 1052 376 tota
1075 362 1086 378 ‚
1116 341 1169 377 sed
1194 353 1210 374 a
1233 343 1332 375 tertia

327 392 500 427 ,dumtaxat
525 387 671 430 suprema
696 398 789 430 parte
806 413 813 421 .
839 385 981 424 Secando
1005 383 1212 428 perspicuum
1235 394 1302 418 erat
1325 407 1335 422 ,

326 446 404 469 eum
426 442 589 469 tumorem
610 453 620 470 ,
653 432 862 473 coloremque
885 429 1032 471 sanguini
1054 450 1067 468 ,
1099 430 1131 461 ἃ
1154 427 1223 461 sero
1244 428 1338 461 debe-

329 479 360 512 ri
376 501 389 519 ,
411 477 458 510 nil
481 473 539 508 nifi
565 476 786 509 membranam
810 496 820 511 .‚
857 471 1050 517 junetosque
1075 472 1182 504 acinos
1205 470 1339 513 glandu-
1363 499 1365 502 ⁴

329 522 416 554 losos
437 517 697 563 distendentibus
709 540 719 556 ‚
744 529 883 561 quorum
898 526 967 558 pars
979 514 1154 551 humorum
1169 515 1201 549 in
1216 525 1337 547 conve-

329 575 369 598 xa
395 562 477 600 facie
500 572 566 603 Jam
587 561 736 596 converti
761 563 796 596 in
820 571 878 602 pus
900 558 1080 602 incipiebat
1105 580 1112 588 .
1148 558 1250 591 Porro
1272 568 1336 599 qua

328 606 439 641 eadem
464 606 648 640 membrana
671 606 837 648 laryngem
862 603 1003 638 exterius
1026 613 1042 634 a
1067 610 1161 642 tergo
1191 602 1297 642 operit
1325 625 1336 641 ,

330 649 399 692 ipsa
422 673 434 690 ,
458 652 488 682 ὃς
514 649 623 682 innexi
647 646 827 692 glandulosi
853 648 936 682 acini
962 655 1077 686 magna
1100 642 1337 677 inflammatio-

334 703 373 732 ne
395 692 588 727 tenebantur
612 713 621 728 ³
656 704 673 725 a
698 692 853 727 lateribus
885 688 1063 732 praesertim
1088 711 1094 718 .
1120 686 1171 721 *ln
1206 686 1339 729 singulis

328 737 417 772 enim
440 736 591 769 lateribus
615 734 645 768 se
666 735 838 770 attollebat
862 734 895 766 in
920 732 1056 774 singulas
1103 730 1341 767 rotuberantias

330 780 430 822 paulo
453 779 573 819 minori
594 789 691 820 quam
716 777 815 819 digiti
848 777 977 813 minimi
1002 786 1054 808 cra
1081 773 1207 808 audine
1231 799 1238 807 .
1277 775 1339 807 Hae

331 823 371 856 ab
394 823 525 864 regione
548 823 622 855 irnae
646 821 726 856 basis
747 820 913 858 Cricoidis
935 818 1136 860 cartilaginis
1161 815 1316 858 profesta:
1331 842 1340 857 ,

330 868 362 904 ὃς
388 864 730 907 interxascendendum
756 873 985 905 convergentes
1004 885 1014 900 ‚
1048 873 1085 894 eo
1109 860 1205 902 usque
1228 872 1337 902 perve-

328 908 462 944 niebant
473 930 491 948 ,.
506 917 544 941 ut
567 907 777 944 altitudinem
792 908 1019 949 cartilaginum
1031 903 1269 946 atytaenoidum
1283 904 1342 936 ali-

330 961 455 994 quanto
479 950 688 994 superarent,
715 951 754 984 ab
776 950 827 989 his
852 960 956 986 tamen
980 971 990 987 ‚
1025 949 1065 984 ab
1089 958 1188 990 eaque
1212 947 1334 982 summa

329 996 474 1038 laryngis
497 1002 586 1038 parte
609 996 746 1031 omnino
769 993 938 1036 sejunc'tae,
962 992 1092 1034 reliquae
1105 991 1253 1025 inferiori
1279 990 1335 1024 ad-

329 1040 504 1076 haerentes.
529 1039 607 1073 Duo
633 1037 834 1076 inflammata
858 1037 1086 1079 condylomata
1110 1033 1168 1068 ess'e
1192 1056 1202 1072 ‚
1235 1033 1338 1069 dixis-

331 1086 397 1124 ses,
420 1081 583 1121 formam,
608 1084 638 1120 §c
661 1082 804 1115 colorem
828 1078 1163 1122 aspiciensseundem
1188 1078 1339 1113 videlicet

330 1137 426 1169 atque
449 1125 486 1164 ad
514 1125 742 1168 epiglottidem
766 1123 913 1170 descripsi
929 1148 938 1163 ,
962 1123 1020 1157 nisi
1045 1121 1133 1163 quod
1159 1122 1191 1152 in
1205 1119 1255 1154 his
1268 1121 1338 1163 plus

330 1179 399 1208 erat
422 1180 461 1203 ex
485 1170 661 1208 coccineo,
687 1169 793 1203 minus
817 1179 856 1201 ex
879 1167 990 1201 susce.
1014 1165 1181 1201 Dissecans
1207 1172 1311 1197 autem
1327 1187 1336 1202 ,

329 1213 577 1252 membranam,
601 1215 633 1246 &
657 1213 765 1246 acinos
789 1210 848 1247 effe
871 1232 881 1248 ‚
906 1211 974 1243 vidi
998 1231 1008 1247 ,
1042 1220 1056 1241 a
1082 1216 1244 1242 remorato
1267 1207 1337 1241 san-

330 1258 427 1300 guine
448 1277 457 1292 ,
496 1258 527 1288 δέ
551 1255 620 1288 sero
645 1265 809 1292 tumentes
833 1276 843 1291 ,
877 1252 974 1296 idque
999 1263 1015 1285 a
1047 1250 1180 1284 sinistris
1203 1252 1303 1293 magis
1328 1263 1336 1284 :

332 1301 422 1343 quod
447 1300 528 1332 latus
551 1321 561 1336 ‚
600 1308 636 1333 ut
660 1300 694 1333 in
719 1297 857 1332 tonsillis
879 1307 1010 1338 quoque
1032 1317 1041 1332 ‚
1079 1297 1110 1327 δε
1134 1294 1245 1327 Tenui
1270 1306 1337 1328 me-

329 1346 425 1386 ninge
447 1341 591 1376 diximus
611 1363 622 1382 3
658 1342 760 1384 magis
795 1339 946 1376 affectum
971 1338 1034 1373 fuit
1058 1361 1066 1369 .
1104 1337 1215 1373 Habes
1238 1349 1337 1379 quam

328 1388 432 1422 sedem
455 1384 553 1428 hujus
576 1386 700 1427 angina:
728 1409 738 1425 ,
769 1386 800 1417 &
825 1395 919 1426 quam
946 1391 1094 1416 naturam
1118 1380 1337 1426 deprehende-

327 1433 411 1466 rim.
544 1429 583 1467 ln
607 1428 758 1467 Thorace
783 1438 884 1472 neque
908 1424 1054 1468 turgidi,
1079 1435 1180 1467 neque
1203 1425 1337 1459 iussam—

328 1476 407 1511 mati
434 1482 523 1508 erant
547 1473 715 1516 pulmones
738 1484 749 1509 3
775 1469 826 1505 sed
850 1471 988 1506 omnino
1013 1468 1080 1503 sani
1107 1480 1117 1503 ,-
1151 1479 1337 1511 quanquam

328 1529 364 1553 ut
386 1518 425 1552 de
448 1519 570 1553 caetcris
594 1516 789 1550 membranis
812 1514 881 1548 dixi
908 1536 916 1550 ‚
951 1514 1013 1545 illae
1037 1522 1167 1554 quoque
1202 1522 1239 1545 ex
1262 1515 1337 1554 qui-

328 1563 387 1601 bus
410 1561 473 1606 ipsi
495 1561 751 1598 construuntur,
774 1557 979 1597 secantibus,
1004 1566 1058 1591 aut
1081 1553 1336 1591 distrahentibus

330 1606 556 1640 renitebantur
580 1604 683 1647 magis
705 1613 807 1645 quam
831 1601 932 1637 solent
956 1621 966 1637 ‚
990 1602 1021 1634 &
1048 1598 1180 1631 Sinister
1206 1599 1336 1633 3)ἃὶίῦ-

327 1662 379 1689 me
401 1648 504 1684 fuerat
527 1659 601 1683 cum
626 1647 735 1690 pleura
759 1655 925 1684 connexus
941 1667 950 1683 ,
973 1653 1047 1677 curn
1069 1640 1179 1678 dexter
1203 1640 1275 1676 esset
1298 1654 1337 1675 o,

329 1695 444 1729 mnino
469 1692 610 1726 solutus.
637 1693 673 1725 In
696 1689 877 1733 pericardio
902 1686 1067 1729 paululum
1091 1696 1182 1726 aquae
1194 1684 1258 1718 fuit
1282 1697 1336 1719 ru-

328 1739 436 1778 bentis
459 1761 469 1776 ‚
501 1746 602 1778 neque
625 1733 658 1768 id
680 1743 768 1767 certe
793 1733 833 1765 ab
856 1729 990 1764 admisto
1014 1729 1100 1762 inter
1124 1728 1335 1764 incidendum

328 1779 510 1825 sanguinet:
545 1788 613 1812 erat
637 1778 721 1811 enirn
745 1776 800 1809 illa
826 1787 905 1817 aqua
927 1774 958 1806 vi
982 1771 1113 1814 frigoris
1138 1773 1170 1804 in
1196 1771 1339 1806 lamellas

328 1819 478 1862 con‘creta
496 1824 616 1859 'intime
641 1821 811 1856 rubentes·
838 1819 876 1854 ln
900 1815 1015 1855 corde,
1040 1812 1130 1857 quod
1153 1826 1247 1858 aequo
1271 1827 1338 1848 ama

331 1872 414 1914 plius
441 1894 450 1909 ,
483 1867 533 1900 vel
557 1866 666 1907 magni
691 1865 723 1896 in
747 1874 814 1906 quo
837 1871 903 1896 erat
927 1860 1074 1907 corporis
1098 1857 1211 1892 habita
1236 1860 1338 1892 ratio.

328 1927 388 1953 ne,
416 1911 499 1945 mihi
524 1909 628 1943 visum
655 1907 719 1948 est,
744 1906 827 1940 nihil
851 1905 1018 1948 polyposi‚
1044 1910 1081 1935 ut
1107 1912 1208 1942 neque
1232 1902 1334 1939 alibi,

328 1957 535 2001 conspefflim
559 1954 602 1986 est
620 1978 628 1992 ‚
652 1951 704 1985 sed
728 1952 819 1995 niger
844 1950 970 1990 sanguis
993 1956 1058 1981 non
1083 1945 1226 1982 multus,
1250 1945 1338 1988 isque

329 2014 384 2035 nec
409 2000 533 2035 fluidus
556 1997 673 2034 nimis,
695 2005 797 2037 neque
820 2001 1010 2030 concretus.
1036 1990 1155 2030 Magna
1180 1990 1296 2023 arteria
1320 2000 1336 2024 a

330 2045 467 2079 valvulis
490 2040 548 2084 ipsi
573 2039 735 2082 praefixis,
759 2048 851 2080 quae,
875 2044 912 2069 ut
935 2032 1041 2069 cordis
1064 2033 1194 2073 reliquae
1219 2054 1227 2069 ‚
1253 2031 1334 2068 sanae

330 2098 439 2125 erant,
461 2086 526 2123 fere
551 2085 589 2118 ad
613 2082 797 2117 Coeliacam
822 2079 918 2122 usque
942 2078 1020 2114 vitia
1054 2075 1169 2110 habuit
1206 2076 1299 2117 plura
1321 2098 1334 2116 ,

329 2144 428 2175 eaque
441 2126 709 2168 manifestiffima.
735 2124 826 2158 Nam
839 2122 971 2158 maculis
994 2118 1189 2163 quibusdam
1201 2143 1209 2158 ,
1220 2130 1334 2161 quam-

331 2178 380 2209 vis
404 2186 462 2209 nec
485 2170 710 2211 creberrimis,
733 2178 836 2210 neque
861 2165 1022 2206 adhucin
1037 2161 1155 2199 offeam
1179 2161 1334 2197 duritiem

331 2218 557 2261 vergentibus,
580 2213 634 2253 hic
658 2212 727 2249 illic
752 2212 841 2245 intus
865 2210 995 2245 albebat
1022 2231 1029 2238 .
1053 2209 1146 2253 lut-us
1170 2217 1301 2248 quoque
1324 2231 1334 2247 ‚

330 2263 351 2298 si
375 2262 574 2299 macularum
597 2258 669 2292 loca
693 2255 834 2299 excipias
860 2278 870 2294 ,
904 2252 1060 2294 nusquam
1093 2254 1160 2287 iere
1194 2248 1300 2284 albam
1323 2273 1335 2290 ,

332 2307 382 2341 sed
405 2318 443 2340 ex
467 2304 566 2340 rubro
589 2299 713 2335 fuscam
737 2295 941 2340 superficiem
965 2294 1128 2330 habebat,
1154 2303 1256 2333 neque
1280 2293 1336 2327 la:-

333 2362 406 2384 vem
428 2352 458 2382 &
483 2346 622 2381 nitidam
649 2367 660 2384 ‚
683 2353 719 2377 ut
743 2341 823 2375 solet
845 2364 855 2379 ,
882 2340 932 2375 sed
957 2338 1064 2385 parvius
1086 2334 1281 2381 quibusdam
1304 2339 1336 2372 &

332 2393 512 2431 humilibus
532 2386 751 2423 excrescentiis
772 2385 964 2425 inaequalem
990 2406 998 2420 ‚
1024 2392 1089 2422 eJus
1112 2391 1208 2423 quem
1232 2380 1301 2414 dixi
1325 2403 1335 2418 ,

332 2439 422 2473 intus
444 2444 596 2475 extraque
620 2431 759 2467 coloris,
786 2429 883 2463 variae
908 2437 1017 2461 autem
1041 2424 1155 2458 formae
1181 2447 1189 2462 ‚
1216 2426 1339 2469 &vma-

332 2479 515 2526 gnitudinis
538 2476 580 2511 fic
602 2485 706 2508 tamen
719 2475 767 2506 “ut
792 2472 946 2503 maximas
969 2469 1104 2510 lupino,
1128 2466 1167 2501 ad
1190 2477 1281 2508 cnjus
1304 2467 1341 2500 si-

334 2535 447 2563 guram
472 2519 687 2559 accedebant,
712 2515 841 2557 operire
864 2512 1016 2560 potuisses
1040 2536 1047 2542 .
1074 2512 1135 2545 Eas
1159 2522 1233 2544 cum
1257 2508 1341 2551 aspi-

334 2563 439 2607 ceres,
463 2561 574 2602 u'aolles
596 2559 766 2599 credere55
793 2557 844 2591 sed
869 2568 941 2594 cum
967 2555 1123 2590 incideres
1146 2575 1156 2591 ‚
1188 2563 1252 2586 non
1278 2554 1340 2586 mi-

334 2623 394 2648 nus
417 2610 534 2649 duras,
556 2617 654 2651 quam
678 2603 800 2638 arteriae
825 2602 982 2643 parietes,
1005 2596 1275 2640 deprehenderes.
1303 2596 1342 2629 Id

336 2655 413 2690 vitii
434 2665 501 2697 quo
525 2650 657 2695 propius
682 2659 698 2683 a
721 2645 816 2679 corde
840 2644 957 2678 arteria
980 2642 1110 2677 aberat,
1134 2652 1171 2673 co
1194 2649 1261 2674 erat
1276 2651 1343 2674 ma-

337 2699 409 2742 jus3
433 2706 536 2739 neque
563 2694 597 2729 in
621 2690 794 2725 Carotides
818 2698 951 2725 tamen,
976 2696 1079 2728 neque
1101 2685 1135 2716 in
1159 2683 1342 2716 Subclavias

337 2743 366 2777 se
389 2738 583 2775 extendebat
608 2758 617 2774 ,
642 2745 745 2776 neque
768 2731 853 2765 infra
876 2730 1049 2764 Caeliacam
1075 2741 1085 2760 .-
1122 2726 1180 2760 sub
1203 2738 1265 2769 qua
1291 2728 1339 2762 vel

338 2786 481 2831 primurn
505 2779 586 2815 illud
610 2778 754 2813 albarum
779 2775 977 2808 macularum
1000 2774 1119 2807 vitium
1142 2770 1246 2804 multo
1277 2773 1339 2802 mi·-

338 2841 417 2866 nus,
443 2839 477 2864 ac
503 2826 609 2860 minus
630 2821 729 2858 fiebat
754 2844 762 2852 .
798 2819 920 2852 Proeter
943 2817 1009 2851 haec
1036 2841 1046 2857 ,
1077 2825 1189 2848 omncs
1212 2815 1336 2847 arteriae

338 2872 469 2913 Magnae
493 2869 630 2913 parietes
652 2873 740 2900 erant
762 2873 856 2905 aequo
879 2861 1024 2895 duriores
1038 2884 1046 2892 .
1072 2859 1221 2901 Denique
1242 2858 1337 2903 *Sinus

339 2912 500 2949 Valsalvae
522 2920 654 2957 quartus
676 2919 742 2943 non
767 2906 870 2940 multo
893 2905 1024 2947 quidem
1046 2927 1056 2942 ,
1092 2901 1142 2935 sed
1177 2902 1337 2944 perspicue

341 2968 448 2992 tamen
472 2964 538 2989 erat
563 2953 723 2994 amplior,
748 2961 847 2991 quam
874 2946 1048 2983 secundum
1071 2955 1222 2980 naturam
1249 2969 1256 2976 .
1293 2943 1340 2977 Il-

343 3002 398 3036 lud
420 3010 550 3045 quoque
572 2997 607 3029 iu
629 2994 821 3027 venosorum
844 2992 950 3027 cordis
974 2992 1108 3023 Sinuum
1133 3012 1142 3026 ,
1167 2989 1218 3021 seu
1242 2989 1343 3034 mavis

343 3046 378 3078 in
403 3042 621 3078 auricularum
644 3036 750 3072 cordis
775 3035 863 3079 septo
888 3034 1101 3068 animadverti
1125 3044 1135 3068 t
1169 3043 1231 3074 qua
1262 3031 1346 3065 satie

344 3088 383 3121 ad
407 3097 522 3120 venam
545 3083 662 3126 spes-“tat
688 3081 913 3114 Pulmonarem
938 3102 947 3117 ,
987 3080 1016 3111 δι
1050 3077 1171 3111 accedit
1195 3075 1234 3109 ad
1258 3085 1345 3109 ante-

345 3132 455 3172 riora,
478 3129 571 3166 sulcis
595 3136 661 3160 erat
685 3123 843 3166 parallelis
864 3133 1001 3167 ‚neque
1024 3121 1068 3152 ita
1093 3119 1232 3162 parvis„
1255 3130 1349 3151 exca-

348 3183 457 3209 vatum
473 3198 480 3208 .
612 3171 649 3204 In
674 3169 816 3203 Ventre‚
841 3176 931 3206 cnjus
958 3163 1073 3199 viscera
1097 3163 1170 3205 gelu
1195 3162 1348 3195 indurue-

348 3229 419 3252 rant
443 3237 452 3253 ‚
486 3218 517 3250 ὃ(
539 3214 616 3247 bilis
638 3212 705 3255 ipsa
728 3222 768 3245 ex
794 3218 883 3253 parte
908 3208 1015 3250 aliqua
1040 3208 1073 3239 in
1098 3207 1151 3241 sua
1176 3205 1311 3238 vesicula
1337 3227 1349 3242 2

350 3261 474 3302 sanguis
497 3267 604 3293 autem
627 3258 713 3290 intra
736 3254 852 3288 lienem
866 3252 1145 3292 conglaciaverat,
1168 3249 1348 3291 nihilquod

349 3305 391 3338 ab
413 3313 533 3338 naturae
557 3311 669 3335 norma
694 3297 811 3334 abesset
837 3317 845 3332 ‚
879 3296 987 3327 inveni
1011 3317 1020 3331 ‚
1055 3294 1076 3326 si
1110 3292 1280 3336 globulum
1314 3294 1348 3324 in

351 3347 500 3380 mesaraeo
523 3343 687 3387 excipias,
711 3340 806 3383 hujus
830 3338 934 3373 limbo
958 3339 1174 3380 propinquum
1199 3360 1209 3374 ‚
1241 3339 1272 3369 &
1298 3336 1350 3368 ni..

349 3391 395 3426 hil
419 3390 519 3431 magis
542 3387 666 3423 forma,
690 3386 818 3423 colore,
843 3381 1066 3424 magnitudine
1090 3392 1187 3422 quam
1221 3380 1349 3414 coetum

353 3434 501 3468 vitellum
525 3429 759 3472 majusculum,
786 3425 971 3462 referentem
996 3436 1034 3460 ex
1057 3424 1096 3457 iis
1119 3427 1175 3466 qui
1201 3424 1232 3455 in
1257 3423 1351 3464 galli-

354 3477 449 3511 nacio
472 3476 589 3509 ovario
612 3474 801 3507 exsuberant
827 3495 834 3502 .
870 3467 969 3504 Nihil
992 3476 1060 3503 erat
1085 3468 1170 3500 aliud
1198 3465 1254 3501 nisi
1280 3467 1353 3508 pin·

352 3518 481 3563 gued0‚
507 3517 559 3552 sed
581 3517 688 3550 colore
713 3515 812 3557 magis
834 3523 930 3556 quarn
954 3513 1099 3553 reliqua,
1121 3510 1212 3545 flavo
1238 3535 1247 3548 ‚
1280 3509 1353 3542 nul-

354 3563 455 3603 iisque
479 3565 588 3598 intus,
612 3571 683 3601 quae
708 3555 920 3592 animadverti
952 3554 1075 3598 possent
1097 3578 1110 3595 ‚
1145 3553 1353 3597 membraneis

362 3607 495 3642 lamellis
517 3602 806 3639 intercurrentibus
828 3622 838 3638 ,
872 3600 959 3633 intra
991 3608 1089 3633 unam
1126 3595 1353 3640 comprehensa

409 3730 1744 3747 We

417 3791 481 3822 (r)
497 3788 568 3819 Epist.
585 3795 624 3819 ιη.
645 3795 666 3812 n.
685 3796 721 3818 30·
741 3788 764 3813 δι
780 3795 819 3817 4¹·
878 3787 949 3818 (s)
966 3793 990 3810 n.
1008 3791 1046 3813 41*-

974 176 1132 235 Liber
1165 182 1248 229 111.
1283 175 1368 230 De
1400 173 1611 227 Morbis
1642 171 1853 230 Ventris

1382 254 1601 287 membranam
1624 274 1634 289 ‚
1671 253 1703 286 in
1729 250 1890 293 sphaericae
1915 248 2022 284 Veslcae
2043 250 2176 287 modurn
2199 251 2384 288 conforma-

1382 305 1469 330 tam.
1599 296 1736 336 Propter
1759 307 1795 329 ea
1818 307 1889 338 quae
1910 293 2049 328 ultrode
2072 294 2270 337 gonorrhoea
2292 295 2385 331 fassus

1386 351 1469 381 ,aeger
1493 339 1617 376 fuerat,
1641 338 1820 379 diligenter
1840 337 2002 372 urethram
2035 347 2139 372 totam
2171 338 2354 381 perlustravi
2377 365 2387 374 .

1390 382 1538 416 Prostata
1563 381 1714 425 glandula
1738 392 1832 424 aequo
1855 379 1959 423 major
1983 380 2087 414 videri
2110 381 2264 424 potuisset
2287 404 2297 419 ,
2329 382 2388 417 nifi

1389 426 1482 463 esset,
1508 437 1543 472 ut
1568 429 1602 459 in
1628 436 1747 466 magno
1763 435 1925 465 corpore,
1949 434 2068 466 magno
2092 436 2222 468 quoque
2233 437 2308 460 cum
2332 436 2389 467 pe..

1390 480 1428 502 ne
1453 469 1650 513 conjunfia.
1675 470 1756 502 Sana
1780 467 1867 510 ipsa,
1894 466 1966 500 sana
1988 469 2180 508 caruncula,
2205 468 2287 503 sanae
2310 467 2397 502 veii-¹

1390 512 1471 546 culae
1493 533 1503 549 ‚
1539 514 1571 545 &
1594 511 1698 545 semen
1724 533 1734 549 ‚
1766 513 1799 544 δι
1820 510 1929 544 oscula
1953 522 2009 554 per
2031 522 2105 553 quae
2126 524 2144 545 e
2167 512 2313 546 veficulis
2334 522 2388 545 ex-

1388 555 1523 598 pressum
1544 554 1608 589 est.
1633 556 1692 589 Sed
1716 565 1754 589 ne
1777 554 1947 588 canaliculi
1969 555 2100 596 quidem
2124 554 2223 589 nostri
2248 554 2389 598 pecul-ia-

1387 610 1421 633 re
1443 599 1623 642 quidquam
1648 597 1850 634 ostenderunt
1864 621 1875 637 ‚
1896 597 1954 630 nisi
1976 597 2066 640 quod
2090 597 2227 634 urethrae
2251 599 2388 632 interior

1391 642 1490 676 facies
1514 643 1684 684 aliquanto
1707 640 1874 676 humidior
1897 642 2045 682 apparuit
2068 664 2082 681 ‚
2116 644 2148 674 &
2174 643 2388 678 rubicundior

1390 698 1488 726 quam
1513 685 1630 719 soleat.
1656 687 1707 720 Ex
1719 685 1871 726 Cowperi
1895 683 2053 725 glendulis
2075 685 2194 725 altera,
2217 686 2304 728 quod
2326 687 2387 718 mi-

1392 731 1480 763 nime
1503 738 1610 764 rarum
1635 728 1695 768 est,
1718 727 1847 764 defuit3
1871 726 1999 760 alterius
2024 726 2195 764 substantia
2208 729 2363 765 indutam
2378 754 2388 771 ,

1390 771 1581 815 firmamque
1604 772 1773 814 ligamenti
1796 769 1891 803 instar
1914 779 1978 802 erat
2003 780 2145 805 mutata.

1431 829 1463 859 4.
1488 817 1598 859 Igitur
1621 827 1658 849 ne
1689 817 1728 848 ab
1759 813 1853 857 hujus
1876 811 2027 855 Epistolae
2059 816 2229 858 proposito
2260 818 2388 860 longius

1392 860 1526 900 abeam;
1548 860 1646 894 mitto
1668 870 1740 901 quae
1765 858 1804 891 ad
1828 857 1979 898 anginam
2004 857 2165 899 speftant,
2191 863 2222 894 δι
2247 862 2387 903 peculia-

1392 905 1440 938 ria
1462 914 1534 945 quae
1555 905 1589 936 in
1615 902 1719 937 Aorta
1742 900 1907 939 observata
1922 899 1992 933 sunt
2008 922 2017 936 ‚
2041 902 2205 944 vitiaphoc
2229 904 2302 938 loco
2316 918 2389 948 per-

1385 947 1538 990 pendete;
1562 946 1653 985 haec,
1675 948 1831 987 inquam,
1856 944 1886 975 ἃ
1910 943 1972 977 alia
1984 945 2125 977 omitto:
2152 948 2277 982 &illud
2300 950 2389 990 quod

1385 991 1422 1025 ad
1444 990 1673 1034 gonorrhoeam
1688 990 1821 1024 attinet,
1849 987 2077 1021 tantummodo
2100 991 2251 1024 attendo.
2278 993 2309 1027 Si
2329 993 2390 1026 du-

1389 1046 1457 1068 ram
1484 1032 1603 1068 faetam
1628 1035 1780 1075 Cowperi
1805 1029 1989 1072 glandulam
2013 1030 2146 1073 seponas
2164 1055 2176 1072 ,
2198 1045 2269 1077 quae
2294 1046 2341 1068 res
2364 1036 2388 1070 fi

1390 1078 1426 1110 ad
1451 1077 1680 1121 gonorrhoeam
1706 1076 1844 1117 pertinet
1869 1092 1877 1110 2
1899 1084 1982 1107 certe
2006 1074 2043 1107 ad
2067 1082 2227 1110 recentem*
2249 1101 2262 1117 ,
2294 1087 2389 1122 atque

1390 1121 1469 1154 adeo
1492 1120 1679 1164 praesentem
1703 1128 1767 1152 non
1786 1118 1945 1161 pertinen
1967 1117 2055 1151 vides
2079 1120 2208 1161 utique,
2233 1121 2315 1156 nihil
2340 1135 2389 1157 re-

1388 1163 1466 1199 ferri
1491 1162 1530 1199 ad
1554 1163 1634 1198 hanc
1661 1161 1745 1205 posse
1769 1186 1777 1201 ‚
1811 1161 1868 1194 nisi
1892 1163 2018 1195 nubtam
2044 1163 2077 1194 in
2110 1165 2298 1198 canaliculis
2327 1165 2390 1200 hu-

1387 1208 1486 1241 moris
1508 1208 1737 1242 secretionem;
1764 1204 1846 1238 unde
1869 1201 2037 1239 humidior
2062 1205 2197 1241 urethrae
2221 1207 2338 1249 facies,
2360 1214 2391 1245 δι

1388 1252 1428 1284 ab
1451 1253 1556 1285 acrius
1581 1252 1731 1284 irritante
1754 1248 1893 1291 ejusdem
1918 1247 2065 1281 humoris
2090 1260 2201 1285 natura
2235 1252 2390 1287 rubicun-

1390 1296 1464 1328 dior
1486 1318 1494 1329 .
1528 1294 1674 1336 Spectare
1696 1291 1761 1327 huc
1784 1292 1883 1335 potest
1907 1292 1994 1335 quod
2026 1294 2058 1324 in
2085 1294 2158 1327 viro
2180 1294 2279 1329 altero
2304 1298 2391 1333 vidi-

1362 1338 1366 1342 ’
1388 1349 1479 1376 mus,
1506 1337 1593 1371 aliud
1618 1346 1764 1381 agentes.

1434 1391 1463 1425 5.
1489 1382 1551 1415 VI
1566 1381 1627 1415 RI
1651 1380 1809 1414 nimirum
1833 1375 1975 1413 thoracis
1999 1378 2262 1417 inflammatione
2285 1382 2391 1419 subla-

1389 1427 1415 1460 ti
1439 1425 1572 1459 cadaver
1596 1449 1604 1463 ‚
1640 1423 1858 1458 musculorum
1892 1423 2095 1466 aliarumque
2127 1423 2283 1467 eiusmodi
2317 1439 2392 1471 par-

1387 1470 1471 1515 t-iurn
1492 1469 1634 1502 ‘examini
1661 1467 1814 1503 idoneum
1837 1488 1847 1504 2
1880 1476 1946 1499 non
1968 1478 2039 1508 quae
2064 1478 2180 1509 praeter
2202 1493 2211 1507 ‚
2245 1470 2296 1507 sed
2318 1482 2392 1514 quae

1390 1511 1564 1546 secundum
1588 1521 1735 1545 naturam
1767 1510 1841 1544 sunt
1863 1534 1872 1549 ,
1908 1509 2107 1552 inquirentes
2127 1534 2136 1549 ‚
2171 1522 2316 1548 accurate
2356 1516 2392 1548 iu

1389 1554 1595 1591 Nosocomio
1618 1566 1734 1599 magna
1767 1565 1806 1588 ex
1840 1561 1932 1596 parte
1965 1552 2162 1590 secueramus
2187 1555 2245 1590 sub
2268 1558 2391 1593 Martii

1388 1598 1485 1636 finem
1509 1600 1556 1636 A.
1572 1609 1665 1642 1741.
1691 1609 1764 1632 cum
1788 1595 1954 1631 testiculos
1980 1597 2198 1639 perlustraturi
2215 1622 2229 1638 ,
2251 1602 2285 1635 in
2308 1613 2392 1643 quo,-

1387 1655 1459 1677 rtim
1484 1642 1586 1677 altero
1608 1655 1641 1676 ea
1664 1640 1930 1685 deprehendimus
1951 1650 2024 1682 quae
2047 1641 2119 1674 sunt
2142 1643 2278 1677 Litteris
2304 1644 2392 1687 supe.

1387 1687 1528 1722 rioribus
1551 1690 1565 1727 (
1587 1697 1602 1718 ν
1620 1687 1635 1728 )
1669 1693 1926 1719 commemorata
1940 1703 1950 1719 ‚
1975 1681 2060 1718 forte
2081 1685 2368 1722 animadvertimus
2383 1714 2390 1728 ,

1390 1728 1569 1771 compressa
1592 1730 1735 1771 proximi
1760 1729 1847 1769 penis
1865 1725 2005 1769 glande,
2026 1737 2066 1760 ex
2090 1729 2229 1763 utethtae
2261 1732 2392 1766 orificio

1392 1774 1561 1808 materiam
1585 1772 1726 1815 aliquam
1750 1770 1897 1814 prodire.
2038 1772 2073 1803 U
2091 1771 2122 1806 R
2136 1773 2165 1805 E
2178 1773 2211 1805 T
2223 1775 2257 1808 H
2268 1775 2300 1807 R
2311 1775 2340 1808 A
2353 1776 2393 1809 Μ

1389 1820 1548 1851 continuo
1571 1817 1753 1859 aperuimus
1776 1823 1847 1854 tota
1868 1826 1904 1847 ea
1927 1821 2015 1855 parte
2036 1825 2110 1856 quae
2132 1817 2206 1849 c‘um
2230 1828 2309 1859 pene
2339 1829 2394 1851 ex-

1389 1869 1439 1894 tra
1463 1871 1582 1900 corpus
1607 1859 1764 1900 pendebat
1779 1881 1787 1896 ,
1812 1857 1986 1901 suspicati,
2006 1856 2173 1892 hominem
2195 1860 2394 1902 gonorrhoea

1388 1903 1543 1938 laborasse
1565 1927 1573 1935 .
1605 1902 1679 1937 Nec
1713 1912 1820 1938 tamen
1855 1910 1969 1943 praeter
1994 1901 2144 1936 ruborem
2166 1902 2267 1937 dilute
2286 1906 2394 1939 cocci-

1390 1959 1509 1986 neum,
1533 1958 1598 1987 quo
1621 1946 1758 1980 interior
1779 1945 1900 1981 canalis
1923 1943 2012 1980 illius
2034 1943 2134 1979 facies
2157 1946 2277 1981 infecta
2302 1959 2450 1988 eram

1389 1993 1421 2023 ὃ(
1454 1990 1620 2025 madorem
1652 1987 1814 2032 quendam
1848 1998 1944 2030 aequo
1977 1986 2134 2028 majorem
2157 2012 2169 2029 ‚
2213 1991 2392 2033 quidquam

1388 2035 1573 2076 conspicere
1596 2034 1689 2067 licuit
1702 2033 1789 2075 quod
1814 2030 1854 2068 ad
1874 2029 2087 2074 suspicionem
2109 2034 2281 2068 attineret.
2309 2036 2394 2069 Ure-

1387 2076 1468 2110 thrae
1494 2086 1616 2119 partem
1640 2077 1796 2117 reliquam
1819 2074 1918 2108 secare
1942 2085 2015 2119 cum
2039 2075 2073 2107 in
2097 2076 2231 2110 alterum
2252 2077 2393 2112 distulis-

1387 2120 1490 2154 semus
1512 2120 1624 2160 diem3
1646 2120 1737 2158 aliis,
1761 2128 1794 2154 ut
1819 2117 1857 2151 fit
1879 2139 1888 2156 ‚
1924 2117 2203 2154 observationibus
2229 2121 2357 2156 abdueti
2381 2149 2391 2164 ,

1387 2164 1469 2198 hanc
1496 2163 1643 2204 pers-icere
1667 2163 1762 2196 obliti
1789 2161 1915 2196 sumus.

1393 2251 1398 2255 ἡ
1431 2210 1461 2241 6.
1486 2208 1553 2241 Hic
1578 2215 1684 2240 tamen
1709 2206 1792 2240 nihil
1830 2205 1887 2239 nisi
1921 2203 2060 2247 suspicio
2095 2205 2203 2241 fuerat
2228 2231 2235 2239 .
2269 2208 2392 2250 Accipe

1387 2263 1455 2294 jam
1479 2261 1573 2300 quae,
1595 2258 1779 2299 cum-certa
1801 2246 1877 2283 esset
1902 2248 2097 2293 gonorrhoea
2119 2272 2131 2291 ,
2155 2253 2303 2294 quamvis
2328 2263 2393 2286 non

1387 2304 1514 2331 recens,
1537 2304 1777 2328 invenerimus.

1439 2348 1469 2380 7.
1488 2337 1508 2382 J
1526 2337 1561 2372 U
1576 2337 1610 2371 V
1624 2336 1697 2369 EN
1711 2339 1724 2369 I
1740 2336 1760 2372 S
1801 2346 1920 2370 annum
1954 2346 2056 2377 agens⁴
2081 2336 2273 2379 vigesimum
2296 2334 2396 2381 quinss

1391 2382 1481 2416 &um
1506 2404 1517 2418 ‚
1550 2390 1645 2420 cujus
1669 2378 1864 2415 flavescebat
1889 2376 1984 2412 facies
2009 2402 2019 2418 ‚
2054 2380 2249 2417 virulentam
2272 2392 2395 2423 gonor-

1390 2424 1515 2459 rhoeam
1537 2423 1692 2457 vetustam
1715 2424 1889 2457 recentiore
1913 2422 2010 2457 altera
2034 2434 2105 2461 ante
2131 2424 2182 2457 sex
2205 2425 2323 2458 menses
2347 2437 2396 2458 re-

1391 2477 1567 2514 novaverat
1593 2490 1602 2503 ,
1638 2466 1712 2508 Qa
1748 2466 1904 2508 perstante
1927 2487 1936 2502 a
1961 2476 2001 2500 ex
2024 2466 2188 2511 profundo
2211 2467 2339 2502 vulnere
2361 2471 2394 2501 in

1392 2510 1470 2545 colli
1494 2509 1654 2543 sinistrum
1679 2512 1761 2543 latus
1784 2506 1942 2549 insueto,
1966 2518 2094 2545 tantum
2127 2510 2288 2552 sanguinis
2315 2534 2328 2551 ,
2362 2514 2395 2546 &

1392 2554 1490 2588 toties
1513 2551 1672 2595 profluxit
1694 2576 1704 2591 ,
1738 2561 1775 2586 ut
1810 2552 2036 2585 inevitabilem
2071 2562 2212 2587 mortem
2245 2555 2394 2587 attulerit

1393 2601 1479 2631 inter
1501 2596 1597 2630 initia
1618 2596 1657 2633 A·
1689 2605 1781 2639 1740-
1917 2594 1991 2637 CA
2006 2597 2037 2632 D
2052 2596 2125 2630 AV
2139 2597 2211 2629 ER.
2245 2597 2288 2630 ob
2313 2609 2394 2640 prae-

1396 2639 1508 2683 graffas
1531 2637 1780 2681 haemorrhagias
1803 2637 2037 2680 propemodum
2071 2638 2228 2680 exsangue
2251 2664 2260 2679 ,
2293 2652 2395 2682 eoque

1398 2683 1597 2726 anatomicis
1612 2680 1900 2725 perquifitionibus
1924 2682 2117 2723 aptiffimutn
2131 2705 2141 2721 ,
2163 2683 2286 2717 ibidem
2302 2709 2312 2724 ,
2336 2695 2396 2717 no-

1395 2728 1465 2765 stris
1496 2725 1748 2768 inspectantibus
1782 2723 2001 2759 Auditoribus
2021 2749 2034 2766 ,
2080 2735 2174 2760 tanto
2206 2726 2396 2769 diligentius

1394 2770 1570 2813 persetfitum
1595 2769 1655 2807 est,
1678 2768 1767 2813 quod
1790 2778 1944 2811 perpauca
1956 2768 2070 2803 habuit
2094 2770 2134 2804 ab
2157 2771 2295 2804 naturali
2318 2782 2397 2805 con-

1392 2815 1561 2861 stitutione
1593 2811 1806 2855 discrepantia
1835 2825 1842 2844 t
1874 2823 1944 2853 quae
1969 2812 2153 2854 priusquam
2191 2813 2230 2847 de
2266 2815 2441 2850 methrae..-

1388 2858 1545 2896 scribam,
1569 2856 1743 2890 indicabo.
1878 2856 1916 2889 In
1940 2856 2075 2889 Cerebri
2102 2857 2298 2892 Lateralibus
2320 2855 2398 2891 ven-

1388 2901 1513 2936 triculis
1536 2910 1610 2934 cum
1635 2899 1783 2942 plexibus
1804 2898 2049 2940 Choroidibus,
2075 2899 2119 2933 ob
2141 2912 2210 2934 eam
2232 2911 2311 2944 quaev
2327 2913 2400 2935 mo-

1390 2945 1434 2979 do
1457 2945 1543 2979 dieta
1566 2944 1629 2982 est,
1655 2942 1783 2977 causam
1806 2943 2024 2986 pallentibus,
2049 2955 2138 2986 aquae
2164 2955 2229 2978 non
2252 2945 2299 2979 ita
2322 2946 2398 2978 lirn-

1394 2989 1478 3031 pidae
1504 2987 1684 3031 pauxillum
1709 2986 1794 3020 fuit.
1820 2985 1912 3019 Colli
1939 2987 2055 3020 vulnus
2078 2987 2118 3022 ad
2140 2999 2245 3022 ramos
2257 2988 2397 3031 denique

1399 3044 1464 3065 non
1495 3041 1603 3067 tenues
1640 3031 1897 3072 sanguiferorum
1930 3028 2079 3065 vasorum
2112 3029 2197 3065 haud
2234 3034 2348 3071 procul
2380 3046 2397 3067 a

1401 3075 1514 3110 mediis
1534 3074 1667 3107 cervicis
1690 3073 1848 3107 vertebris
1868 3074 2049 3114 pertinebat
2063 3099 2072 3107 .
2205 3076 2329 3110 Venter
2353 3076 2399 3118 je-

1401 3131 1458 3154 cur
1482 3118 1595 3153 habuit
1620 3117 1757 3154 durum,
1780 3115 1900 3150 lobulis
1924 3117 2074 3159 praeclare
2095 3117 2277 3162 conspicuis
2300 3144 2309 3159 ‚
2341 3121 2400 3156 lie-

1400 3173 1472 3196 nem
1498 3172 1670 3203 magnum,
1694 3160 1766 3194 Ubi
1792 3159 1828 3193 ad
1852 3161 2005 3200 genitalia
2028 3170 2160 3196 ventum
2188 3163 2248 3200 eit,
2273 3174 2398 3204 praepu-

1400 3208 1483 3239 tium
1506 3230 1515 3245 ,
1548 3205 1697 3246 glandem
1720 3228 1729 3243 ‚
1764 3202 1930 3238 urethram
1966 3213 2072 3238 totam
2097 3215 2275 3246 perattente
2299 3207 2399 3249 inspi-

1398 3251 1483 3284 ciens
1499 3274 1507 3288 ‚
1532 3246 1613 3281 nihil
1637 3247 1770 3289 usquam
1795 3248 1936 3284 ulcerum
1951 3270 1962 3286 ,
1983 3247 2167 3286 erofioniss,
2202 3249 2328 3283 ruboris
2351 3252 2400 3282 in·

1399 3294 1497 3329 veni,
1522 3302 1577 3324 nec
1599 3291 1766 3334 quidpiam
1789 3290 1875 3327 aliud
1899 3290 1988 3333 quod
2010 3292 2048 3325 ad
2071 3291 2254 3333 praesentem
2280 3304 2400 3335 gonor-

1399 3336 1524 3382 rhoeam
1549 3337 1724 3370 attineret,
1748 3331 1770 3365 fi
1795 3334 1961 3368 madorem
1973 3336 2112 3377 excipias
2127 3361 2135 3375 ‚
2157 3348 2254 3378 quam
2278 3336 2374 3369 soleat
2389 3356 2398 3372 ‚

1402 3389 1580 3420 majorem,
1604 3391 1620 3411 a
1645 3377 1748 3412 media
1771 3376 1901 3411 urethra
1915 3377 1951 3421 ad
1962 3379 2107 3420 glandem
2122 3378 2221 3421 usque
2244 3381 2399 3422 pertinen-

1402 3433 1491 3456 tem.
1514 3423 1564 3456 Ad
1588 3419 1818 3463 gonorrhoeam
1843 3431 1952 3456 autem
1975 3422 2064 3455 illam
2091 3432 2228 3456 veterem
2243 3447 2252 3462 ,
2275 3422 2400 3456 diutur-

1403 3475 1542 3506 namque
1565 3463 1702 3507 spectare
1723 3464 1792 3499 haec
1814 3465 1938 3499 credidi
1959 3487 1971 3504 ‚
2006 3466 2159 3508 primurn
2174 3467 2213 3499 ab
2236 3478 2273 3499 eo
2304 3464 2400 3498 ferme

1403 3509 1477 3541 loco
1501 3508 1582 3542 unde
1608 3507 1719 3542 mador
1742 3508 1944 3551 incipiebat,
1967 3508 2140 3543 exstantem
2164 3511 2337 3549 oblongam
2356 3508 2402 3539 al-

1402 3551 1512 3585 bidam
1537 3551 1675 3589 lineam,
1698 3551 1855 3586 ulteriora
1880 3551 1983 3589 versus
2016 3552 2150 3594 oblique
2185 3552 2368 3585 tendentem
2394 3575 2402 3590 ,

1404 3605 1501 3637 quain
1528 3594 1670 3637 Epistola
1693 3594 1801 3629 XMI.
1826 3594 1906 3639 (s)
1931 3597 2132 3633 memoravi,
2156 3600 2184 3630 ἃ
2210 3607 2269 3670 pf.)
2295 3605 2403 3626 excre-

2247 3647 2359 3671 CCUUOE
