2498 4075
456 191 554 245 186

389 271 549 314 cognovit
572 269 738 308 herniam,
762 267 940 313 diserteque
963 269 1148 313 descripsit.
1183 274 1226 307 Et
1258 286 1297 308 ne
1329 273 1395 309 for-

387 325 423 348 te
445 315 552 349 credas
567 339 576 353 ‚
599 324 667 346 eam
691 316 938 347 contentionem
961 326 1001 347 ex
1023 325 1114 357 parte
1138 315 1249 350 saltem
1273 317 1311 352 ad
1323 330 1394 352 mu-

389 359 500 392 liebris
524 357 632 391 vesicae
656 356 800 389 herniam
826 355 1013 394 attinuisse,
1039 357 1131 393 simul
1163 371 1238 393 cum
1274 365 1393 403 vagina

388 400 543 443 prolapsae
563 410 578 439 ;
607 397 657 433 fac
684 400 888 439 memineris,
911 400 1096 441 hujusmodi
1120 402 1393 439 observationem

387 456 404 477 a
431 447 551 486 Peyero
574 442 627 484 (a
651 446 665 482 )
687 443 776 475 annis
801 452 873 476 ante
897 444 1141 485 Ruyschianam
1166 448 1291 489 aliquot
1315 447 1393 481 fuis-

388 488 420 521 se
444 488 629 529 vulgatam,
653 488 685 519 &
707 485 893 519 disseetione
915 487 1162 529 comprobatam
1179 515 1189 529 ‚
1212 502 1309 532 quam
1345 501 1391 525 et-

385 531 451 564 iam
474 532 508 563 in
520 527 729 572 Sepulchreto
751 528 813 571 (b)
837 528 953 562 habes.
980 531 1074 564 Hanc
1099 532 1237 566 aliorum
1260 535 1388 576 postea,

385 576 418 607 &
441 573 636 607 nominatim
661 572 818 605 Virorum
842 573 971 607 Clariss.
995 573 1090 606 Baffii
1112 577 1127 614 (
1149 587 1165 608 c
1188 579 1200 614 )
1231 579 1262 609 δι
1308 579 1388 611 Bur-

381 616 479 659 grafii
504 621 514 657 (
538 617 557 649 d
577 619 612 656 )‚
636 614 888 649 Observationes
912 618 944 650 in
967 616 1145 651 demortuis
1169 619 1282 654 secutae
1295 621 1384 656 sunt.

380 660 517 702 Meryus
541 661 598 703 qui
624 660 729 691 virilis
753 658 860 692 vesicae
884 658 1066 693 descensum
1093 662 1127 693 in
1152 661 1296 696 scrotum
1331 676 1385 707 per

381 704 548 737 cadaveris
572 702 762 736 incifionem
788 704 938 744 praeclare
972 703 1221 738 confirmaverat
1266 710 1280 746 (
1302 718 1316 740 e
1341 713 1351 747 )
1378 732 1388 748 ,

380 747 549 781 muliebris
573 746 719 780 herniam
744 747 776 778 in
802 748 875 780 viva
889 747 1058 780 dumtaxat
1083 759 1156 782 raro
1179 752 1328 792 exemplo
1351 754 1386 784 in

380 793 524 833 perinaeo
546 788 760 831 deprehendit
784 788 890 833 (f).
916 791 1026 833 Atque
1051 790 1118 825 haec
1151 803 1216 825 non
1251 795 1289 827 ad
1323 796 1386 828 ite-

379 834 481 867 randa
498 859 507 873 ,
530 834 581 866 sed
605 832 642 866 ad
668 831 795 873 pressius
832 833 910 866 alibi
933 834 1074 867 indicata
1105 835 1292 870 illustranda
1313 862 1322 877 ,
1353 842 1386 871 &

378 876 574 911 absolvenda
597 887 631 908 ea
643 886 713 918 quae
727 875 917 910 attinentad
941 877 1137 912 Herniarum
1150 879 1272 913 Veficae
1285 880 1384 915 histo—

374 923 459 955 riam
473 943 479 955 ,
495 920 581 953 dista
594 918 690 953 sunto
701 943 710 951 .
847 921 909 953 Vel
924 922 1027 955 rarior
1038 924 1328 965 quamCystocele,
1343 925 1385 959 est

376 963 590 1006 Hysteroccle
601 974 657 1005 per
671 958 841 997 sectionem
854 963 1028 1006 patefacta.
1055 967 1172 1000 Praeter
1182 967 1270 1000 illam
1283 976 1388 1002 tamen

376 1006 471 1050 hujus
495 1007 770 1040 Observationem
792 1019 863 1050 quae
884 1008 917 1040 in
943 1008 1188 1049 Sepulchretum
1222 1016 1233 1050 (
1252 1022 1275 1053 g
1295 1012 1308 1052 )
1341 1024 1389 1045 re-

377 1052 443 1086 lata
467 1050 532 1088 est,
558 1050 754 1093 pervulgatae
780 1049 852 1084 sunt
875 1051 946 1084 duae
969 1052 1003 1084 in
1036 1053 1191 1096 Doringii
1236 1055 1383 1098 Epistola

376 1094 417 1128 ad
441 1094 647 1133 Hildanum‚
670 1104 808 1135 quarum
833 1095 996 1136 priorem,
1020 1106 1058 1128 ex
1080 1097 1225 1131 Sennerti
1250 1100 1383 1133 Institu-

373 1138 522 1172 tionibus
546 1138 759 1179 exscriptam,
782 1137 804 1171 si
828 1138 988 1180 perleges,
1011 1139 1096 1173 illud
1119 1151 1250 1183 quoque
1272 1145 1377 1176 anim.

373 1181 517 1215 advertes
551 1184 585 1215 in
618 1190 708 1214 tanta
743 1180 880 1221 hernia,
903 1194 1000 1224 eaque
1036 1182 1081 1215 ob
1125 1184 1225 1217 itstum
1271 1197 1340 1219 orta
1364 1209 1374 1224 ,

373 1227 611 1268 peritonaeum,
634 1233 792 1267 quantum
819 1226 988 1258 Sennertus
1011 1225 1080 1258 visu
1115 1224 1295 1268 dijudicare
1319 1242 1376 1271 po-

376 1269 465 1305 tuit,
490 1276 645 1310 mtegrum
669 1267 860 1309 perstitisse.
896 1268 1018 1302 Verum
1051 1269 1152 1303 etiam
1187 1271 1250 1305 sine
1284 1272 1380 1307 disse-

370 1313 478 1345 &ione
503 1315 575 1353 quis
598 1310 747 1344 dubitare
771 1311 895 1352 posset,
919 1321 1047 1345 uterum
1082 1313 1116 1345 in
1163 1314 1266 1349 tribus
1309 1317 1379 1350 aliis

372 1356 497 1390 herniis
520 1353 631 1393 fuisse,
655 1366 795 1396 quarum
817 1354 892 1388 duas
913 1354 999 1387 ultra
1021 1355 1122 1388 media
1138 1354 1284 1399 femora,
1317 1370 1379 1394 ter-

370 1402 450 1432 tiam
475 1398 514 1431 ad
532 1408 632 1440 genua
655 1396 747 1439 usque
767 1399 1003 1439 propendentem
1029 1410 1250 1435 memorarunt
1274 1404 1380 1438 Caro-

370 1444 419 1477 lus
445 1443 581 1482 Sponius
604 1444 618 1480 (
640 1440 660 1473 h
683 1444 717 1480 ),
751 1444 783 1474 δι
818 1441 999 1487 Fridericus
1046 1443 1231 1485 Ruyschius
1277 1451 1286 1485 s
1311 1448 1324 1481 ι’
1347 1451 1379 1487 ),

371 1486 504 1529 quando
529 1484 667 1518 feliciter
693 1494 784 1518 natos
808 1483 868 1517 esse
891 1483 991 1518 foetus
1015 1484 1148 1527 legerit,
1182 1487 1297 1523 hernia
1344 1492 1383 1524 ab

372 1528 544 1563 obstetrice
565 1528 710 1567 elevata,
733 1526 821 1570 quod
845 1526 1028 1570 Ruyschius
1054 1530 1161 1571 vidit,
1186 1542 1241 1566 aut
1265 1534 1384 1576 postil-

370 1574 419 1607 los
443 1572 571 1609 editos,
596 1571 743 1605 herniam
768 1570 855 1604 valde
879 1571 1070 1610 subsedisse,
1104 1576 1136 1607 δι
1168 1573 1231 1610 fine
1264 1579 1381 1621 priori-

369 1618 431 1651 bus
455 1616 591 1650 internis
615 1615 758 1648 motibus
780 1614 979 1654 remansisse,
1007 1616 1263 1661 existimaverit,
1285 1633 1378 1664 quae,

369 1670 426 1696 aut
451 1660 511 1693 alia
534 1658 690 1702 ejusmodi
713 1657 835 1693 indicia
859 1660 997 1702 Sponius
1021 1661 1197 1695 attenderit
1216 1688 1226 1704 ,
1260 1665 1381 1700 necesse

370 1705 432 1739 est.
568 1703 643 1736 Huc
667 1701 793 1736 hernias
816 1701 896 1735 adde
918 1713 995 1745 quas
1018 1703 1079 1736 alia
1112 1702 1238 1740 faciunt
1273 1710 1381 1750 prola-

368 1748 482 1784 bentia
506 1746 648 1784 viscera,
673 1755 711 1779 ut
732 1745 944 1788 deprehensus
968 1745 1008 1779 ab
1054 1747 1221 1789 Ruyschio
1268 1751 1379 1786 eodem

368 1794 387 1835 (¹
406 1792 458 1834 R)
484 1791 547 1824 lien
570 1791 605 1823 in
631 1790 811 1832 peritonaeo
834 1789 995 1829 dilatam,
1018 1798 1054 1824 ut
1080 1793 1303 1832 ventriculus,
1327 1808 1381 1829 cu.

368 1834 510 1880 jusmodi
532 1832 784 1868 Observationes
806 1832 909 1874 duas,
933 1834 1083 1875 quamvis
1106 1834 1291 1870 dissectione
1314 1851 1380 1872 non

368 1878 616 1922 comprobatas,
642 1878 778 1911 minime
800 1886 908 1911 tamen
933 1876 1081 1925 obscuras
1101 1903 1111 1918 ,
1144 1891 1379 1916 commemorat

370 1925 484 1959 Petrus
509 1921 726 1956 Kirschbaum
748 1925 761 1961 (
785 1920 796 1953 l
817 1922 851 1959 )‚
875 1930 912 1955 ut
933 1933 1044 1963 jecur,
1069 1933 1126 1963 per
1150 1932 1322 1959 anatomen
1346 1928 1380 1959 in

373 1967 487 2003 hernia
510 1968 682 2000 inventum
706 1965 746 1998 ab
769 1964 940 1998 Salomone
964 1964 1107 1998 Reiselio
1130 1971 1196 2006 (m
1220 1971 1250 2005 ).
1277 1969 1345 2002 Has
1369 1993 1382 2010 ,

370 2010 510 2054 aliasque
544 2008 728 2051 hujusmodi
775 2006 932 2049 hernias,
967 2008 989 2041 si
1036 2007 1139 2043 viscus
1183 2012 1272 2053 quod
1304 2025 1382 2046 con-

369 2058 476 2091 tinent
498 2078 507 2093 ‚
552 2053 775 2095 speStaveriss.
809 2051 848 2085 ab
881 2064 922 2085 eo
944 2051 1195 2091 denominabis,
1230 2065 1267 2088 ut
1305 2055 1393 2091 suam

372 2097 536 2135 Reiselius
579 2095 810 2139 Hepatocelem
831 2120 839 2128 .
885 2096 941 2137 Sin
985 2106 1052 2129 eam
1098 2098 1133 2130 in
1177 2108 1241 2140 qua
1282 2103 1393 2133 conti-

374 2144 483 2187 gerint
508 2165 518 2181 ,
550 2139 731 2173 abdominis
777 2137 915 2178 sedem,
948 2139 989 2173 ab
1020 2138 1081 2186 hac
1115 2141 1269 2175 vocabis.
1302 2143 1391 2178 Nam

375 2188 399 2221 si
431 2184 567 2220 Ventris
588 2205 598 2221 ,
643 2193 698 2216 aut
730 2181 903 2216 Ventralem
925 2206 938 2222 ‚
970 2192 1006 2215 ut
1038 2184 1163 2217 iaciunt
1197 2195 1281 2219 nunc
1319 2188 1389 2228 plu-

375 2242 448 2268 res,
473 2228 619 2262 herniam
663 2226 785 2260 diceres
814 2236 824 2263 3
858 2227 940 2259 reete
974 2226 1105 2266 quidem
1150 2226 1301 2266 dicerem
1335 2231 1388 2265 sed

378 2286 455 2309 cum
478 2270 566 2305 aliud
589 2269 671 2303 nihil
696 2279 813 2312 praeter
836 2280 936 2310 genus
960 2270 1057 2303 nimis
1080 2271 1144 2304 late
1167 2280 1276 2314 patens
1300 2274 1386 2307 indi-

379 2329 501 2354 cares;
534 2320 572 2348 de
599 2313 667 2347 sede
700 2315 871 2347 etiamtum
904 2314 1098 2354 interrogari
1134 2314 1233 2355 posses
1254 2340 1264 2356 ‚
1296 2318 1384 2359 quod

376 2373 444 2397 non
469 2358 591 2403 posses,
614 2357 634 2390 si
662 2357 741 2391 hanc
767 2369 782 2389 a
809 2357 915 2398 primo
950 2354 1152 2398 fignificaffes
1174 2382 1183 2390 .
1229 2360 1268 2392 In
1315 2361 1383 2394 secie

378 2416 488 2440 autem
510 2401 693 2436 definienda
717 2401 786 2434 noli
810 2399 934 2433 credere
947 2409 978 2432 te
991 2410 1198 2440 peccaturum
1214 2424 1223 2439 ,
1248 2401 1270 2434 si
1293 2402 1380 2438 sorte

378 2446 614 2483 Umbilicalem
638 2455 730 2478 voces
754 2454 825 2486 quae
850 2454 913 2476 non
937 2443 1006 2484 ipso
1027 2444 1060 2475 in
1086 2445 1205 2476 annulo
1230 2447 1380 2480 umbilici

378 2492 442 2532 fit,
464 2491 521 2524 ubi
546 2490 603 2523 vix
627 2488 761 2521 memini
787 2487 820 2518 in
845 2487 915 2518 aliis
938 2496 1036 2527 quam
1058 2488 1092 2518 in
1117 2487 1226 2529 aliquo
1259 2491 1378 2524 tenello

382 2535 530 2572 infante,
578 2531 715 2565 vidisse.
742 2531 825 2563 Satis
848 2529 886 2563 sit
911 2529 993 2568 tibi,
1017 2529 1040 2562 si
1063 2529 1117 2563 illa
1153 2530 1250 2563 suerit
1284 2544 1382 2574 prope

381 2579 601 2614 umbilicum3
626 2575 730 2609 socios
753 2575 858 2610 enim,
884 2584 941 2606 nec
964 2583 1017 2605 eos
1042 2573 1188 2615 vulgares
1211 2597 1222 2612 ,
1254 2573 1386 2610 habebis

375 2625 433 2667 qui
458 2621 507 2655 vel
531 2619 571 2653 fic
595 2619 796 2661 acceperint,
821 2625 917 2658 atque
940 2617 1120 2658 accipiant.
1157 2615 1247 2650 Sedes
1280 2629 1387 2653 autem

379 2677 431 2702 tot
455 2664 513 2699 esse
538 2663 668 2707 possunt
683 2685 692 2700 ,
715 2670 798 2705 quot
822 2659 893 2694 sunt
918 2659 1099 2692 abdominis
1123 2661 1288 2701 regiones.
1313 2664 1387 2704 Sic,

379 2710 521 2751 exempli
545 2706 658 2746 causa,
683 2705 741 2738 sub
764 2704 856 2737 costis
869 2703 983 2745 spuriis
997 2704 1029 2735 in
1044 2703 1300 2746 hypochondrio
1312 2706 1388 2740 dex-

381 2765 454 2788 tero
478 2753 652 2785 Lavaterus
675 2750 742 2790 (n)
760 2745 910 2781 herniam
937 2745 1021 2779 vidit
1033 2759 1105 2789 quae
1118 2750 1385 2789 parteminterci-

379 2798 488 2841 piebat
509 2796 621 2839 jejuni
644 2792 811 2826 intestini.
835 2791 887 2823 Sic
911 2790 965 2823 alii
989 2792 1024 2824 in
1056 2791 1147 2828 aliis,
1171 2802 1249 2833 quas
1273 2804 1383 2827 omnes

380 2842 540 2876 continuo
565 2841 591 2871 is
615 2838 783 2873 nominat,
809 2834 994 2875 indicatve,
1019 2834 1227 2875 regionibus,
1252 2845 1286 2868 ut
1321 2838 1382 2869 mi-

383 2886 448 2918 rari
472 2882 605 2922 subeat,
631 2879 835 2914 Rolfincium
880 2881 893 2916 (
915 2889 931 2910 o
955 2881 965 2915 )
1000 2877 1037 2910 ad
1060 2877 1328 2919 hypochondria,
1352 2883 1383 2914 &

383 2927 423 2962 ad
446 2928 564 2970 pubem
589 2925 715 2958 hernias
739 2922 884 2965 negasse;
906 2920 1026 2954 nullum
1050 2921 1151 2960 enim,
1175 2922 1385 2964 qnodscz'am,

385 2971 518 3013 inquit,
544 2967 716 3009 exemplum
739 2967 806 2999 dari
824 2963 943 3007 potest,
966 2965 1043 3006 quod
1073 2963 1129 2998 illa
1162 2964 1232 2998 loca
1275 2966 1386 3001 taliter

383 3012 496 3058 affetfia
521 3022 653 3054 unquam
676 3010 744 3052 msa
760 3009 825 3050 sint
840 3033 847 3041 .
871 3008 1026 3051 Namque
1051 3018 1085 3041 ut
1110 3009 1172 3041 alia
1194 3006 1280 3042 forte
1312 3010 1378 3052 ejus

382 3058 547 3092 memoriae
572 3065 649 3087 tunc
675 3064 739 3086 non
763 3062 966 3085 occurrerent
978 3051 1147 3094 exempla,
1170 3052 1279 3095 qualia
1294 3064 1379 3087 nunc

382 3102 483 3135 obvia
507 3099 599 3135 sunt,
623 3107 658 3131 ut
683 3096 731 3130 vel
757 3094 822 3138 ipse
845 3095 895 3128 bis
918 3095 972 3137 (p
996 3099 1007 3133 )
1031 3106 1086 3137 per
1109 3104 1277 3129 anatomen
1310 3096 1382 3130 her-

380 3147 452 3179 nias
475 3142 513 3177 ad
539 3142 657 3184 pubem
680 3140 951 3178 examinaverim;
974 3148 1005 3171 at
1031 3138 1140 3172 saltem
1164 3140 1229 3172 loci
1252 3139 1383 3182 Hippo-

381 3189 479 3223 cratis
503 3191 512 3226 (
536 3186 589 3228 q)
614 3182 766 3219 oblivisci
790 3193 854 3215 non
878 3182 1028 3222 decebat,
1051 3194 1147 3224 quem
1178 3182 1245 3223 ejus
1279 3184 1382 3216 Enar-

380 3242 500 3267 ratores
524 3228 774 3272 perpenderant,
797 3228 920 3259 utinam
945 3226 1018 3258 satis
1042 3224 1205 3265 feliciter,
1228 3230 1260 3259 &
1290 3228 1380 3260 omni

379 3287 421 3310 ex
445 3283 553 3317 parte,
577 3271 760 3306 Franciscus
783 3269 941 3304 Vallefius
963 3273 976 3308 (
1000 3269 1070 3311 r),
1093 3272 1124 3303 &
1157 3270 1379 3311 Hieronymus

377 3317 580 3354 Mercurialis
604 3315 681 3358 (s):
706 3314 871 3348 ‘melinum
893 3314 1071 3353 ruptiones‚
1095 3324 1158 3354 quae
1179 3313 1300 3355 quidem
1322 3314 1386 3346 cir-

377 3374 413 3396 ca
431 3361 546 3404 pubem
564 3359 670 3403 fiunt,
694 3365 731 3393 ut
751 3356 925 3399 plurimum
942 3355 1052 3396 statim
1090 3357 1167 3399 sunt
1212 3357 1344 3390 innoxiae
1368 3369 1379 3389 .-

502 3586 511 3609 )
529 3580 590 3609 Eph.
608 3581 643 3603 N.
661 3581 688 3603 C.
705 3580 762 3603 Dec.
782 3586 805 3602 2.
825 3580 854 3603 A.
875 3585 893 3602 ι.
911 3576 970 3602 obs.
987 3579 1027 3606 84.
1223 3605 1228 3609 ¹

497 3613 510 3640 ἶ
528 3611 579 3636 AR.
598 3612 632 3634 N.
651 3612 678 3634 C.
696 3611 772 3633 Tom.
790 3617 814 3636 4.
831 3607 890 3633 Obs.
908 3612 960 3632 126.
1025 3608 1063 3637 (e
1080 3606 1094 3634 )
1112 3608 1190 3631 Mem.
1208 3611 1248 3630 cit.
1267 3604 1325 3629 obs.
1346 3613 1365 3629 1.

496 3644 509 3671 )
526 3642 587 3671 apud
606 3643 748 3665 Lavaterum
766 3639 860 3664 Dissert.
878 3640 906 3662 de
925 3638 1005 3662 intest.
1023 3638 1152 3666 Compreff.
1171 3636 1229 3661 thes.
1248 3642 1283 3664 13.

490 3672 503 3700 )
519 3673 612 3696 Dissert.
631 3673 659 3695 de
677 3671 766 3694 Hernia
783 3670 888 3695 Ventric.
908 3669 927 3699 §.
948 3677 968 3698 3.
988 3669 1047 3693 Hist.
1064 3676 1084 3692 ι·.
1102 3670 1124 3692 8ι
1141 3677 1163 3691 2.

493 3703 506 3730 )
523 3703 623 3726 Diatrib.
643 3702 672 3725 de
688 3702 822 3725 Enterocel.
840 3708 861 3725 e.
878 3708 889 3730 3
920 3699 943 3729 §‚
961 3707 975 3728 4

497 3733 509 3760 )
525 3734 664 3756 Commeat.
682 3732 707 3755 in
722 3739 775 3755 eam
792 3731 850 3756 Sess.
868 3738 893 3754 n.
915 3737 949 3759 19.

487 3762 496 3791 )
518 3762 585 3790 Epist,
604 3762 631 3785 de
648 3762 733 3786 Strust.
751 3762 867 3785 Glandul.

470 3590 485 3606 a

466 3613 481 3635 d

466 3643 480 3665 h

466 3673 474 3694 Ι

464 3710 477 3725 0

469 3739 481 3755 r

456 3769 470 3784 Χ

464 3791 477 3815 b
494 3793 508 3821 )
538 3794 546 3821 s
563 3800 573 3816 c
589 3792 602 3821 )
619 3792 678 3818 locis
694 3794 765 3822 paulo
780 3798 836 3818 ante
852 3790 978 3817 indicatis.

441 3579 451 3609 s

438 3614 450 3637 ‹

438 3642 446 3667 ι

440 3669 450 3695 s

437 3700 448 3731 (

439 3732 453 3761 (

431 3763 440 3791 s

433 3792 448 3821 (

1089 3576 1103 3605 (
1118 3576 1132 3600 b
1149 3575 1157 3606 )
1174 3575 1192 3599 ι.
1207 3583 1229 3605 3.
1246 3575 1267 3598 s.
1288 3581 1323 3603 31.
1340 3573 1365 3597 ιη
1383 3573 1504 3598 Additam.
1521 3573 1579 3598 obs.
1599 3583 1619 3603 ς.

1345 3636 1352 3664 (
1371 3635 1380 3658 i
1397 3636 1410 3663 )
1427 3635 1522 3659 Advers.
1538 3637 1596 3659 Dec.
1615 3642 1637 3658 2.
1660 3642 1685 3658 n.
1707 3643 1729 3664 9.

1224 3666 1238 3695 (
1253 3673 1276 3689 m
1292 3665 1306 3693 )
1322 3665 1385 3694 Eph.
1404 3667 1436 3689 N.
1455 3667 1485 3689 C.
1502 3668 1559 3689 Dec.
1575 3672 1598 3694 3.
1617 3668 1645 3688 A.
1664 3674 1688 3694 7.
1706 3664 1764 3690 Obs.
1781 3669 1805 3689 6.

1046 3699 1118 3728 (p)
1136 3696 1205 3726 Epist.
1224 3705 1246 3727 ς.
1264 3703 1289 3719 n.
1309 3703 1347 3730 ¹9·
1366 3696 1387 3719 ὃ(
1405 3696 1477 3724 Epist.
1496 3704 1531 3725 34.
1549 3704 1572 3719 n.
1592 3703 1623 3720 ιι.

1011 3729 1078 3758 (s)
1095 3728 1183 3753 Adnot.
1201 3727 1226 3751 in
1243 3733 1298 3750 eum
1316 3727 1406 3751 librum
1423 3735 1446 3750 n.
1463 3731 1485 3751 6.

928 3760 969 3793 (y
985 3759 998 3788 )
1014 3762 1050 3785 De
1065 3766 1129 3788 corp.
1146 3759 1213 3784 hum¹
1230 3757 1291 3782 fabr.
1309 3757 1326 3782 1.
1346 3766 1365 3787 5.
1383 3765 1404 3782 c.
1424 3765 1459 3787 ¹3·

1017 192 1174 245 Liber
1207 193 1314 247 111.
1347 195 1433 248 De
1470 194 1677 248 Morbis
1716 196 1926 250 Ventris

1466 284 1511 306 uae
1532 285 1607 308 vero
1626 274 1790 316 paululum
1807 274 1902 318 supra
1925 273 2107 308 umbilicum
2129 275 2161 309 in
2183 277 2294 310 dextra
2311 287 2403 321 parte
2421 304 2436 322 ,

1444 286 1488 350 7)ae
1510 317 1651 359 dolorosae
1665 317 1830 360 sums&
1851 317 1982 360 anxiosae
1992 341 2006 358 ,
2028 319 2070 351 (9-
2094 317 2238 357 stercoris
2282 325 2439 358 vomitum

1439 360 1616 401 inducunt,
1638 360 1728 394 velut
1750 362 1846 395 etiam
1870 360 2010 404 Pfittaco
2030 361 2164 395 accidit.
2189 362 2288 397 Hunc
2331 366 2443 401 locum

1444 402 1638 445 productum
1659 402 1782 438 videbis
1805 406 1838 437 in
1861 403 2091 438 Dissertatione
2113 407 2127 443 (
2148 412 2164 438 t
2187 407 2221 445 ),
2253 418 2349 449 quam
2380 409 2443 444 do-

1443 447 1518 487 (tie,
1541 450 1706 489 periteque
1740 446 1861 489 scripsit
1897 448 1961 481 Vir
1984 448 2037 480 Cl.
2062 447 2099 480 B.
2123 447 2227 488 Ignat.
2239 449 2269 482 la
2280 450 2438 486 Chausse.

1491 500 1539 531 15.
1555 489 1635 533 VJam
1656 489 1738 523 illud
1761 491 1901 533 sequitur
1915 513 1928 530 ,
1950 499 1986 524 ut
2030 490 2159 532 quando
2201 491 2240 525 de
2285 494 2440 536 legitimis

1441 532 1563 567 herniis
1586 533 1786 576 scripsimus3
1809 534 1847 568 de
1869 532 1987 575 spuriis
2009 545 2140 576 quoque
2157 558 2167 574 ,
2188 535 2222 568 id
2244 536 2288 571 est
2310 539 2344 571 in
2367 540 2441 582 qui.

1439 576 1498 610 bus
1522 577 1639 611 nullius
1663 578 1767 610 Partis
1789 589 1830 610 ex
1853 587 1963 611 ventre
1986 577 2148 619 prolapsus
2171 578 2229 616 fit,
2261 579 2440 616 sermonem

1437 619 1633 654 babeamus,
1660 622 1739 654 Sunt
1766 620 1813 653 hae
1839 620 2050 662 Hydrocele,
2076 622 2342 663 Pneumatocele‚
2363 625 2441 659 Hae-

1437 664 1616 703 matocele,
1639 663 1825 701 Cirsocele‚
1849 664 2045 700 Steatocele,
2069 665 2255 703 Sarcocele,
2294 668 2440 709 Sperma-

1436 708 1539 741 rocele
1554 731 1561 739 .
1587 707 1670 745 Quae
1694 707 1748 740 etsi
1773 707 1884 741 multae
1910 706 2003 744 sunt3
2026 709 2060 740 in
2083 707 2155 750 ipsis
2179 719 2284 747 tamen
2309 713 2440 745 univer-

1436 750 1474 784 fis
1499 751 1619 784 multus
1643 761 1707 784 non
1733 762 1809 784 ero.
1833 750 1921 783 Nam
1945 762 2053 786 earum
2076 762 2153 793 quas
2177 753 2350 794 Valsalva,
2383 766 2438 789 aut

1437 806 1497 837 ego
1521 805 1575 835 per
1598 793 1818 827 dissefflonem
1849 795 2103 828 examinavimus
2125 819 2135 835 ,
2181 795 2436 832 Observationes

1437 850 1475 871 ex
1499 837 1712 913 illostquidem
1737 848 1870 875 omnes,
1892 847 1932 871 ex
1954 848 2004 870 me
2028 847 2133 872 autem
2156 839 2322 883 plerasque
2346 852 2437 876 antea

1438 892 1546 922 accepi
1579 891 1611 913 1.

1479 928 1524 958 16.
1551 924 1771 965 Hydrocelem
1797 935 1836 957 ex
1859 922 2018 957 Valsalvae
2049 924 2275 959 observatione
2306 926 2355 961 bis
2386 928 2440 963 de-

1441 967 1547 1010 scripsi
1571 968 1717 1009 Epistola
1739 968 1811 1001 XX.
1855 970 1943 1006 (u)
1990 967 2099 1006 Qam
2145 970 2307 1011 relegens,
2342 971 2438 1006 facile

1441 1011 1620 1053 Malpighii
1647 1016 1657 1050 (
1681 1022 1703 1045 x
1725 1014 1736 1048 )
1759 1011 1960 1045 imitatorem
1983 1011 2149 1051 agnoscas.
2176 1014 2325 1055 Uterque
2349 1018 2436 1050 enim

1439 1053 1627 1096 hydroceles
1651 1055 1818 1088 humorem
1841 1055 2079 1095 evaporationis
2111 1066 2172 1096 ope
2218 1058 2400 1098 exploravit
2424 1082 2435 1093 .

1437 1099 1583 1140 Uterque
1608 1109 1647 1130 ex
1675 1098 1825 1140 Vaginali
1862 1098 1972 1131 tunica
1995 1097 2142 1130 humoris
2187 1101 2332 1140 guttulas
2375 1112 2432 1135 ex-

1434 1141 1564 1183 pressim
1589 1141 1741 1174 Valsalva
1764 1143 1893 1182 insuper
1915 1153 1951 1174 ex
1975 1140 2183 1183 Albuginea.
2210 1143 2261 1175 Ex
2283 1154 2369 1185 qua,
2392 1145 2436 1178 fi-

1430 1194 1484 1218 cut
1508 1184 1589 1217 alibi
1613 1184 1767 1226 scriptum
1790 1185 1947 1226 reliquit,
1970 1186 2069 1218 etiam
2095 1184 2263 1219 secundum
2287 1198 2434 1222 naturam

1431 1227 1460 1260 se
1484 1227 1678 1261 habentibus
1700 1230 1813 1268 rebus,
1837 1227 2018 1268 compresso
2043 1227 2210 1265 testiculo,
2235 1230 2318 1263 vidit
2329 1233 2434 1273 paral-

1430 1272 1493 1304 lelo
1516 1271 1628 1304 ordine
1650 1281 1871 1311 erumpentes.
1897 1272 1947 1304 Sic
1972 1272 2069 1304 etiarn
2094 1271 2295 1314 Malpighius
2318 1274 2437 1313 astatis

1431 1315 1602 1356 Vaginalis
1624 1313 1756 1356 orificiis
1776 1314 1972 1357 conspexerat
1992 1314 2134 1357 prosilire
2157 1339 2167 1355 ,
2210 1316 2252 1349 (φ
2298 1318 2436 1359 repetita

1424 1357 1536 1401 saepius
1559 1357 1767 1400 compressione
1790 1358 1865 1391 alias
1889 1367 2046 1399 erumpere
2068 1369 2147 1400 quas
2170 1359 2257 1392 inter
2279 1358 2352 1402 fere
2384 1361 2435 1394 in-

1430 1412 1575 1434 numeras
1598 1401 1743 1443 guttulas
1787 1401 1897 1443 aliquae
1925 1401 2106 1443 grandiores
2138 1410 2228 1435 erant
2251 1428 2258 1436 .
2305 1404 2432 1441 Quam.

1434 1445 1550 1478 obrem
1575 1445 1742 1487 utriusque
1766 1445 1921 1478 sententia
1945 1444 2029 1481 fuit,
2053 1455 2107 1486 per
2119 1445 2314 1487 Vaginalem
2349 1447 2437 1490 sepa-

1435 1489 1498 1520 rari
1523 1489 1694 1522 humorem
1719 1490 1751 1521 in
1776 1488 1911 1521 naturali
1935 1487 2016 1522 statu
2041 1497 2199 1529 paucum,
2223 1490 2309 1523 inter
2342 1502 2434 1528 eam,

1434 1534 1465 1565 &
1489 1533 1709 1572 Albugineam
1734 1532 1873 1566 madoris
1896 1530 1993 1564 instar
2016 1531 2221 1573 prohibentis
2246 1544 2284 1567 ne
2307 1545 2350 1568 eae
2382 1544 2438 1569 tu-

1434 1576 1514 1609 nicae
1538 1577 1738 1616 coalescant,
1764 1586 1798 1609 ut
1822 1575 1864 1609 fic
1887 1575 2014 1612 mollis,
2050 1574 2170 1618 suoque
2202 1587 2293 1618 aptus
2327 1578 2438 1612 officio

1432 1620 1573 1653 servetur
1601 1619 1780 1653 testiculus:
1805 1620 1862 1661 qui
1885 1618 2002 1652 humor
2026 1616 2047 1650 fi
2072 1629 2126 1660 per
2150 1621 2298 1653 morbum
2310 1632 2438 1655 coacer-

1432 1673 1546 1703 vetur,
1569 1662 1779 1704 hydrocelem
1801 1672 1880 1696 tunc
1905 1660 1997 1696 fieri.
2024 1661 2103 1695 Non
2127 1661 2239 1696 desunt
2256 1675 2361 1698 autem
2373 1665 2437 1698 hoc

1431 1716 1578 1748 ternpore
1602 1707 1658 1748 qui
1683 1705 1766 1740 nihil
1793 1707 1839 1739 ibi
1870 1705 1930 1739 esse
1963 1705 2035 1738 cavi
2062 1730 2071 1745 ,
2120 1705 2205 1748 ajant
2228 1730 2240 1747 ,
2285 1707 2435 1751 nihilque

1433 1762 1523 1792 aquae
1546 1749 1717 1783 secundum
1742 1759 1909 1786 naturam3
1934 1748 1990 1781 etsi
2016 1760 2080 1782 non
2104 1750 2253 1791 ignorent
2276 1773 2291 1790 ,
2338 1752 2437 1785 Vesa-

1432 1795 1515 1826 lium
1537 1795 1599 1834 (y)
1627 1802 1732 1825 tamen
1756 1790 1898 1826 docuisse
1914 1817 1923 1832 ,
1950 1792 2142 1833 Vaginalem
2168 1796 2318 1827 tunicam
2348 1797 2437 1828 intus

1433 1835 1492 1870 esse
1515 1846 1609 1878 aqneo
1633 1837 1762 1876 quodam
1786 1835 1910 1869 humore
1931 1833 2093 1868 obduffam
2109 1857 2118 1873 ,
2141 1837 2197 1878 qui
2229 1837 2298 1879 post
2341 1838 2439 1872 illum

1433 1879 1542 1923 passim
1567 1879 1606 1913 ab
1630 1879 1698 1912 aliis
1719 1891 1849 1922 quoque
1872 1878 2063 1920 conspectus
2086 1877 2124 1912 fit
2144 1899 2153 1915 ,
2201 1882 2232 1912 &
2277 1880 2440 1914 Boethaa-

1433 1925 1523 1957 vium
1567 1925 1581 1962 (
1603 1933 1627 1965 t<
1648 1925 1661 1959 )
1707 1922 1883 1959 addidisse,
1907 1922 1940 1955 in
1963 1919 2107 1961 caballo,
2129 1922 2252 1965 diffessa
2295 1923 2440 1967 vaginali

1428 1966 1603 2009 plurimum
1626 1976 1709 2007 aquae
1732 1966 1866 2008 exprimi
1882 1961 1983 2007 poffe-
2008 1964 2091 1997 Haec
2114 1975 2179 1998 non
2203 1978 2242 1998 eo
2273 1970 2403 2010 attingo
2425 1991 2436 2007 ‚

1432 2009 1520 2051 quod
1544 2010 1637 2043 illum
1661 2020 1759 2042 unum
1785 2008 1844 2042 esse
1866 2008 2007 2041 censeam
2030 2008 2163 2042 modum
2187 2020 2254 2051 quo
2276 2010 2440 2052 hydroce-

1443 2054 1487 2087 les
1509 2054 1604 2096 origo
1625 2052 1781 2094 explicari
1804 2061 1920 2094 queat.
1945 2052 2018 2085 Imo
2040 2063 2114 2085 cum
2140 2063 2224 2086 meas
2246 2064 2357 2087 omnes
2389 2063 2441 2087 at-

1443 2098 1564 2130 tentius
1587 2097 1695 2128 recolo
1717 2095 1988 2131 Observationes,
2023 2095 2143 2130 nullam
2189 2096 2323 2131 invenio
2366 2110 2440 2141 qnae

1443 2151 1508 2173 non
1533 2138 1676 2179 indicet,
1701 2150 1750 2172 eas
1772 2150 1851 2181 quas
1875 2149 1936 2180 ego
1960 2139 2044 2171 intra
2068 2139 2261 2181 Vaginalem
2293 2142 2440 2175 tunicam

1443 2184 1648 2222 examinavi,
1673 2181 1858 2225 hydroceles
1881 2194 1897 2215 a
1920 2181 2072 2224 disruptis
2117 2182 2185 2215 illic
2228 2182 2440 2225 hydatidibus

1441 2228 1602 2269 originem
1627 2224 1788 2259 habuisse.
1812 2225 1914 2269 Quod
1939 2226 2001 2258 tibi
2026 2237 2155 2269 quoque
2178 2226 2364 2266 videbitur,
2403 2238 2441 2262 uc

1439 2272 1582 2313 opinor,
1607 2270 1662 2303 ubi
1685 2272 1718 2302 in
1742 2268 1874 2312 singulis
1898 2268 2162 2303 animadverteris
2185 2280 2238 2304 aut
2268 2270 2440 2313 hydatides

1435 2316 1557 2356 aliquas
1581 2312 1644 2347 sive
1669 2313 1838 2346 etiamtum
1862 2314 1999 2354 integras
2016 2334 2025 2349 ‚
2050 2312 2113 2346 five
2137 2312 2354 2355 semilaceras,
2385 2323 2442 2349 aut

1434 2357 1587 2399 reliquias
1611 2367 1716 2389 earum
1740 2355 1830 2390 fuisse
1853 2355 2157 2399 superstites.Quas
2181 2367 2352 2400 antequam
2366 2360 2442 2392 Ob-

1438 2401 1635 2434 servationes
1659 2410 1857 2441 proponere,
1882 2409 1936 2432 aut
1959 2411 2214 2433 commemorare
2247 2403 2441 2444 aggredior5

1432 2444 1511 2477 scire
1554 2441 1645 2485 juvat
1666 2464 1676 2479 ,
1720 2444 1804 2476 intra
1848 2443 1930 2476 illud
1973 2454 2088 2477 cavum
2110 2466 2119 2481 ‚
2155 2444 2204 2477 vel
2226 2447 2311 2478 nulla
2335 2445 2442 2479 adhuc

1433 2486 1585 2520 inchoata
1608 2485 1803 2527 hydrocele‚
1837 2487 2014 2528 aliquando
2058 2485 2231 2528 hydatides
2276 2489 2441 2530 inveniri,

1437 2541 1511 2572 quae
1534 2530 1556 2563 fi
1579 2529 1758 2569 diffiliunt,
1782 2533 1813 2563 δε
1837 2541 1903 2562 eam
1926 2531 2223 2571 quamcontinent‚
2247 2542 2359 2573 aquam
2372 2535 2441 2574 pri-

1438 2584 1528 2607 mum
1550 2570 1741 2609 effundant,
1763 2572 1877 2606 deinde
1900 2573 1994 2605 aliam
2018 2572 2115 2614 usque
2138 2576 2169 2605 &
2193 2573 2289 2616 usque
2321 2576 2440 2610 stillare

1438 2627 1593 2659 pergant,
1617 2627 1682 2649 non
1705 2615 1746 2649 est
1767 2615 1924 2653 dubium,
1946 2616 2027 2657 quin
2059 2616 2190 2649 facturae
2223 2618 2285 2650 sint
2318 2619 2442 2662 hydro-

1438 2661 1559 2693 celem.
1584 2660 1657 2692 Nos
1680 2668 1788 2692 autem
1812 2658 1957 2701 Epistola
1981 2658 2018 2691 ad
2042 2667 2073 2691 te
2091 2660 2155 2692 IV.
2190 2661 2244 2703 (a
2266 2665 2280 2701 )
2302 2661 2439 2697 duarum

1438 2704 1487 2737 ibi
1509 2702 1704 2745 hydatidum
1727 2703 1926 2735 mentionem
1948 2700 2105 2739 fecimus,
2129 2713 2264 2744 quarum
2308 2705 2440 2748 singulae

1439 2747 1572 2789 singulis
1596 2746 1732 2780 testibus
1753 2754 1843 2780 erant
1866 2745 2049 2791 impofirae,
2075 2756 2198 2787 magnae
2232 2748 2333 2782 ambae
2352 2771 2363 2787 ,
2395 2750 2439 2784 sic

1434 2799 1560 2829 tamen,
1585 2799 1620 2823 ut
1643 2788 1763 2823 sinistra
1786 2787 1861 2822 esset
1884 2799 2008 2830 major,
2033 2788 2073 2822 ab
2095 2792 2186 2822 omni
2210 2789 2310 2825 ferme
2347 2803 2438 2834 parte

1435 2833 1568 2872 solutae,
1591 2844 1628 2866 ac
1651 2833 1784 2873 liberae,
1819 2843 1954 2875 eumque
1986 2830 2156 2866 humorem
2202 2837 2403 2870 continentes
2426 2861 2438 2876 ,

1435 2889 1533 2920 quem
1557 2878 1626 2918 igni
1651 2875 1840 2917 impofitum
1863 2887 1928 2909 non
1952 2875 2154 2910 concrescere
2177 2877 2340 2916 vidimus,
2385 2881 2437 2915 sed

1436 2920 1546 2955 relicta
1559 2922 1648 2954 tenui
1672 2920 1810 2962 quadam
1822 2919 1990 2962 pellicula,
2015 2920 2047 2952 in
2071 2931 2160 2953 auras
2172 2921 2355 2956 evanescere
2370 2934 2437 2957 non

1437 2967 1524 2999 secus
1546 2974 1581 2998 ac
1605 2963 1793 3006 Malpighio
1814 2965 1827 3001 (
1849 2961 1867 2995 b
1891 2967 1901 3002 )
1925 2961 2109 3001 interdum,
2132 2966 2163 2996 δε
2186 2964 2347 3000 Valsalvae
2372 2970 2437 3008 (c)

1432 3007 1550 3043 accidit
1596 3008 1629 3040 in
1674 3007 1866 3049 hydroceles
1902 3005 2038 3040 humore
2063 3007 2101 3041 ad
2135 3007 2269 3042 eundem
2299 3010 2436 3046 modum

1431 3051 1667 3086 examinando.
1689 3049 1749 3084 Sed
1773 3049 1810 3084 ad
1833 3050 1901 3083 illas
1925 3050 2180 3084 Observationes
2203 3054 2365 3087 veniamus
2380 3078 2388 3086 .

1478 3107 1529 3137 17·
1576 3096 1614 3129 M
1639 3095 1654 3127 Ι
1680 3095 1707 3126 L
1729 3095 1758 3126 E
1780 3093 1801 3127 S
1847 3093 1973 3127 vetulus
2017 3116 2028 3132 ,
2081 3097 2112 3127 δε
2155 3095 2310 3136 gibbosus
2353 3107 2435 3139 quos

1433 3140 1564 3173 morbos
1609 3135 1783 3181 pertulisset
1803 3159 1813 3175 ‚
1860 3136 2016 3180 quibusve
2060 3138 2225 3171 novissime
2257 3139 2332 3173 eslet
2356 3151 2435 3173 con-

1434 3183 1540 3217 fefflus
1583 3205 1597 3223 ‚
1652 3182 1753 3222 magis
1796 3192 1833 3214 ex
1877 3182 1999 3214 mortui
2043 3179 2231 3214 dissectione
2282 3182 2378 3216 licuit
2421 3205 2432 3222 ‚

1432 3237 1531 3269 quam
1575 3237 1615 3258 ex
1661 3224 1802 3257 viventis
1845 3226 2028 3257 narratione
2063 3249 2072 3264 ,
2124 3234 2178 3257 aut
2223 3225 2433 3261 Medicorum

1431 3270 1659 3303 observatione
1702 3266 1894 3309 cognoscere
1917 3293 1924 3300 .
1970 3267 2071 3302 Paulo
2093 3270 2180 3301 enim
2205 3271 2310 3310 postea
2334 3281 2431 3312 quam

1437 3314 1540 3347 fuerat
1585 3313 1618 3344 in
1662 3311 1724 3344 hoc
1769 3310 2008 3345 Nosocomium
2051 3311 2160 3345 illatus
2183 3337 2193 3353 ,
2239 3313 2368 3346 vivendi
2390 3313 2431 3346 fi-

1433 3368 1506 3392 nem
1537 3354 1656 3390 fecerat
1681 3377 1690 3387 .
1821 3356 1851 3388 C
1872 3356 1904 3388 A
1925 3356 1959 3389 D
1980 3356 2011 3388 A
2035 3355 2067 3387 V
2093 3355 2123 3388 E
2145 3356 2179 3389 R
2204 3378 2215 3396 ,
2260 3358 2352 3397 quale
2395 3355 2429 3390 id

2308 3410 2387 3434 cun-

1838 3582 1861 3603 3.
1878 3574 1939 3609 0st
1955 3574 2029 3598 Anat.
2047 3574 2114 3599 Chir.
2133 3582 2154 3598 ².

1791 3607 1861 3666 (3.kS.)
1875 3607 1954 3660 3¹}idrn
1970 3604 2081 3634 Append.
2098 3604 2158 3630 Obs.
2173 3613 2196 3630 2.

1687 3698 1699 3725 (
1714 3705 1728 3725 q
1747 3698 1759 3729 )·
1773 3698 1808 3720 De
1826 3666 1909 3731 Μοίιὶῖ
1925 3665 2243 3725 gageiis-elit..zfiltkaisi-’vgr-s.
2259 3693 2302 3718 fin.

1547 3726 1562 3755 (
1577 3733 1587 3749 r
1603 3726 1614 3756 )
1631 3727 1666 3749 De
1687 3728 1775 3750 Herma.
1794 3728 1902 3760 Ve-ntran
1917 3727 1946 3750 ad
1965 3727 1989 3756 §.
2007 3734 2043 3751 10.
2106 3727 2119 3755 (
2135 3735 2150 3750 u
2166 3725 2213 3753 )n.
2230 3732 2267 3753 ²4-
2285 3725 2308 3749 δε
2322 3726 2361 3750 26.

1521 3757 1535 3786 (
1551 3757 1590 3788 z)
1609 3756 1710 3782 Praelect.
1726 3757 1756 3781 ad
1777 3757 1853 3782 lnstrt.
1872 3757 1894 3787 §.
1912 3761 1964 3786 ⁶4¹·
2025 3758 2040 3788 (
2055 3759 2096 3788 a>
2113 3764 2139 3781 ιι.
2157 3763 2196 3785 30.

1682 3574 1820 3604 (cJDec.

1428 3603 1610 3633 (f)0bs.2.
1671 3604 1777 3634 (g)l.
