2498 4075
501 281 723 350 Epistola
760 283 920 337 Anat.
947 281 1176 337 >Medica
1210 280 1274 335 11.
1310 282 1434 337 Art.
1469 299 1515 348 7.
1553 281 1599 335 8.
1635 284 1690 337 &
1723 296 1769 347 9.·

106 358 216 394 {istunc
228 383 241 401 ,
264 368 490 406 nonnunquam
513 364 546 395 &
570 361 603 392 in
628 360 719 394 aliis.
745 360 805 393 Sed
823 371 881 394 nos
892 362 1025 394 rar-iores
1036 373 1112 395 cau-

106 403 154 437 sas
177 405 210 437 in
233 404 435 439 noviffirnum
458 404 633 447 rejicientes
657 403 782 440 locum,
807 402 1038 447 frequentiores
1069 404 1112 436 il-

107 448 152 480 las
175 446 252 482 duas
274 450 415 490 primum
446 448 661 489 persequemur
681 475 688 481 .
724 447 781 480 Eae
798 470 809 486 ,
843 449 962 491 quippe
997 447 1111 490 saepius

108 491 328 526 animadversae
353 514 362 529 ‚
406 491 563 524 celebrem
596 491 688 522 illam
725 490 899 532 apoplexiae
915 490 1112 524 divisionem

108 544 297 577 pepererunt
320 536 353 568 in
365 535 595 576 Sanguineam,
619 536 649 566 &
675 532 838 566 Serosam:
863 545 960 576 quam
983 536 1038 576 qui
1060 533 1112 567 di-

107 576 263 612 vifionem
287 578 509 620 improbarunt
535 588 546 615 3
578 576 612 609 id
645 589 682 609 eo
705 575 809 609 fecisse
832 579 951 619 partim
982 577 1077 610 credo
1099 601 1112 618 ,

105 620 196 662 quod
219 631 297 656 tunc
318 620 536 654 continentem
558 619 683 654 causam
706 620 833 661 magis,
854 631 951 663 quam
973 620 1112 654 efficien-

105 672 175 702 tes,
200 668 231 698 &
257 665 295 698 ab
318 664 368 697 his
403 663 581 707 pmfeffilmm
605 664 640 696 in
664 662 867 705 praedicendo
889 688 902 705 ,
946 662 1117 697 medendo-

105 719 168 750 que
190 708 392 747 utilitatem,
416 707 613 749 spe6tarent3
637 708 756 748 partim
778 705 866 749 quod
899 706 958 741 seri
990 705 1116 741 effusio-

107 763 180 785 nem
203 763 265 794 pro
287 749 400 784 effectu
423 749 574 784 haberent
588 774 598 789 ,
616 760 683 783 non
708 762 767 793 pro
789 749 881 783 causa
903 774 912 789 ‚
938 763 1000 795 qua
1024 750 1062 784 de
1085 762 1116 783 re

109 795 186 827 alibi
210 798 224 833 (
247 801 261 827 t
282 797 297 834 )
319 797 350 827 δε
375 792 464 829 vidi,
490 797 522 827 δε
545 793 684 832 videbo3
708 795 829 836 partim
849 795 947 828 etiam
971 793 1057 838 quod
1080 803 1117 827 ut

108 848 222 871 caetera
246 836 411 879 Majorum
434 836 609 880 dogmata,
642 838 688 869 ita
721 836 784 871 hoc
816 849 943 880 quoque
980 835 1114 880 abjicere

109 880 293 921 studerent,
318 881 398 915 olim
421 880 500 914 adeo
523 881 741 921 inculcatum,
763 890 798 914 ut
820 880 920 923 vulgo
942 883 997 914 vix
1009 882 1114 915 aliun-

108 924 148 957 de
170 935 266 967 quam
300 935 316 956 a
349 924 416 958 sero
452 924 595 958 craffiore
630 924 826 958 ventriculos
859 925 979 957 cerebri
1010 926 1113 966 impe-

107 967 217 1001 diente
238 991 250 1007 ,
272 965 329 1000 esse
354 968 522 1010 apoplexia
544 967 703 1001 videretur
723 990 733 1000 .
766 967 824 1001 Sed
848 968 1002 1001 nimirum
1035 967 1113 1010 issaepe

107 1012 222 1045 veteris
243 1010 398 1045 dostrinae
420 1009 552 1045 fastidio
574 1011 660 1045 ultra
692 1022 821 1054 aequum
855 1011 1004 1046 homines
1037 1022 1115 1054 pro-

108 1054 198 1097 greffi
223 1053 294 1087 sunt
310 1080 317 1087 .

151 1110 183 1141 7.
207 1098 281 1131 Nec
304 1109 381 1131 vero
402 1097 459 1132 etfi
481 1098 679 1132 medentium
703 1098 848 1140 plerique
871 1096 912 1131 fic
933 1097 1119 1136 crederent3

109 1140 257 1184 fugiebat
281 1151 386 1176 tamen
407 1141 587 1181 doctiores,
615 1141 815 1184 apoplexiam
837 1143 937 1174 etiam
958 1153 975 1174 a
996 1141 1124 1183 sangui-

107 1197 147 1219 ne
171 1184 345 1219 Medicinae
369 1196 512 1227 parentes
536 1185 963 1229 agnovistis-Hippocratis,
987 1185 1123 1218 Galerii-

108 1240 172 1271 que
196 1229 287 1261 locos
311 1240 374 1261 non
410 1231 553 1272 produco
574 1242 588 1269 ,·
618 1229 712 1262 habes
745 1229 831 1260 enim
854 1229 887 1261 in
911 1226 1122 1271 Sepulchreto

110 1272 202 1314 (u),
226 1281 262 1305 ut
286 1273 379 1304 verba
403 1284 530 1315 quoque
554 1271 724 1307 Turrisani
746 1274 796 1312 (x)
819 1273 875 1315 qui
899 1273 1014 1306 laeculo
1025 1273 1119 1304 XIV.

108 1316 244 1348 illorum
269 1316 406 1358 aliquem
435 1318 579 1350 locorum
602 1314 778 1357 probabat.
814 1316 974 1349 Italorum
1005 1315 1121 1356 praeci-

108 1360 249 1402 pueralii
273 1358 387 1392 saeculo
419 1361 494 1393 XV.
530 1363 562 1393 &
593 1361 686 1392 XVI.
722 1360 809 1392 idern
841 1357 941 1392 facere
976 1367 1121 1400 perrexe-

108 1412 207 1442 runt,
229 1404 262 1435 in
285 1402 401 1445 quibus
428 1405 478 1445 Ῐο,
507 1402 684 1437 Matthaeus
707 1400 745 1434 de
767 1401 874 1436 Gradi
897 1404 940 1443 (y
956 1405 970 1442 )
986 1423 995 1438 ‚
1023 1401 1122 1446 Jaco-

107 1446 167 1479 bus
191 1446 400 1487 Berengar-ius
420 1450 435 1486 ζ
452 1450 519 1489 z),
546 1444 728 1479 Leonardus
746 1445 922 1491 Jacchinus
944 1448 1009 1485 (a)
1028 1467 1041 1484 ,
1070 1443 1120 1477 sed

108 1488 283 1532 praesertim
307 1490 417 1524 Petrus
442 1490 543 1523 Salius
566 1490 690 1522 vicinus
715 1500 804 1523 meus
827 1488 894 1529 (b)
917 1497 990 1528 toto
1002 1487 1061 1530 illo
1073 1499 1124 1529 pe-

113 1533 229 1566 culiari
251 1533 377 1574 capite,
410 1532 497 1576 quod
520 1534 556 1565 cle
577 1532 760 1574 Apoplexia
788 1544 807 1566 a
831 1531 982 1574 sanguine
1014 1529 1124 1565 inscri-

109 1574 191 1619 pfit.
218 1577 367 1615 Qiorurn
393 1576 447 1609 etsi
473 1576 526 1608 alii
554 1576 645 1608 aliter
667 1587 731 1608 rem
755 1575 1004 1616 intelligebant3
1029 1586 1125 1608 nemo

107 1628 216 1652 tamen
242 1627 353 1660 praeter
380 1619 502 1652 Salium
527 1617 676 1658 fortasse,
698 1619 754 1662 qui
777 1618 812 1652 id
835 1618 941 1661 ipsum
965 1630 1037 1651 raro
1055 1642 1068 1659 ,
1090 1630 1124 1651 ea

108 1662 254 1696 credidit
279 1664 402 1695 ratione
426 1662 493 1695 lieri
521 1674 581 1706 qua
606 1672 642 1695 ut
666 1661 744 1705 saepe
768 1674 826 1695 nos
848 1662 956 1695 videre
978 1662 1066 1695 soliti
1078 1661 1128 1695 su-

108 1716 179 1740 mus
195 1730 207 1746 ,
233 1708 277 1737 ita
300 1708 466 1739 Avicenna
491 1709 534 1747 (c)
558 1706 641 1739 olim
665 1705 844 1746 docuerat,
868 1717 941 1739 cum
975 1705 1128 1739 videlicet

107 1749 234 1784 causam
261 1749 407 1786 secundi,
433 1752 465 1783 &
489 1749 717 1793 frequentioris
738 1749 868 1792 quidem
892 1750 1016 1792 generis
1053 1748 1122 1792 ejus

109 1795 285 1837 apoplexiae
308 1805 378 1836 quae
398 1791 436 1825 s1t
461 1804 478 1825 a
501 1794 675 1835 repletione
692 1819 701 1833 ‚
725 1793 782 1826 esse
804 1793 925 1827 censuit
948 1801 1004 1827 aut
1014 1792 1123 1827 humo-

109 1848 175 1871 rem
190 1836 399 1879 sanguineum
423 1834 551 1881 effusum
574 1839 614 1870 ad
635 1836 832 1870 ventriculos
855 1837 972 1871 cerebri
989 1835 1123 1878 subito,

111 1888 169 1914 aut
192 1881 351 1914 humorem
374 1878 619 1922 phlegmaticum
639 1903 649 1918 ,
683 1881 725 1913 εἴν
759 1879 844 1913 hunc
877 1878 934 1922 esle
957 1880 1129 1922 secundum

104 1923 300 1966 plurimum.
326 1924 385 1956 Sed
410 1923 506 1965 paulo
529 1933 624 1964 ante,
646 1934 741 1966 quam
767 1924 870 1956 Salius
882 1924 1130 1963 scriberet‚Ita-

66 1995 71 2002 ,
110 1968 161 2000 lus
185 1969 265 2000 alter
289 1965 476 2000 Leonardus
501 1967 667 2007 Botallus,
692 1979 731 2000 ex
754 1967 861 2000 Gallis
885 1976 989 2000 autem
1015 1966 1127 2000 Ludo-

109 2012 199 2044 vicus
222 2012 364 2044 Duretus
381 2033 392 2049 ,
416 2021 610 2053 quamquam
633 2011 730 2045 scrius
754 2008 850 2053 hujus
875 2012 956 2044 liber
980 2011 1127 2052 vulgatus

109 2052 178 2093 est,
200 2051 333 2086 effusum
349 2051 539 2097 sanguinem
551 2053 778 2097 conspexerant
791 2056 825 2087 in
839 2066 891 2088 eos
909 2055 1128 2096 apoplefftico-

113 2108 187 2130 rum
211 2096 428 2133 ventriculos,
453 2097 729 2140 quemadmodum
752 2099 845 2131 verba
868 2098 1034 2140 utriusque
1049 2121 1060 2137 ,
1094 2098 1127 2129 in

114 2140 359 2183 Sepulchretum
383 2141 430 2180 (d)
453 2152 580 2184 quoque
605 2142 699 2173 relata
714 2165 722 2178 ‚
748 2142 897 2184 praeclare
928 2140 1095 2174 ostendunt
1116 2152 1126 2178 ς

113 2193 151 2216 ut
174 2185 347 2226 permirum
370 2182 429 2223 sit,
453 2183 697 2217 eruditiffimum
709 2185 854 2226 alioquin
868 2184 1036 2218 Medicum
1046 2183 1128 2216 Cas-

114 2238 226 2270 parum
237 2225 475 2260 Hoffmannum
497 2230 540 2266 (e)
554 2226 724 2269 quaefiviss‘e
735 2251 747 2267 ,
770 2230 840 2269 quis
850 2228 1044 2261 ventriculos
1052 2224 1128 2266 san-

111 2270 205 2312 guine
230 2269 368 2312 oppletos
391 2270 425 2302 in
446 2270 609 2311 apoplexia
632 2270 718 2303 vidit
740 2269 898 2312 unquam?
917 2269 1126 2303 Pori-oasam·

113 2314 232 2355 guine,
253 2313 353 2345 etiam
377 2313 410 2344 in
432 2313 646 2350 ventriculos,
672 2323 727 2346 aut
752 2313 819 2345 alio
841 2315 925 2346 intra
947 2314 1093 2346 cranium
1113 2337 1125 2352 ,

114 2366 180 2388 non
201 2353 322 2396 effuso,
345 2363 398 2388 aut
421 2364 505 2388 certe
530 2356 567 2388 ab
590 2357 651 2388 alia
675 2356 764 2389 causa
789 2368 884 2399 quam
903 2356 1054 2399 asrigido
1066 2355 1128 2389 hu-

113 2409 226 2438 more,
249 2407 316 2432 tam
338 2398 450 2431 crebro
472 2399 673 2440 apoplexiam
696 2399 838 2432 accidere
859 2400 979 2440 censuit
995 2401 1129 2442 Prosper

117 2442 301 2477 Martianus
325 2439 412 2483 (f),
439 2450 474 2474 ut
499 2441 654 2475 affirmare
678 2453 742 2475 non
765 2442 984 2483 dubitaverit,
1007 2454 1045 2477 ex
1067 2443 1128 2476 tri-

116 2485 176 2519 hus
200 2485 367 2526 apoplexiae
383 2483 547 2526 speciebus
571 2486 694 2518 unicam
719 2494 847 2519 tantum
871 2512 879 2525 ,
915 2489 957 2521 (φ
988 2488 1024 2520 de
1058 2496 1127 2518 raro

116 2528 344 2569 contingentem
369 2528 401 2560 in
418 2525 555 2569 frigidos
570 2528 680 2568 succos
704 2531 911 2571 Hippocratis
932 2529 1055 2572 confilio
1079 2539 1127 2561 re-

109 2569 274 2614 ferendam
298 2567 370 2615 effe.
397 2572 472 2603 Huc
494 2570 516 2603 fi
541 2570 719 2610 addideris,
747 2574 921 2607 Varolium
945 2577 1012 2617 (g)
1037 2572 1128 2605 Mer-

115 2613 227 2648 curiali
254 2615 499 2654 rescribentem,
524 2615 701 2656 provocasse
725 2614 761 2648 ad
784 2615 976 2659 diffee‘liones
998 2626 1102 2649 eorum
1117 2639 1127 2656 ‚

99 2659 172 2701 vqui
194 2658 378 2699 apopleb't'ici
400 2658 599 2698 moriuntur,
624 2661 656 2692 δε
680 2661 720 2692 iis
747 2659 887 2700 fretum,
912 2660 951 2692 fic
975 2660 1122 2693 locutum

121 2699 233 2738 fuiffe:
260 2702 291 2733 in
314 2712 425 2735 eorum
447 2702 634 2735 ventriculis
657 2701 774 2737 cerebri
797 2703 880 2743 (hoc
914 2701 1011 2745 quaeso
1042 2702 1121 2735 mibi

119 2745 248 2785 credas)
269 2754 326 2776 non
350 2745 504 2786 reperitur
513 2746 613 2786 major
622 2755 884 2780 excrementorum
897 2747 983 2788 copia
998 2769 1009 2785 ,
1029 2756 1123 2787 quam

120 2788 327 2820 communicer
348 2788 379 2820 in
402 2785 543 2820 omnibus
565 2788 640 2821 aliis
664 2790 793 2830 reperiri
808 2789 912 2830 soleat
935 2802 945 2828 5
981 2787 1043 2822 hoc
1076 2790 1126 2821 in-

120 2841 241 2873 quam,
263 2829 284 2862 {i
310 2829 488 2868 addideri53
514 2831 602 2873 plane
626 2833 807 2875 intelliges,
831 2845 894 2866 non
925 2832 1023 2866 modo
1057 2842 1129 2865 ante

120 2875 294 2907 recentiora
319 2884 459 2916 tempora
484 2885 548 2907 non
573 2873 702 2909 defuiffe
728 2877 785 2917 qni
810 2877 1008 2917 apoplexiam
1032 2888 1048 2908 a
1064 2875 1133 2909 san-

122 2919 219 2960 guine
242 2923 467 2964 agnoscerent,
492 2917 540 2951 sed
565 2921 598 2951 &
622 2920 794 2952 nonnullos
807 2919 898 2953 fuisse
921 2921 977 2963 qui
1002 2919 1133 2962 apople-

123 2963 212 2995 xiam
236 2961 274 2992 ab
297 2961 393 2995 effuso
416 2962 449 2994 in
474 2962 666 2995 ventriculos
692 2962 795 2995 seroso
810 2973 1034 3003 excremento,
1059 2974 1131 3006 per-

125 3016 174 3037 rar
186 3017 217 3042 ἰ,
245 3016 279 3035 ne
304 3003 407 3037 dicam
431 3015 592 3046 nunquam
607 3028 618 3044 ‚
642 3004 709 3038 fieri
732 3005 903 3039 docerent.

178 3061 200 3079 2.
228 3049 375 3080 Attamen
400 3048 474 3081 alias
497 3060 514 3080 a
537 3048 708 3090 sanguine,
732 3050 808 3083 alias
834 3063 849 3083 a
874 3050 942 3083 sero
965 3049 1022 3084 effe
1046 3049 1130 3083 hunc

126 3091 275 3126 1712=2bum
302 3091 525 3132 repetendum,
558 3101 672 3134 praeter
705 3092 776 3126 illas
811 3103 862 3127 tot
897 3093 1131 3127 observationes

125 3145 203 3177 qvas
227 3136 257 3165 in
272 3132 477 3175 Sepulchreto
498 3135 646 3169 collectas
669 3135 786 3176 habes,
808 3137 1044 3171 confirmabunt
1058 3138 1131 3170 alioe

130 3189 205 3210 ‚zue
238 3178 346 3210 multae
391 3176 459 3218 post
490 3177 555 3220 ejus
586 3178 717 3212 alteram
750 3180 928 3215 editionem
967 3181 1104 3224 vulgarae
1124 3205 1136 3221 ‚

130 3232 265 3263 quarum
289 3231 346 3253 nos
369 3220 511 3261 aliquas,
536 3231 570 3254 ut
595 3233 641 3256 res
664 3222 765 3263 feret,
802 3223 905 3267 postea
940 3224 1133 3257 memorabi-

188 3276 222 3304 s,
251 3265 303 3297 hic
332 3263 394 3296 illis
419 3272 544 3297 tantum
567 3265 738 3307 indicatis,
769 3279 846 3310 quas
879 3270 997 3301 litteris
1029 3267 1134 3301 consi-

178 3316 279 3340 aurat
303 3306 413 3340 eodem
439 3317 472 3339 ac
504 3310 644 3343 Duretus
665 3334 677 3351 ,
709 3313 742 3343 &
778 3312 922 3345 Botallus
954 3321 1099 3353 tempore
1121 3335 1134 3352 ,

132 3351 300 3393 eademque
324 3353 357 3383 in
381 3351 491 3384 Gallia
514 3353 635 3392 Italus,
658 3363 695 3386 ut
717 3353 868 3395 videtur,
893 3355 1040 3389 Medicus
1070 3366 1135 3388 non

132 3406 291 3428 *mar-s.
317 3397 349 3427 &
374 3394 441 3427 lane
464 3393 604 3435 dignus,
627 3395 716 3438 cujus
747 3400 779 3431 &
811 3399 932 3441 reliqua
966 3400 999 3431 in
1032 3399 1135 3432 lucem

135 3448 277 3479 svm-:iat
299 3437 508 3471 Ductiffimus
533 3439 751 3481 Targionius,
774 3453 789 3473 a
813 3454 878 3484 quo
899 3441 966 3482 (h)
989 3441 1058 3475 haec
1080 3454 1136 3475 ex-

135 3493 177 3514 ῑιῖ
207 3492 250 3512 t
278 3481 446 3515 habemus.
471 3504 497 3522 „
521 3483 559 3513 In
585 3483 760 3516 Damicella
783 3484 820 3517 de
834 3484 1045 3527 Mauvoyfin,
1066 3497 1136 3528 quae

137 3557 144 3565 A
189 3527 265 3557 μήτ
290 3537 304 3557 a
330 3535 424 3567 partu
447 3524 628 3566 Epileptica
651 3537 712 3560 una
736 3530 769 3560 ὃ(
791 3529 1027 3570 Apopleffica,
1058 3529 1140 3562 reeta

259 3569 385 3611 orgagni
396 3569 431 3601 de
444 3568 511 3601 Sed.
528 3568 663 3613 &Caus-
676 3569 778 3603 Morb.
794 3572 890 3604 Tom.
906 3573 933 3604 I.

2047 302 2099 336 11

1161 384 1188 403 ,‚
1211 359 1375 393 observavi
1399 370 1507 398 totum
1527 360 1743 396 ventriculum
1764 357 1923 397 sinistrum
1944 363 2064 397 cerebri
2088 363 2167 397 fuis.

1162 427 1189 446 „
1211 405 1239 437 se
1263 403 1393 446 plenum
1417 406 1534 449 aquoso
1556 404 1727 447 sanguine,
1752 402 1876 442 setoso,
1901 408 2009 448 putri,
2036 418 2071 440 ac
2096 417 2170 449 pra-

1167 471 1193 490 ‚,
1214 448 1247 479 vi
1269 447 1390 480 coloris
1415 472 1423 487 ‚
1458 453 1492 483 &
1527 458 1618 481 venas
1650 447 1763 481 Plexus
1793 447 1968 483 retiformis
2003 456 2064 484 una
2094 461 2169 483 cum

1162 513 1190 533 „
1213 491 1336 524 arteriis
1358 490 1452 525 fuiffe
1476 492 1617 526 tumidas
1638 514 1650 531 ,
1684 490 1770 533 quali
1804 490 1981 526 insufflatas
2006 517 2018 533 ,
2062 492 2170 527 subni-

1166 558 1193 576 ‚,
1214 545 1289 574 gras
1311 544 1319 566 .·
1365 542 1402 568 ut
1425 537 1523 569 etiam
1547 537 1579 568 in
1603 536 1648 568 D.
1671 533 1709 566 de
1734 530 1851 574 ssoyffy
1874 545 1991 577 magno
2025 537 2167 578 Franciae

1160 601 1186 619 „
1211 575 1372 610 Scutifero
1394 602 1405 619 ,
1447 588 1538 613 totus
1560 577 1756 611 ventriculus
1786 575 1897 609 dexter
1929 587 1996 611 erat
2029 581 2169 622 irriguus

1164 643 1191 663 ‚,
1216 621 1364 664 sanguine
1387 645 1396 652 .
1444 621 1522 655 Ideo
1543 621 1611 665 jure
1634 619 1841 664 Lampridius
1863 619 1901 653 de
1924 622 2036 654 Severo
2065 622 2171 655 Caesa-

1166 689 1190 706 ,‚
1213 676 1244 698 re
1267 688 1280 704 ,
1312 664 1397 697 obiit
1420 665 1488 698 ἱᾶι]
1513 665 1675 708 sanguinis
1702 687 1710 702 ‚
1754 674 1848 705 quem
1870 665 2091 707 Apoplexiam
2113 677 2172 698 vo-

1166 731 1194 749 ,‚
1218 717 1315 748 cant,·
1337 707 1493 750 plerisque
1515 710 1603 741 enirn
1624 707 1912 751 Apoplefflcorum
1945 707 2037 741 sectis
2067 717 2173 741 extra-

1166 775 1194 791 ,‚
1215 751 1409 784 vasationem
1433 752 1594 794 sanguinis
1616 752 1650 783 in
1675 751 1859 784 ventriculo
1882 749 2078 792 vidimus.„
2100 751 2172 784 Nec

1167 793 1335 836 displiceat
1358 794 1445 837 quod
1460 818 1473 835 ,
1496 807 1573 829 cum
1596 794 1655 827 fibi
1680 794 1851 833 scriberet,
1875 792 2018 829 fortuito
2032 814 2044 834 3
2066 803 2102 828 ut
2113 793 2173 834 fit,

1166 839 1319 872 memoria
1342 837 1468 880 lapsus,
1491 849 1550 880 pro
1574 839 1676 871 Lucio
1699 839 1788 870 Vero
1818 838 1992 879 Severum,
2026 838 2175 880 Lampri-

1165 881 1256 914 dium
1269 890 1375 915 autem
1385 892 1443 921 pro
1456 880 1546 914 sexto
1556 882 1694 915 Aurelio
1707 881 1843 916 Vifflore
1860 881 2002 922 posuerit
2013 880 2125 925 ,cujus
2135 880 2175 913 de

1164 926 1253 958 Vero
1263 922 1331 957 haec
1342 925 1374 957 in
1388 925 1540 967 Epitome
1551 924 1642 957 verba
1655 924 1738 965 sunt,
1752 925 1810 963 (i)
1829 922 1941 957 obiisse
1951 924 2100 959 videlicet
2112 923 2177 958 iHu

1157 967 1344 1011 sanguinis,
1367 978 1457 1009 quem
1480 967 1620 1001 morbum
1643 969 1740 1001 Graeci
1764 970 1930 1011 α’πόπληξιν
1952 977 2090 1002 vocant:
2114 978 2175 1001 un-

1166 1012 1203 1044 de
1227 1010 1432 1056 sanguineam
1456 1012 1656 1054 apoplexiam
1679 1012 1838 1052 intelliges
1849 1013 1945 1043 etiam
1959 1012 2072 1046 saeculo
2082 1020 2180 1054 quar-

1169 1064 1206 1086 to
1229 1053 1319 1087 fuisle
1341 1064 1471 1086 notam:
1495 1052 1585 1088 autfi
1598 1053 1683 1087 forte
1705 1066 1780 1087 cum
1806 1054 1846 1086 iis
1872 1052 1951 1087 facis
1973 1057 2032 1097 qui
2056 1055 2178 1096 Epito-

1170 1108 1243 1130 men
1265 1097 1356 1129 illam
1379 1098 1492 1130 incerti
1514 1098 1670 1131 Auctoris
1694 1096 1751 1130 esse
1764 1105 1905 1139 putant3
1928 1098 2086 1140 Eutropii
2110 1098 2179 1130 Hi-

1172 1141 1303 1174 storiam
1325 1140 1372 1180 (k)
1396 1139 1515 1183 inspice
1539 1150 1655 1184 quarto
1679 1140 1794 1174 saeculo
1816 1141 1850 1172 δε
1873 1140 1964 1182 prius
1987 1152 2087 1183 quam
2119 1140 2178 1174 illa

1172 1185 1348 1226 Epitome,
1374 1183 1548 1226 scriptam3
1572 1183 1684 1218 obiisse
1708 1185 1833 1218 Verum
1851 1182 2180 1226 legessubitosangui-

1172 1239 1209 1261 ne
1233 1226 1329 1260 isium
1341 1250 1352 1266 ,
1374 1226 1445 1269 casu
1468 1225 1570 1261 morbi
1581 1239 1668 1269 quem
1684 1231 1782 1264 Graeci
1802 1231 1960 1270 α’πόπληξιν
1982 1235 2116 1261 vocant.
2131 1227 2178 1259 Et

1173 1271 1242 1304 sane
1266 1270 1351 1304 haud
1374 1271 1492 1310 aliam,
1516 1282 1610 1314 quam
1632 1270 1834 1312 sanguineam
1857 1272 1948 1311 fuifle
1960 1271 2039 1305 Veri
2051 1269 2182 1314 apople-

1171 1316 1260 1348 xiam
1283 1314 1339 1346 illa
1363 1313 1508 1347 indicant
1532 1325 1602 1356 quae
1625 1313 1663 1347 de
1675 1312 1742 1358 ejus
1758 1316 1848 1355 vita,
1871 1315 2006 1353 morbo,
2037 1314 2181 1348 curatio-

1174 1369 1232 1394 ne,
1258 1360 1289 1390 &
1313 1357 1411 1391 obitu
1434 1357 1548 1391 saeculo
1572 1355 1634 1398 jam
1657 1359 1757 1391 tertio
1777 1358 1919 1393 ediderat
1938 1359 2046 1401 Julius
2082 1357 2182 1400 Capi-

1174 1401 1295 1435 tolinus
1318 1400 1398 1441 (l),
1420 1401 1592 1440 convivia,
1618 1402 1775 1435 &calices
1793 1402 1859 1445 ejus
1871 1401 2051 1435 describens
2071 1423 2081 1440 ,
2116 1409 2182 1433 tra-

1173 1444 1337 1486 densque,
1358 1454 1417 1477 non
1439 1443 1525 1486 longe
1548 1443 1587 1477 ab
1607 1443 1729 1478 Altino
1746 1444 1854 1487 subito
1877 1447 1910 1478 in
1932 1444 2077 1478 vehiculo
2098 1454 2182 1477 mor-

1175 1491 1213 1521 bo
1235 1498 1324 1529 quem
1346 1487 1509 1530 apoplexin
1530 1495 1665 1526 vocant,
1689 1497 1887 1530 correptum,
1911 1487 2080 1529 depoficum
2103 1496 2183 1521 eve-

1176 1531 1305 1570 hiculo,
1328 1531 1464 1565 detraffo
1491 1529 1641 1572 sanguine
1674 1530 1833 1564 Altinum
1857 1531 2043 1573 perdueium
2064 1554 2076 1571 ,
2113 1538 2185 1564 cum

1175 1575 1282 1608 triduo
1305 1582 1415 1607 mutus
1436 1572 1564 1617 vixiffet
1579 1597 1591 1613 ‚
1614 1573 1697 1615 apud
1717 1574 1874 1608 Altinum
1894 1572 2016 1619 periisse
2041 1598 2049 1605 .
2077 1574 2186 1611 Quem

1175 1618 1215 1651 ad
1240 1618 1346 1650 locum
1368 1617 1550 1658 Capitolini
1573 1627 1636 1649 non
1659 1616 1879 1652 omittendum
1902 1616 1946 1651 est
1966 1616 2055 1661 quod
2079 1618 2187 1660 Egna-

1181 1663 1248 1695 tius
1270 1664 1284 1700 (
1306 1672 1337 1695 m
1359 1663 1374 1700 >
1396 1660 1492 1703 paulo
1515 1660 1608 1703 supra
1630 1660 1682 1693 ubi
1708 1660 1793 1695 idem
1812 1660 1999 1695 Historicus
2023 1672 2093 1694 eam
2116 1662 2185 1694 Ve÷

1182 1707 1210 1738 ri
1235 1704 1438 1746 apoplexiam
1460 1714 1712 1744 memoraverat,
1734 1703 1776 1738 fic
1800 1705 1996 1745 adnotavit,
2019 1714 2056 1738 ut
2089 1715 2186 1747 quam

1180 1747 1330 1791 frequens
1353 1747 1469 1780 saeculo
1492 1748 1585 1781 XVI.
1620 1749 1647 1781 is
1678 1748 1809 1783 morbus
1841 1746 1915 1783 esset
1939 1772 1953 1789 ,
1983 1748 2086 1791 magis
2119 1760 2188 1781 ma-

1175 1791 1285 1835 gisque
1308 1792 1578 1834 intelligeremus:
1604 1792 1767 1834 apoplexi,
1793 1794 1924 1836 inquit,
1938 1789 2188 1835 frequentissimo

1175 1846 1246 1879 jam
1270 1846 1305 1868 ac
1325 1834 1510 1877 pervulgato
1534 1832 1570 1867 ob
1593 1836 1832 1869 immoderatum
1853 1837 1925 1870 vini
1950 1859 1964 1876 ,
2008 1833 2189 1877 venerisque

1181 1878 1270 1920 usum
1294 1877 1398 1911 morbo
1418 1888 1476 1920 per
1497 1877 1584 1919 hosce
1605 1888 1700 1911 annos
1722 1878 1838 1921 quibus
1868 1879 1924 1920 ista
1957 1877 2189 1913 commentaba-

1182 1932 1253 1955 mur
1277 1946 1285 1951 .
1378 1921 1437 1954 Sed
1459 1922 1537 1955 illuc
1561 1930 1702 1954 revertor
1724 1945 1734 1961 ‚
1771 1931 1806 1956 ut
1829 1922 1945 1957 serosas
1972 1933 2101 1965 quoque
2131 1918 2190 1955 esse

1181 1965 1366 2007 apoplexias
1390 1976 1428 1997 ex
1451 1963 1588 2007 ejusdem
1611 1965 1836 1999 Observatoris
1872 1966 2000 2009 scriptis
2033 1976 2190 2008 compro-

1180 2009 1274 2049 bem,
1296 2009 1352 2051 qui
1377 2009 1411 2040 in
1434 2007 1588 2050 plerisque
1611 2009 1817 2051 apoplefficis
1840 2008 1976 2044 effusum
2009 2011 2043 2042 in
2064 2008 2187 2043 cerebri

1179 2052 1391 2085 ventriculum
1417 2051 1599 2093 sanguinem
1622 2052 1650 2085 se
1674 2051 1801 2091 vidisse,
1825 2052 1938 2088 docuit
1966 2078 1973 2086 .
2009 2055 2101 2086 Inter
2132 2053 2189 2086 illa

1179 2107 1250 2138 quae
1275 2094 1366 2136 supra
1388 2093 1608 2136 descripfimus
1638 2096 1731 2129 verba
1765 2121 1777 2136 ,
1808 2095 1876 2130 haec
1909 2096 2074 2140 interjecit
2100 2110 2108 2130 :
2155 2097 2190 2130 in

1180 2139 1254 2172 aliis
1276 2138 1345 2171 vidi
1368 2148 1449 2180 aqua
1469 2138 1595 2180 plenum
1618 2137 1827 2183 limpidiffima
1851 2164 1862 2179 ,
1909 2140 2058 2176 extinctis
2090 2143 2188 2182 Apo-

1178 2181 1283 2225 plexia
1307 2192 1376 2214 cum
1399 2189 1504 2214 tamen
1525 2191 1645 2215 vacuus
1668 2180 1725 2225 effe
1747 2183 1870 2218 deberet
1891 2186 1976 2218 omni
1999 2185 2123 2218 omnino
2132 2193 2187 2216 re.

1176 2225 1252 2270 Jam
1274 2235 1349 2257 vero
1372 2234 1544 2266 utrumque
1568 2226 1608 2258 iis
1640 2229 1759 2266 pariter
1789 2227 2080 2263 Observationibus
2118 2226 2192 2270 pla-

1180 2268 1300 2300 niffime
1322 2267 1551 2310 confirmatum
1574 2267 1695 2302 videbis
1718 2281 1788 2312 quae
1812 2281 1850 2303 ex
1872 2270 2032 2305 Valsalvae
2067 2269 2190 2305 schedis

1180 2313 1343 2354 primum,
1369 2320 1440 2345 tum
1467 2323 1505 2344 ex
1527 2311 1642 2345 nostris
1665 2324 1794 2355 quoque
1829 2313 2033 2356 proferentur
2057 2338 2066 2347 .
2115 2315 2190 2348 Nec

1179 2364 1284 2387 tamen
1308 2353 1395 2397 quod
1418 2356 1452 2387 in
1478 2354 1684 2396 Sepulchreto
1707 2356 1887 2398 promiscue
1910 2357 2034 2392 factum
2065 2357 2154 2392 vides
2175 2381 2190 2400 ‚

1181 2398 1234 2431 hic
1258 2398 1329 2431 illas
1353 2397 1561 2440 producemus
1586 2400 1618 2431 in
1638 2398 1757 2441 quibus
1785 2402 1903 2442 capitis
1926 2402 2054 2435 vulnera
2089 2402 2190 2436 idtus-

1180 2453 1218 2473 ve
1242 2441 1410 2483 apoplexia
1446 2441 1613 2475 consecuta
1636 2442 1703 2481 est3
1727 2442 1778 2476 sed
1811 2445 1844 2477 in
1880 2444 1971 2479 suum
2002 2443 2189 2480 differemus

1180 2485 1315 2522 locum3
1350 2483 1450 2518 editas
1482 2493 1588 2517 autem
1622 2494 1711 2518 antea
1746 2485 1785 2519 ab
1815 2488 1973 2526 utrolibet
2009 2488 2151 2523 nostrum
2175 2513 2186 2529 ‚

1179 2528 1347 2561 dumtaxat
1371 2527 1604 2561 indicabimus·
1632 2529 1761 2565 Quibus
1784 2531 1881 2565 etiarn
1903 2532 2047 2573 omiffis,
2071 2532 2119 2566 hae
2139 2543 2190 2565 ta-

1179 2583 1251 2605 men
1276 2570 1460 2613 longiffirnae
1484 2570 1578 2604 essent
1600 2573 1735 2605 Litterae
1755 2598 1768 2614 ,
1791 2573 1849 2607 nisi
1883 2588 1953 2620 quae
1987 2574 2188 2610 diss‘effiones

1180 2615 1322 2656 spe6tant
1344 2614 1382 2647 ad
1408 2615 1610 2656 sanguineam
1634 2617 1861 2659 apoplexiam,
1878 2631 1927 2653 eas
1939 2618 2188 2659 tantummode,

1177 2670 1275 2701 neque
1300 2669 1431 2697 omnes,
1457 2660 1491 2691 in
1513 2660 1678 2701 praesentia
1703 2671 1954 2703 proponeremus
1976 2686 1989 2703 ,
2013 2662 2188 2705 rejicientes

1176 2703 1210 2734 in
1235 2701 1396 2744 Epistolas
1420 2703 1602 2744 proximu,
1624 2711 1696 2738 tum
1719 2707 1998 2749 earumreliqmas,
2023 2716 2093 2741 tum
2116 2719 2185 2750 quae

1177 2747 1317 2779 attinent
1341 2745 1379 2778 ad
1403 2745 1558 2779 serosam.

1219 2801 1248 2829 9.
1269 2790 1325 2838 *Ut
1349 2800 1365 2821 a
1390 2790 1475 2823 Viro
1485 2789 1688 2831 Ampliffimo
1711 2792 2030 2837 incipiamus3cujus
2040 2804 2189 2838 propter-

1183 2840 1217 2861 ea
1241 2832 1374 2865 historia
1413 2831 1455 2865 est
1477 2844 1493 2864 a
1519 2833 1667 2866 Valsalva
1690 2835 1878 2878 diligentius
1901 2838 2079 2880 descripta3
2102 2839 2191 2872 AN-

1186 2876 1374 2909 TONIUS
1399 2877 1688 2909 FRANCISCUS
1713 2880 2192 2923 SANVITALIS,Cardina-

1184 2919 1225 2952 lis
1237 2920 1266 2952 S.
1280 2920 1322 2953 R.
1336 2921 1376 2951 E.
1391 2919 1506 2964 statura
1522 2919 1703 2961 mediocri,
1715 2931 1768 2956 aut
1779 2924 1878 2966 paulo
1890 2923 1948 2957 hac
1962 2925 2102 2968 majori,
2113 2936 2188 2958 cor..

1182 2974 1258 3005 pore
1280 2962 1437 3001 carnoso,
1460 2962 1570 2994 colore
1597 2963 1800 3006 rubicundo,
1823 2967 1957 3008 studiis,
1981 2971 2014 3002 &
2041 2968 2189 3011 gravibus

1181 3005 1449 3048 occupationibus
1460 3004 1587 3039 deditus
1597 3030 1609 3047 ,
1623 3007 1788 3043 arthritidi
1800 3011 1958 3045 obnoxius
1970 3035 1979 3050 ,
2003 3012 2126 3053 aliquot
2135 3022 2192 3045 an-

1183 3057 1215 3098 te
1228 3050 1316 3099 annis
1329 3058 1469 3091 coeperat
1485 3050 1573 3082 inani
1585 3051 1725 3097 quodam
1740 3052 1884 3088 faucium
1903 3055 1942 3088 ad
1962 3054 2186 3089 exscreandum

1182 3101 1410 3132 irritamento,
1433 3094 1464 3124 &
1488 3095 1680 3127 convullivis
1703 3099 1800 3130 etiam
1824 3098 1966 3132 motibus
1989 3100 2022 3132 in
2036 3098 2135 3138 facie,
2156 3099 2190 3134 δέ

1187 3136 1333 3169 manibus
1345 3147 1398 3178 per
1411 3137 1575 3169 intervalla
1587 3141 1703 3172 tentari
1716 3164 1722 3171 .
1735 3142 1885 3184 Denique
1894 3153 1968 3175 cum
1983 3153 2099 3175 annum
2120 3153 2194 3183 age-

1186 3189 1234 3212 ret
1266 3178 1562 3221 quinquagefimum
1585 3183 1760 3228 quintum,
1780 3189 1812 3218 δε
1835 3187 1997 3228 regionem
2022 3185 2104 3219 duos
2127 3185 2193 3227 jam

1187 3222 1306 3270 menses
1319 3222 1470 3271 incoleret
1482 3228 1662 3258 montosam
1672 3251 1684 3267 ,
1707 3228 1870 3270 austroque
1882 3227 1994 3270 saepius
2007 3229 2172 3271 perflatam
2183 3253 2194 3269 ‚

1190 3278 1281 3308 cujus
1294 3267 1369 3300 alias
1381 3269 1519 3306 regionis
1529 3269 1647 3302 coelum
1669 3270 1759 3304 valde
1780 3270 1836 3303 fibi
1860 3271 2022 3305 adversum
2047 3281 2194 3316 expertus

1187 3311 1313 3350 fuerat,
1337 3307 1518 3344 acceffiffent
1541 3322 1646 3346 autem
1667 3316 1765 3346 animi
1790 3314 2009 3349 solicitudines
2033 3318 2065 3348 &
2089 3327 2197 3357 curae,

1187 3358 1219 3387 &
1244 3351 1387 3395 hyemale
1410 3351 1579 3388 solstitium
1601 3358 1645 3389 A.
1674 3367 1765 3399 1714.
1778 3358 2073 3401 appropinquaret3
2099 3361 2131 3391 in
2145 3358 2196 3392 af-

1188 3396 1310 3430 fectum
1334 3395 1451 3429 incidit
1475 3399 1727 3441 vertiginosum:
1755 3411 1770 3432 a
1816 3413 1859 3434 uo
1883 3402 2006 3435 tametfi
2037 3403 2194 3438 liberatus

1188 3441 1257 3478 est·,
1281 3452 1344 3473 non
1367 3439 1560 3483 mediocrem
1584 3453 1689 3475 tamen
1722 3454 1787 3476 moe
1817 3446 1908 3478 itiam
1931 3468 1942 3484 ,
1987 3449 2020 3478 &
2064 3445 2102 3478 ad
2145 3447 2197 3479 so-

1191 3485 1563 3529 rnnquclivitatem
1588 3485 1786 3519 ostendebat.
1812 3489 1903 3520 Intra
1924 3487 2109 3523 vicesimum
2131 3492 2197 3524 cir-

1190 3530 1271 3561 citer
1293 3528 1389 3562 diem*
1402 3526 1498 3562 rediit
1522 3527 1649 3562 affectus
1685 3531 1902 3572 vertiginosus
1925 3555 1939 3573 ,
1972 3534 2196 3577 vomitumque

1692 3573 1720 3606 B
1766 3584 1784 3606 2
2047 3576 2154 3611 secum

138 3677 215 3686 μέ
1533 3680 1534 3683 ,
1563 3679 1570 3694 ,
1994 3682 2025 3699 a

197 3760 244 3785 [af
262 3755 335 3784 epist.
353 3764 373 3782 1.
392 3763 438 3786 n·3
467 3757 490 3782 8<
505 3757 611 3787 Epista.
628 3756 710 3786 pamm
722 3775 730 3782 .

197 3792 201 3810 l
222 3798 229 3813 1
250 3811 253 3813 ,
280 3788 328 3816 lug
356 3787 397 3812 uhi
412 3788 440 3812 de
458 3791 529 3813 Anat.
545 3795 605 3818 part.
622 3788 679 3813 colli
692 3806 697 3811 .
759 3788 815 3819 (a)
830 3798 881 3820 ‹:.9v
900 3792 942 3816 cit.

199 3820 234 3839 ιη’.
252 3834 255 3838 ,
290 3818 331 3842 eci.
349 3818 390 3842 cit.
410 3817 467 3842 Obs.
488 3827 521 3844 n.
540 3828 564 3843 n.
576 3826 597 3843 ².
614 3819 637 3843 St
653 3817 711 3843 Obs.
725 3822 762 3844 16.

201 3860 203 3869 i
221 3856 232 3867 .·
274 3849 308 3871 &e
327 3848 414 3873 Nervis
429 3851 494 3878 Opt.
513 3849 617 3881 Epist.².

201 3885 202 3888 ¹
219 3876 237 3900 ‘A
248 3884 258 3903 ῃ
275 3878 325 3902 Ηέῐὶ
353 3880 427 3904 Rom.
446 3881 495 3905 l.8.
558 3880 612 3911 (l)
627 3879 652 3905 in
669 3881 733 3906 Vero
748 3882 866 3911 Imperat.

789 3760 847 3789 (u)
862 3762 912 3786 1.1.
930 3762 984 3786 Sa.
1002 3758 1027 3784 in
1044 3757 1128 3784 Addit.
1145 3758 1169 3783 in
1186 3761 1266 3786 Schol.
1283 3760 1313 3785 ad
1329 3759 1389 3785 Obs.
1404 3769 1425 3786 1.
1443 3764 1465 3788 ἃ
1483 3771 1520 3794 14.

1006 3790 1021 3819 (
1033 3789 1069 3818 b)
1084 3797 1106 3813 c.
1117 3797 1139 3814 2.
1156 3790 1186 3815 de
1203 3791 1287 3815 Affest.
1303 3792 1470 3821 particularib-

751 3850 757 3854 ,
826 3824 838 3847 <
849 3823 880 3852 e)
896 3822 954 3847 Vid.
971 3820 1052 3846 Schol.
1070 3821 1100 3844 ad
1116 3821 1158 3845 cit.
1173 3821 1233 3846 obs.
1245 3830 1271 3847 11
1343 3821 1383 3852 (f

677 3849 737 3879 (h)
750 3857 776 3874 m
790 3850 838 3875 fine
853 3852 919 3886 dena
935 3851 1040 3876 Descriz.
1056 3850 1081 3875 d'
1090 3858 1123 3875 un
1139 3853 1248 3878 ‘rumore
1264 3852 1351 3877 Follic.

1584 3766 1641 3795 (x)
1659 3766 1770 3791 Ibidem.
1832 3770 1885 3800 (ly)
1901 3770 1976 3795 Prax.
1993 3774 2025 3797 tr.
2036 3779 2072 3798 ιι,

1522 3795 1583 3829 sc)
1601 3799 1695 3822 Canon.
1713 3798 1729 3822 l.
1742 3805 1764 3827 3.
1781 3798 1809 3822 F.
1824 3807 1844 3823 ι.’
1858 3806 1922 3830 1125.
1940 3808 1963 3827 c.
1975 3808 2013 3826 u.

1385 3831 1394 3852 )
1410 3826 1545 3861 Adlnotqn
1562 3827 1724 3862 Hippocode
1739 3828 1836 3863 Morbis
1851 3830 1900 3854 l.2.
1917 3831 1975 3856 vers.
1992 3837 2032 3863 ⁶4.

1416 3856 1431 3884 (
1442 3857 1469 3885 ι)
1486 3856 1547 3881 Hrst.
1565 3860 1627 3889 Aug.
1642 3860 1756 3890 Epirum.
1774 3865 1800 3885 m
1816 3861 1856 3885 M.
1875 3861 2014 3889 Antonino.

927 3883 994 3912 (m)
1011 3885 1104 3907 Annot.
1121 3882 1150 3907 ad
1167 3883 1298 3912 Capitolini
1316 3884 1355 3909 M.
1372 3887 1488 3911 Antonin.
1508 3887 1597 3914 Philus.
