2498 4075
444 175 539 229 182
968 177 1126 229 Liber
1159 176 1223 230 Π.
1257 180 1343 230 De

370 251 519 295 possent,
541 254 660 297 quippe
682 255 740 296 qui
763 254 906 290 adversus
929 256 995 288 vim
1020 265 1196 298 pugnaret,
1220 269 1290 301 quae
1311 280 1323 297 ‚
1346 256 1367 289 si

365 308 384 328 a
406 296 502 330 corde
528 299 561 330 in
584 297 744 332 cerebrum
768 311 822 343 per
846 311 937 332 venas
960 299 1143 333 mitteretur
1165 324 1176 339 ‚
1210 299 1281 334 esset
1306 302 1369 333 uti-

367 350 454 381 que,
477 340 557 374 sicut
581 341 657 374 alibi
681 345 695 380 (
717 353 733 374 o
755 347 769 382 )
793 344 825 375 in
850 354 880 375 re
904 342 1000 375 simili
1024 342 1239 377 contendebat
1259 367 1271 384 ,
1304 354 1369 376 mo—

365 390 471 431 mento
495 385 643 425 temporis
666 385 905 428 transmittenda
921 410 929 416 .
954 387 1031 420 Hoc
1054 395 1160 419 autem
1171 386 1246 419 dico
1268 398 1305 418 eo
1330 385 1368 419 fi-

365 425 494 459 dentius
528 428 617 470 quod
640 438 713 461 curn
743 428 781 461 de
802 429 921 462 vinffis
953 430 987 461 in
1013 430 1156 463 animalis
1188 429 1276 462 collo
1307 427 1366 461 sive

362 474 468 507 nervis
492 476 505 511 (
525 482 547 514 p
569 476 605 512 )‚
629 470 689 503 five
712 472 836 505 arteriis
858 475 871 511 (
893 483 911 514 q
969 474 1061 506 verba
1079 472 1218 512 faceret,
1240 474 1365 515 experi-

364 526 469 551 menta
495 516 523 549 se
549 512 753 557 protraxisse,
779 515 893 548 diserte
930 514 1064 557 cripsit3
1088 515 1126 548 de
1148 517 1236 549 venis
1260 526 1365 549 autem

362 562 471 600 nihii,
496 558 585 602 quod
607 557 702 591 sciam
724 582 736 597 ,
759 557 919 600 ejusmodi
945 558 1066 601 scripsit
1087 584 1095 590 .
1132 558 1232 598 Quod
1255 558 1282 591 fi*
1303 558 1365 591 hoc

359 607 394 639 in
417 605 502 637 venis
526 602 673 635 habitum
705 603 957 644 experimentum
977 625 990 642 ,
1023 601 1134 644 saepius
1157 625 1169 641 ,
1203 610 1238 636 ut
1272 602 1329 635 illa
1353 625 1362 639 ‚

358 646 575 685 memorassem
599 643 728 678 facilius
750 644 822 678 esset
842 643 904 690 *hac
929 643 965 678 de
988 655 1018 677 re
1042 643 1183 688 judicare
1205 669 1212 675 .
1239 646 1363 678 Verum

357 692 451 728 semel
474 713 483 728 ‚
515 697 672 731 quantum
695 690 728 720 in
764 688 929 730 praesentia
954 689 1085 720 memini
1112 712 1121 728 ,
1155 688 1193 721 de
1215 699 1254 721 eo
1275 688 1362 721 dixit

359 737 411 777 (r
433 739 467 775 )‚
492 743 546 765 nec
568 740 655 764 certe
680 734 798 764 iterum
820 730 873 764 lib.
901 732 935 764 de
954 730 1101 772 pulsuum
1124 731 1179 773 usu
1200 754 1212 771 ,
1235 742 1301 775 cap.
1326 743 1358 771 τις

355 780 432 815 licet
456 777 489 810 id
514 775 616 807 Salius
640 774 721 817 (s)
743 774 862 807 indicet
890 786 900 812 3
934 774 1223 808 commemoravit.

354 821 414 855 Sed
438 831 536 863 neque
559 818 644 850 dixit
663 840 670 853 ‚
695 829 762 860 quo
786 819 819 849 in
843 828 955 858 genere
979 817 1189 858 animalium,
1214 829 1269 851 nec
1293 829 1354 860 qua

351 866 386 902 ‚in
409 865 487 897 colli
511 860 581 895 sede
603 871 694 893 venas
717 860 943 894 constrinxerit
967 885 974 893 .
1007 862 1160 901 Qorum
1183 871 1354 904 utrumque

351 919 405 945 eos
428 904 601 949 cogitasse,
624 916 750 946 aequum
774 902 898 941 fuerat,
922 904 978 945 qui
1002 902 1068 949 ejus
1092 905 1209 938 vellent
1232 906 1355 948 experi-

350 960 494 986 mentum
517 951 551 982 in
574 948 709 982 dubium
732 958 843 979 vocare
867 972 874 978 .
910 948 1000 980 Nam
1023 948 1113 991 quod
1151 948 1187 981 ad
1212 950 1352 991 primum

349 996 490 1034 attinet,
514 993 722 1027 Recentiores
744 990 813 1024 haec
838 989 901 1024 fere
926 990 1026 1023 solent
1049 993 1082 1024 in
1094 992 1351 1035 canibus‚'quos

348 1039 403 1077 ,ille
426 1038 474 1070 vel
497 1045 644 1072 mortuos
667 1046 763 1077 quam
786 1046 859 1067 raro
883 1032 1062 1068 dissecuerit
1083 1059 1094 1075 ,
1118 1037 1276 1069 neminem
1299 1034 1351 1067 fu-

346 1094 417 1125 gere
441 1080 542 1125 potest
566 1081 600 1112 in
623 1077 689 1122 ejus
722 1079 858 1112 lectione
881 1077 1036 1111 versatum
1059 1090 1067 1111 .·
1107 1079 1222 1123 quibus
1247 1087 1350 1111 antem

346 1126 429 1159 vivis
463 1123 653 1158 animalibus
685 1121 731 1155 ad
747 1123 961 1164 experimenta
992 1131 1168 1162 uteretur,
1201 1119 1289 1165 quod
1313 1120 1352 1155 ad

344 1180 458 1206 nervos
481 1166 612 1211 quidem
636 1167 777 1205 attinet,
800 1164 914 1202 scimus
937 1167 950 1203 (
974 1173 988 1197 t
1010 1168 1023 1204 >
1047 1177 1056 1203 3
1089 1164 1175 1206 quod
1199 1176 1278 1197 vero
1312 1165 1349 1198 ad

343 1211 521 1251 sanauifera
543 1210 628 1248 vasa,
656 1208 677 1241 si
703 1210 784 1242 recte
808 1209 964 1247 memini,
989 1208 1164 1242 nescimus:
1188 1211 1221 1242 &
1245 1207 1349 1241 tanien

342 1249 437 1290 aliain
460 1256 494 1287 in
518 1252 801 1286 aliis‘animalium
823 1252 987 1293 generibus
1011 1250 1067 1284 esse
1092 1249 1176 1294 posse
1198 1251 1347 1285 vasorum

342 1297 585 1342 dispositionem
607 1321 615 1335 ‚
649 1305 703 1329 aut
727 1295 1056 1328 communicationem
1075 1317 1087 1334 ‚
1119 1296 1190 1337 quis
1215 1304 1305 1337 neget
1333 1293 1345 1327 ?

339 1343 470 1387 quando
493 1340 579 1375 haud
603 1350 674 1372 raro
697 1341 730 1371 in
755 1337 865 1371 eodem
891 1349 1002 1380 genere
1023 1361 1035 1378 ,
1059 1338 1127 1370 imo
1150 1338 1199 1371 vel
1223 1340 1256 1371 in
1280 1350 1345 1372 uno

342 1387 516 1429 eodemque
539 1385 701 1424 animali,
734 1381 755 1414 si
780 1393 849 1425 quae
874 1380 945 1414 sunt
969 1383 1002 1414 in
1026 1380 1159 1414 dextero
1179 1405 1191 1422 ,
1215 1384 1246 1414 &
1270 1380 1346 1414 sini-

338 1431 404 1468 stro
428 1431 522 1462 latere
546 1429 629 1460 inter
653 1427 681 1460 se
704 1436 945 1468 comparemus,
969 1426 1071 1457 varias
1094 1425 1164 1458 illas
1188 1424 1270 1465 esse,
1292 1424 1346 1458 de-'

338 1472 565 1518 prehendimus
585 1497 592 1504 .
627 1469 852 1507 Quamobrem
876 1471 908 1501 δε
943 1468 1025 1502 illud
1051 1468 1184 1502 alterum
1207 1467 1345 1510 spetftare

337 1519 448 1557 decet,
472 1517 505 1550 id
530 1515 570 1548 est
594 1526 654 1557 qna
678 1515 710 1546 in
735 1513 814 1547 colli
839 1511 906 1545 sede
919 1513 1026 1554 ligatae
1052 1511 1172 1545 fuerint
1192 1513 1346 1557 venaeJu-

336 1562 484 1599 aulai-es.
509 1560 598 1592 Nam
623 1560 706 1590 inter
732 1557 879 1589 altiorem
898 1578 910 1595 ,
934 1558 965 1588 &
990 1555 1176 1589 inferiorem
1204 1554 1306 1589 sedem
1330 1580 1339 1594 ,

335 1600 397 1640 sive
420 1604 462 1637 ob
486 1615 553 1636 earn
577 1614 645 1645 quae
670 1600 768 1634 modo
791 1599 933 1632 indicata
957 1599 1021 1639 est,
1046 1599 1107 1632 five
1130 1599 1173 1632 ob
1197 1597 1343 1631 constan-

334 1660 401 1683 tem
425 1647 550 1681 causam
574 1645 620 1677 vel
646 1645 679 1676 in
703 1644 836 1677 canibus
867 1642 1038 1676 discrimen
1062 1641 1119 1676 esse
1142 1669 1150 1683 ,
1186 1641 1341 1684 conjicias

335 1694 409 1726 licet
433 1702 472 1724 ex
494 1691 547 1723 Cl.
571 1689 716 1721 Lamurii
751 1690 764 1726 (
787 1697 806 1719 u
830 1690 843 1726 )
875 1687 1101 1728 experimentis
1123 1711 1130 1718 .
1167 1687 1233 1719 Hic
1256 1687 1341 1719 enim

331 1748 405 1771 curn
430 1733 515 1768 aliud
539 1734 705 1776 inquirens
721 1755 731 1771 ‚
757 1731 934 1764 multorum
958 1731 1134 1763 viventium
1161 1731 1342 1774 canumJu-

330 1781 456 1817 exulares
479 1780 622 1811 Internas
644 1787 737 1809 venas
761 1774 913 1817 spectaret
927 1797 939 1813 ‚
962 1773 1078 1816 hasque
1100 1773 1138 1807 ad
1160 1773 1250 1806 breve
1262 1783 1345 1805 tem-

330 1819 419 1868 poris
443 1822 580 1864 spatium
607 1821 639 1851 in
663 1819 786 1853 duobus
810 1816 995 1859 obligandas
1019 1816 1154 1850 curasset
1184 1829 1194 1855 5
1218 1818 1251 1848 in
1277 1818 1343 1858 pri-

331 1880 386 1901 mo
410 1865 543 1911 quidem
567 1867 579 1903 (
604 1874 624 1897 x
646 1867 660 1905 )
683 1862 846 1905 postquam
869 1862 1034 1894 vinculum
1058 1859 1212 1902 injeftum
1235 1858 1339 1892 fuerat

327 1911 413 1946 infra
437 1921 544 1944 earum
556 1907 786 1940 bifurcationes
804 1928 816 1945 ,
840 1903 986 1946 soporem
998 1903 1166 1937 adnotavit
1189 1903 1336 1941 nullum,-

316 1956 350 1990 in
376 1956 476 1989 altero
501 1962 604 1986 autem
642 1953 696 1991 (y
720 1953 733 1989 )
765 1959 839 1982 cum
863 1947 1018 1991 injeetum
1049 1948 1122 1981 esset
1145 1969 1154 1983 ‚
1188 1957 1253 1989 quo
1287 1946 1327 1980 ad

311 2000 379 2033 fieri
408 1998 534 2042 potuit,
566 1995 697 2036 propius
720 1990 909 2031 thoracem,
932 1992 1043 2031 canis,
1066 1991 1174 2032 inquit
1196 2012 1220 2030 ,‚
1242 1990 1326 2022 inci-

309 2046 338 2087 2',
364 2043 414 2076 dit
438 2044 472 2075 in
497 2037 692 2083 profundum
718 2035 881 2079 soporem.
910 2058 933 2075 ‚,
959 2036 1097 2067 Utinam
1121 2035 1226 2080 plures
1247 2057 1259 2073 ,
1292 2036 1322 2066 &

310 2088 435 2122 diutius
461 2083 638 2118 orotraetas
661 2103 669 2117 ‚
693 2077 877 2121 hujusmodi
904 2078 1088 2111 haberemus
1112 2077 1324 2124 Qbservatio-

312 2143 391 2171 nes,
415 2118 563 2171 ut‘quod
587 2127 618 2158 in
643 2122 856 2165 superioribus
881 2121 1039 2162 fecimus,
1062 2120 1256 2154 conserendo
1275 2121 1324 2164 in-

314 2187 362 2210 ter
388 2174 414 2207 se
438 2174 585 2214 antiquas
608 2167 748 2206 Caleni,
772 2168 804 2199 &
828 2177 925 2199 novas
946 2188 954 2200 ‚
987 2177 1025 2199 ex
1049 2165 1099 2199 his
1133 2164 1245 2198 ducere
1268 2162 1324 2196 fir-

316 2221 453 2252 miorem
478 2216 616 2257 aliquam
641 2211 677 2244 de
701 2210 767 2243 illis
791 2208 1012 2253 conjeffifflram
1035 2209 1192 2250 possemus
1214 2232 1221 2238 .
1263 2207 1323 2240 Sed

316 2263 412 2296 nullae
437 2260 621 2293 succurrunt
645 2256 678 2288 in
702 2252 866 2296 pmii-:ntia
890 2262 1003 2296 praeter
1026 2263 1143 2292 unam,
1168 2261 1222 2286 aut
1247 2251 1323 2284 alte-

319 2318 387 2339 ram
403 2331 410 2344 ‚
432 2315 509 2347 quas
534 2300 617 2334 infra
641 2302 653 2337 (
678 2311 702 2341 z
723 2301 737 2337 )
761 2296 945 2339 proferam,
969 2296 1097 2329 Galerio
1109 2296 1250 2329 faventes
1263 2305 1323 2337 po-

318 2352 404 2386 tius,
430 2358 524 2390 quam
550 2343 766 2377 adversantes.
793 2342 913 2374 Faverit
937 2338 1069 2381 quidem
1093 2341 1125 2371 δέ
1159 2340 1221 2372 illae
1245 2348 1324 2382 quas

318 2407 357 2428 ex
382 2394 516 2426 Emetto
539 2410 547 2425 ‚
582 2390 613 2421 &
637 2384 815 2427 praesertim
854 2395 892 2416 ex
914 2383 985 2415 Cel.
1022 2383 1199 2414 Swietenio
1232 2381 1324 2422 supra

322 2443 332 2477 (
357 2449 375 2470 a
397 2440 410 2476 )
434 2432 594 2467 indicavi.
619 2430 688 2463 Hic
712 2428 797 2460 enim
822 2426 850 2459 se
873 2424 1013 2469 ligavisse
1036 2447 1049 2463 ,
1081 2424 1211 2458 testatur
1236 2447 1248 2464 ,
1271 2434 1325 2455 v:-

321 2492 378 2515 nas
401 2477 557 2521 jugulares
584 2474 646 2518 fine
670 2471 733 2506 ullo
764 2468 952 2512 observabili
984 2466 1065 2502 malo
1085 2491 1096 2507 ‚
1129 2470 1207 2510 quin
1231 2468 1327 2499 etiam

323 2525 386 2569 post
410 2529 542 2565 quatuor
564 2519 628 2551 dies
652 2512 798 2558 imveniffe
821 2523 927 2546 canem
942 2511 1057 2552 fiznum
1080 2512 1205 2559 omuino
1229 2535 1237 2542 .
1262 2512 1329 2543 Ve-

322 2577 488 2603 runtamen
521 2574 595 2596 cum
617 2562 650 2593 in
683 2559 749 2591 illis
772 2555 846 2599 ipsis
877 2554 1007 2588 canibus
1032 2563 1085 2587 aut
1118 2555 1243 2595 simul,
1275 2564 1331 2587 aut

321 2622 412 2647 antea
435 2606 605 2642 Carotides
628 2613 756 2645 quoque
779 2600 902 2634 arteriae
926 2595 1056 2631 fuissent
1079 2598 1195 2632 vinstae
1219 2611 1226 2634 3
1251 2608 1333 2640 prae-

322 2657 406 2689 clare
430 2651 518 2685 vides
543 2660 606 2682 non
630 2646 739 2679 eadem
762 2642 888 2687 prorsus
911 2653 947 2675 ac
970 2641 1188 2678 Galenicum,
1211 2640 1333 2674 haeces-

324 2701 353 2735 se
378 2697 613 2739 experimenta.
640 2692 766 2723 Caetera
789 2698 859 2730 quae
884 2685 1058 2728 suppetunt
1081 2685 1152 2732 ,μᾶ
1177 2686 1333 2717 Externas

326 2752 432 2786 aperte
456 2740 595 2772 attinent
613 2733 782 2779 Jugulares
805 2741 897 2763 venas
920 2743 927 2761 :
954 2739 1030 2769 quas
1054 2728 1109 2761 etsi
1131 2740 1205 2762 cum
1232 2730 1333 2760 Inter-

325 2788 376 2821 nis
399 2781 658 2818 communicare,
682 2776 769 2816 scio,
792 2785 889 2816 eaque
913 2773 1056 2811 ratione,
1082 2774 1114 2804 &
1140 2783 1194 2814 pel·
1213 2770 1241 2803 se
1253 2783 1334 2813 quo-

325 2842 386 2874 que
419 2838 484 2860 non
508 2834 617 2867 parum
649 2819 750 2853 facere
773 2817 810 2850 ad
846 2814 1077 2858 expeditiorem
1109 2827 1148 2848 ex
1180 2816 1334 2847 interiore

326 2872 436 2907 cranio
462 2867 622 2905 sanguinis
646 2863 809 2900 reditum3
834 2871 895 2893 non
919 2868 1023 2892 tamen
1047 2858 1157 2892 censeo
1179 2881 1188 2896 ‚
1213 2860 1245 2890 in
1271 2857 1333 2890 hoc

329 2917 385 2951 usu
410 2913 465 2947 esse
489 2906 563 2945 cum
587 2908 726 2941 Inter-nis
749 2902 995 2946 comparandas:
1021 2906 1053 2936 &
1078 2902 1147 2935 sane
1170 2901 1333 2935 Harderus

329 2970 403 2994 cum
427 2959 459 2990 in
483 2965 557 2988 cane
581 2953 738 2985 Externas
764 2946 933 2984 vinxi‘sset3
958 2957 1022 2979 non
1046 2945 1145 2979 modo
1169 2943 1230 2978 laefi
1252 2955 1334 2977 cese-

330 3004 380 3037 bri
403 3025 412 3040 ‚
445 3008 480 3034 ut
504 2998 592 3040 supra
616 2999 631 3034 (
654 2993 672 3027 b
694 2997 707 3032 )
729 2993 827 3024 etiam
861 2988 983 3023 dietum
1010 2989 1051 3023 est
1070 3013 1078 3027 ‚
1117 2988 1333 3035 symptomata

330 3058 396 3080 non
419 3042 584 3084 conspexit
608 3064 616 3077 ,
649 3045 759 3069 verum
782 3035 880 3066 etiam
914 3034 946 3065 in
969 3031 1092 3066 dissefti
1117 3033 1243 3065 cerebro
1258 3030 1333 3079 siu-2.

328 3090 436 3134 guinis
459 3082 653 3121 extravasati
670 3089 785 3121 parum
806 3076 928 3124 omnino
951 3075 1160 3118 deprehendit
1183 3098 1192 3113 ,
1224 3085 1277 3107 nec
1300 3084 1331 3106 m

326 3131 448 3177 finibus
469 3125 603 3172 grum⁰fi
626 3122 778 3164 vestigia>
800 3117 991 3163 firmissimo,
1014 3129 1050 3153 ut
1076 3121 1145 3160 ait,
1169 3127 1332 3165 argumen-

333 3185 385 3216 to,
408 3175 461 3207 via
485 3171 542 3205 bac
562 3166 736 3212 praeclusa,
759 3164 853 3197 aliam
875 3172 930 3204 per
953 3174 1049 3197 venas
1085 3163 1220 3196 maxime
1237 3171 1333 3202 figu-

333 3221 413 3254 lares
438 3218 575 3249 internas
598 3219 744 3244 naturam
763 3206 823 3248 sibi
843 3204 961 3248 paraffe
983 3231 989 3237 .
1017 3207 1237 3253 Proeleetiones
1260 3204 1333 3245 qui-

334 3263 406 3297 dem
432 3257 619 3292 Boerhaavii
644 3257 656 3293 <
679 3265 694 3286 c
717 3256 729 3292 >
751 3247 921 3283 Canicidia
944 3259 1120 3282 memorant
1144 3248 1333 3283 Drelmcur-

334 3308 399 3343 tii,
422 3302 504 3336 unde
531 3308 655 3343 pateat,
694 3295 847 3340 Externis
871 3292 999 3332 ligatis,
1022 3292 1172 3332 stertere,
1195 3301 1313 3324 tumere
1328 3311 1336 3326 ‚

336 3348 483 3383 suffocari
506 3355 615 3377 canem
636 3365 644 3373 .
677 3341 799 3372 Verum
822 3337 843 3383 13
867 3335 1074 3369 Canicidium
1099 3335 1244 3369 indicant
1270 3335 1331 3382 JV.

336 3397 350 3432 (
371 3393 390 3424 d
411 3395 424 3431 >
447 3391 480 3421 in
503 3399 540 3421 eo
562 3395 698 3429 quatuor
722 3383 796 3415 alias
820 3380 910 3412 simul
935 3391 1025 3412 venas
1048 3405 1057 3418 ,
1081 3379 1227 3412 Crurales
1249 3376 1338 3409 vide-

338 3437 436 3473 licet,
459 3442 552 3474 atque
575 3428 755 3465 Axillares,
780 3424 950 3465 colligatas
974 3423 1108 3465 legimus
1126 3449 1136 3463 ,
1160 3426 1190 3455 ὃ(
1206 3422 1240 3454 in
1263 3431 1339 3453 cane

1380 179 1587 231 Morbis
1617 165 1880 233 Thoracis

1421 256 1484 301 jam
1518 257 1662 291 triduum
1684 269 1750 291 non
1784 271 1844 293 una
1866 260 1990 293 ratione
2018 268 2135 294 vexato
2155 283 2163 290 .
2200 257 2259 298 Sed
2292 259 2422 294 fortasse

1423 302 1483 333 alia
1505 300 1676 335 Canicidia
1699 301 1769 335 sunt
1792 303 2000 344 intelligenda
2031 315 2101 346 qua:
2127 314 2174 336 me
2207 301 2358 344 fugiunt,
2385 314 2424 336 an

1419 345 1475 377 illa
1499 345 1596 377 etiam
1618 356 1688 387 quae
1713 345 1949 379 Drelincurtius
1980 346 2097 388 scripta
2123 345 2256 379 habebat
2278 371 2288 384 .
2324 356 2360 379 ut
2384 348 2420 379 in

1418 389 1501 421 calce
1525 399 1634 421 eorum
1658 387 1818 421 indicatur
1840 401 1909 432 quo:
1934 391 2022 431 typis
2045 390 2173 431 vulgata
2199 388 2270 421 sunt
2293 388 2307 421 Ρ
2331 390 2422 422 Nam

1416 435 1448 465 ἃ
1473 430 1594 464 ibidem
1612 457 1619 470 ‚
1644 433 1675 463 ἃς
1700 431 1775 463 alibi
1799 435 1813 471 (
1835 443 1849 464 e
1872 436 1886 472 )
1908 431 2024 466 eaedem
2047 432 2268 466 Praelestiones
2293 441 2420 476 ponunt

1417 475 1477 508 alia
1500 475 1715 509 Drelincurtii
1738 477 1952 517 experimenta
1977 485 2090 518 praeter
2111 476 2281 509 Carorides
2302 500 2313 516 ‚
2337 477 2422 509 Ver-

1415 519 1547 552 tebrales
1571 529 1699 562 quoque
1723 520 1851 552 arterias
1873 519 2004 560 ligantis
2025 543 2035 558 ,
2068 531 2138 562 quae
2160 520 2194 551 in
2230 520 2323 553 editis
2355 529 2420 552 non

1415 563 1546 595 memini
1570 561 1698 606 legiss‘e3
1721 570 1757 594 ut
1779 572 1878 604 neque
1890 564 2034 595 Stenonis
2056 563 2331 604 experimentum,
2354 562 2420 595 alio

1415 606 1489 638 loco
1513 603 1599 648 (f)
1621 613 1837 638 memoratum
1860 629 1872 646 ‚
1905 615 1963 647 quo
1986 605 2092 646 visum
2113 605 2155 644 est
2175 617 2194 638 a
2216 606 2341 640 vinculo
2364 616 2420 639 ‘ve-

1413 659 1523 682 narum
1545 649 1751 692 Jugularium
1783 647 1900 682 animal
1932 649 2153 690 apopletticum
2168 647 2292 691 salium
2315 661 2325 687 ς
2359 647 2419 681 nisi

1412 691 1498 724 forte
1528 692 1772 725 Praeleffionum
1816 692 1994 726 Auctorem
2015 714 2028 731 ‚
2073 694 2241 726 Summum
2283 692 2415 735 quidem

1410 737 1528 769 Virum
1563 758 1575 776 ,
1624 734 1673 768 sed
1705 746 1743 768 ex
1788 744 1929 778 tempore
1963 746 2012 767 eas
2045 734 2215 768 habentem
2242 757 2251 774 a
2296 746 2415 768 memo-

1408 780 1487 812 riam
1511 802 1520 818 ,
1553 787 1589 812 ut
1612 777 1649 812 fit
1667 802 1679 818 ,
1712 779 1745 810 in
1769 778 1858 811 rebus
1881 776 2037 821 ejusmodi
2063 777 2231 820 fefellisse,
2255 778 2416 812 existime-

1406 834 1495 856 mus.

1446 877 1499 909 32.
1521 867 1600 899 Sunt
1623 875 1729 899 tamen
1753 866 1810 908 qui
1835 865 1963 898 Loweri
1988 868 2041 907 (g
2066 869 2076 903 )
2100 868 2354 908 experimentum
2372 864 2411 899 ad

1401 910 1573 955 ,Iugulates
1606 911 1746 943 Internas
1769 920 1861 943 venas
1895 908 2011 942 referre
2044 908 2241 949 videantur3
2279 921 2352 943 cum
2377 909 2413 943 id

1405 956 1554 987 Lowerus
1578 955 1709 986 minime
1732 952 1820 986 dicat
1837 977 1844 991 ,
1869 955 1900 985 Sc
1924 963 1994 995 quae
2018 952 2052 984 in
2076 954 2153 985 vivo
2176 964 2251 986 cane
2271 951 2414 986 animad-

1403 998 1521 1037 vertit,
1546 999 1577 1030 &
1601 997 1635 1029 in
1658 1005 1790 1029 mortuo
1811 995 1959 1039 quaesivit
1979 1018 1992 1035 ‚
2015 995 2137 1029 nullam
2160 996 2281 1029 cerebri
2306 995 2412 1029 loefio-

1403 1051 1476 1074 nem
1498 1039 1659 1074 ostendant
1677 1065 1684 1072 .
1711 1041 1801 1073 Nam
1818 1038 1884 1081 post
1909 1038 2029 1080 aliquot
2060 1038 2189 1072 demum
2211 1039 2304 1072 horas
2335 1048 2413 1080 par-

1406 1092 1453 1117 tes
1475 1094 1579 1117 omnes
1596 1083 1694 1125 supra
1719 1083 1890 1126 ligaturam
1913 1082 1992 1115 mire
2015 1081 2261 1125 intumescebant
2275 1106 2287 1123 ,
2310 1082 2412 1115 &in-

1405 1134 1457 1160 tra
1480 1127 1554 1159 duos
1581 1127 1646 1159 dies
1669 1128 1756 1159 canis
1766 1125 1849 1167 quasi
1871 1123 2167 1168 anginasuffocatus
2188 1121 2313 1160 interiit
2325 1148 2339 1165 ‚
2363 1126 2414 1157 to-'

1401 1178 1433 1203 to
1456 1180 1489 1203 eo
1511 1177 1646 1210 tempore
1668 1180 1725 1202 non
1743 1168 1846 1210 solum
1868 1167 2018 1209 lacrymis
2038 1167 2187 1210 copiosius
2205 1166 2407 1211 fluentibus,

1394 1213 1450 1256 secl
1471 1214 1511 1246 (ἴθ’
1533 1212 1671 1254 plurima
1688 1211 1796 1253 saliva
1819 1222 1857 1244 ex
1879 1221 1952 1243 ore:
1977 1210 2044 1253 post
2065 1212 2193 1246 obitum
2209 1222 2311 1245 autem
2337 1222 2412 1254 par-

1397 1267 1444 1290 tes
1469 1256 1525 1290 sub
1549 1265 1621 1288 cute
1644 1254 1826 1288 tumefactae
1850 1276 1859 1291 ‚
1894 1254 2047 1288 nimirum
2071 1254 2203 1296 musculi
2233 1266 2337 1287 omnes
2362 1255 2405 1288 (φ’

1392 1299 1546 1343 glandula
1564 1299 1632 1341 sero
1656 1298 1783 1339 limpido
1816 1299 1952 1331 maxime
1975 1296 2110 1335 distentae
2142 1307 2273 1339 repertae
2298 1296 2370 1331 sunt
2394 1309 2406 1336 3

1397 1352 1433 1377 ut
1456 1354 1521 1376 non
1544 1343 1620 1375 levis
1645 1343 1678 1374 in
1703 1341 1858 1384 plerisque
1870 1339 2048 1374 similitudo
2070 1341 2156 1375 inter
2167 1340 2251 1374 hunc
2274 1352 2407 1379 canem,

1398 1389 1430 1419 δι
1454 1387 1597 1429 primum
1621 1385 1753 1418 illorum
1777 1394 1925 1427 appareat
1948 1405 1958 1421 ‚
1993 1384 2108 1426 quibus
2133 1396 2149 1416 a
2173 1384 2322 1418 Valsalva
2346 1385 2410 1418 ob-

1399 1431 1514 1472 ligatas
1537 1428 1629 1463 fuisl'e
1653 1428 1823 1462 retulimus
1846 1431 1859 1467 (
1882 1429 1897 1445 ’ξ
1918 1432 1932 1466 )
1955 1427 2131 1460 Carotides
2155 1429 2287 1461 arterias
2306 1451 2319 1468 ,
2353 1438 2410 1460 nec

1399 1473 1483 1507 secus
1507 1470 1635 1506 fortasse
1658 1483 1692 1505 ac
1716 1483 1794 1505 mox
1817 1469 2017 1503 indicabitur
2040 1496 2047 1510 ,
2081 1469 2176 1517 hujus
2200 1470 2237 1504 sit
2260 1471 2413 1505 observa-

1397 1519 1447 1549 tio
1470 1515 1656 1558 explicanda
1679 1526 1754 1548 cum
1778 1514 1820 1547 ob
1844 1514 1931 1554 alia,
1954 1523 2024 1546 tum
2051 1514 2408 1560 preelertimtobquod-

1392 1560 1464 1594 dam
1491 1561 1545 1604 Jo.
1585 1559 1708 1593 Bohnii
1740 1557 1832 1597 (h)
1862 1558 2118 1599 experimentum
2158 1582 2165 1589 .
2211 1557 2407 1601 Optandum

1394 1602 1504 1637 fuisset
1528 1626 1540 1642 ‚
1574 1611 1610 1636 ut
1635 1605 1769 1644 Peyerus
1792 1600 1836 1640 (i
1859 1605 1869 1640 )
1904 1600 2013 1641 (nam
2037 1603 2069 1633 δε
2093 1600 2158 1643 ipse
2185 1623 2196 1639 ,
2235 1603 2408 1635 Lowerum

1393 1648 1562 1685 imitatus,
1586 1645 1722 1679 multum
1744 1654 1828 1686 aquae
1849 1643 1953 1685 paffim
1958 1642 2019 1685 sub
2041 1652 2111 1677 cute
2122 1645 2237 1686 capitis
2262 1647 2294 1677 in
2309 1656 2406 1679 mem-

1392 1689 1488 1723 brana
1511 1687 1637 1730 adiposa
1660 1695 1753 1728 atque
1784 1685 1994 1730 musculorum
2016 1686 2300 1729 intercapedinibus
2331 1699 2407 1721 con..

1394 1731 1509 1775 gestum
1532 1730 1616 1764 vidit
1640 1735 1653 1770 )
1677 1727 1839 1772 scripsisset
1860 1727 1977 1762 diserte
1997 1753 2007 1768 ,
2042 1739 2128 1762 utras
2154 1732 2224 1762 cani
2248 1742 2339 1763 venas
2363 1731 2407 1763 li-

1396 1774 1525 1817 gaffet;
1561 1775 1731 1817 ‘jugulares
1767 1773 1852 1805 enim
1876 1770 1983 1812 ligasse
2007 1796 2015 1811 ,
2051 1772 2219 1806 dumtaxat
2253 1772 2378 1815 scripfit

1395 1820 1512 1861 Neque
1535 1818 1649 1851 clarius
1672 1817 1800 1849 locutus
1831 1815 1874 1849 est
1900 1817 2010 1857 Peyeri
2046 1815 2248 1849 amiciffimus
2281 1817 2407 1850 Harde-

1392 1874 1444 1896 rus
1467 1865 1481 1901 (
1503 1862 1522 1902 l<
1545 1865 1556 1900 )
1579 1886 1587 1900 ‚
1619 1860 1676 1894 ubi
1700 1858 1814 1892 iisdem
1837 1857 1901 1891 fere
1937 1858 2038 1891 verbis
2062 1858 2149 1892 idem
2182 1859 2294 1904 notasse
2324 1860 2405 1893 alios

1385 1905 1490 1947 secum
1505 1928 1517 1945 ‚
1542 1904 1679 1938 retulit.-
1703 1912 1885 1946 quanquam
1909 1901 2093 1936 credibilius
2117 1902 2159 1936 est
2180 1926 2192 1943 ,
2216 1901 2300 1936 haud
2324 1904 2406 1937 alias

1386 1959 1498 1988 venas,
1523 1959 1621 1992 quam
1644 1948 1801 1980 Extremas
1824 1970 1833 1985 ,
1856 1955 1893 1979 ut
1918 1945 2046 1987 aliquot
2071 1955 2142 1979 ante
2168 1948 2260 1979 annis
2283 1947 2358 1979 loco
2383 1960 2399 1980 a

1377 1992 1471 2025 nobis
1497 1991 1588 2034 supra
1610 1993 1624 2029 (
1646 1990 1657 2023 l
1678 1994 1691 2029 >
1726 1988 1871 2022 indicato
1894 1987 2011 2021 diserte
2034 1988 2153 2022 fecerat
2175 2012 2186 2028 ,
2222 1988 2401 2032 significare

1378 2032 1529 2067 voluisse.
1555 2036 1683 2066 Contra
1706 2043 1834 2072 autem,
1868 2034 2042 2066 Lowerum
2066 2032 2195 2067 videtur
2219 2034 2403 2067 intellexis-

1375 2078 1404 2110 se
1432 2076 1622 2110 Pechlinus.
1647 2077 1821 2119 Namque,
1842 2085 1878 2109 ut
1902 2076 1936 2108 in
1960 2074 2174 2118 Sepulchreto
2197 2076 2268 2118 ipso
2291 2079 2305 2115 (
2328 2088 2358 2110 m
2377 2078 2399 2119 )

1376 2120 1473 2154 habes
1487 2143 1495 2157 ‚
1518 2119 1650 2162 vulgato
1673 2120 1888 2161 experimento
1908 2118 1976 2160 jam
2001 2119 2076 2152 olim
2086 2121 2236 2162 cognovi,
2263 2120 2401 2163 inquit,

1377 2164 1492 2207 ligatis
1515 2164 1607 2196 venis
1629 2160 1831 2205 jugularibus
1853 2162 1987 2195 internis
2011 2162 2044 2195 in
2066 2162 2172 2195 vitulo
2189 2161 2398 2205 semimortuo

1377 2206 1536 2243 cerebrum
1557 2205 1674 2248 copiose
1704 2216 1722 2238 a
1745 2205 1935 2248 restagnante
1961 2204 2033 2248 sero
2065 2205 2253 2239 inundatum
2267 2203 2364 2250 fuisse
2392 2232 2403 2241 .

1376 2251 1527 2292 Denique
1550 2250 1604 2282 Cl.
1630 2248 1775 2282 Oederus
1798 2251 1812 2288 (
1837 2259 1857 2282 n
1883 2252 1893 2287 )
1917 2259 1992 2281 cum
2014 2250 2048 2282 in
2062 2260 2139 2282 cane
2161 2248 2311 2283 vinxisset
2327 2251 2398 2282 Ex-

1377 2304 1505 2332 ternas‚
1528 2291 1596 2325 haec
1620 2291 1783 2325 observata
1808 2304 1824 2324 a
1848 2292 1877 2324 se
1894 2313 1904 2328 ‚
1928 2291 2079 2334 scripsit:
2102 2296 2219 2334 'Neque
2234 2295 2400 2326 intumue-

1378 2348 1409 2370 re
1432 2335 1571 2370 multum
1606 2340 1691 2368 venae
1708 2334 1807 2377 supr-z
1835 2334 1931 2376 filum
1953 2358 1961 2371 ‚
1998 2346 2095 2378 neque
2118 2335 2255 2369 multum
2289 2338 2402 2377 aperti

1378 2379 1485 2414 damni
1503 2376 1606 2423 passus
1629 2377 1668 2417 esi
1689 2378 1794 2415 canis,
1823 2387 1916 2419 neque
1932 2378 2078 2420 stupidus
2095 2376 2212 2420 fabius
2236 2378 2275 2418 est
2297 2401 2307 2416 ‚
2337 2377 2398 2421 sed
2411 2391 2412 2394 ¹

1375 2433 1452 2464 pene
1472 2431 1529 2463 per
1551 2429 1654 2454 totum
1678 2422 1759 2454 diem
1770 2427 1920 2463 vegetus,
1943 2422 2137 2453 continenter
2158 2421 2306 2462 latrans,
2321 2421 2401 2465 suf-

1374 2464 1459 2510 fecit
1482 2465 1622 2505 deinceps
1646 2463 1707 2497 alii
1726 2463 1958 2505 experimento.
1983 2465 2097 2497 ‘Portio
2120 2461 2204 2506 infra
2210 2463 2306 2506 filum
2327 2465 2396 2507 fin-

1377 2508 1454 2552 gula
1480 2505 1683 2548 respiratione
1707 2506 1837 2539 evanida
1861 2507 1957 2539 denuo
1982 2506 2160 2548 replebatur
2187 2532 2196 2540 .
2226 2509 2278 2540 An
2301 2509 2400 2551 inspi-

1387 2550 1506 2585 ratione
1529 2550 1614 2582 forte
1635 2549 1701 2592 ipse
1726 2548 1908 2590 scripserit,
1930 2560 1969 2581 ex
1993 2551 2033 2582 iis
2060 2548 2215 2591 conjicies
2226 2562 2297 2593 quae
2321 2563 2400 2594 pau-

1386 2596 1419 2628 lo
1443 2594 1576 2628 inferius
1600 2597 1613 2632 <
1636 2604 1652 2625 o
1675 2596 1689 2632 )
1713 2591 1914 2636 proferentur
1934 2618 1942 2625 .
1978 2594 2145 2626 Caeterum
2167 2596 2200 2627 δε
2235 2594 2302 2637 ipse
2326 2606 2401 2637 per-

1385 2639 1590 2682 spicuitatem
1612 2638 1645 2668 in
1668 2637 1800 2669 Loweri
1835 2637 2016 2668 narratione
2039 2635 2191 2670 desiderat
2214 2649 2221 2668 :
2256 2648 2326 2671 cum
2351 2639 2400 2672 ait

1387 2706 1413 2722 2,
1435 2693 1492 2715 ven
1502 2693 1536 2714 as
1552 2680 1584 2723 se
1605 2679 1769 2722 jugulares
1799 2702 1825 2719 ,‚
1849 2678 1978 2723 ligaffe,
2001 2678 2162 2722 obscurum
2186 2679 2245 2719 esi,
2269 2682 2400 2724 inquit,

1380 2724 1499 2768 solasne
1523 2732 1685 2758 externas.
1717 2724 1762 2756 Et
1786 2722 1856 2755 sane
1878 2722 2026 2764 utrasque
2048 2723 2128 2755 olim
2151 2723 2278 2758 videtur
2301 2726 2399 2758 intel-

1386 2767 1492 2802 lexisse
1517 2765 1675 2801 Novelius
1698 2769 1753 2808 (p
1774 2770 1788 2806 )
1809 2788 1817 2802 2
1842 2767 1899 2808 qui
1922 2767 2075 2799 Externis
2098 2765 2190 2800 simul
2205 2790 2214 2804 ‚
2240 2768 2397 2801 Internis-

1385 2824 1445 2854 que
1468 2812 1593 2845 vincula
1619 2809 1750 2852 injecit.
1766 2808 1879 2845 Quod
1912 2820 1985 2842 cum
2009 2810 2043 2842 in
2067 2821 2133 2843 uno
2155 2835 2167 2851 ‚
2199 2812 2339 2855 itemque
2363 2814 2398 2846 in

1387 2857 1488 2888 altero
1511 2853 1630 2887 fecisset
1654 2864 1731 2886 cane
1751 2876 1763 2893 ‚
1797 2852 2019 2899 animadvertit
2053 2853 2182 2896 quidem
2214 2857 2228 2893 (
2250 2854 2283 2888 id
2309 2855 2399 2898 quod

1388 2899 1470 2941 apud
1495 2900 1665 2931 Lowerum
1690 2908 1752 2929 non
1775 2897 1903 2928 invenio
1924 2899 1938 2935 )
1970 2899 2058 2938 signa
2078 2899 2203 2940 capitis
2219 2897 2295 2932 faeci
2319 2909 2400 2940 pon-

1386 2941 1552 2975 derosioris
1576 2965 1586 2979 ,
1622 2944 1653 2974 &
1679 2942 1832 2981 lacrymas
1855 2940 1980 2982 aliquot
2004 2952 2014 2978 5
2047 2939 2099 2974 sed
2121 2941 2253 2975 canibus
2286 2940 2398 2984 aliquo

1387 2985 1457 3028 post
1480 2995 1623 3028 tempore
1648 2985 1785 3029 mortuis
1809 3006 1822 3021 ,
1855 2981 1937 3015 nihil
1962 2982 2138 3027 quidquam
2174 2985 2234 3017 seri
2269 2993 2361 3018 extra
2387 3011 2397 3025 ,

1388 3038 1441 3062 aut
1465 3031 1547 3062 intra
1571 3029 1715 3061 cranium
1738 3025 1824 3059 effusi
1846 3025 2054 3068 deprehendit
2073 3039 2080 3059 :
2106 3027 2293 3071 censuitque
2308 3052 2320 3069 ‚
2344 3030 2394 3062 vel

1385 3074 1509 3106 cunffis
1544 3070 1651 3113 ligatis
1675 3071 1761 3103 venis
1789 3070 1996 3113 Jugularibus
2016 3094 2028 3110 ,
2064 3070 2238 3113 harumque
2265 3074 2361 3106 ramis
2384 3097 2397 3113 ,

1386 3115 1567 3159 persistere,
1589 3115 1734 3158 quamvis
1756 3113 1924 3146 lentiorem
1948 3113 2067 3147 factam
2098 3136 2107 3151 ‚
2150 3114 2310 3157 sanguinis
2332 3117 2398 3148 cir-

1384 3161 1620 3198 cumstionem,
1644 3158 1763 3199 quippe
1787 3155 1948 3189 redeuntis
1973 3166 2009 3190 ut
2033 3158 2100 3201 ipse
2124 3159 2168 3191 ait
2193 3181 2205 3198 ,
2227 3170 2280 3201 per
2304 3159 2396 3193 Sinus

1385 3203 1534 3237 medullae
1559 3202 1715 3243 Spinalis.
1742 3201 1896 3232 Praeclare
1923 3209 2030 3234 autem
2055 3202 2210 3237 memini,
2232 3203 2398 3236 cum'Val-

1385 3247 1500 3287 salvae,
1523 3248 1556 3279 δε
1578 3244 1661 3277 mihi
1687 3244 1844 3276 Bononiae
1868 3243 1935 3277 haec
1954 3267 1967 3284 ,
1986 3256 2069 3291 ‘quae
2093 3256 2157 3278 non
2195 3246 2303 3279 multo
2328 3246 2397 3288 post

1385 3290 1511 3328 edidit,
1537 3297 1675 3321 narraret
1700 3285 1859 3320 Novesius
1888 3311 1897 3326 ‚
1924 3286 2085 3329 subjecisse
2111 3310 2121 3325 ‚
2154 3287 2183 3320 se
2206 3299 2298 3322 venas
2321 3290 2396 3322 illas

1388 3335 1578 3366 vincientem
1604 3329 1715 3364 cavisse
1739 3329 1977 3372 diligentissime
2002 3355 2014 3370 ,
2050 3342 2088 3363 ne
2112 3331 2290 3374 quidquam
2314 3345 2397 3375 prae-

1388 3387 1437 3409 ter
1461 3376 1557 3410 nudas
1581 3386 1672 3407 venas
1696 3374 1809 3413 ligaret
1832 3384 1839 3404 :
1879 3373 2026 3416 suspicari
2060 3375 2163 3416 igitur
2181 3398 2193 3414 ,
2228 3377 2397 3410 Lowerum

1389 3419 1481 3453 simul
1505 3429 1578 3453 cum
1600 3419 1641 3451 iis
1664 3417 1753 3451 venis
1775 3415 1970 3450 adhaerentes
1996 3417 2137 3460 lymphae
2159 3417 2273 3451 dusius
2295 3421 2398 3452 colli-

2250 3461 2330 3505 gasse
2342 3486 2355 3502 ,

336 3553 2400 3577 W

405 3624 413 3651 (
431 3632 444 3647 o
459 3623 472 3650 3
489 3624 527 3646 An
545 3621 621 3647 sanan.
638 3621 663 3644 in
682 3625 752 3644 atter.
771 3619 814 3642 διε.
832 3625 853 3642 c.
870 3618 892 3640 8.
930 3647 935 3651 ·

402 3655 416 3683 (
432 3663 443 3677 γ
459 3654 472 3681 D
489 3653 528 3676 cit.
547 3660 567 3675 c.
584 3656 607 3675 6.
672 3652 686 3680 ζ
698 3651 740 3679 s)
758 3652 790 3673 De
808 3648 853 3672 Aff.
872 3648 984 3672 Particul.
1002 3655 1020 3671 ε,
1038 3657 1059 3672 2.

405 3686 420 3714 (
437 3692 452 3707 u
471 3688 478 3712 )
495 3683 542 3706 loc.
559 3682 600 3705 cit.
619 3681 686 3710 supra
698 3696 705 3709 ,
722 3680 750 3703 ad
769 3689 792 3703 n.
812 3688 849 3707 ²4-
911 3679 924 3706 (
941 3686 955 3701 x
971 3680 982 3702 )
1000 3680 1061 3707 Exp.
1079 3685 1099 3706 3,

402 3719 413 3741 (
430 3722 440 3738 c
456 3714 469 3742 ⁸)
486 3713 509 3736 in
529 3712 603 3735 lnstit.
623 3711 644 3740 §⁴
664 3713 718 3735 860.
782 3709 823 3738 (d
839 3710 852 3737 3
868 3717 891 3733 n.
909 3717 930 3732 2.
991 3708 1005 3737 (
1020 3717 1030 3731 e
1050 3711 1058 3738 )
1076 3708 1097 3738 §.
1115 3712 1171 3737 695.

407 3746 422 3775 (
438 3745 452 3767 b
469 3744 482 3772 )
497 3742 561 3767 circ.
580 3746 649 3765 Anat.
669 3744 737 3768 Prog.
755 3743 778 3764 6.
796 3740 819 3763 in
837 3747 894 3763 cane
909 3744 995 3767 quarto
1007 3756 1013 3760 .

401 3775 409 3805 (
428 3775 437 3798 l
454 3774 466 3801 )
484 3782 505 3797 n.
523 3780 559 3800 29-
625 3775 632 3794 (
650 3779 673 3793 m
694 3772 730 3798 ll.
753 3779 770 3793 1.
788 3770 811 3792 S.
831 3773 866 3793 16.
884 3768 940 3793 Obs.
960 3777 980 3798 ς.
998 3769 1022 3792 in
1040 3768 1167 3793 Additam.

407 3805 416 3834 (
431 3812 448 3834 p
466 3804 479 3833 )
496 3805 573 3828 Lettt.
590 3801 617 3826 de
634 3803 664 3826 G.
681 3800 799 3825 Desnovcs
816 3801 862 3824 lv.

936 3616 967 3645 '(
982 3624 996 3646 p
1012 3617 1027 3646 )
1043 3620 1078 3642 De
1094 3617 1206 3645 Hippocr.
1226 3616 1248 3639 &
1265 3615 1329 3638 Fiat.
1346 3617 1441 3638 Decret.
1458 3614 1475 3638 1.
1493 3622 1514 3638 2.
1533 3621 1552 3637 c.
1569 3616 1591 3636 6.

1122 3648 1158 3677 (t
1177 3647 1185 3674 )
1202 3646 1252 3669 Vid.
1272 3645 1301 3668 de
1317 3647 1389 3669 Anat.
1408 3644 1507 3668 Admin.
1524 3647 1540 3668 1.
1558 3645 1582 3666 8.
1598 3650 1610 3667 c
1634 3645 1656 3667 8·
1677 3644 1699 3665 ὁ(
1717 3643 1731 3665 l.
1748 3643 1778 3665 de
1796 3644 1915 3672 Praecogn.
1935 3642 1963 3666 ad
1980 3641 2057 3665 Posth.
2076 3649 2093 3665 c.
2113 3651 2133 3672 ς.

1233 3708 1247 3736 c
1261 3705 1299 3739 f)
1312 3693 1337 3735 '§-
1354 3694 1408 3729 '28⁶-

1076 3740 1089 3767 (
1105 3739 1114 3760 ι’
1132 3739 1144 3766 )
1161 3736 1240 3762 Meth.
1258 3736 1316 3759 Hist.
1336 3738 1408 3759 Anax.
1426 3737 1492 3759 Med.
1511 3743 1531 3758 c.
1547 3738 1570 3758 6.

1230 3768 1244 3796 (
1258 3775 1273 3790 n
1290 3767 1302 3794 )
1318 3767 1414 3791 Differ-t.
1431 3767 1458 3790 de
1477 3765 1583 3790 Derivat.
1599 3766 1642 3789 ἃς.
1663 3764 1686 3794 §.
1704 3771 1741 3793 33·

1653 3612 1661 3639 s
1680 3619 1695 3640 q
1711 3611 1726 3639 )
1744 3611 1800 3636 Vid.
1818 3612 1900 3642 supra,
1917 3619 1943 3635 n.
1959 3620 1996 3640 ²4-

1422 3674 1591 3705 (z)n.32.
1654 3672 1826 3701 (aJn24.
1888 3673 2053 3701 (b)n.29.

1469 3706 1513 3735 (g
1528 3705 1542 3733 )
1558 3704 1637 3728 Trast.
1657 3704 1684 3726 de
1702 3704 1778 3726 Corde
1794 3711 1814 3726 c.
1832 3710 1853 3726 2.
1915 3710 1928 3731 ς
1945 3705 1957 3717 ’ῑ
1975 3704 1985 3732 )
2000 3701 2068 3730 supra
2086 3710 2109 3724 n.
2128 3711 2161 3729 ις.

1635 3735 1649 3764 ζ
1664 3733 1680 3757 k
1698 3731 1706 3763 )
1723 3734 1803 3762 Apias>
1821 3733 1846 3756 in
1863 3733 1943 3757 Schor
1961 3733 1989 3756 ad
2006 3732 2067 3756 Obs.
2084 3741 2121 3760 72.

1805 3764 1819 3792 ζ
1835 3772 1846 3787 o
1865 3764 1878 3792 )
1894 3772 1919 3787 n.
1940 3771 1974 3793 33.
1993 3764 2014 3786 δι
2034 3761 2079 3792 seq‘.
