2498 4075
375 137 435 194 :18

303 212 486 256 offendiss‘et
506 237 519 254 ,
549 222 593 251 ,an
624 211 796 254 zstiusmodi
826 212 941 247 calculi
960 235 974 253 ,
1007 212 1116 254 inquit
1135 235 1147 252 ,
1190 210 1314 254 apople-

307 262 368 301 xiae
390 258 530 294 auctores
553 255 618 288 dici
635 255 786 301 possunt?
807 256 892 290 Mihi
915 255 1038 298 quidem
1058 262 1171 292 ,tantus
1195 255 1227 288 in
1260 262 1314 287 ta-

307 305 333 338 li
356 299 519 337 ratiocinio
541 297 644 332 hiatus
679 300 808 334 videtur
831 322 843 339 ,
877 309 966 342 quem
990 297 1131 340 supplere
1167 308 1224 331 non
1257 308 1314 330 au-

304 348 391 381 deam
417 370 424 377 .
460 345 504 377 Et
528 341 600 375 sane
636 340 731 385 longa
758 365 767 380 ‚
805 353 861 375 nec
895 341 957 375 fine
989 341 1173 382 ambagibus
1210 341 1314 384 expli-

301 391 390 428 catio
423 398 478 431 per
512 383 674 419 causarum
707 410 719 427 ‚
752 388 785 419 &
819 383 988 418 effectuum
1022 385 1238 427 multiplicem
1269 383 1315 417 se-

307 435 388 468 riem
411 429 483 464 esset
516 430 550 462 in
585 428 742 472 plerisque
774 427 893 461 casibus
927 426 1107 461 deducenda
1132 453 1139 459 .
1173 428 1253 461 Illos
1284 438 1315 459 e-

301 478 368 509 nirn
403 470 609 515 excipiendos
653 471 847 506 crediderim
889 482 969 513 quos
1009 470 1183 514 designavit
1224 470 1312 503 Frid.

301 516 515 553 Hoffmannus
559 516 643 555 (l)
676 539 689 556 ,
732 526 807 547 cum
852 525 935 555 aeger
965 514 1114 548 videlicet
1153 514 1314 547 obnoxius

304 562 371 597 fuit
416 559 575 598 ‚doloribus
605 569 644 592 ex
675 558 794 591 calculo
826 557 930 599 reficae
952 581 964 598 ,
996 558 1073 591 item
1104 556 1229 599 cyflidis
1246 555 1314 600 fel-

300 607 351 641 leae
396 607 440 638 ita
488 614 524 637 ut
569 601 710 641 induetis
754 599 958 642 spasmodicis
1001 602 1035 633 in
1081 611 1186 633 ventre
1231 611 1311 632 con-

302 648 518 688 tractionibus
564 647 711 688 proxima
754 644 824 677 vasa
858 643 1107 686 constringendo
1133 668 1140 681 ‚
1188 642 1311 685 sangui-

296 694 349 731 nis
395 693 466 739 plus
511 701 608 733 quarn
639 698 765 730 :equum
797 687 882 720 foret
906 710 917 727 ,
949 690 981 720 in
1014 686 1230 728 superioribus
1263 698 1310 718 re-

266 732 455 771 ⁷tinuerint
492 758 499 765 .
545 735 698 773 Qorum
742 742 817 765 cum
862 730 1042 773 propositus
1088 728 1233 777 bajulus,
1258 732 1309 762 ni-

299 779 349 813 hil
397 788 536 820 unquam
579 774 678 817 passus
724 772 781 806 esse
826 773 985 811 dicatur3
1032 783 1090 806 nos
1135 772 1172 806 de
1205 783 1306 814 ejus,

297 826 332 858 ,δε
378 821 596 862 complurium
642 816 770 859 cysticis
815 817 947 850 calculis
982 841 992 856 ,
1045 816 1133 849 lento
1177 816 1261 848 vitio
1296 839 1308 857 ,

298 860 331 902 ,δε
379 868 568 909 plerumque
612 861 745 900 inerti,
788 858 963 893 sermonem
1010 859 1073 892 alio
1117 862 1219 899 (m)
1260 864 1310 892 re'-

297 910 446 953 jicientes
470 931 481 946 ,
519 916 599 938 nunc
632 905 666 936 in
700 903 872 937 celerrimo
896 927 907 943 ,
940 913 976 937 ut
1010 901 1207 937 instituimus
1229 925 1242 943 ‚
1275 905 1308 936 &

297 950 558 996 perniciosissimo
583 946 783 985 consistemus
810 959 816 979 ;
855 945 946 994 ,cujus
970 959 1008 980 en
1031 945 1094 983 tibi
1127 946 1309 989 >exemplum

301 1006 455 1033 tertium.
769 1015 771 1019 -

302 1033 305 1035 ’
340 1043 372 1073 6.
409 1035 741 1075 MULIEREM
760 1033 1040 1078 quadragenariam
1063 1033 1211 1067 bibacem
1232 1044 1311 1076 apo-

297 1084 405 1130 plexia
439 1079 646 1126 prehenderat
673 1103 680 1109 .
716 1078 769 1111 Ab
804 1077 861 1111 hac
893 1080 926 1111 in
967 1079 1062 1114 latere
1094 1087 1229 1120 utroque
1263 1087 1309 1111 re-

296 1128 404 1162 soluta
437 1136 503 1161 erat
538 1135 613 1158 cum
644 1123 677 1157 in
709 1120 950 1160 Nosocomium
995 1122 1182 1155 Patavinum
1219 1120 1308 1153 illata

296 1166 371 1205 est:
406 1169 460 1210 ubi
495 1172 525 1203 &
560 1169 629 1201 cito
663 1164 808 1202 deeeffit.
902 1166 956 1199 IN
990 1163 1056 1206 ejus
1087 1163 1234 1197 cadavere
1264 1165 1308 1197 ob

297 1213 558 1257 intempestivum
582 1211 660 1244 aeris
684 1209 824 1245 calorem
848 1223 861 1250 ,·
896 1207 1030 1245 necdum
1064 1208 1150 1241 enim
1181 1207 1305 1243 medius

294 1268 363 1291 erat
398 1258 538 1290 Martius
576 1256 619 1293 A.
662 1264 777 1295 1740.;
810 1254 866 1288 vix
898 1254 958 1286 alia
982 1275 993 1291 ,
1030 1262 1129 1295 quam
1159 1252 1268 1294 Caput
1294 1275 1306 1293 ,

293 1301 419 1335 ibidem
452 1299 575 1342 inspexi
601 1323 609 1329 .
642 1296 756 1329 Cranii
789 1308 903 1334 cavum
933 1294 1036 1329 visum
1071 1294 1115 1328 est
1147 1305 1205 1336 pro
1237 1296 1309 1328 lon-

256 1376 259 1377 e
295 1344 444 1388 gitudine
477 1341 637 1386 angustius
661 1364 668 1372 .
706 1339 886 1383 Polyposus
921 1340 1049 1381 sanguis
1082 1340 1116 1371 in
1149 1336 1216 1371 finu
1238 1339 1309 1371 Fal-

295 1391 342 1426 ‚cis
367 1415 375 1423 .
410 1386 495 1421 Vasa
530 1397 585 1428 per
620 1384 766 1420 Tenuem
798 1385 978 1430 meningem
1003 1381 1162 1423 distenta,
1183 1391 1219 1417 ut
1243 1393 1308 1414 ma-

295 1433 366 1477 jora
389 1429 585 1473 nigricat-‘ent
609 1439 620 1471 5
643 1428 778 1460 minima
801 1452 810 1467 ‚
846 1427 930 1471 quasi
962 1439 979 1460 a
1014 1426 1115 1464 rubrae
1145 1435 1222 1458 cerae
1256 1426 1306 1458 in-

294 1476 435 1522 jectione
460 1500 470 1515 ‚
502 1471 721 1517 pulcherrime
744 1472 777 1508 in
809 1471 1018 1513 conspectum
1048 1469 1195 1506 venirent
1221 1492 1227 1500 .
1260 1470 1305 1504 Et

294 1520 458 1554 cerebrum
482 1541 494 1557 ,
528 1519 560 1550 ὃ(
583 1514 774 1548 cerebellum
796 1515 946 1548 molliora
966 1537 978 1553 ,
1001 1512 1138 1556 indeque
1170 1523 1205 1546 ea
1237 1523 1304 1546 me-

295 1560 597 1599 ninxdetrahentis
621 1569 754 1591 manum
776 1556 931 1591 facillime
957 1556 1145 1600 sequebatur
1169 1579 1176 1586 .
1212 1557 1304 1589 Dum

295 1607 461 1641 cerebrum
501 1602 661 1640 assulatim
705 1600 878 1635 inciderem
908 1625 921 1642 ,
965 1611 1032 1637 non
1076 1600 1180 1634 solum
1222 1610 1304 1642 pun-

294 1653 346 1688 θαι
378 1674 390 1690 ,
429 1653 462 1682 &
495 1647 656 1683 filamenta
703 1644 871 1687 sanguinea
906 1644 955 1678 vel
990 1643 1080 1687 plura
1125 1653 1222 1685 quam
1254 1641 1303 1675 so-

295 1696 380 1730 leant
403 1717 415 1734 ,
447 1690 553 1733 paffim
586 1688 827 1727 occurrebant3
861 1687 912 1725 sed
946 1688 980 1723 in
1005 1686 1173 1721 medullari
1197 1685 1304 1729 singu-

297 1740 403 1776 lorum
447 1732 751 1777 hemisphaeriorum
795 1731 965 1770 substantia
1008 1729 1129 1772 singula
1173 1730 1305 1765 inventa

294 1783 372 1819 sunt
405 1791 488 1814 cava
512 1803 521 1818 ‚
552 1787 687 1820 parvum
723 1786 823 1809 unum
846 1775 884 1808 ad
908 1775 991 1807 latus
1013 1784 1180 1808 externum
1212 1772 1307 1806 'Tha⁴

297 1826 377 1861 lami
411 1822 536 1858 dexteri
574 1821 661 1857 nervi
685 1820 805 1861 Optici
835 1830 870 1852 ea
909 1817 1015 1851 forma
1039 1842 1051 1858 ,
1085 1820 1114 1854 (Sc
1142 1817 1306 1865 magnitua

297 1870 371 1904 dine
395 1892 409 1908 ,
437 1876 473 1905 ut
507 1865 597 1899 ovale
642 1863 817 1901 minimum
860 1873 996 1906 prunum
1041 1861 1205 1894 continere
1250 1870 1306 1893 v1x

295 1912 395 1958 posset
421 1925 430 1945 .·
464 1908 659 1944 connivebat
682 1930 694 1946 ,
728 1905 785 1939 nisi
820 1915 977 1949 quatenus
1010 1903 1101 1938 fusco
1124 1903 1209 1949 quasi
1234 1903 1308 1945 glu-

295 1960 363 1995 tine
385 1979 394 1994 ,
428 1954 480 1988 seu
522 1964 618 1987 muco
655 1949 852 1987 semificcato
883 1948 1110 1982 referciebatur
1133 1973 1140 1980 .
1181 1948 1308 1980 Cavum

296 2010 404 2038 autem
438 1999 573 2036 alterum
603 1996 637 2029 in
661 2005 772 2027 omnes
793 1992 1005 2029 dimensiones
1042 1991 1186 2034 amplum
1208 2014 1218 2028 ‚
1254 1988 1306 2023 sed

296 2043 475 2088 praesertim
510 2041 545 2078 in
579 2035 815 2080 longitudinem
838 2060 850 2076 ,
883 2037 1001 2079 quippe
1022 2034 1112 2078 quod
1135 2033 1173 2068 ad
1196 2042 1305 2067 totum

297 2089 381 2127 latus
414 2095 582 2121 externum
611 2080 728 2115 finistri
762 2080 933 2114 ventriculi
958 2078 1214 2122 producebatur,
1237 2077 1307 2119 ple-

296 2144 376 2171 num
413 2141 478 2164 erat
511 2125 670 2171 ejusmodi
703 2123 853 2166 sanguine
875 2123 1001 2166 qualem
1027 2125 1059 2154 in
1083 2121 1192 2167 bajulo
1215 2124 1229 2159 ζ
1252 2131 1271 2152 n
1293 2123 1307 2162 >

297 2173 479 2217 descripsi:
525 2169 614 2219 cujus
660 2179 729 2213 pars
775 2166 937 2212 sanguinis
985 2165 1114 2203 modica
1157 2166 1192 2201 in
1234 2174 1307 2199 eum

297 2218 514 2255 ventriculum
539 2237 548 2253 ,
582 2212 732 2255 indeque*
761 2212 795 2244 in
839 2211 972 2244 tertium
1017 2217 1203 2256 pervenerat
1247 2206 1309 2239 du-

299 2264 377 2307 plici
409 2260 547 2305 traje&o
578 2256 773 2295 foramine,
805 2265 843 2287 ex
876 2254 937 2286 illo
971 2264 1051 2286 cavo
1083 2252 1117 2285 in
1143 2250 1309 2302 ‚sinistrum

297 2305 518 2341 ventriculum
553 2302 731 2343 pertinente
759 2323 767 2337 ‚
800 2297 902 2330 altero
945 2295 986 2331 ad
1031 2297 1167 2338 parietis
1211 2293 1307 2335 hunis

300 2350 423 2384 externi
457 2346 613 2379 anteriora
638 2366 646 2380 ‚
694 2342 796 2375 altero
840 2340 877 2373 ad
921 2339 1093 2382 posteriora
1129 2363 1136 2372 .
1183 2340 1309 2372 Dexter

299 2391 495 2427 ventriculus
521 2413 529 2427 ‚
560 2387 650 2430 cujus
682 2387 793 2427 plexus
828 2382 1013 2416 Choroides
1049 2390 1115 2415 erat
1159 2380 1311 2423 subpalli—

302 2438 361 2471 dus
388 2462 397 2474 ,
434 2444 546 2476 aquam
569 2428 757 2465 continebat
781 2437 845 2459 non
870 2425 1005 2459 multam
1030 2448 1038 2462 ,
1063 2435 1192 2466 eamque
1218 2433 1310 2466 pror-

303 2481 353 2514 sus
386 2481 588 2512 incruentam
612 2498 619 2504 .
655 2473 747 2504 Cum>
774 2469 938 2503 cerebrum
980 2465 1171 2503 invertissem
1209 2479 1219 2505 3
1264 2477 1313 2498 ar.-

302 2525 391 2558 teriae
426 2522 514 2555 illius
548 2527 679 2552 truncus
708 2516 742 2546 in
784 2524 880 2555 quem
923 2512 1092 2545 confluunt
1136 2509 1312 2543 Vertebra-

304 2570 347 2602 les
421 2564 578 2599 maculam
609 2557 760 2595 exhibuit
792 2556 930 2593 albam,
965 2555 1154 2597 ellypticam
1188 2578 1200 2594 ,
1244 2565 1313 2586 mo-

306 2590 445 2645 dica'm':
484 2617 582 2651 quam
614 2602 829 2648 perscrutatus
855 2626 864 2638 ‚
899 2600 1029 2640 inveni,
1052 2609 1116 2632 non
1139 2598 1229 2640 quale
1263 2595 1313 2629 os-

307 2653 495 2689 sificationis
521 2675 533 2691 ,
565 2657 600 2682 ut
634 2645 784 2689 putabam
806 2666 818 2683 ,
850 2644 987 2678 initium
1028 2640 1084 2675 esse
1116 2639 1312 2682 frequentius

310 2699 389 2732 solet
409 2720 421 2736 ,
445 2695 497 2732 sed
521 2691 601 2738 quid
627 2689 758 2724 mollius
782 2689 816 2720 in
839 2685 912 2729 ipsis
935 2684 1064 2729 quidem
1102 2686 1223 2718 arteriae
1258 2695 1314 2726 pa-

308 2741 469 2780 rietibus,
493 2739 597 2780 tnagis
620 2741 726 2767 autem
751 2730 979 2769 interioribus3
1013 2739 1194 2773 quanquam
1217 2738 1315 2777 neque

307 2783 482 2819 introrsum
509 2806 521 2822 ³
551 2789 652 2821 neque
685 2773 865 2809 extrorsum
899 2773 967 2807 ullo
1008 2771 1107 2805 modo
1154 2782 1319 2813 promine-

308 2830 365 2863 bat
380 2819 562 2868 [Denique
584 2819 768 2866 glandulam
793 2817 1001 2850 Pituitariam
1023 2818 1105 2848 intra
1129 2815 1245 2848 Sellam
1268 2813 1320 2846 de.

310 2872 402 2915 super
427 2868 630 2911 inspectans,
651 2862 744 2896 valde
768 2861 926 2894 humilem
958 2859 1168 2892 animadverti
1191 2882 1198 2891 .
1238 2858 1321 2906 Quae

313 2924 422 2952 autem
443 2913 498 2950 hic
522 2907 629 2952 scripfi
645 2932 654 2948 ,
678 2905 789 2939 omnia
812 2904 983 2946 plurimis,
1007 2905 1064 2950 qui
1088 2901 1238 2942 aderant,
1261 2903 1323 2935 Di·-

315 2959 447 3002 scipulis
471 2952 614 2990 ostendi.
649 2995 655 3001 ¹
884 2992 889 3000 ‚
1092 2991 1099 2997 ⁸
1254 2988 1271 2994 ..

361 3014 392 3044 7,
416 3005 511 3042 AEgre
535 2996 620 3033 tuli,
645 2992 680 3026 id
704 2991 791 3036 quod
817 2991 929 3033 saepius
954 3000 1058 3024 tamen
1090 3001 1122 3022 in
1158 2989 1289 3035 plebeus
1312 3010 1323 3030 ,

320 3036 446 3081 rusticis
473 3068 481 3082 ,
515 3038 693 3085 peregrinis
717 3034 879 3069 ferendum
900 3034 944 3067 est
967 3058 978 3073 ,
1011 3045 1109 3076 neque
1131 3032 1168 3066 de
1193 3033 1326 3075 bajulo,

317 3101 420 3132 neque
444 3087 483 3121 de
507 3077 639 3119 muliere
663 3079 722 3113 hac
747 3090 807 3122 pro
830 3087 918 3111 certo
943 3077 1015 3110 sciri
1047 3075 1184 3122 potuisse
1203 3101 1216 3117 ,
1249 3085 1326 3110 num

317 3142 453 3174 utroque
487 3129 605 3173 pariter
630 3150 639 3167 ,
685 3135 723 3156 an
770 3122 872 3155 altero
918 3121 1014 3155 latere
1038 3144 1051 3162 ,
1084 3129 1189 3168 atque·
1218 3129 1292 3152 utro
1315 3140 1325 3156 ‚

317 3176 460 3221 primum
498 3171 629 3209 resoluti
672 3166 793 3201 fuerint
818 3188 830 3205 ,
874 3165 1039 3208 postquam
1083 3165 1208 3205 ingruit
1252 3174 1327 3204 apo-

320 3220 426 3262 plexia
453 3229 460 3253 ,·
494 3225 627 3257 uterque
671 3212 757 3245 enim
789 3208 921 3243 dextero
964 3207 1112 3241 videntur
1155 3206 1293 3242 debuisse
1318 3229 1325 3237 .

313 3263 374 3299 Sed
425 3261 463 3294 de
501 3257 635 3292 muliere
678 3254 805 3298 gravius
842 3252 939 3292 tuli,
981 3251 1124 3285 indicare
1168 3252 1327 3284 neminem

319 3303 453 3348 potuisse
476 3327 489 3344 ‚
522 3312 560 3337 an
594 3300 672 3334 alias
703 3307 833 3340 quoque
864 3303 1011 3336 correpta
1052 3292 1158 3327 fuisset
1199 3292 1330 3342 apople-

316 3352 370 3385 xia
394 3374 401 3381 .
438 3345 529 3381 Mihi
566 3345 650 3377 enirn
681 3340 838 3373 videtur:
873 3338 1008 3380 indeque
1040 3337 1132 3371 facile
1174 3338 1207 3370 in
1252 3336 1326 3370 fini-

316 3392 386 3428 ssris
429 3388 560 3425 artubus
598 3384 824 3420 resolutionem
857 3405 870 3425 ,
910 3391 962 3416 aut
1004 3381 1205 3416 debilitatem
1248 3380 1324 3416 reli-

926 133 1083 188 Liber
1117 132 1156 187 1.
1189 134 1274 186 De
1312 132 1522 187 Morbis
1555 130 1765 198 Capi-,tis

1364 210 1449 244 stam
1473 234 1485 251 ,
1516 221 1590 245 cum
1621 211 1708 247 illud
1735 211 1842 244 minus
1878 208 1967 252 quod
1996 206 2060 255 tibi
2088 208 2240 253 descripsi
2261 233 2275 251 ,
2307 217 2366 246 cae

1363 264 1440 286 vum
1473 255 1605 289 attendo
1628 277 1642 294 ,
1677 256 1709 287 &
1741 254 1889 287 cumiis
1922 252 2055 285 consero
2088 252 2373 291 observationibus

1363 308 1433 338 quae
1457 296 1616 339 superiore
1639 296 1785 339 Epistola
1809 300 1822 336 (
1843 308 1859 330 o
1881 300 1895 336 )
1917 295 2068 329 indicatae
2092 295 2164 330 sunt
2185 319 2199 336 ,
2231 298 2379 332 Brunne-

1366 341 1393 373 ri
1417 340 1590 382 praesertim
1618 363 1627 379 ,
1650 342 1706 382 qui
1731 339 1854 383 aliquid
1875 340 1983 373 ,etiamr
1997 349 2066 373 tum
2089 337 2238 373 humoris
2262 341 2378 385 depre-

1367 382 1479 416 hendit
1505 385 1537 417 in
1560 383 1682 418 cellulis
1702 382 1917 427 ejuscemodi.
1931 384 2053 417 Verum
2076 383 2163 425 quod
2186 381 2292 416 dicere
2315 396 2375 427 po-

1365 424 1471 460 tuisset
1495 438 1617 466 nemo,
1642 439 1704 470 qna
1738 426 1885 460 videlicet
1919 428 2042 470 ratione
2074 435 2142 459 tarn
2175 428 2245 458 cito
2278 427 2374 462 faetae

1366 468 1426 502 sint
1449 470 1513 503 illae
1538 481 1660 513 magnae
1675 496 1684 511 ,
1708 480 1779 514 quae
1804 471 1838 502 in
1864 470 1966 504 tribus
1992 468 2163 513 propositis
2174 468 2373 504 diffeffioni-

1366 512 1423 547 bus
1446 514 1518 547 sunt
1540 513 1730 555 descriptae,
1762 524 1904 546 cavernae
1929 535 1942 553 ,
1978 513 2127 555 sanguine
2159 511 2373 547 redundantes

1365 561 1379 597 (
1400 559 1416 575 ⁴‘
1438 560 1475 597 ),
1498 556 1532 590 id
1556 556 1738 600 conjicere,
1760 555 2032 600 quemadmodum
2054 555 2146 601 supra
2168 556 2314 600 polliciti
2326 556 2376 592 su-

1368 611 1462 640 mus,
1488 600 1727 643 aggrediamur.
1771 602 1774 603 ⁷

1410 644 1438 676 8.
1468 644 1646 678 Proclivius'
1670 643 1753 677 nihil
1777 643 1841 684 est,
1866 655 1915 677 eas
1937 654 2084 678 cavernas
2108 644 2143 677 in
2164 643 2317 681 cerebro,
2340 646 2376 679 &

1363 686 1627 721 semiconcretum
1650 689 1683 720 in
1706 688 1771 727 iis,
1796 696 1849 721 aut
1873 698 1913 720 ex
1936 688 1976 720 iis
1999 688 2033 720 in
2056 688 2208 721 viciniam
2241 685 2374 722 effusum

1361 741 1476 772 magna
1503 732 1593 774 copia
1616 729 1801 773 sanguinem
1824 730 2069 773 inspicientibus
2094 752 2103 768 ‚
2137 742 2236 773 quam
2269 730 2376 764 disru-

1360 784 1492 815 ptorum
1516 776 1548 807 in
1574 773 1727 815 thorace,
1749 783 1805 814 ,aut
1836 782 1944 807 ventre
1979 773 2234 816 aneurysmatum
2267 784 2375 807 recor-

1359 816 1451 858 dari,
1475 820 1507 850 &
1531 816 1648 852 similia
1662 820 1755 851 ‘intra
1777 818 1881 850 cranii
1904 829 2032 861 quoque
2054 828 2168 852 cavum
2203 818 2375 852 interdum

1359 859 1447 899 fieri,
1473 861 1674 898 existimare,
1699 860 1878 905 praesertim
1902 871 1976 894 cum
2009 860 2203 902 graviffimas
2242 862 2375 904 apople—

1357 906 1427 940 xias
1452 916 1485 936 ea
1509 904 1685 948 aliquando
1705 904 1893 938 antecedant
1913 927 1922 942 ‚
1942 915 2013 947 quae
2037 905 2085 937 vel
2108 904 2171 937 sola
2196 903 2234 939 ad
2261 904 2296 937 id
2318 915 2374 937 co-

1359 946 1528 990 gitandum
1547 947 1723 991 perducant
1736 973 1743 980 .
1771 949 1822 981 Sic
1848 959 1915 981 eam
1938 959 2008 990 quae
2024 948 2108 980 intra
2123 947 2297 983 duodecim
2312 945 2375 981 ho-

1360 1002 1408 1026 ras
1434 991 1557 1026 sustulit
1582 992 1753 1035 Collegam
1777 990 1922 1035 nostrum>
1944 990 2162 1027 Clarissimum
2200 991 2374 1025 Ber-nardi-

1361 1047 1438 1069 num
1462 1037 1698 1071 Ramazzinum
1726 1061 1734 1075 ‚
1761 1034 1828 1068 duo
1862 1033 2080 1082 prae'cesserant
2116 1035 2338 1077 aneurysmata
2360 1059 2374 1075 ,

1359 1079 1432 1113 faba
1455 1090 1521 1112 non
1546 1078 1665 1122 majora
1679 1102 1691 1118 ,
1713 1090 1853 1122 quorum
1876 1076 2022 1119 singula,
2044 1088 2118 1111 raro
2141 1079 2313 1121 exemplo,
2337 1078 2373 1112 in

1358 1122 1468 1156 eadem
1492 1123 1629 1156 omnino
1652 1122 1722 1156 sede
1745 1124 1941 1157 increverant
1963 1120 2044 1154 dor-(1
2061 1122 2227 1165 utriusque
2238 1132 2373 1163 manus,

1360 1165 1398 1199 ad
1422 1166 1531 1207 anguli
1556 1164 1622 1207 ejus
1646 1167 1794 1200 verticem
1817 1167 1873 1208 qui
1899 1166 1983 1198 inter
2005 1164 2129 1207 digitos
2144 1165 2372 1209 estpollicem,

1358 1213 1391 1243 ,δι
1415 1208 1572 1243 indicem.
1599 1210 1648 1242 Ea
1672 1208 1751 1250 saepe
1774 1208 1868 1241 nobis
1891 1209 2056 1249 optimum
2079 1210 2191 1242 Senem
2213 1209 2372 1244 ostendere

1360 1252 1494 1286 solitum
1519 1253 1726 1287 meminimus
1750 1260 1861 1285 coorta
1883 1251 2055 1285 noviffimis
2078 1253 2155 1285 vitae
2180 1254 2269 1286 annis
2295 1279 2304 1293 ,
2338 1255 2372 1287 &

1360 1297 1432 1329 illas
1456 1307 1533 1339 quas
1567 1305 1655 1330 antea
1688 1293 1887 1339 pertulisset,
1913 1302 1984 1327 tum
2006 1293 2230 1329 vehementem
2263 1295 2373 1330 cordis

1359 1339 1633 1383 palpitationem,
1656 1348 1727 1375 tum
1750 1350 1821 1381 quae
1844 1338 1924 1371 hanc
1948 1338 2098 1380 excepit,
2121 1349 2184 1372 non
2196 1341 2302 1374 minus
2319 1339 2374 1372 sae-

1361 1394 1433 1416 vam
1458 1382 1689 1420 hemicraniam
1713 1392 1989 1421 commemorare,
2014 1384 2051 1415 in
2085 1393 2148 1426 qua
2182 1381 2373 1428 Philippum

1359 1426 1571 1469 Masierium,
1595 1427 1722 1471 ajebat,
1746 1426 1969 1468 Chirurgum,
1993 1423 2073 1459 ficut
2096 1424 2166 1468 ejus
2202 1425 2389 1462 ostendunt:>

1358 1469 1460 1510 libri,
1484 1470 1553 1504 sane
1576 1472 1810 1510 exercitatum,
1834 1481 1900 1502 rem
1924 1470 1958 1500 in
1985 1468 2012 1501 se
2038 1468 2211 1510 grandaevo
2233 1469 2373 1504 admira-

1355 1513 1455 1547 bilem
1479 1513 1739 1557 deprehendisse,
1763 1513 1908 1546 calvariae
1920 1511 2103 1546 suturarum
2115 1511 2280 1548 discessum
2294 1525 2302 1547 :
2315 1525 2374 1549 cu-

1354 1556 1404 1603 jus
1428 1557 1566 1599 plurima
1589 1558 1722 1603 quidem
1745 1556 1890 1599 exempla
1917 1567 1933 1588 a
1957 1556 2084 1588 Boneto
2107 1558 2194 1598 (p),
2229 1557 2272 1590 ab
2306 1558 2372 1591 Et-

1356 1602 1512 1635 tmiillero
1535 1605 1624 1644 (q),
1648 1613 1663 1635 a
1688 1601 1866 1642 Stalpartio
1889 1602 1975 1641 (r),
1998 1600 2039 1632 ab
2063 1598 2255 1633 Helwichio
2278 1599 2366 1641 (s),

1356 1656 1374 1677 a
1397 1645 1546 1679 Platnero
1568 1649 1629 1685 (t)
1646 1668 1654 1683 ‚
1679 1645 1717 1677 ab
1741 1643 1863 1677 Illustri
1885 1642 2021 1675 Hallero
2043 1646 2111 1684 (u)
2133 1654 2309 1678 memorata
2324 1644 2373 1677 es-

1356 1686 1410 1728 se,
1436 1689 1522 1726 scio;
1548 1688 1597 1723 sed
1621 1698 1702 1731 quot
1726 1689 1758 1719 in
1783 1686 2045 1729 septuagenario,
2070 1687 2175 1728 qualis
2198 1689 2374 1723 Ramazzi-

1357 1742 1415 1765 nus
1438 1742 1516 1765 tunc
1540 1741 1609 1765 erat
1625 1757 1633 1768 ,
1659 1731 1796 1769 nescios
1822 1731 1856 1764 in
1882 1729 2006 1775 senibus
2031 1738 2138 1762 autem
2161 1742 2257 1773 quam
2289 1730 2375 1766 diffi-

1356 1775 1416 1807 cile
1443 1774 1558 1809 suturae
1583 1776 1631 1809 vel
1656 1775 1747 1810 omni
1772 1775 1849 1807 artis
1872 1774 1905 1805 vi
1928 1771 2129 1811 difflantur,
2158 1774 2375 1810 confirmante

1357 1817 1485 1861 insuper
1508 1820 1561 1852 Cl.
1590 1819 1750 1860 Bergenio
1773 1821 1866 1857 (x),
1890 1827 1954 1848 non
1988 1817 2107 1859 ignoro
2133 1841 2139 1848 .
2176 1816 2374 1851 Praecesserat

1357 1861 1485 1896 demum
1510 1863 1703 1897 Ramazzini
1729 1861 1931 1906 apoplexiam
1956 1859 2013 1892 illa
2025 1871 2096 1902 quse
2108 1859 2297 1896 abeuntibus
2309 1862 2377 1904 pal-

1360 1906 1540 1948 pitationi,
1564 1910 1595 1940 δι
1621 1906 1825 1941 hemicraniae
1848 1902 2008 1943 succeffit,
2032 1905 2064 1935 &
2098 1902 2137 1937 ad
2167 1906 2244 1938 vitre
2279 1905 2376 1948 usque

1359 1951 1485 1982 exitum
1509 1949 1648 1992 perstitit
1660 1973 1672 1989 ,
1695 1950 1789 1983 nnius
1814 1948 1979 1990 primum,
2003 1957 2079 1979 mox
2102 1949 2134 1980 δε
2158 1948 2287 1982 alterius
2299 1960 2378 1982 ocu-

1359 1993 1382 2025 li
1406 1994 1553 2026 caecitas.
1581 1994 1663 2035 Qae
1688 1992 1757 2027 sane
1779 1992 1889 2025 omnia
1912 1989 2211 2031 attendentimihi‚
2235 2004 2378 2034 quocum

1356 2037 1412 2072 ille
1437 2046 1496 2077 pro
1518 2036 1674 2069 benevola
1696 2036 1734 2069 de
1757 2046 1806 2068 me
1829 2035 1981 2075 opinione
1991 2033 2377 2069 valetudinisincommo-

1360 2079 1400 2113 da
1422 2079 1683 2115 communicabat
1701 2104 1710 2118 ,
1731 2080 1797 2110 veri
1821 2076 2025 2111 simillimum
2048 2076 2237 2118 videbatur,
2262 2078 2301 2112 ab
2324 2091 2377 2113 ea<

1361 2123 1435 2157 dem
1457 2121 1548 2158 causa
1572 2134 1642 2166 quae
1666 2120 1775 2155 cordis
1797 2121 1878 2153 olim
1902 2119 2153 2163 palpitationem
2187 2121 2375 2165 excitasset,

1360 2168 1484 2202 interna
1507 2165 1708 2200 hemicrania
1729 2162 1878 2201 inducta,
1905 2164 2032 2196 arterias
2056 2164 2177 2207 aliquas
2188 2176 2379 2206 ,remoran-

1363 2219 1395 2244 te
1409 2208 1453 2242 ob
1463 2208 1648 2244 dolorificas
1661 2208 1901 2243 contractiones
1915 2206 2065 2249 sanguine
2078 2230 2091 2247 ,
2115 2209 2198 2242 intra
2212 2211 2356 2244 cranium
2368 2234 2382 2251 ,

1364 2257 1397 2287 &
1422 2251 1549 2287 fortasse
1572 2254 1606 2287 in
1630 2252 1725 2294 plexu
1748 2250 1938 2290 Choroide,
1960 2250 2073 2283 eodem
2096 2250 2186 2294 quod
2223 2254 2258 2286 in
2289 2262 2379 2287 utrae

1364 2307 1425 2340 que
1448 2306 1545 2330 manu
1566 2293 1849 2337 conspiciebatur,
1871 2295 1959 2327 vitio
1983 2292 2075 2328 fuisse
2099 2306 2288 2340 correptas,
2322 2308 2377 2330 eom

1361 2351 1421 2382 que
1455 2337 1564 2373 sensim
1600 2337 1791 2372 increscente
1825 2335 1940 2378 pressos
1977 2338 2177 2377 Opticorum
2209 2351 2380 2375 nervorum

1363 2382 1544 2416 Thalamos
1585 2382 1764 2416 caecitatem
1798 2379 1970 2413 intulisse:
2004 2381 2037 2413 &
2060 2383 2220 2424 perruptis
2243 2383 2380 2426 denique

1364 2426 1585 2461 arteriolarum
1609 2421 1715 2460 effum
1740 2423 1860 2457 tunicis
1878 2446 1890 2462 ,
1915 2420 2078 2464 effusoque
2111 2424 2145 2458 in
2178 2427 2376 2463 ventriculos

1364 2469 1540 2512 sanguine,
1565 2468 1716 2516 lethalem
1741 2467 1943 2510 apoplexiam
1967 2462 2138 2507 ingruisse.

1406 2525 1436 2554 9.
1460 2512 1628 2552 Quoniam
1651 2510 1717 2554 ejus
1740 2508 1871 2544 cadaver
1893 2519 1958 2545 non
1982 2508 2025 2544 est
2046 2508 2214 2546 dissectum
2232 2524 2245 2554 ,-
2269 2513 2352 2547 reste
2365 2537 2379 2556 ‚

1366 2566 1403 2591 an
1429 2555 1512 2590 secus
1533 2552 1726 2601 conjecerim
1741 2579 1751 2595 ,
1774 2552 1901 2587 nescio:
1924 2551 2007 2585 illud
2031 2551 2119 2594 scio,
2151 2554 2173 2590 si
2197 2557 2251 2590 cui
2285 2556 2371 2591 forte

1365 2599 1512 2644 placeat,
1537 2609 1685 2634 cavernas
1708 2608 1785 2640 quas
1807 2597 1895 2631 intra
1918 2596 2148 2639 ipsamcerebri
2166 2598 2379 2636 substantiam

1364 2641 1533 2684 descripsi,
1557 2641 1594 2677 ad
1619 2642 1860 2683 aneurysmata,
1882 2639 2035 2674 variet-‘sve
2059 2653 2201 2676 revocare
2221 2667 2233 2684 ,
2255 2656 2381 2678 >caven-

1365 2684 1443 2719 dum
1467 2686 1515 2719 illi
1543 2684 1600 2719 esse
1622 2694 1755 2730 propter
1776 2694 1811 2718 ea
1833 2694 1904 2726 quae
1926 2682 2017 2725 supra
2040 2685 2104 2726 (y)
2128 2686 2268 2720 indicata
2284 2688 2381 2730 sunt,

1369 2740 1407 2763 ne
1430 2740 1575 2763 cavernas
1599 2729 1680 2772 ipsas
1705 2740 1764 2771 pro
1788 2729 1855 2760 veri
1882 2727 2133 2769 aneurysmatis‚
2157 2730 2308 2765 varicisve
2330 2744 2381 2765 ca-

1372 2784 1414 2804 vo
1436 2774 1596 2815 accipiat,
1622 2774 1654 2806 in
1680 2783 1748 2805 eam
1785 2769 1895 2803 sensim
1928 2771 2175 2812 amplitudinem
2207 2773 2345 2816 expanso
2370 2800 2377 2807 .

1374 2816 1487 2849 Multo
1512 2816 1609 2852 satius
1634 2815 1698 2851 est,
1724 2817 1757 2848 &
1791 2826 1866 2848 cum
1899 2823 1984 2848 tanta
2017 2814 2074 2848 illa
2111 2828 2181 2859 quae
2213 2817 2290 2851 vasis
2325 2829 2380 2861 per
2417 2817 2420 2820 '

1374 2859 1536 2893 cerebrum
1560 2859 1758 2902 reptantibus
1793 2857 1960 2901 peculiaris
1995 2857 2037 2891 est
2061 2882 2073 2897 ‚
2106 2861 2287 2896 tunicarum
2334 2871 2383 2896 te-

1374 2904 1501 2936 nuitate
1523 2904 1753 2945 congruentius
1773 2925 1786 2943 ,
1819 2900 1995 2934 existimare
2018 2925 2030 2940 ,
2052 2903 2107 2935 ubi
2132 2903 2171 2936 ad
2195 2904 2381 2946 modicam,

1376 2949 1411 2979 ὃ(
1432 2947 1487 2979 vix
1507 2970 1520 2987 ,
1544 2956 1598 2981 aut
1628 2958 1665 2980 ne
1697 2947 1752 2981 vix
1785 2943 1915 2987 quidem
1948 2945 1983 2979 in
2009 2947 2121 2979 oculos
2166 2949 2381 2982 incurrentem

1377 2988 1488 3022 senfim
1510 3013 1524 3030 ,
1557 2999 1610 3024 aut
1631 2991 1701 3022 cito
1734 2988 1956 3023 dilatationem
1990 2991 2221 3034 pervenerint,
2253 3002 2381 3034 repente

1377 3032 1571 3075 disrumpi,
1605 3036 1637 3066 S<
1671 3044 1729 3075 pro
1763 3033 1849 3064 varia
1881 3032 1998 3065 vasculi
2031 3032 2190 3068 diametro
2212 3059 2225 3075 ,
2258 3037 2291 3068 &
2329 3046 2381 3068 ru-

1379 3086 1484 3119 pturae
1510 3075 1723 3118 amplitudine
1744 3099 1756 3115 ,
1789 3077 1822 3107 δε
1844 3074 2005 3118 sanguffiTs
2028 3080 2121 3120 copia
2144 3102 2156 3118 ,
2190 3082 2223 3112 &
2256 3079 2382 3120 impetu

1381 3132 1398 3152 a
1422 3130 1513 3163 tergo
1535 3120 1630 3163 usque
1662 3123 1693 3153 &
1729 3117 1825 3160 usque
1858 3121 1999 3161 urgentis
2023 3144 2036 3161 ,
2069 3124 2101 3154 δε
2131 3122 2247 3155 cerebri
2282 3123 2381 3157 etiarn

1380 3164 1513 3199 laxitate
1535 3187 1547 3204 ,
1578 3164 1673 3208 paulo
1695 3162 1792 3196 citius
1815 3185 1827 3201 ,
1859 3162 2016 3198 tardiusve
2040 3164 2173 3208 majores
2192 3189 2204 3206 ,
2228 3164 2383 3199 minores-

1377 3219 1414 3241 ve
1438 3218 1580 3241 cavernas
1614 3206 1681 3240 fieri
1709 3232 1717 3246 ,
1751 3204 1864 3248 hasque
1896 3217 1954 3248 pro
1990 3208 2145 3250 minori,
2178 3218 2232 3243 aut
2264 3208 2382 3252 majori

1379 3252 1537 3295 parietum
1583 3250 1773 3294 laceratione
1798 3271 1808 3287 ,
1852 3259 1905 3283 aut
1940 3261 1998 3292 pro
2043 3252 2128 3285 varia
2174 3252 2381 3287 lacerationis

1381 3293 1452 3327 sede
1487 3293 1586 3327 modo
1622 3293 1787 3326 conclusas
1811 3317 1820 3332 ‚
1866 3293 1966 3327 modo
1999 3295 2033 3328 in
2065 3296 2259 3329 ventriculos
2281 3320 2294 3337 ,
2327 3306 2382 3331 aut:

1380 3338 1558 3371 extrorsum
1580 3362 1592 3378 ,
1627 3347 1680 3379 per
1712 3335 1830 3368 cerebri
1864 3335 2014 3370 videlicet
2048 3337 2244 3380 superficiem
2275 3363 2286 3379 ,
2324 3349 2380 3374 aut

1379 3384 1476 3416 etiam
1521 3390 1658 3425 utroque
1703 3388 1847 3425 patentes
1873 3406 1880 3411 .
1924 3382 2023 3418 Cedit
2069 3382 2153 3416 enim
2200 3382 2382 3419 mollissima

2256 3436 2343 3462 cere·-

327 3539 2381 3559 fflmffl——m———ff—

491 3616 551 3641 edic.
574 3618 632 3640 Rat.
648 3618 679 3640 T.
697 3624 721 3644 4.
737 3617 762 3640 P.
779 3623 802 3638 2.
822 3615 845 3638 S.
865 3621 885 3637 1.
902 3621 923 3638 c.
940 3622 964 3642 7-
981 3611 1053 3637 Thes.
1072 3612 1171 3637 Pathol.
1190 3610 1214 3642 §.
1233 3618 1268 3635 10.

494 3684 541 3701 tax.
560 3677 575 3700 l.
588 3683 608 3699 2.
626 3677 680 3699 S.2.
698 3683 718 3699 c.
730 3683 751 3704 3.
768 3681 844 3703 art.7.

489 3707 559 3735 isput.
575 3707 604 3732 de
620 3706 670 3731 Off.
686 3705 799 3736 Epiphys.
822 3705 842 3737 §.
857 3713 893 3736 37.

466 3746 489 3764 n.
507 3745 528 3770 3.

380 3615 451 3678 (U)

379 3648 456 3739 st?

381 3739 449 3775 (y)

1332 3612 1344 3635 (
1358 3617 1381 3632 ‘m
1397 3608 1411 3637 )
1430 3608 1502 3638 Eplst·
1522 3615 1558 3637 37·
1576 3616 1600 3633 n,
1617 3615 1655 3636 27.

908 3676 943 3704 (r
961 3674 968 3703 )
986 3675 1055 3698 Cent.
1071 3681 1091 3697 ι.
1108 3671 1168 3700 obs.
1180 3681 1200 3698 1·
1220 3671 1242 3695 δι
1258 3672 1338 3695 Schol.

458 3619 587 3671 lxgaramas
603 3645 739 3672 hujusmodi
755 3645 809 3669 Vid.
826 3644 901 3669 etiarn
917 3643 1035 3673 Epist.6o.
1053 3651 1077 3667 n.
1090 3650 1111 3666 2·
1129 3644 1152 3666 δι
1168 3645 1190 3666 6.
1207 3641 1232 3665 in
1249 3639 1346 3665 cerebro
1357 3657 1365 3669 ,
1383 3642 1404 3664 lit
1421 3638 1551 3664 cerebello.

464 3680 489 3732 lg
957 3708 996 3733 su
1016 3704 1022 3733 )
1039 3703 1076 3728 Ad
1092 3702 1177 3728 Boerh.
1196 3701 1294 3737 Pra’lest
1322 3701 1346 3725 in
1365 3700 1443 3725 Instit.
1464 3700 1487 3730 §.
1500 3708 1552 3731 304.
1572 3705 1623 3725 not⁴
1644 3699 1666 3724 h.

1613 3641 1618 3664 s
1636 3647 1652 3669 p
1668 3638 1681 3667 )
1698 3608 1886 3668 Sdp'dldhsstltarf
1902 3609 2081 3668 Sfl'xsbbs.(9²s
2093 3609 2212 3664 ‹senscsigl-
2231 3638 2254 3663 ὃς
2269 3641 2383 3670 Append.

1403 3669 1468 3700 (s)
1484 3669 1543 3698 ἱρὴ,
1566 3671 1599 3692 N.
1617 3670 1645 3693 C,
1663 3669 1926 3731 centklssfsvsestlidd.
1943 3700 2016 3725 Cran.
2038 3698 2087 3723 offa
2100 3699 2232 3725 dissuendi.
