2498 4075
348 183 505 251 Epist.
544 186 703 237 Anat.
739 187 953 240 Medica
988 186 1406 240 XXXV111.Art.
1444 202 1522 255 43.
1555 190 1610 242 &
1640 203 1719 253 44.

90 261 148 298 hic
170 262 371 307 potissimum
394 264 608 300 attendimus,
631 263 668 296 id*
686 264 729 297 est
752 265 797 298 ita
821 266 854 298 in
889 264 1006 299 viscere
1038 267 1090 299 in-

93 316 202 347 narae,
225 308 321 340 utin
354 307 419 349 ejus
454 318 558 341 tamen
593 305 756 349 superficie
791 320 921 352 quoque
944 320 982 343 ex
1017 320 1089 350 par-

93 360 125 394 te
146 349 177 385 se
208 350 377 384 ostendant
402 365 411 388 3
446 351 518 384 sunt
543 373 553 388 ,
586 358 622 383 ut
654 350 836 385 dicebamus
858 377 866 392 ‚
898 354 931 386 in
965 353 1089 394 jecino-

93 405 154 432 re,
186 402 244 429 aut
276 393 356 428 liene
391 394 439 427 vel
473 393 703 435 frequentiores
727 421 734 427 .
770 396 822 429 Sic
856 396 964 428 ultimi
994 395 1089 437 hujus

93 438 219 479 generis
250 436 326 471 duas
359 448 458 480 nuper
490 437 559 471 vidi
593 437 626 468 in
660 436 824 480 cujusdam
857 439 986 473 Vetulae
1009 438 1089 481 jeci-

92 491 170 514 nore
194 506 204 522 ,
238 479 384 523 alioquin
416 479 493 514 sano
515 504 525 520 ‚
561 480 650 529 quod
684 493 773 515 oram
805 483 1021 522 anteriorem,
1052 481 1090 514 fi-

90 535 171 566 gura
208 534 374 566 nunquam
418 533 511 557 antea
545 535 561 556 a
595 534 643 556 me
675 525 871 567 conspe&a'‚
906 527 989 559 circa
1023 536 1090 558 rne-

89 568 181 602 dium
206 566 355 601 falcatam
376 567 535 604 habebat,
559 566 735 610 lobumque
758 567 915 603 sinistrum
937 580 1003 602 non
1027 569 1086 601 mi-

89 621 150 644 nus
181 610 413 653 propemodum
435 632 444 647 ‚
475 621 571 652 quam
602 609 793 651 dexterum,
818 610 847 644 se
881 612 910 645 se
940 611 1087 646 deorsum

90 653 354 697 producentem.
390 653 457 686 Sub
502 653 686 687 membrana
707 678 718 695 ,
753 653 865 688 faciem
909 665 1087 689 convexam

89 698 256 739 operiente
278 720 287 734 ‚
322 697 422 730 ambae
445 695 613 738 hydatides
645 709 683 730 ex
707 708 794 741 parte
818 700 924 741 aliqua
959 709 1086 742 appare-

90 741 169 783 bant
191 763 200 779 ‚
236 741 358 783 reliqua
392 743 476 772 intra
521 739 618 782 hepar
663 742 801 774 conditae
825 764 834 779 ,
869 753 966 783 parva
1000 753 1084 779 una,

90 782 177 817 haud
211 783 336 817 modica
370 783 598 830 alterato).
622 785 674 818 Sic
708 784 812 826 plures
844 785 877 817 in
912 785 973 818 suis
1005 786 1087 818 liene

90 825 330 863 animadverti,
353 825 496 868 insipidae
522 849 532 864 ,
565 836 618 861 aut
655 829 769 865 leviter
803 827 965 861 subdulcis
988 839 1086 869 caquae

89 871 197 913 plenas
222 893 229 901 .
264 869 317 903 Sic
363 870 395 901 in
440 870 568 904 alterius
612 870 751 912 jecinore
796 870 881 905 haud
916 872 1027 914 procul
1070 883 1087 904 a

87 913 256 956 crepidine
287 923 383 947 unam
422 913 515 947 cerasi
561 915 783 955 magnitudine
808 939 815 945 .
849 914 907 948 Sed
947 916 979 946 in
1022 914 1087 947 alio

88 955 314 999 magnitudine
337 956 423 989 varia
450 982 459 996 ‚
495 969 628 991 numero
661 958 811 1001 ingenti,
836 969 891 991 nec
926 966 1053 990 tantum
1077 979 1087 994 ‚

87 1009 124 1034 ut
146 1002 180 1032 in
204 999 365 1041 prioribus
387 1021 398 1038 ‚
432 999 647 1042 semisepultas
668 1023 681 1041 ,
714 1000 765 1034 sed
789 1003 820 1034 &
844 1002 947 1043 plures
980 1002 1087 1034 omni-

86 1054 131 1077 no
162 1044 248 1077 intus
280 1042 426 1076 conditas
451 1056 459 1078 :
490 1045 638 1077 omnium
674 1056 754 1087 aqua
787 1043 929 1077 craffiore
953 1065 964 1082 ,
997 1044 1089 1077 albo-

44 1122 47 1125 ,
86 1098 150 1130 que
174 1085 323 1120 folliculo
347 1086 699 1128 comprehendebatur.
720 1087 840 1121 ·Valde
856 1085 1087 1128 amplificatum

86 1139 153 1164 erat
186 1130 218 1163 id
253 1129 340 1171 jecur
366 1155 376 1171 ,
413 1129 601 1172 crassiusque
644 1130 779 1164 habebat
802 1153 813 1171 ‚
847 1142 948 1174 eoque
984 1131 1089 1164 multo

85 1184 184 1216 quam
208 1172 310 1206 soleat
336 1195 348 1213 ,
378 1174 482 1216 magis
515 1176 547 1206 in
582 1175 693 1207 oculos
725 1174 775 1208 vel
810 1175 914 1208 minus
947 1182 1086 1209 attentos

83 1217 250 1251 incurrens
284 1216 429 1250 albidum
460 1225 526 1251 rete
559 1228 625 1259 quo
657 1217 759 1252 lobuli
793 1218 1049 1260 intercipiuntur
1073 1240 1086 1258 ‚

85 1259 150 1294 five
168 1269 256 1294 extra
284 1282 294 1299 ‚
328 1258 391 1293 five
413 1261 499 1293 intus
526 1258 679 1301 specstares
703 1286 711 1293 .
746 1262 793 1303 Hi
827 1260 892 1294 sani
918 1273 928 1300 ‚-
967 1271 1003 1295 ut
1025 1273 1088 1294 cae-

85 1312 152 1338 tera
171 1303 328 1341 'viscera3
366 1303 424 1338 esse
456 1302 647 1338 videbantur
672 1317 681 1337 :
712 1303 762 1338 sed
795 1304 891 1347 cystis
914 1326 924 1342 ‚
955 1315 1086 1338 contra-

83 1348 134 1381 &a
170 1347 348 1390 plurimum
372 1370 386 1387 ,
416 1358 476 1389 pro
516 1346 588 1381 felle
621 1359 695 1388 non⁴
732 1349 848 1383 multas
892 1349 1084 1382 continebat

82 1399 192 1433 guttas
224 1391 310 1424 muci
354 1389 520 1431 cujusdam
563 1391 655 1424 nullo
694 1389 761 1424 'fere
793 1393 901 1426 colore
933 1392 1083 1432 praediri,

84 1443 122 1469 nt
145 1433 238 1467 illum
261 1434 337 1468 bilis
369 1433 556 1468 albicantem
575 1435 794 1476 propemodum
818 1434 948 1469 colorem
962 1436 994 1468 in
1018 1447 1083 1469 me-

83 1478 222 1514 moriam
256 1479 412 1519 redigeret
443 1488 540 1519 quem
574 1477 722 1511 Vesalius
756 1481 843 1520 (p)
879 1476 908 1511 se
939 1477 1051 1512 vidisse
1076 1500 1085 1515 ,

80 1522 215 1557 testatus
234 1521 278 1555 est
300 1531 470 1563 antequam
495 1520 800 1555 Diemerbroeckius
823 1524 854 1555 &
877 1521 946 1563 post
978 1520 1083 1563 ipsum

80 1566 142 1599 alii·
173 1565 229 1605 qui
261 1565 379 1608 pariter
409 1566 442 1597 in
483 1562 692 1605 Sepulchreto
723 1565 894 1598 laudantur
915 1587 925 1603 ‚
959 1565 1079 1607 aliique

79 1608 424 1649 deincepsccandidum
449 1631 458 1646 ‚
491 1606 727 1647 lacflescentem,
753 1607 885 1641 lacteum
923 1619 981 1650 pro
1015 1608 1079 1641 bile

80 1652 252 1686 humorem
275 1649 517 1691 conspicerent.
543 1651 669 1684 Verum
694 1662 730 1684 ne
755 1651 794 1683 ab
818 1652 859 1684 iis
891 1650 930 1685 de
966 1652 1083 1694 quibus

80 1696 268 1738 loquimur,
291 1693 386 1727 lienis
401 1718 409 1731 ‚
432 1695 462 1726 ὅ(
486 1691 609 1733 hepatis
633 1693 846 1736 hydatidibus
868 1694 1050 1729 recedamus
1074 1708 1083 1733 3

79 1739 117 1771 ad
155 1735 294 1779 ipsarum
328 1746 426 1777 genus
458 1735 597 1777 speetare
630 1735 760 1772 fortasse
783 1737 913 1778 credes,
936 1750 1014 1780 quas
1050 1740 1083 1772 in

79 1780 267 1816 hominibus
304 1778 559 1814 Hunerwolffius
583 1784 593 1819 (
617 1791 635 1822 q
659 1785 670 1821 )
708 1781 861 1815 describit
885 1792 1001 1824 praeter
1032 1784 1085 1815 ad-

78 1832 191 1861 natas‚
216 1822 324 1865 hepati
348 1826 389 1858 Θ·
414 1821 490 1856 lieni
513 1823 610 1856 eciam
632 1825 783 1862 innatas,
810 1833 865 1859 aut
889 1836 961 1867 quae
993 1825 1085 1858 Hor-

77 1867 139 1902 stio
160 1868 179 1911 (
197 1878 212 1899 r
234 1869 249 1906 )
271 1867 303 1899 in
326 1865 425 1906 puelli
448 1864 557 1907 hepate
571 1888 581 1902 ,
605 1867 647 1900 Θ
670 1866 748 1901 liene
762 1866 865 1911 fovea:
887 1879 967 1910 aqua
984 1868 1083 1910 plenae

77 1910 290 1953 apparebant3
315 1909 413 1949 Quod
437 1906 458 1941 fi
482 1920 553 1950 quae
576 1910 610 1942 in
634 1912 711 1944 vivo
744 1910 980 1953 praecesserant‚
1007 1911 1084 1945 scire

77 1956 168 1995 cupis
192 1966 201 1991 3
236 1954 271 1985 in
308 1952 404 1985 altera
428 1951 627 1993 Sepulchreti
658 1952 897 1988 observatione
933 1954 1014 1998 (s)
1037 1956 1083 1988 le-

77 2008 132 2040 ges
154 2020 166 2037 ‚
199 1998 233 2029 in
264 2006 326 2037 qua
344 1993 492 2028 'dissectio
527 1995 635 2029 eadem
660 2000 794 2039 repetita
817 1998 859 2031 est
884 2010 894 2030 .-
929 1998 1017 2039 quod
1049 2001 1082 2031 iu

50 2042 175 2082 vlonga
220 2038 297 2072 'adeo
330 2039 479 2072 §cerione
513 2037 573 2072 hac
608 2040 702 2074 XXI.
736 2042 841 2075 minus
864 2063 873 2078 ‚
906 2053 1006 2083 quam
1048 2043 1083 2075 in

78 2082 243 2127 plerisque
284 2082 356 2114 aliis
378 2105 388 2121 ,
422 2081 602 2116 mirandum
636 2084 680 2116 est
702 2106 712 2121 ‚
747 2096 803 2119 nec
836 2085 930 2118 semel
965 2086 1049 2126 (t)
1076 2109 1086 2123 ‚

79 2125 246 2161 accidisse:
269 2125 412 2159 eamdem
439 2136 476 2158 ue
508 2126 553 2158 ob
585 2126 737 2167 causam,
760 2131 789 2161 &
825 2128 914 2161 fimul
949 2129 992 2162 ob
1029 2127 1083 2160 su-

78 2169 166 2209 cosas
188 2167 358 2204 Blancardi
381 2170 418 2201 de
435 2169 608 2209 criptiones
633 2171 724 2203 venia
748 2170 851 2204 danda
874 2170 969 2208 effer,
992 2171 1082 2212 quod

77 2215 114 2248 in
151 2212 425 2250 Additamentis,
448 2220 601 2254 tanquam
627 2223 718 2247 novae
740 2211 835 2255 hujus
866 2213 1082 2248 Observatio-

79 2268 134 2290 nes
157 2256 212 2298 (u
233 2260 266 2297 )‚
291 2266 334 2290 eae
368 2264 566 2297 reponantur
589 2279 601 2296 ,
635 2266 714 2297 quas
746 2257 886 2290 Bonetus
920 2266 1012 2290 antea
1049 2259 1082 2290 in

80 2300 232 2335 Seffione
254 2298 312 2332 hac
336 2298 403 2340 ipsa
435 2298 493 2339 (x
515 2301 525 2336 )
563 2295 760 2341 produxerat
782 2323 796 2339 ,
829 2299 972 2342 verisque
1006 2301 1082 2334 Au-

80 2343 227 2377 etoribus
256 2342 412 2385 Jodono,
437 2342 469 2374 δι
501 2343 601 2375 Pareo
637 2343 834 2376 attribuerat
859 2343 965 2385 (y);
988 2343 1047 2377 nifi
1070 2369 1082 2385 ‚

79 2386 170 2429 quod
192 2398 231 2420 ne
255 2384 447 2419 Blancardus
471 2390 481 2426 (
505 2397 530 2429 z
553 2389 563 2425 )
586 2385 718 2428 quidem
731 2384 872 2425 fecerat,
895 2397 958 2419 una
977 2386 1082 2429 Jodo-

79 2431 115 2463 ni
140 2429 338 2463 Observatio
360 2428 516 2471 discerpta
539 2428 612 2463 esset
635 2430 669 2461 in
692 2429 770 2463 duas
781 2429 906 2462 XXIX.
921 2432 952 2463 &
976 2431 1080 2464 XXX.

76 2474 131 2507 vel
154 2474 266 2516 potius
290 2483 328 2504 ex
351 2471 523 2505 Blancardi
557 2471 692 2506 Scholio
726 2473 759 2505 in
796 2474 933 2515 primam
950 2498 958 2512 ‚
982 2475 1081 2508 altera

79 2515 165 2550 faeta
187 2515 263 2550 esset
297 2513 498 2548 Observatio
523 2539 530 2547 .
570 2515 629 2548 Sed
663 2518 694 2548 &
726 2515 897 2559 Eggerdeii
922 2517 1081 2550 Observa-

78 2561 165 2593 tioni
198 2564 208 2600 (
233 2558 285 2599 a)
320 2570 391 2600 quae
422 2558 462 2593 ad
502 2558 684 2602 Thoracem
703 2560 835 2593 'attinet
870 2568 941 2593 tota
967 2583 976 2599 ‚
1010 2562 1081 2594 nul-

77 2604 127 2637 lus
151 2602 205 2637 hic
240 2601 298 2636 esse
320 2601 456 2636 debebat
490 2602 601 2642 locus,
624 2603 681 2636 ubi
705 2604 816 2645 agitur
847 2603 1021 2638 dumtaxat
1043 2605 1082 2637 de

79 2647 208 2680 Ventre
228 2657 242 2686 ,·
274 2654 328 2679 aut
351 2655 435 2679 certe
457 2647 544 2688 quod
581 2648 613 2678 in
645 2646 768 2680 duabus
790 2649 804 2686 (
825 2644 844 2680 h
868 2650 878 2685 )
904 2646 966 2681 huc
998 2648 1083 2689 pari-

80 2699 129 2723 ter
170 2689 255 2724 haud
296 2688 509 2732 spec‘tantibus
549 2687 673 2723 fastum
707 2691 749 2724 est
774 2714 784 2729 ‚
817 2690 952 2724 minime
985 2694 1085 2723 omit-

82 2733 220 2767 tendum
241 2756 251 2773 ,
293 2741 328 2766 ut
362 2732 419 2767 effe
464 2739 552 2767 extra
580 2733 744 2776 proprium
778 2733 878 2768 locum
925 2733 1086 2777 fignifica-

83 2784 194 2810 retur.
924 2807 926 2809 .

126 2831 181 2862 43.
205 2817 296 2851 Mihi
322 2828 399 2852 vero
423 2819 520 2860 longe
543 2818 605 2852 alia
628 2820 715 2852 ratio
734 2821 779 2855 est
804 2844 814 2860 ,
845 2831 902 2853 cur
934 2819 988 2853 hic
1019 2821 1083 2854 tibi

82 2863 122 2896 de
151 2861 316 2896 Thoracis
348 2860 522 2895 visceribus
555 2873 711 2904 perpauca
733 2864 828 2897 verba
852 2863 1050 2906 interjiciam
1076 2891 1084 2899 .

83 2906 205 2948 Neque
229 2905 314 2938 enim
348 2904 414 2939 sola
436 2906 573 2940 Ventris
596 2905 718 2939 viscera
749 2906 929 2949 illiusmpdi
953 2906 1086 2949 hydati-

83 2949 200 2987 dibus,
222 2950 252 2982 &
274 2948 366 2990 quod
395 2949 548 2991 ‘consequi
583 2949 665 2983 mihi
686 2949 812 2984 videtur
838 2972 847 2988 ‚
879 2950 1086 2986 cicatricibus

84 2993 227 3026 obnoxia
250 2990 325 3025 sunt
350 3003 360 3023 .·
392 2991 603 3027 Pulmonibus
625 3016 633 3031 ,
671 3001 764 3035 atque
788 2995 868 3028 adeo
901 2995 991 3028 cordi
1024 2995 1085 3037 hy-

80 3035 206 3070 datides
226 3033 297 3075 illas
320 3035 508 3075 increscere,
530 3048 569 3070 ex
592 3036 753 3069 Veterum
770 3059 783 3077 ,
818 3039 1050 3072 Recentiorum
1072 3062 1085 3079 ‚

84 3082 117 3113 &
161 3079 239 3112 meis
282 3089 414 3121 quoque
459 3078 756 3113 Observationibus
788 3081 848 3114 tibi
884 3082 960 3114 alias
1000 3086 1084 3123 (c)

86 3121 247 3156 ostensum
281 3119 353 3170 est..
387 3122 419 3154 Si
445 3133 522 3164 crgo
554 3123 729 3165 aliquando
752 3123 858 3167 aliqua
881 3136 989 3158 earum
1011 3137 1083 3168 quae

90 3178 106 3199 a
131 3165 225 3199 nobis
245 3163 388 3201 definitae
412 3165 506 3205 sunt,
529 3167 719 3199 cicatricum
738 3167 771 3198 in
796 3168 951 3202 alterutro
973 3180 1089 3202 occur-

86 3216 153 3243 rat‘
173 3208 291 3242 viscere
314 3231 322 3247 ‚
356 3216 393 3241 ut
428 3217 513 3242 certe
537 3208 618 3242 mihi
641 3212 675 3242 in
699 3211 855 3245 exteriore
878 3211 985 3245 cordis
1007 3211 1088 3247 facie

85 3250 250 3295 cujusdam
284 3251 599 3293 leporis-occurrit,
620 3253 709 3297 quod
743 3256 957 3288 animantium
989 3266 1087 3297 genus

85 3307 184 3339 quam
220 3294 334 3328 crebro
376 3292 586 3341 hydatidibus
618 3305 759 3331 tentetur
783 3320 793 3336 ,
827 3298 877 3331 vel
920 3310 958 3331 ex
992 3301 1086 3333 unius

87 3339 189 3374 Redii
212 3338 299 3380 (d)
323 3337 460 3371 leetione
495 3339 569 3372 satis
603 3340 749 3377 constat3
782 3341 862 3384 quid
896 3351 982 3376 vetat
1006 3364 1015 3379 ,
1047 3354 1085 3376 ne

87 3393 150 3425 qua
175 3383 209 3415 in
234 3390 324 3425 parte
343 3380 591 3417 semiconditam
602 3382 790 3427 hydatidem
801 3381 958 3426 viderim,
981 3386 1015 3419 in
1034 3398 1084 3419 ea—

228 3575 287 3609 yid.
304 3574 376 3609 Epist·
392 3578 431 3606 ⁶3·
449 3583 472 3600 n.
490 3577 514 3600 Β.
532 3575 557 3600 in
572 3575 615 3601 fin.
677 3579 691 3608 (
708 3584 723 3606 p
738 3577 752 3607 )
770 3579 858 3604 Exam.
875 3579 935 3604 Obs.
953 3580 1066 3608 Fallopp.

228 3614 252 3631 in
271 3606 395 3630 Additam.
412 3606 442 3630 ad
458 3606 528 3631 eand.
544 3614 579 3631 21.
597 3610 650 3637 Sep.
667 3609 727 3634 sest.
744 3609 804 3634 ΟΜ.
821 3612 861 3634 82.
924 3609 969 3640 (s

234 3637 325 3661 Confer
341 3636 401 3661 Obs.
418 3645 441 3665 4.
460 3637 482 3667 §.
500 3638 522 3661 8.
541 3645 597 3662 cum
614 3638 674 3664 Obs.
693 3645 713 3664 6.
731 3640 753 3669 §.
773 3647 812 3669 12,-
829 3640 891 3664 Obs.
908 3648 947 3665 ιο.

219 3670 240 3701 6,.
260 3670 281 3691 ⁸:
297 3673 350 3691 caet.
410 3667 425 3696 (
441 3674 456 3691 x
471 3668 483 3696 2
500 3667 558 3692 obs.
575 3676 613 3697 ²91
631 3678 669 3699 3²·
686 3672 708 3694 δι
724 3670 821 3696 fortasse
836 3671 906 3696 aliae.

210 3699 215 3724 l
232 3705 256 3720 in
275 3698 356 3721 Addit.
374 3697 404 3730 ad
419 3698 479 3722 hanc
497 3698 558 3722 Sest.
576 3707 614 3724 21.
633 3699 694 3724 obs.
711 3703 750 3725 61.

210 3727 224 3754 )
239 3728 365 3752 Offervaz.
380 3732 425 3751 int·
442 3728 489 3762 agli
506 3729 581 3754 anim.
598 3730 690 3755 vivent:
707 3732 751 3755 διο.
813 3731 827 3760 (
842 3739 854 3755 e
869 3733 882 3760 )
899 3740 922 3756 n.
941 3739 980 3760 ΔΞ.

212 3759 223 3785 )
240 3766 262 3781 n.
282 3760 318 3788 38.
383 3761 393 3783 (
410 3759 420 3781 i
437 3758 451 3786 )
467 3767 492 3785 m
507 3759 630 3785 Additam.
647 3761 675 3785 ad
691 3762 752 3787 hanc
767 3762 893 3790 Sepulchr.
912 3761 974 3786 Sest.
992 3760 1054 3785 obs.
1071 3763 1110 3786 82.

188 3796 210 3813 m
227 3788 241 3816 )
256 3789 286 3814 ad
302 3788 344 3813 cit.
360 3788 418 3813 ΟΜ.
436 3790 477 3818 83.
769 3793 811 3822 (ὀ
828 3793 840 3821 )
856 3791 928 3822 Epist.
946 3799 983 3817 21.
1002 3799 1025 3816 n.
1042 3800 1082 3822 47.

206 3578 218 3603 )

204 3613 212 3635 2

88 3671 144 3690 cum
205 3637 218 3690 ι)

539 3791 708 3822 (νήει-37·

980 3610 993 3638 )
1010 3610 1069 3634 Sect.
1086 3609 1137 3634 ead.
1155 3609 1215 3634 Obs.
1233 3617 1253 3639 3,
1272 3610 1294 3639 §.
1315 3618 1350 3635 12.

966 3639 987 3670 §.
1007 3647 1042 3663 12.
1060 3647 1115 3665 cum

932 3701 937 3704 ,
968 3672 1010 3699 (1
1029 3671 1042 3698 )
1058 3670 1116 3696 ebs.
1133 3673 1170 3700 48.
1189 3671 1211 3694 ει
1229 3672 1265 3699 38.

812 3700 853 3727 (b
869 3702 883 3730 )
901 3701 963 3725 Ibid.
982 3700 1040 3724 Obs.
1057 3706 1097 3731 76.
1113 3701 1135 3725 tc
1151 3710 1189 3731 79.

1043 3732 1057 3760 (
1070 3730 1089 3760 f
1100 3732 1114 3760 )
1129 3731 1218 3757 'fraite
1235 3731 1266 3756 du
1282 3733 1358 3756 Coeur
1374 3731 1390 3755 l.
1403 3741 1427 3760 4.
1444 3733 1482 3758 ch.
1501 3741 1522 3762 3.
1540 3742 1564 3757 n.
1581 3742 1604 3762 4.

1966 207 2057 254 109

1140 266 1214 300 dem
1255 276 1295 298 ex
1338 264 1500 307 hydatidis
1533 266 1713 300 inanitione
1736 292 1745 307 ,
1778 269 1809 301 δε
1848 268 1970 302 coalitu
2003 267 2135 301 cicatri-

1142 320 1212 343 cem
1243 307 1397 341 deducam
1422 315 1432 342 ?
1465 311 1572 352 Igitur
1602 318 1636 343 ut
1668 311 1702 342 in
1735 312 1886 349 Ventris,
1909 310 1950 344 sic
1982 312 2078 344 etiam
2100 312 2134 343 in

1143 352 1307 387 Thoracis
1348 351 1521 386 visceribus
1553 363 1661 386 earum
1690 364 1769 395 quas
1800 355 1869 388 dixi
1890 377 1903 395 ,
1945 354 2134 388 cicatricum

1138 397 1300 438 originem
1334 395 1374 427 ab
1397 394 1608 438 hydatidibus
1627 396 1761 430 deduces
1777 421 1785 428 .
1917 397 2064 435 Quarum
2087 395 2136 429 se-

1138 439 1280 473 cundum
1302 449 1430 481 quoque
1462 451 1558 481 genus
1580 443 1630 485 (ss
1653 443 1668 479 )
1690 437 1749 473 esse
1780 441 1814 473 in
1838 441 2043 482 pulmonibus
2067 438 2135 473 for-

1138 481 1214 517 taffe
1237 480 1473 523 agnoscendum
1494 505 1503 521 ‚
1538 484 1691 524 conjicies
1715 494 1753 516 ex
1775 494 1855 526 aqua
1878 485 1967 523 intra
1984 483 2068 525 ipsos
2098 483 2133 516 in

1138 524 1333 569 quibusdam
1355 525 1442 566 quasi
1476 524 1571 559 saccis
1593 526 1727 560 collecta
1742 548 1752 564 ,
1775 535 1811 560 ut
1834 528 1883 560 bis
1905 538 2035 570 quoque
2056 537 2135 561 con—

1139 569 1243 612 spexit
1268 567 1488 610 Ampliffimus
1512 570 1657 603 Senacius
1681 567 1736 612 (f
1753 572 1763 608 )
1778 594 1786 601 .

1182 623 1236 656 44.
1262 611 1319 645 Sed
1345 612 1438 644 aliam
1460 610 1514 645 hic
1550 625 1565 645 a
1598 624 1646 646 me
1669 613 1764 646 facile
1795 612 1938 654 expedias
1968 614 2104 656 originis
2126 611 2137 627 ²

1140 667 1206 691 non
1235 656 1423 688 cicatricum
1443 677 1455 694 ,
1489 655 1539 689 sed
1572 655 1764 698 hydatidum
1798 656 1995 698 quarundam
2037 657 2138 698 expli-

1138 701 1302 733 cationem
1326 720 1335 734 ‚
1373 699 1482 740 quales
1526 699 1678 732 videlicet
1709 701 1743 732 in
1776 699 1941 740 leporibus
1969 700 2137 742 conspexit

1140 742 1262 776 Redius
1286 743 1338 784 (g
1358 744 1372 781 )
1395 751 1459 774 non
1492 743 1590 776 modo
1611 743 1706 775 >intra
1729 741 1817 785 jecur
1851 744 2022 776 acervatim
2055 754 2136 776 con-

1137 784 1221 818 ditas
1243 808 1252 822 ,
1290 787 1321 817 δε
1352 786 1436 818 inter
1467 784 1498 818 se
1533 785 1699 827 colligatas
1725 807 1733 822 ‚
1765 786 1813 818 sed
1838 788 1868 817 &
1893 785 1949 818 sub
1971 784 2037 827 ejus
2062 807 2073 824 ,
2104 787 2135 818 &

1138 830 1241 862 totius
1273 827 1504 862 alimentorum
1540 829 1657 862 canalis
1690 830 1812 872 extima
1856 829 1967 862 tunica
1991 851 2000 866 ‚
2037 830 2137 861 inter-

1138 884 1200 913 que
1233 870 1411 904 mesenterii
1446 872 1645 906 membranas
1680 872 1741 906 fine
1776 872 1839 904 ulla
1860 883 1933 904 cum
1957 871 2007 905 his
2030 871 2136 905 cohae-

1139 915 1224 948 sione
1248 939 1256 953 ‚
1291 915 1358 947 imo
1391 917 1420 947 δε
1455 916 1570 949 liberas
1602 916 1739 958 plures,
1777 927 1811 948 ac
1847 917 1984 949 omnino
2017 915 2137 949 solutas

1139 959 1173 990 in
1208 958 1330 990 ventris
1364 958 1743 992 cavo'animalculorum
1776 956 1875 1002 instar
1908 970 1980 1000 quae
2014 958 2043 991 se
2076 956 2139 992 huc

1139 1001 1278 1042 illucque
1301 999 1446 1034 conferre
1471 1001 1593 1044 possent
1618 1023 1627 1036 2
1660 1001 1808 1044 degentes
1831 1016 1839 1039 3
1874 1011 1909 1035 ut
1932 1004 1964 1034 in
2001 1011 2140 1035 mentem

1139 1045 1200 1085 ipsi
1226 1043 1367 1081 venerit,
1390 1047 1477 1086 quod
1500 1047 1531 1078 &
1556 1045 1707 1087 Tysonio
1720 1047 1845 1087 postea,
1871 1055 1905 1078 ut
1931 1047 2021 1086 supra
2047 1046 2061 1082 (
2084 1044 2137 1086 b)

1139 1089 1207 1121 dixi
1232 1110 1240 1124 ‚
1277 1088 1459 1128 perquirere
1484 1110 1493 1125 ‚
1528 1099 1565 1121 an
1600 1087 1719 1121 inseeta
1742 1088 1889 1130 quaedam
1914 1110 1923 1125 ‚
1957 1088 2006 1121 vel
2029 1088 2138 1130 potius

1140 1132 1331 1174 embryones
1375 1142 1486 1163 eorum
1538 1128 1635 1165 essent
1659 1144 1665 1163 :
1706 1143 1842 1174 quarum
1882 1131 2140 1172 conjecturarum

1138 1175 1220 1209 hanc
1254 1173 1324 1216 jure
1348 1185 1364 1206 a
1389 1174 1541 1216 Tysonio
1566 1174 1715 1219 rejeRam
1754 1174 1848 1207 video
1870 1186 1883 1213 ;
1914 1176 2054 1216 primam
2086 1185 2142 1206 au-

1139 1228 1239 1257 tem;
1273 1226 1308 1250 ut
1344 1226 1460 1250 caetera
1492 1219 1680 1254 omittam3
1713 1217 1799 1250 haud
1831 1217 1906 1250 satis
1939 1229 2014 1251 cum
2049 1228 2142 1258 expe—

1140 1262 1288 1296 rimentis
1321 1271 1498 1302 congruere
1522 1284 1530 1298 ‚
1557 1271 1634 1308 >quae
1660 1260 1914 1302 limpidiffimam
1947 1272 2009 1302 qua
2042 1261 2141 1301 plenae

1138 1314 1228 1340 erant
1251 1329 1261 1344 ,
1296 1315 1410 1346 aquam
1443 1306 1528 1347 ignis
1553 1307 1585 1337 vi
1610 1315 1773 1346 nunquan]
1797 1305 2014 1343 concrevisse,
2037 1303 2143 1336 osten-

1137 1350 1254 1383 derunt
1278 1372 1286 1379 .
1321 1348 1491 1389 Tysonius
1525 1358 1605 1380 vero
1629 1369 1638 1385 ,
1676 1348 1822 1390 quamvis·
1858 1348 1969 1390 primae
1993 1346 2041 1380 isti
2066 1357 2144 1379 con-

1137 1393 1269 1436 jecturae
1305 1390 1448 1424 addictus
1480 1403 1553 1426 cum
1576 1401 1708 1433 propter
1743 1392 1800 1425 alia
1826 1414 1834 1429 ‚
1871 1400 1940 1425 tum
1971 1402 2048 1433 quia
2074 1389 2144 1423 sua-

1138 1448 1210 1469 rum
1255 1435 1449 1475 hydatidum
1472 1458 1481 1473 ‚
1514 1446 1585 1477 quae
1617 1445 1655 1467 ex
1689 1435 1760 1467 aliis
1793 1434 1927 1476 sumptae
1963 1442 2053 1468 erant
2089 1433 2145 1466 be-

1136 1481 1224 1517 stiis,
1248 1479 1366 1511 intima
1390 1480 1500 1513 tunica
1524 1477 1647 1510 nullam
1672 1489 1745 1510 cum
1771 1479 1890 1512 extima
1914 1489 1977 1521 qua
2002 1476 2144 1519 undique

1134 1522 1325 1564 cingebatur
1350 1545 1358 1560 ‚
1395 1520 1606 1555 cohaefionem
1631 1519 1768 1553 habebat
1793 1533 1802 1559 3
1835 1519 1928 1555 fassus
1950 1520 1992 1554 est
2015 1530 2146 1558 tamen,

1136 1566 1218 1600 hanc
1241 1567 1395 1600 extimam
1416 1564 1498 1608 vafis
1515 1563 1695 1606 sanguineis
1718 1563 1896 1603 instruerem
1918 1562 1973 1607 effe
1997 1586 2006 1601 ,
2041 1575 2142 1605 neque

1134 1609 1307 1652 hydatides
1334 1609 1459 1642 cunetas
1482 1608 1542 1641 effe
1556 1606 1650 1648 hujus
1664 1609 1815 1649 generis,
1839 1606 2005 1650 speciatim
2017 1617 2088 1649 quae
2111 1606 2145 1639 in

1139 1654 1260 1686 ovariis
1291 1651 1548 1693 hydropicarum
1581 1651 1753 1683 mulierum
1788 1650 1866 1692 saepe
1897 1653 2110 1684 inveniuntur
2134 1675 2144 1689 ,

1139 1695 1234 1731 fastae
1270 1696 1423 1728 videlicet
1458 1706 1497 1727 ex
1541 1691 1751 1736 amplificatis
1789 1693 1969 1731 veficuli53
2014 1692 2076 1727 five
2110 1703 2145 1727 ut

1138 1739 1203 1781 ipse
1237 1740 1388 1773 credebat
1410 1738 1539 1776 ovulis5
1563 1749 1635 1780 quae
1661 1736 1833 1771 secundum
1868 1748 2018 1773 naturam
2051 1739 2083 1770 in
2108 1739 2146 1770 iis

1138 1783 1235 1823 sunt,
1258 1783 1399 1824 itemque
1420 1794 1468 1815 eas
1491 1792 1569 1823 quas
1592 1792 1630 1813 ex
1654 1790 1767 1822 aperto
1790 1781 1886 1814 latere
1908 1782 2041 1816 dextero
2066 1793 2146 1822 pau-

1136 1828 1171 1861 lo
1204 1824 1288 1859 infra
1324 1824 1421 1859 costas
1465 1824 1584 1866 spurias
1620 1823 1766 1857 fceminae
1809 1834 1887 1859 tunc
1923 1826 2111 1867 aegrotantis
2137 1850 2146 1864 ,

1138 1870 1247 1913 postea
1285 1878 1391 1901 autem
1423 1868 1594 1910 persanatae
1621 1892 1630 1907 ‚
1662 1878 1829 1910 erumpere
1853 1867 1937 1902 vidit
1961 1880 2035 1903 curn
2061 1869 2146 1902 mul-

1138 1923 1172 1946 ta
1205 1924 1285 1956 aqua
1323 1911 1459 1954 limpida
1493 1911 1530 1944 ad
1566 1911 1759 1953 quingentas
1782 1911 1983 1954 ‚jejusmodi
2023 1913 2144 1954 pariter

1139 1969 1219 1998 aqua
1268 1957 1410 1997 turgidas
1434 1980 1442 1988 .
1477 1955 1630 1997 Repertae
1662 1953 1776 1988 deinde
1819 1955 1893 1990 sunt
1929 1956 1969 1989 ab
2012 1956 2146 1989 Huner-

1138 1999 1263 2032 wolffio
1288 2002 1298 2038 (
1323 2000 1335 2032 i
1359 2003 1368 2038 )
1394 2020 1403 2035 ‚
1435 2001 1466 2031 &
1489 1998 1697 2032 Hartmanno
1728 2002 1739 2038 (
1763 1997 1842 2041 k),
1865 2000 1906 2033 ab
1930 2001 1990 2033 illo
2013 2000 2046 2032 in
2072 2011 2146 2033 mu-

1135 2043 1213 2076 liere
1246 2043 1417 2085 hydatides
1448 2052 1519 2083 quae
1545 2049 1659 2083 preater
1692 2040 1847 2083 liquamen
1879 2043 2074 2086 gummosum
2098 2043 2146 2076 al·-

1133 2085 1209 2119 bum
1232 2110 1241 2126 ,
1275 2088 1306 2119 in
1323 2085 1357 2128 se
1380 2084 1577 2119 continebant
1607 2084 1688 2120 alias
1712 2086 1867 2119 tenuiores
1897 2086 2040 2128 vesicas,
2063 2085 2145 2128 lym-

1126 2128 1199 2169 phae
1231 2128 1339 2170 plenas
1363 2152 1371 2168 ,
1413 2128 1452 2161 ab
1484 2127 1546 2161 hoc
1571 2138 1678 2162 autem
1711 2129 1745 2161 in
1777 2138 1855 2162 cane
1889 2130 1979 2164 intra
2013 2141 2110 2164 unam
2134 2154 2144 2169 ,
2188 2134 2189 2138 ’

1136 2171 1332 2214 eandemque
1368 2171 1588 2205 membranam
1611 2193 1620 2209 ,
1655 2183 1727 2215 quae
1750 2173 1874 2207 omenti
1898 2183 1968 2208 erat
1995 2198 2004 2212 ,
2042 2175 2144 2215 pluri-

1136 2226 1196 2247 mae
1219 2214 1311 2248 simul
1334 2214 1567 2257 comprehensae
1592 2237 1601 2252 ‚
1639 2225 1675 2248 ut
1698 2216 1752 2248 illa
1777 2217 1962 2250 membrana
1985 2217 2108 2251 divulsa
2131 2241 2141 2256 ‚

1133 2260 1175 2290 aci
1196 2257 1296 2292 levem
1317 2256 1487 2302 preffuram
1511 2258 1682 2300 hydatides
1700 2258 1902 2301 prosilirent,
1925 2272 2063 2302 quarum
2096 2261 2140 2294 li-

1133 2312 1219 2342 quor
1261 2303 1411 2346 coctione
1453 2312 1517 2334 non
1550 2302 1772 2336 concrescebat
1794 2325 1808 2342 ,
1839 2304 2001 2346 coagulum
2035 2314 2141 2339 tamen

1133 2345 1288 2386 quoddam
1311 2345 1416 2379 secum
1450 2344 1622 2383 habebat,
1653 2347 1765 2379 tunica
1798 2355 1906 2380 autem
1941 2347 2141 2389 singularum

1134 2388 1270 2430 propria
1303 2399 1341 2420 ex
1366 2388 1513 2430 pluribus
1537 2388 1608 2422 aliis
1630 2390 1829 2423 membranis
1852 2391 2041 2432 compasta,
2062 2390 2142 2426 den-

1136 2430 1168 2464 sa
1202 2441 1268 2464 erat
1302 2432 1381 2465 adeo
1405 2455 1413 2470 ,
1449 2441 1485 2464 ut
1508 2431 1632 2465 disciffa
1655 2443 1719 2465 non
1754 2433 1990 2475 collaberetur,
2016 2435 2140 2470 eadem-

1132 2485 1197 2516 que
1230 2474 1343 2508 laevem
1377 2474 1602 2517 pinguedinem
1647 2477 1794 2517 tangenti
1827 2476 1984 2511 offerebat
2007 2503 2016 2518 ‚
2046 2478 2137 2521 cujus

1131 2516 1270 2550 multum
1293 2517 1464 2558 hydatides
1497 2519 1598 2552 coekae
1621 2520 1850 2552 exudaveranr.
1884 2522 2023 2556 Minime
2054 2535 2137 2566 quo-

1135 2571 1199 2602 que
1229 2571 1381 2594 connexae
1412 2571 1499 2595 erant
1529 2563 1614 2596 inter
1646 2560 1675 2594 se
1698 2573 1775 2605 quas
1811 2563 1873 2596 Vir
1906 2565 1959 2599 Cl.
1996 2566 2139 2600 Alexan-

1133 2603 1191 2637 der
1235 2601 1441 2638 Camerarius
1475 2609 1484 2644 (
1517 2604 1529 2637 l
1559 2608 1573 2644 )
1606 2605 1684 2638 bene
1730 2605 1847 2639 multas
1890 2607 2138 2652 deprehendit,

1138 2658 1256 2689 aquarn
1287 2650 1492 2682 continentes
1524 2647 1692 2691 limpidam
1718 2672 1728 2688 ‚
1765 2652 2007 2693 comprehensas
2032 2664 2137 2689 autem

1137 2691 1346 2725 membraneo
1370 2692 1459 2726 sacco
1482 2717 1491 2734 ‚
1524 2703 1591 2733 quo
1614 2693 1868 2727 iimulsteatoma
1892 2697 1993 2731 virilis
2015 2698 2137 2741 jecino-

1137 2735 1181 2767 ris
1215 2735 1467 2770 concludebatur
1489 2760 1496 2767 .
1534 2736 1620 2769 Cum
1654 2735 1735 2770 mihi
1767 2739 1904 2773 necdum
1938 2744 2136 2785 contigerit,

1137 2788 1173 2819 ut
1203 2779 1236 2811 in
1269 2778 1426 2822 ejusmodi
1458 2779 1627 2812 inciderim
1668 2779 1869 2821 hydatides:
1903 2783 2041 2819 aliorum
2073 2786 2136 2819 tibi

1137 2821 1392 2856 Observationes
1427 2834 1504 2865 quas
1539 2821 1634 2855 facile
1669 2822 1815 2857 conferre
1846 2825 1944 2866 posses
1970 2853 1981 2869 ,
2011 2828 2136 2863 indica.

1137 2876 1171 2898 re
1194 2864 1246 2899 hic
1281 2866 1380 2899 malui
1404 2890 1416 2906 ‚
1449 2876 1546 2907 quam
1569 2876 1679 2899 eorum
1703 2878 1774 2908 quae
1795 2868 2059 2914 perscrutariipse
2070 2884 2135 2908 non

1136 2911 1253 2949 potui,
1276 2910 1527 2950 explicationem
1561 2907 1688 2942 afferre.
1712 2911 1873 2947 'Tentavit
1897 2913 1931 2947 id
1955 2916 2135 2949 Hartman-

1136 2962 1194 2985 nus
1227 2953 1260 2985 in
1294 2953 1355 2985 suis
1378 2976 1388 2994 ,
1419 2964 1458 2985 eo
1491 2951 1653 2994 adscripto
1687 2952 1820 2987 Scholio
1844 2959 1854 2993 (
1879 2960 1944 2996 m)
1975 2959 2061 3002 quod
2098 2969 2134 2994 ut

1136 2995 1200 3029 tibi
1234 2995 1358 3038 placeat
1381 3021 1391 3036 ‚
1424 2995 1601 3037 plurimum
1644 3007 1754 3030 vereor
1777 3022 1784 3029 .
1818 2998 1952 3036 Quaeres
1992 3004 2101 3044 potius
2122 3026 2136 3044 ‚

1138 3049 1177 3071 an
1200 3038 1261 3072 sint
1284 3049 1356 3081 quae
1390 3039 1491 3080 magis
1526 3039 1639 3082 probes
1670 3040 1753 3081 apud
1776 3042 1878 3075 Viros
1900 3043 1980 3078 alios
2001 3045 2134 3080 Doffis-

1137 3082 1233 3116 fimos
1255 3104 1268 3121 ,
1300 3081 1475 3125 praesertim
1511 3093 1588 3115 vero
1623 3084 1707 3125 apud
1737 3083 1810 3117 illos
1841 3087 1897 3128 qui
1931 3087 1970 3121 de
2004 3090 2134 3132 inorga-

1137 3127 1208 3160 nica
1239 3135 1405 3159 tumorum
1437 3123 1629 3166 cysticorum
1662 3126 1884 3163 efformatione
1908 3129 2102 3173 scripserunt
2123 3155 2134 3172 ,

1138 3179 1194 3202 aut
1226 3171 1283 3211 qui
1317 3177 1461 3204 natantes
1492 3169 1640 3203 veficulas
1673 3172 1707 3205 in
1750 3182 1913 3205 tumorum
1957 3175 2133 3211 eorundem

1139 3212 1273 3246 humore
1295 3211 1373 3254 saepe
1395 3212 1444 3246 his
1476 3214 1677 3255 temporibus
1700 3225 1937 3248 memorarunt.
1972 3220 2046 3259 Ego
2080 3230 2133 3253 ve-

1139 3267 1176 3288 ro
1209 3255 1265 3288 etfi
1288 3256 1322 3287 in
1356 3254 1548 3298 quibusdam
1580 3254 1793 3299 hydatidibus
1816 3269 1850 3291 ea
1874 3259 2034 3303 transpexi
2057 3273 2132 3304 quae

1140 3299 1230 3338 supra
1256 3302 1269 3338 (
1290 3309 1310 3331 n
1331 3301 1345 3338 )
1366 3299 1527 3339 indicavi,
1549 3301 1658 3333 imoin
1682 3301 1835 3338 foemina,
1861 3301 1923 3334 tibi
1947 3304 2022 3336 alias
2046 3308 2057 3343 (
2080 3317 2096 3337 ο
2117 3308 2132 3343 )

1138 3341 1297 3384 descripta
1320 3364 1333 3381 ,
1362 3352 1490 3376 tenuem
1522 3344 1674 3378 intimam
1697 3343 1890 3384 hydatidum
1914 3348 2057 3380 tunicam
2081 3352 2133 3381 in-

1137 3385 1290 3419 struetam
1313 3386 1384 3439 vidix
1408 3387 1619 3424 albicantibus
1643 3386 1796 3425 vasculis,
1819 3388 1853 3420 in
1875 3386 1929 3422 sue
1953 3400 2061 3423 autem
2095 3392 2130 3425 in

1998 3433 2093 3476 quas-

1516 3522 1593 3530 ....
1781 3514 1789 3519 ,⁴

1126 3578 1136 3608 (
1153 3587 1168 3609 q
1185 3579 1199 3608 )
1215 3579 1337 3608 Sepulchr.
1353 3579 1412 3604 Obs.
1427 3588 1450 3609 4,
1467 3580 1510 3605 cit.
1530 3580 1553 3610 §.
1570 3587 1605 3609 14.

1411 3611 1426 3639 ζ
1441 3618 1451 3634 t
1467 3611 1480 3639 )
1500 3611 1561 3636 lbid.
1578 3610 1637 3634 Obs.
1654 3612 1677 3634 6.
1699 3610 1721 3640 §.
1738 3620 1763 3642 7,-

1376 3640 1398 3671 §.
1414 3648 1435 3664 ι.
1452 3649 1507 3666 cum
1525 3643 1548 3672 §.
1563 3650 1586 3670 7.
1605 3640 1663 3665 Obs.
1682 3649 1716 3670 55·
1741 3644 1762 3673 §.
1778 3651 1799 3667 ι.
1816 3650 1871 3668 cum
1899 3643 1923 3673 §s
1946 3649 1986 3674 17,·
2009 3643 2032 3668 ἃ
2054 3644 2078 3675 ς.
2095 3650 2132 3673 13.

1326 3672 1339 3699 (
1356 3679 1374 3699 ζ
1389 3672 1402 3698 )
1419 3673 1491 3696 Anat.
1508 3672 1582 3701 prast.
1600 3674 1658 3696 Rat.
1676 3672 1735 3698 Obs.
1751 3675 1788 3702 84-

1252 3703 1266 3730 (
1280 3709 1291 3725 c
1308 3701 1321 3730 )
1337 3701 1411 3731 Epist.
1430 3705 1467 3726 16.
1484 3711 1507 3727 n.
1520 3704 1561 3739 ᾗς.
1579 3705 1601 3727 8:
1616 3711 1655 3732 44.

1134 3640 1156 3670 §.
1175 3649 1231 3670 17.‚
1248 3640 1303 3664 Obs.
1320 3647 1357 3664 21.

1666 3730 1675 3758 (
1690 3741 1709 3762 g
1724 3734 1738 3761 )
1754 3734 1875 3759 Offervaz.
1891 3734 1934 3758 cit.

1166 3763 1211 3792 (k
1229 3762 1321 3796 )1bid‚
1337 3761 1396 3791 obs,
1414 3764 1455 3792 83.
1515 3765 1522 3794 (
1542 3762 1646 3794 t)Ast.
1662 3765 1695 3788 N.
1715 3767 1745 3789 C.
1762 3768 1837 3789 Terei.
1856 3773 1880 3795 3..
1898 3764 1956 3790 Obs.
1976 3772 2026 3790 ize.
