2498 4075
248 2189 252 2194 -
308 2171 365 2213 qui
410 2171 444 2205 in
493 2163 587 2202 corde
613 2187 621 2202 ²

379 88 477 152 258

322 169 448 212 agimus
474 191 486 208 ‚
522 163 574 202 sed
595 162 701 197 cordis
724 161 947 207 excrescentias
978 158 1127 194 viderunt
1151 182 1159 191 .
1190 160 1328 199 ,Verum

316 211 407 246 aliud
430 210 474 245 est
499 209 694 254 polyporum
716 206 802 250 quasi
827 204 981 239 radiculas
1005 203 1040 235 in
1061 201 1167 236 cordis
1179 203 1328 237 minimas

315 255 459 292 foveolas
481 277 494 294 ‚
538 254 571 285 δε
594 248 787 287 foraminula
811 248 840 282 se
873 247 1005 283 inserere
1029 268 1041 286 ,
1084 245 1232 282 vasorum
1276 257 1330 278 au-

320 309 388 333 tem
434 308 490 341 per
534 295 563 331 se
586 319 595 333 ‚
641 304 695 329 aut
741 295 826 327 intra
869 290 898 324 se
945 290 1125 332 repentium
1169 288 1328 332 quandam

321 340 485 380 interdurn
520 336 768 375 similitudinem
802 333 997 372 ostendere3
1045 333 1133 367 aliud
1155 334 1328 366 continua-

318 387 348 421 ri
373 386 466 419 fibras
490 382 600 425 ipsas,
623 385 655 414 δι
679 382 775 416 certis
798 390 832 413 ac
856 376 1069 421 peculiaribus
1087 376 1333 413 tunicisinstru·

321 429 373 463 &a
396 427 466 461 vasa
491 425 548 463 sub
569 425 681 458 oculos
704 447 717 465 ,
750 427 782 457 δε
806 421 989 464 scalpellum
1014 419 1123 454 cadere
1167 420 1227 452 hos
1272 430 1331 462 po—

316 472 414 514 lypos
436 469 675 507 incidentium.
809 467 909 498 Certe
934 463 1081 498 Valsalva
1107 473 1142 496 ut
1165 463 1247 495 olim
1282 463 1334 494 in-

316 515 460 552 clinabat
484 514 517 546 in
542 511 625 545 hanc
650 510 837 545 sententiam
861 531 874 549 ,
905 509 950 541 ita
984 507 1043 541 fibi
1089 506 1230 549 pluscula
1278 515 1332 548 per

338 557 475 595 uendam
499 556 658 599 polypum
681 554 787 587 videre
812 552 934 586 vascula
968 552 1052 585 visus
1083 550 1126 584 est
1149 573 1162 590 ,
1195 561 1266 592 quae
1300 552 1332 581 &

314 570 493 645 diligenter
515 599 729 638 delineaverat
753 608 764 635 ς
810 594 861 629 sed
886 607 925 629 ex
947 593 1101 627 fimilium
1135 593 1333 636 polyporum

317 646 465 684 examine
488 643 650 680 fallaciam
674 639 766 675 sensit
791 665 801 681 ‚
847 641 880 671 &
912 649 983 680 quae
1029 647 1117 670 antea
1165 635 1334 670 dilineave-

314 697 364 725 rat
388 713 402 729 ,
446 687 554 731 postea
600 685 720 720 delevit
744 707 753 715 .
899 680 1049 715 Tandem
1094 681 1151 723 qui
1197 680 1334 722 polypos

312 733 467 776 pituitam
491 729 550 767 esse
572 752 584 770 ‚
615 728 767 763 dixerunt
793 752 803 765 ‚
837 725 860 758 fi
886 725 974 758 aliud
997 723 1060 757 hoc
1085 724 1215 757 nomine
1237 734 1331 765 quam

314 776 486 812 materiam
531 784 569 809 cx
612 783 674 814 qua
719 768 821 804 crusta
866 768 904 801 fit
928 791 941 809 ,
985 776 1138 801 concreto
1183 766 1330 809 sanguini

315 818 455 854 infidens
478 841 491 859 ,
536 815 757 858 significarunt
793 838 803 853 ‚
843 823 908 844 non
953 812 1000 843 ita
1043 819 1127 850 certe
1174 809 1332 852 probandi

311 862 385 900 sunt
425 887 435 902 ,
482 868 518 894 ut
562 860 620 902 qui
665 858 755 891 illam
801 854 904 898 ipsam
952 857 1120 889 materiam
1165 854 1332 887 intellexe-

313 914 390 938 runt
415 929 423 942 ,
473 904 585 944 Qam
629 902 716 935 enim
763 900 860 933 aliam
907 897 972 932 hoc
1018 908 1162 942 tempore
1209 897 1265 931 nisi
1291 896 1331 929 il-

312 949 377 982 lam
424 947 596 981 materiam
640 944 757 988 polypi
803 943 1002 986 praecipuam
1057 947 1087 976 δε
1135 942 1329 985 peculiarem

309 991 368 1030 esse
412 990 574 1025 censemus
598 988 611 1022 ?
656 997 711 1022 aut
756 986 845 1030 quod
868 986 1037 1020 discrimen
1061 988 1145 1019 inter
1168 997 1235 1018 eam
1257 996 1330 1018 cru-

308 1035 387 1069 stam
410 1058 435 1082 ‚⁴
461 1037 493 1068 &
539 1032 710 1076 olyposam
732 1031 975 1065 concretionem
997 1043 1013 1063 a
1038 1028 1228 1075 Malpighio
1249 1052 1264 1069 ,
1296 1030 1328 1061 &

312 1079 460 1117 Willilio
485 1090 499 1111 a
526 1086 675 1110 notatum
712 1073 806 1111 §uiffe
829 1098 842 1115 ,
875 1083 929 1107 aut
977 1085 1079 1108 revera
1125 1072 1182 1109 esse
1208 1097 1216 1112 ,
1260 1080 1333 1104 tum

309 1122 371 1160 hos
394 1121 532 1165 legendo
558 1146 568 1161 ‚
601 1129 672 1154 tum
696 1118 771 1155 illas
793 1117 966 1160 diligenter
989 1141 999 1156 ‚
1036 1127 1206 1159 earumque
1253 1114 1334 1148 stru-

308 1166 435 1200 &uram
459 1163 673 1202 examinando
695 1186 708 1204 ‚
754 1161 1039 1204 comparandoque
1061 1184 1074 1201 ‚
1108 1160 1250 1194 invenire
1275 1170 1334 1201 po-

306 1211 375 1249 tuit
399 1211 463 1243 Vir
484 1208 538 1245 Cl.
563 1207 709 1244 Andreas
736 1204 823 1239 Pasta
847 1208 861 1245 (
884 1215 899 1238 e
920 1209 934 1244 )
959 1204 975 1238 ,ἓ
1106 1204 1201 1238 Illam
1226 1211 1332 1235 autem

313 1254 484 1293 materiam
531 1250 625 1286 fuisse
671 1251 836 1284 Veterum
872 1249 1026 1291 pituitam
1051 1271 1064 1289 ‚
1098 1248 1183 1280 inter
1204 1256 1335 1279 caeteros

310 1296 461 1340 praeclare
486 1294 626 1333 ostendit
651 1293 809 1326 Eximius
833 1290 983 1327 Medicus
1007 1315 1020 1333 ‚
1066 1301 1240 1333 eorumque
1276 1288 1336 1322 do-

307 1342 420 1380 §trinae
466 1339 672 1382 peritiffimus
696 1358 706 1374 ‚
756 1336 857 1374 Salius
902 1333 986 1378 (f)
1013 1361 1021 1369 .
1068 1335 1215 1369 Videmus
1236 1357 1250 1375 ‚
1282 1334 1334 1365 in-

310 1385 384 1428 quit
406 1407 419 1425 ‚
453 1393 512 1420 non
530 1382 634 1426 solum
659 1388 825 1422 utramque
850 1377 946 1413 bilem
970 1390 1041 1412 cum
1055 1378 1211 1421 sanguine
1243 1389 1258 1413 e
1281 1386 1335 1411 re-

310 1438 351 1462 na
373 1425 505 1471 ejeffam
529 1424 719 1467 concrescere
743 1448 753 1464 ,
781 1422 837 1466 sed
867 1423 965 1469 etiam
1004 1422 1164 1464 pituitam
1203 1419 1303 1463 ipsam
1325 1442 1337 1460 ‚

309 1483 379 1515 quae
402 1470 477 1504 adeo
500 1470 534 1503 in
560 1468 619 1512 san
640 1468 726 1506 uinis
755 1465 923 1510 superficie
957 1475 1176 1507 nonnunquam
1216 1473 1338 1497 concre-

308 1514 374 1558 scit
396 1538 409 1556 ‚
454 1520 491 1546 ut
513 1513 572 1546 vix
600 1510 705 1555 g'adio
727 1509 827 1543 incidi
849 1516 944 1551 queat
966 1532 979 1550 ,
1012 1508 1128 1551 nzfique
1151 1507 1213 1541 haec
1234 1510 1276 1544 eff
1299 1506 1339 1540 li-

307 1558 395 1601 rnofiz
412 1566 491 1599 pars
509 1555 678 1603 sanguinis
700 1554 730 1587 ei
762 1551 970 1594 admisceatur
992 1575 1003 1592 ‚
1038 1552 1113 1585 licet
1155 1549 1329 1592 concrescat

305 1601 439 1645 sanguis
460 1624 471 1639 ,
518 1597 789 1641 quomodocunque
813 1606 829 1629 e
845 1598 930 1632 'vena
954 1594 1071 1637 ejeHus
1094 1617 1108 1636 ‚
1142 1605 1201 1627 non
1222 1601 1328 1627 tamen

308 1646 359 1679 ita
402 1644 468 1679 cito
514 1639 684 1683 concrescit
704 1663 719 1681 ,
762 1649 817 1672 nec
861 1640 912 1672 ita
955 1640 1031 1677 dure
1076 1637 1221 1679 coalescit
1244 1660 1256 1677 ,
1281 1635 1328 1681 fi-

312 1689 381 1723 cuti
424 1686 454 1724 ei
499 1685 637 1727 contigit
658 1705 668 1722 ‚
715 1681 836 1725 quando
879 1680 997 1724 copiose
1038 1681 1068 1715 ei
1111 1679 1234 1719 admisti
1250 1678 1328 1722 sunt

305 1734 349 1766 (9³
395 1730 539 1769 humores
573 1725 789 1766 melancholici
810 1748 824 1766 ‚
866 1726 910 1758 (r
950 1723 1098 1767 pituitofi
1121 1747 1130 1756 .
1177 1724 1261 1762 Qae
1286 1723 1331 1754 ti-

309 1774 346 1813 bi
369 1774 459 1809 volui
481 1772 590 1805 omnia
613 1769 706 1806 verba
728 1767 902 1808 describere
924 1791 938 1808 ,
970 1776 1007 1801 ut
1031 1778 1105 1801 cum
1128 1767 1169 1799 iis
1203 1764 1332 1801 confer-

313 1830 345 1856 re
369 1817 462 1863 poffis
483 1827 555 1858 quae
576 1814 640 1849 Vir
663 1811 960 1856 Experientiffimus
985 1809 1108 1853 scripsit
1127 1811 1183 1856 J0.
1221 1809 1332 1842 Ludo-

308 1863 402 1897 vicus
425 1860 550 1894 Petitus
574 1858 608 1889 in
631 1856 883 1894 ,Commentario
907 1855 1010 1887 altero
1032 1853 1123 1897 (g)
1162 1852 1201 1886 de
1233 1852 1334 1886 modo

313 1903 574 1946 haemorrhagias
599 1899 723 1936 fistendi
749 1925 761 1942 ,
791 1899 847 1933 ubi
872 1897 1035 1941 sanguinis
1057 1905 1182 1939 partem
1206 1896 1334 1929 rubram

306 1962 346 1984 eo
369 1949 473 1985 laxius
495 1943 696 1984 concrescere
719 1966 733 1984 ‚
764 1941 993 1979 animadvertit
1015 1961 1027 1979 ‚
1071 1951 1140 1983 quo
1164 1939 1271 1973 minus
1294 1938 1334 1972 de

309 1994 382 2029 alba
406 1989 580 2027 admistum
607 1986 702 2024 habet
725 2010 736 2026 ,
783 1989 815 2019 δε
837 1994 950 2023 contra
975 1999 985 2023 ;
1030 1991 1067 2019 ut
1112 1983 1214 2017 crusta
1259 1993 1334 2025 pro-

310 2049 421 2082 pterea
465 2032 628 2068 duriffima
673 2028 713 2068 fit
738 2055 749 2069 ,
794 2028 884 2073 quod
929 2039 969 2065 ex
1003 2027 1073 2064 alba
1107 2036 1234 2061 tantum
1258 2036 1333 2068 par-

314 2085 350 2116 ‘te
394 2079 549 2115 coalescat
576 2101 584 2108 .
632 2073 692 2108 Sed
736 2073 820 2109 illud
865 2081 1020 2116 praeterea
1065 2071 1114 2107 vel
1161 2072 1195 2103 in
1240 2067 1335 2105 cada-

316 2125 441 2164 veribus
468 2122 506 2155 ab
529 2119 640 2153 eodem
665 2118 920 2153 animadversum
945 2113 1070 2150 videbis
1092 2136 1103 2151 ,
1149 2112 1335 2155 sanguinem

666 2163 700 2195 &
743 2159 822 2194 vafis
866 2158 1019 2192 omnibus
1064 2166 1135 2191 tum
1181 2155 1304 2193 venofis
1320 2179 1334 2198 ,

314 2224 386 2248 tum
410 2206 570 2248 arteriosis
593 2207 638 2239 ita
663 2205 847 2244 concrevit,
872 2212 907 2237 ut
932 2211 1005 2244 pars
1040 2200 1111 2234 alba
1135 2198 1175 2237 fit
1199 2212 1215 2234 a
1238 2199 1334 2236 rubra

317 2256 467 2296 distinsta
492 2277 501 2292 ,
549 2249 738 2284 inferiorern
761 2248 892 2291 quidem
917 2254 1043 2289 partem
1069 2244 1200 2278 rubram
1232 2243 1334 2278 habe-

310 2312 343 2336 re
366 2324 378 2342 ‚
411 2299 603 2342 superiorem
629 2301 735 2326 autem
758 2292 860 2325 albam
884 2313 911 2331 „
934 2288 1038 2322 modo
1069 2287 1203 2321 cadaver
1236 2286 1335 2329 frigi-

312 2368 337 2387 „
362 2344 440 2377 dum
463 2341 586 2375 factum
609 2336 647 2373 fit
670 2337 706 2373 in
728 2335 791 2370 situ
812 2332 1015 2371 horizontali
1028 2355 1041 2373 ,
1063 2331 1159 2369 ficuti
1191 2331 1334 2376 plerum-

312 2411 338 2431 „
361 2399 422 2430 que
445 2382 609 2424 contingit
625 2406 632 2415 .
659 2403 681 2420 ,‚

315 2433 319 2435 ’
363 2442 414 2474 27.
441 2430 566 2463 Verum
590 2423 646 2458 etfi
671 2421 739 2459 haec
762 2421 801 2456 de
844 2420 1042 2464 polyporum
1086 2417 1221 2454 materia
1245 2439 1256 2455 ‚
1301 2418 1334 2453 ὃς

316 2474 471 2512 structura
494 2468 573 2508 adeo
597 2468 687 2505 illius
718 2464 816 2501 simili
849 2474 921 2507 quae
954 2463 989 2496 in
1024 2461 1125 2498 crusta
1170 2460 1336 2503 sanguinis,

317 2518 504 2554 observatur
521 2536 535 2554 ,
559 2514 591 2545 &
615 2510 653 2545 de
675 2509 785 2546 crustae
810 2510 844 2541 in
869 2506 1032 2549 superiore
1055 2514 1145 2548 parte
1168 2503 1335 2548 quiescen-

315 2564 382 2602 tis,
407 2563 439 2593 &
463 2555 629 2602 frigefaeti
654 2553 814 2596 sanguinis
837 2549 988 2594 quotidie
1012 2550 1250 2592 propemodum
1285 2548 1335 2579 vi-

319 2607 350 2640 sa
374 2602 620 2639 efformatione,
643 2596 699 2632 etfi
724 2595 815 2634 haee,
840 2596 996 2636 inquam,
1021 2602 1065 2633 ut,
1090 2600 1180 2625 erant
1213 2590 1335 2628 notiffi-

315 2662 386 2688 rna,
407 2649 454 2681 ita
476 2645 610 2691 injicere
632 2640 771 2678 Medicis
793 2638 1034 2674 dubitationem
1055 2635 1234 2676 debebant,
1257 2645 1338 2670 nuru

317 2691 436 2737 polypi
458 2690 517 2725 diu
540 2695 613 2720 ante
636 2693 800 2724 mortem,
825 2693 864 2717 an
886 2683 996 2725 potius
1022 2679 1093 2723 post
1104 2687 1245 2714 mortem
1259 2689 1336 2714 coa-

316 2736 494 2775 lescerent,
518 2729 696 2775 praesertim
719 2738 759 2764 ex
780 2737 868 2771 quo,
891 2723 991 2758 modo
1014 2733 1223 2769 memoratam
1245 2745 1255 2760 ,
1292 2722 1336 2755 le-

319 2787 457 2825 gerant,
480 2789 497 2810 a
520 2775 632 2811 Petito
654 2774 689 2809 in
711 2768 917 2808 cadaveribus
941 2767 1114 2808 habitam,
1129 2766 1341 2800 Observatio-

317 2835 415 2862 nem3
438 2830 548 2855 tamen
570 2815 630 2850 nifi
653 2814 804 2854 existebat
822 2836 832 2852 ,
855 2811 1014 2849 crescente
1047 2812 1082 2844 in
1126 2809 1194 2847 dies
1240 2810 1341 2844 nimia

318 2867 379 2902 ista
400 2865 438 2899 de
463 2859 678 2908 praeexistente
701 2858 825 2902 polypo
836 2855 1058 2899 persuasione,
1081 2852 1163 2894 nifi,
1186 2855 1340 2895 inquam,

320 2909 474 2947 existebat
499 2908 528 2944 is
551 2915 645 2947 quem
671 2902 770 2946 paulo
792 2909 864 2934 ante
887 2899 1109 2939 laudavimus,
1127 2898 1271 2939 Andreas
1284 2898 1341 2932 Pa-

321 2954 366 2994 sta
377 2953 467 2996 ‚qui
490 2947 600 2984 tollere
622 2954 731 2981 contra

408 2993 459 3035 Est
481 2991 584 3028 oculos
607 2988 723 3032 ausus,
742 2986 922 3030 primusque
945 2986 1080 3029 obfislere
1102 2991 1211 3019 contra
1234 2982 1323 3028 (h);

322 3038 474 3084 equidem
495 3035 578 3079 qui,
599 3042 654 3068 aut
677 3031 808 3076 quando
830 3030 903 3063 finis
925 3029 1012 3073 apud
1034 3028 1202 3073 plerosque
1214 3027 1341 3062 futurus

324 3082 434 3121 fuisset
457 3104 467 3120 ‚
504 3077 591 3114 haud
616 3077 691 3112 satis
715 3075 780 3108 scio
802 3100 810 3108 .
837 3076 968 3109 ‘Primus
991 3081 1099 3110 autem
1122 3072 1194 3106 dixi
1216 3095 1229 3112 ,
1265 3073 1340 3114 quia

325 3125 564 3168 Kerckringius
586 3124 602 3162 <
623 3123 635 3155 i
658 3124 674 3161 )
695 3119 797 3161 magis
819 3118 1035 3152 universarum
1071 3116 1232 3159 sanguinis
1267 3126 1341 3157 par-

325 3173 413 3209 tium
435 3192 449 3210 ,
491 3178 591 3214 quam
635 3164 780 3200 albarum
825 3160 1025 3204 potissimum
1068 3161 1307 3196 concretionem
1330 3182 1343 3199 ,

325 3216 362 3249 id
407 3213 452 3247 est
495 3211 653 3256 polypum
673 3232 683 3249 ‚
726 3206 930 3252 impugnavit
953 3228 966 3245 ‚
1013 3213 1068 3238 aut
1112 3202 1135 3240 fi
1170 3203 1255 3237 hunc
1280 3203 1345 3234 im.-

330 3256 489 3302 pugnavit·
512 3278 525 3296 ,
572 3263 639 3287 tam
683 3251 777 3285 molli
822 3247 956 3283 brachio
1003 3248 1037 3281 id
1061 3248 1141 3281 fecit
1163 3271 1177 3288 ,
1211 3254 1248 3280 ut
1270 3257 1346 3280 cum

327 3302 434 3338 multo
456 3298 580 3333 firmior
603 3293 783 3338 Malpighii
805 3296 820 3332 <
841 3293 858 3311 *
881 3295 892 3330 )
914 3291 1056 3328 defensio
1078 3291 1241 3326 videretur
1255 3311 1265 3328 ‚
1291 3293 1347 3329 &,

332 3344 355 3379 si
379 3343 464 3381 nihil
492 3340 581 3376 aliud
605 3351 705 3384 quam
729 3335 939 3378 Kerchringii
963 3335 1217 3379 obje&ationem
1241 3343 1346 3366 atten-

333 3389 388 3425 das
410 3411 424 3429 ,
453 3388 553 3423 etiam
574 3384 649 3420 esset
672 3395 684 3423 5
716 3382 819 3425 magis
842 3379 1004 3424 magisque
1028 3391 1068 3413 ex
1089 3390 1154 3422 quo
1179 3377 1345 3421 prodierat

901 79 1057 138 Liber
1090 81 1152 133 11.
1185 79 1270 134 De
1306 78 1512 133 Morbis
1544 76 1799 134 Thoracis

1382 165 1538 198 utraque,
1562 153 1704 198 proferre
1726 154 1870 189 homines
1907 154 2051 198 plerique
2083 162 2252 198 pergerent
2281 150 2389 187 obser·
2425 172 2439 176 κ

1379 200 1524 232 vationes
1568 197 1764 240 polyporum
1785 221 1799 239 ,
1829 197 1912 232 unde
1943 198 2098 240 praegreffi
2131 203 2164 233 ὃ(
2201 196 2331 237 morbi,
2353 200 2385 229 δε

1379 242 1490 275 obitus
1513 242 1765 284 explicarentur.
1791 243 1905 275 Fuerat
1928 241 2045 284 aliquis
2067 241 2213 281 infirma,
2244 244 2278 275 δε
2310 241 2391 282 saepe
2435 245 2439 252 ⁸

1379 288 1477 318 etiam
1502 296 1584 327 aegra
1609 283 1788 319 valetudine
1810 284 1997 328 quindecim
2022 308 2035 325 ‚
2067 296 2120 320 aut
2150 286 2271 328 viginti
2303 285 2391 327 ipsos

1383 340 1503 379 annos.
1531 329 1626 378 Si.i¹¹.
1643 329 1769 377 mortui
1791 328 1920 363 demum
1952 329 2048 362 corde
2080 338 2219 372 repertus
2249 327 2389 371 polypus

1383 373 1515 412 suisset;
1534 369 1590 404 'bic
1610 377 1677 419 'Jam
1701 370 1775 404 1nde
1799 372 1838 404 ab
1860 373 1960 405 initio
1981 372 2140 410 extitisse,
2164 376 2196 406 &
2218 379 2390 415 perpetuus

1383 416 1543 450 malorum
1568 424 1716 449 omnium
1739 415 1852 448 aut0cor
1873 414 1964 450 fuisse
1986 414 2150 451 dicebatur
2173 440 2182 449 .
2215 414 2304 451 Idem
2334 425 2392 457 pa-

1384 461 1463 493 riter
1487 457 1716 508 accusabatur,
1740 458 1810 500 post
1833 459 1983 495 morbum
2004 459 2215 503 deprehensus
2244 459 2390 492 celeriter

1382 501 1606 552 conficientem
1631 526 1638 533 .
1672 502 1719 535 At
1741 512 1795 534 cor
1818 514 1912 545 aequo
1935 502 2062 547 majus,
2084 512 2118 536 at
2140 514 2222 544 cor,
2245 511 2299 536 aut
2321 506 2389 549 ejas

1384 545 1535 592 auriculae
1558 544 1792 588 magnitudinis
1815 546 1968 580 mirandae
1991 571 2003 588 ,
2035 557 2067 580 at
2100 547 2266 589 pulmones
2301 549 2390 591 peffi-

1384 602 1434 640 me
1457 589 1564 639 aflec‘ti
1588 614 1598 628 ‚
1625 591 1664 623 ,δε
1686 587 1858 638 compressa
1880 592 1992 625 arteria
2014 591 2133 634 Aspera
2175 589 2268 624 fimul
2311 603 2390 626 con-

1385 633 1603 676 spiciebantur
1626 656 1634 664 .
1681 632 1800 681 lfolypi
1843 633 2055 676 culpabantur
2097 643 2205 669 tamen
2231 660 2238 667 .
2277 635 2390 676 Qen-

1384 688 1482 720 quam
1505 688 1520 708 a
1544 687 1594 709 me
1617 685 1775 708 nominari
1799 685 1863 708 non
1886 677 1929 711 est
1949 689 2051 721 opus,
2073 688 2146 713 cum
2177 677 2236 711 'am
2268 677 2325 714 diu
2355 681 2390 714 in

1383 721 1534 754 omnium
1555 718 1700 753 manibus
1724 717 1839 760 scripta
1862 718 1923 753 fint
1946 732 2016 764 quae
2041 720 2102 755 hoc
2126 730 2156 754 te
2184 731 2276 757 entur
2298 748 2307 758 .
2330 724 2392 759 Sed

1384 774 1498 798 nocere
1543 772 1649 796 tamen
1683 764 1790 796 minus
1814 762 1967 805 possunt,
1988 776 2063 798 cum
2089 764 2179 799 simul
2203 766 2309 800 causas
2333 778 2391 800 no-

1383 809 1434 844 bis
1457 806 1621 850 proferant
1645 831 1654 845 ‚
1684 817 1763 849 quas
1794 807 1899 840 verius
1931 807 2109 842 incusemus
2129 835 2137 842 .
2183 810 2268 853 Qae
2314 822 2392 844 vero

1383 863 1433 886 eas
1457 861 1523 884 non
1545 849 1739 895 proferunt,
1761 858 1799 882 ut
1823 849 1906 883 haud
1930 851 2136 893 improbabili
2159 852 2285 887 indicio
2295 854 2391 897 sunt,

1384 907 1433 930 eas
1472 896 1550 936 saepe
1582 905 1647 927 non
1693 893 1784 926 fuisse
1829 892 1974 936 quaesitas
1997 918 2010 935 ,
2053 894 2094 928 fic
2137 908 2295 940 quantum
2336 897 2391 932 de-

1384 939 1533 985 trimenti
1555 950 1570 971 a
1595 938 1724 981 polypis
1749 938 1813 970 Res
1835 937 1964 970 Medica
1996 938 2142 972 retulerit
2165 963 2177 980 ,
2221 952 2285 976 non
2331 943 2393 976 ob-

1381 984 1468 1018 scure
1513 981 1692 1024 significant
1715 1004 1728 1021 ,
1757 991 1832 1014 cum
1856 980 1890 1013 in
1913 989 1965 1015 tot
1986 981 2173 1017 cadaverum
2216 983 2394 1028 inspefflo-

1384 1028 1479 1076 nibus
1501 1026 1626 1068 polypo
1659 1033 1787 1067 reperto
1814 1051 1821 1065 ,
1854 1022 1927 1058 satis
1970 1024 2136 1069 quaesitum
2181 1025 2239 1062 esse
2259 1051 2273 1068 ‚
2318 1040 2392 1071 pro-

1384 1079 1588 1104 nunciaretur
1610 1092 1623 1109 ,
1667 1071 1699 1101 δε
1722 1067 1802 1111 quid
1824 1077 1974 1111 praeterea
1997 1070 2031 1102 in
2054 1068 2184 1103 thorace
2207 1092 2217 1107 ‚
2260 1072 2295 1105 in
2319 1083 2394 1106 ven-

1385 1125 1433 1148 tre
1456 1135 1467 1149 ,
1511 1114 1544 1146 in
1577 1113 1681 1154 capite
1714 1112 1824 1145 lateret
1849 1134 1858 1149 ,
1904 1112 1987 1146 unde
2010 1113 2144 1147 veriores
2177 1113 2281 1148 morbi
2307 1137 2316 1152 ,
2359 1118 2394 1149 δε

1385 1158 1496 1191 obitus
1529 1156 1724 1189 discerentur
1756 1154 1856 1188 causae
1882 1178 1894 1195 ,
1926 1157 2106 1198 perquirere
2137 1158 2358 1200 negligeretur
2381 1184 2388 1191 .

1386 1203 1458 1235 Nec
1485 1202 1592 1234 minus
1613 1198 1721 1232 damni
1745 1197 1890 1231 indidem
1914 1222 1926 1239 ,
1959 1210 2015 1232 nec
2039 1212 2110 1233 raro
2131 1224 2144 1241 ,
2176 1195 2288 1244 cepisse
2309 1203 2394 1236 Rem

1380 1243 1566 1291 Juridicam
1589 1241 1786 1276 existimabis
1801 1264 1809 1279 ‚
1835 1252 1908 1275 cum
1932 1241 2016 1286 apud
2040 1242 2166 1285 Iudices
2190 1245 2302 1287 legeris
2335 1256 2394 1288 po.

1387 1290 1503 1333 lypum
1528 1300 1544 1320 a
1568 1286 1708 1321 Medicis
1729 1296 1819 1319 reum
1843 1284 1967 1331 facturn
1992 1282 2100 1320 ali'enae
2123 1287 2249 1330 culpae,
2281 1298 2394 1323 eorum

1388 1330 1539 1367 videlicet
1561 1332 1617 1374 qui
1641 1338 1698 1364 aut
1721 1329 1813 1369 ense,
1837 1337 1892 1362 aut
1927 1328 2062 1364 fustibus
2086 1355 2095 1369 ,
2125 1340 2179 1366 aut
2213 1332 2395 1375 pernicioso

1390 1375 1564 1419 pharmaco
1600 1374 1688 1408 sanos
1711 1397 1723 1414 ,
1770 1370 1971 1415 valentesque
1995 1372 2144 1408 homines
2179 1373 2363 1409 occiderant
2385 1401 2396 1418 ,

1389 1420 1452 1456 sive
1476 1430 1559 1452 noxa
1585 1417 1635 1451 his
1659 1417 1750 1463 rebus
1773 1416 1865 1450 illata
1888 1417 1975 1450 intus
1998 1426 2183 1460 appareret,
2213 1418 2274 1451 five
2307 1418 2395 1464 post-

1388 1475 1501 1507 quam,
1530 1459 1740 1508 deprehensus
1784 1469 1850 1492 erat
1895 1460 2035 1503 polypus
2057 1484 2069 1501 ,
2114 1472 2180 1495 non
2224 1460 2298 1497 esset
2342 1462 2397 1496 di-

1391 1508 1528 1550 ligenter
1549 1505 1680 1549 quaesita
1706 1529 1713 1535 .
1747 1504 1920 1537 Nimirum
1942 1503 1971 1537 se
1994 1503 2110 1538 auferri
2133 1504 2277 1541 finebant
2322 1506 2397 1541 Me-

1380 1552 1447 1585 dici
1471 1550 1530 1585 hac
1554 1549 1679 1583 ratione
1698 1570 1707 1585 ,
1754 1558 1818 1579 non
1844 1546 1980 1590 potuisse
2003 1548 2161 1591 polypum
2207 1559 2274 1583 tam
2319 1550 2392 1584 cito

1380 1594 1450 1638 post
1495 1601 1634 1627 mortem
1679 1590 1813 1626 formari
1837 1602 1846 1625 .·
1893 1601 1993 1633 neque
2033 1591 2089 1624 has
2133 1593 2210 1627 duas
2246 1593 2323 1627 alias
2347 1604 2397 1628 at.

1378 1637 1553 1672 tendebant
1575 1658 1588 1676 ,
1633 1633 1768 1668 crustam
1813 1644 1878 1666 non
1924 1636 2030 1669 minus
2061 1634 2205 1670 celeriter
2247 1635 2399 1672 essm-maa

1381 1683 1410 1715 ri
1433 1682 1468 1714 in
1491 1679 1639 1713 extrasto
1661 1678 1836 1719 sanguine,
1860 1680 1892 1709 δε
1916 1676 1939 1709 fi
1964 1678 2104 1720 polypus
2125 1679 2183 1713 diu
2208 1689 2281 1713 ante
2304 1692 2397 1715 mor-

1383 1734 1451 1758 tem
1469 1735 1526 1757 cor
1548 1719 1728 1764 occupasset
1743 1744 1757 1762 ,
1781 1720 1948 1755 hominem
1981 1721 2076 1754 illum
2120 1721 2162 1756 sic
2183 1746 2196 1762 ,
2231 1733 2268 1757 ut
2313 1723 2398 1759 fate-

1384 1769 1499 1805 bantur
1523 1789 1532 1805 ,
1566 1765 1725 1799 valentem
1747 1787 1759 1804 ‚
1791 1766 1823 1798 &
1847 1765 1988 1806 omnino«
2007 1763 2116 1798 sanum
2147 1765 2296 1801 futurum
2330 1779 2398 1803 non

1384 1810 1478 1850 fuisse
1500 1836 1508 1844 .
1543 1810 1693 1851 Qinoea
1717 1807 1785 1850 ipsa
1809 1818 1855 1840 res
1879 1819 1942 1849 qua
1974 1806 2140 1843 admoneri
2183 1809 2362 1845 debuissent
2389 1838 2399 1852 ‚

1384 1856 1524 1898 polypos
1547 1854 1622 1886 illos
1646 1863 1710 1887 non
1736 1848 1795 1883 esse
1819 1851 1949 1885 morbos
1966 1870 1986 1891 ν,
2020 1851 2137 1885 horum
2161 1853 2311 1888 videlicet
2335 1854 2401 1888 fre-

1383 1898 1514 1941 quentia
1537 1899 1550 1935 (
1572 1905 1692 1939 quotus
1715 1895 1801 1927 enim
1825 1894 1959 1936 quisque
1983 1892 2046 1927 hoc
2070 1897 2175 1938 igitur
2197 1899 2312 1931 morbo
2333 1909 2401 1932 non
2446 1926 2453 1930 .

1385 1938 1551 1975 laborasset
1577 1938 1591 1972 ?
1621 1942 1632 1981 )
1679 1939 1789 1971 eadem
1813 1937 1892 1970 illuc
1914 1937 1944 1971 se
1965 1936 2082 1971 adduci
2104 1940 2308 1982 patiebantur
2330 1966 2340 1982 ,
2363 1950 2401 1977 ut

1384 1985 1537 2021 docerent
1561 2006 1574 2023 ,
1609 1982 1768 2024 polypum
1800 1981 1897 2022 longe
1932 1980 2189 2024 frequentiorem
2221 1983 2280 2018 esse
2312 1995 2402 2019 mor.

1385 2028 1466 2062 bum
1488 2050 1501 2067 ,
1545 2037 1642 2069 quarn
1677 2024 1824 2058 homines
1867 2025 2076 2067 opinarentur
2099 2038 2110 2064 5
2157 2028 2288 2069 quando
2330 2029 2396 2072 jam

1385 2072 1468 2106 olim
1490 2069 1717 2103 Guarinonius
1760 2070 1774 2110 (
1796 2067 1815 2107 l<
1835 2071 1849 2106 )
1892 2067 1931 2102 de
1955 2069 2080 2112 polypo
2105 2095 2114 2110 ,,
2159 2082 2256 2113 quern
2290 2073 2395 2116 pituia

1386 2124 1429 2149 tae
1452 2113 1585 2147 nomine
1608 2134 1617 2151 ‚
1644 2120 1681 2144 ut
1706 2110 1839 2160 supra-·(
1856 2109 1867 2143 l
1891 2115 1904 2150 )
1927 2111 2106 2148 indicatum
2135 2113 2181 2149 est
2204 2138 2214 2153 ‚
2249 2114 2392 2159 designa-

1383 2170 1417 2195 re
1439 2156 1645 2192 consueverat
1664 2180 1680 2195 .,
1711 2154 1780 2190 haec
1802 2164 1837 2187 m
1861 2155 2099 2190 Observatione
2144 2158 2259 2191 uadum
2282 2182 2296 2201 ‚
2317 2158 2403 2194 unde

1384 2212 1496 2235 verum
1519 2197 1705 2234 discendum
1729 2197 1856 2235 fuerat,
1879 2196 2027 2242 scripfit:
2052 2203 2107 2234 Cor
2121 2168 2192 2243 sine
2209 2202 2333 2244 pituita
2357 2202 2400 2237 il-

1385 2245 1416 2279 la
1433 2244 1533 2287 solita
1556 2244 1588 2276 in
1612 2243 1770 2289 mortuis:
1797 2251 1856 2273 nec
1877 2241 1916 2275 de
1940 2242 2006 2277 ulla
2029 2244 2063 2275 in
2097 2243 2303 2279 cadaveribus
2341 2247 2404 2281 alia

1386 2300 1419 2321 re
1445 2287 1549 2328 magis
1573 2284 1701 2320 fortasse
1723 2295 1821 2328 quam
1845 2283 1885 2319 de
1908 2285 2083 2329 sanguine,
2108 2298 2179 2321 vera
2227 2289 2281 2322 illa
2329 2291 2401 2324 sunt

1387 2329 1471 2374 apud
1493 2328 1625 2378 Celsum
1648 2329 1730 2378 sm)
1754 2328 1871 2362 verba:
1894 2329 1959 2363 tale
1982 2327 2062 2372 effe,
2087 2330 2177 2371 quale
2201 2334 2320 2366 mos-tm·
2336 2334 2405 2375 Μ,-

1390 2384 1448 2410 non
1468 2372 1559 2416 quale
1581 2382 1652 2418 ²²2ss
1668 2369 1760 2414 fuit.
1783 2372 1894 2413 Quam
1919 2383 2028 2414 parum
2054 2374 2158 2415 igitur
2180 2375 2264 2417 apud
2288 2377 2405 2418 pleros-

1386 2428 1448 2460 que
1471 2414 1653 2459 profecislet
1677 2415 1819 2459 suscepta
1842 2416 1951 2449 obiter
1976 2427 1992 2449 a
2017 2416 2239 2460 Kerckringio
2263 2420 2405 2463 polypo.

1387 2471 1461 2494 rum
1483 2459 1691 2502 impugnatio
1705 2483 1719 2499 ‚
1744 2458 1819 2492 satis
1843 2458 1997 2502 superque
2020 2460 2179 2502 intelligis
2193 2486 2201 2492 .
2344 2463 2408 2497 Sed

1387 2503 1475 2538 Pasta
1498 2503 1594 2545 longe
1617 2503 1678 2535 alia
1700 2502 1750 2534 via
1775 2514 1809 2537 ac
1834 2504 1959 2535 ratione
1982 2502 2070 2545 ipsos
2092 2505 2231 2549 polypos
2254 2517 2293 2539 ex
2328 2518 2406 2550 pro-

1387 2546 1495 2591 posito
1516 2544 1694 2588 aggressus,
1717 2546 1750 2578 in
1774 2544 1910 2583 dubium
1933 2545 2013 2581 adeo
2035 2550 2199 2580 revocavit
2223 2558 2293 2584 tum
2319 2552 2404 2595 Epi-

1387 2592 1466 2625 stola
1490 2592 1524 2623 in
1547 2600 1617 2622 eam
1640 2589 1830 2625 sententiam
1855 2589 1965 2630 edita,
1987 2598 2058 2625 tum
2089 2591 2235 2626 breviore
2272 2594 2371 2629 altera
2397 2619 2409 2636 ,

1391 2646 1463 2678 quae
1487 2646 1503 2674 a
1527 2634 1613 2667 Viro
1635 2633 1688 2668 Cl.
1713 2632 1882 2669 Francisco
1905 2634 2066 2668 Roncallo
2091 2635 2246 2670 Parolino
2269 2639 2406 2672 Comite

1392 2682 1406 2718 (
1428 2688 1448 2710 n
1470 2682 1485 2718 )
1507 2678 1638 2720 vulgata
1660 2676 1725 2716 est,
1748 2686 1784 2710 ut
1807 2678 1956 2719 perpauci
1981 2676 2065 2710 mihi
2087 2676 2153 2720 jam
2177 2679 2261 2722 posse
2285 2682 2408 2723 produ..

1393 2723 1424 2768 ci
1448 2721 1564 2765 polypi
1589 2719 1758 2754 videantur
1779 2719 1818 2753 de
1841 2720 1957 2763 quibus
1980 2731 2059 2755 num
2081 2722 2139 2755 diu
2163 2732 2233 2756 ante
2268 2735 2410 2761 mortem

1395 2766 1542 2803 suerint,
1564 2775 1630 2797 non
1653 2764 1859 2799 dubitemus.
1887 2765 1932 2799 Et
1955 2763 2012 2800 diu
2034 2764 2167 2808 quidem
2191 2767 2234 2801 est
2267 2779 2306 2801 ex
2342 2781 2411 2812 quo

1392 2808 1459 2852 ipse
1482 2808 1629 2844 dubitare
1653 2819 1886 2850 nonnunquam
1909 2818 2092 2850 coeperam,
2116 2820 2180 2843 non
2206 2810 2244 2845 de
2281 2823 2411 2847 concre-

1393 2853 1543 2887 tionibus
1567 2851 1634 2888 istis
1657 2852 1854 2889 levioribus,
1877 2862 1956 2893 quas
1980 2862 2054 2885 cum
2076 2853 2111 2886 in
2134 2854 2290 2898 plerisque
2313 2856 2408 2891 cada-

1392 2897 1521 2930 veribus
1545 2895 1708 2935 viderem,
1729 2895 1808 2938 saepe
1830 2893 2068 2934 stomachabar,
2093 2897 2256 2933 interdum
2267 2899 2411 2934 subride-

1395 2940 1487 2980 bam‚
1511 2940 1535 2973 fi
1558 2951 1656 2983 quern
1679 2938 1764 2972 forte
1787 2950 1900 2972 eorum
1922 2940 1977 2981 qui
2002 2939 2155 2982 aderant,
2180 2942 2409 2979 audireminde

1396 2992 1589 3026 repetentem
1613 2982 1719 3019 morbi
1740 2982 1888 3022 causam,
1913 2994 1984 3025 quae
2009 2983 2037 3016 se
2061 2984 2127 3017 alio
2149 2985 2225 3019 loco
2245 2987 2320 3020 satis
2332 2999 2411 3030 pro⁴

1396 3027 1514 3065 debat3
1532 3027 1583 3060 sed
1594 3026 1632 3060 de
1643 3027 1767 3075 magnis
1777 3049 1790 3066 ,
1810 3037 1844 3058 ac
1855 3025 2041 3060 durioribus
2062 3030 2319 3064 concretionibus
2337 3055 2351 3072 ,
2373 3041 2411 3065 ut

1392 3082 1470 3114 quas
1481 3072 1522 3104 A.
1542 3069 1769 3120 17o3roflendi
1794 3079 1967 3116 utrumque
1989 3070 2099 3105 cordis
2121 3075 2355 3116 ventriculum,
2378 3078 2412 3109 <Sc

1393 3116 1513 3157 Magna
1527 3140 1536 3155 ,
1560 3114 1613 3147 lus
1625 3114 1746 3156 adJecta
1755 3136 1768 3153 ,
1779 3114 1849 3146 vasa
1861 3115 1970 3148 omnia
1979 3125 2172 3158 occupantes
2184 3116 2388 3152 adolescentis
2400 3145 2411 3161 ‚

1395 3169 1494 3209 quem
1526 3160 1621 3205 ‘intra
1644 3159 1710 3191 dies
1733 3166 1796 3190 tres
1820 3157 2014 3192 acutissimus
2037 3157 2202 3196 sustulerat
2235 3163 2370 3196 morbus
2398 3185 2409 3201 ,

1396 3213 1456 3244 qui
1479 3213 1569 3244 cnjus
1593 3203 1716 3242 generis
1740 3199 1837 3241 esset,
1860 3212 1925 3234 non
1947 3201 2102 3236 adnotavi
2122 3215 2136 3244 ;
2180 3203 2332 3241 adnotavi
2355 3217 2412 3239 au-

1397 3254 1464 3278 tem
1489 3244 1703 3288 suspicionem
1727 3243 1809 3277 hanc
1834 3257 1936 3278 meam
1958 3269 1970 3285 ‚
2005 3247 2157 3281 videlicet
2180 3259 2255 3283 cum
2278 3256 2413 3292 perpau-v

1397 3292 1429 3338 ci
1475 3288 1644 3339 dumtaxat
1667 3313 1690 3338 ,ι
1726 3290 1836 3331 exigui
1859 3312 1872 3328 ,
1919 3291 1953 3322 δε
1973 3294 1976 3303 “
1999 3290 2111 3324 molles
2141 3303 2205 3327 una
2230 3291 2326 3327 essent
2348 3295 2412 3326 atri

1399 3335 1561 3382 sanguinis
1585 3344 1716 3375 gruml,
1739 3343 1805 3374 quo
1826 3334 1895 3366 vita
1938 3333 2054 3367 servari
2098 3346 2137 3367 ne
2183 3336 2221 3369 ad
2254 3336 2409 3371 nonnulla

1398 3377 1534 3423 quidem
1578 3385 1740 3409 momenta
1785 3376 1925 3420 potuisse
1967 3377 2129 3412 videretur
2163 3404 2175 3420 ,
2220 3380 2289 3423 post
2310 3398 2313 3401 ⁴
2331 3380 2405 3413 obi-

2300 3433 2372 3460 tum

336 3521 2401 3539 w

395 3622 410 3651 ζ
424 3630 436 3645 e
450 3620 466 3649 )
481 3619 548 3650 Epist
573 3620 603 3646 de
618 3618 692 3644 Cord.
710 3619 805 3650 Polypo
822 3626 845 3642 n.
863 3624 898 3646 17.
917 3617 939 3640 δι
956 3615 1019 3645 seqq.

396 3653 412 3681 (
427 3652 442 3676 h
457 3652 470 3679 2
486 3652 586 3676 Lucret.
601 3649 630 3675 de
645 3657 690 3674 rer.
706 3656 757 3675 nat.
774 3651 790 3674 1.
809 3657 829 3673 1.
848 3655 872 3671 v.
888 3651 927 3675 67v

395 3685 403 3712 (
422 3683 433 3706 Ι
448 3681 464 3710 )
479 3689 506 3706 n.
525 3688 564 3710 ²⁴·
628 3681 643 3710 ί
657 3688 682 3704 m
698 3681 712 3710 )
729 3683 765 3706 De
781 3679 874 3705 Medic.
892 3678 917 3701 'm
935 3677 1001 3701 rrael.

1097 3615 1112 3645 (
1123 3613 1139 3644 f
1152 3613 1167 3643 )
1182 3614 1219 3638 De
1235 3610 1323 3637 Affest.
1341 3613 1430 3638 Panic.
1445 3619 1468 3637 c.
1485 3621 1510 3642 4.

991 3649 1004 3675 (
1020 3647 1031 3670 i
1046 3644 1058 3677 )
1072 3646 1182 3675 Sprerleg.
1202 3646 1276 3667 Anat.
1291 3643 1355 3676 ‚ObL
1374 3652 1414 3673 73.

1064 3678 1080 3707 (
1094 3685 1112 3700 n
1128 3676 1140 3705 )
1156 3676 1181 3698 in
1199 3673 1309 3702 Emstohs
1326 3674 1375 3703 post
1392 3673 1509 3698 Historias
1524 3674 1636 3698 Morbor-

1573 3613 1619 3642 (S
1635 3612 1649 3639 )
1666 3614 1745 3638 Mem.
1763 3613 1792 3637 de
1811 3613 1906 3639 l'Acad.
1926 3618 1955 3640 R.
1971 3615 2012 3641 des
2027 3616 2067 3639 Sc.
2085 3616 2114 3638 A.
2134 3622 2200 3644 ¹73²·

1478 3645 1492 3672 (
1506 3641 1520 3655 *
1537 3642 1545 3673 )
1561 3644 1610 3671 op.
1630 3644 1709 3668 Posth.
1772 3645 1786 3673 (
1801 3644 1818 3668 k
1832 3650 1843 3671 ,¹
1860 3645 1984 3674 Sepulchr.
2001 3647 2019 3670 l.
2034 3653 2059 3674 4.
2076 3646 2102 3669 8.
2120 3653 2139 3670 1.
2157 3647 2217 3671 obs.
2235 3654 2273 3676 η.
2292 3648 2316 3672 in
2330 3649 2414 3674 Addit.
