2498 4075
488 177 643 242 Epist-
688 175 848 228 Anat
879 177 1089 231 Medica.

78 252 135 285 etsi
157 253 240 286 cutis
264 253 433 286 dumtaxat
455 252 631 284 exulcerata
657 262 743 292 erat3
768 254 1013 288 exulcerationis
1038 264 1087 287 ta-

80 307 150 328 men
175 295 240 337 ipsa
265 295 447 339 amplitudo
470 293 637 327 hominem
663 299 744 329 intra
768 297 926 337 biduum,
951 308 1002 331 aut
1028 300 1086 330 tri-

78 339 178 372 duum
203 341 235 372 in
258 337 451 372 Bononiensi
485 338 713 375 Incurabilium
747 339 950 373 Nolocomio
974 365 983 379 ,
1019 352 1085 383 quo

78 393 155 415 mox
177 382 378 420 detulerant,
403 382 440 415 ad
464 391 601 414 mortem
625 394 679 425 per
701 382 833 416 assiduos
866 383 1085 419 incredibiles-

78 436 140 467 que
164 428 324 459 cruciatus
349 426 516 469 perduxit.
542 425 632 457 Huic
656 424 741 459 haud
764 428 809 459 ita
834 425 1007 460 absimilem
1031 440 1081 460 can

79 472 146 501 lum
171 470 208 502 ab
230 471 362 503 Ledelio
382 469 442 508 (i)
466 468 665 509 propositum
690 470 796 511 leges;
818 469 866 502 sed
880 468 1028 510 juvenilis
1040 483 1083 504 ae-

80 523 149 550 ras,
177 513 407 555 promptiffima
431 511 581 550 curatiO,
614 522 669 544 nec
703 523 758 554 par
782 514 815 544 in
838 514 1013 553 omnibus,
1046 524 1082 547 ut

77 556 206 589 dolores
229 556 454 591 ostendebant,
479 555 561 587 cutis
588 556 729 600 partibus
740 556 955 596 exulceratio,
978 557 1083 600 dispa-

75 610 141 631 rem
156 611 284 641 quoque
299 600 341 632 rei
362 600 487 631 exitum
500 599 706 639 permilerunt
719 622 726 629 .
860 600 1083 642 Antiquorum

74 652 183 675 eutem
209 644 354 675 ulcerum
376 641 425 673 vel
451 639 561 681 saepius
587 652 681 681 quam
706 641 819 674 scabiei
844 640 926 675 faeta
951 656 966 675 a
990 644 1084 676 nobis

76 687 110 717 in
136 686 230 718 miffis
255 685 292 718 ad
313 695 345 718 te
367 684 657 717 Observationibus
670 687 792 717 mentio
814 684 872 718 est.
897 687 1001 721 Exiis
1014 687 1082 721 duee

71 727 138 770 (k)
156 750 164 764 ,
187 740 256 770 quae
280 731 318 762 de
340 727 570 769 expurgatione
593 726 734 761 diximus
759 739 812 769 per
837 727 971 762 scabiem
996 730 1080 763 fafta

71 772 161 811 (l),
185 771 385 813 peculiariter
407 768 616 802 confirmant.
642 773 728 804 Cum
752 772 836 803 enim
861 772 949 805 ulcus
974 772 1097 812 firnul,v

72 817 105 846 &
129 814 244 848 scabies
265 822 438 850 vexarent,·
460 812 519 846 hac
544 813 763 853 evanescente,
786 817 932 856 quamvis
945 827 1007 848 non
1021 815 1081 849 hu-

72 858 179 894 mida,
206 857 255 890 sed
277 856 355 889 sicca
380 856 476 893 esset,
502 856 584 889 illud
609 857 713 890 multo
737 859 837 890 acrius
862 860 1002 891 cruciare
1013 871 1081 892 εοε-

74 902 143 942 pit.
169 902 214 933 Et
237 900 384 939 viciffim,
398 909 472 932 cum
495 900 611 939 ulcera,
635 900 668 932 id
692 899 779 942 quod
803 901 967 935 cicatrices
991 904 1024 934 in
1039 904 1082 934 ti-

67 944 133 977 biis
155 943 334 983 docebant,
357 942 578 983 evanuissent,
601 942 696 976 foedae
721 942 854 985 pustulae
877 955 981 978 cutem
1015 945 1080 978 fer-

69 999 120 1019 me
140 987 321 1020 universam
344 996 577 1026 occupaverant
602 1011 610 1018 .
644 987 744 1024 Quod
780 997 884 1020 autem
916 988 952 1020 de
976 988 1080 1021 scabie

71 1031 195 1063 clidium
220 1029 283 1070 est,
306 1040 370 1063 non
394 1028 452 1061 nifi
474 1041 546 1063 cum
572 1041 695 1064 recens,
718 1033 750 1063 δι’
775 1031 900 1064 aliunde
916 1032 1081 1064 contrasta

72 1073 171 1107 fuerit
188 1097 196 1111 ,
223 1085 277 1115 per
299 1072 457 1106 exteriora
482 1072 707 1106 tantummodo
741 1075 859 1107 auxilia
894 1074 1046 1117 abigenda
1068 1097 1078 1112 ‚

70 1126 238 1159 propterea
261 1118 338 1159 quia
361 1115 382 1149 fi
409 1117 524 1156 aliter,
548 1119 651 1150 exitus
675 1115 715 1149 fic
738 1117 999 1151 intercluderetur
1021 1130 1081 1150 no..

74 1161 142 1192 reiis
166 1159 356 1193 humoribus
381 1161 514 1201 tumqui
541 1157 605 1201 pers
616 1171 683 1192 earn
708 1158 804 1201 ejici,
828 1170 895 1194 tum
920 1164 975 1203 qui
1000 1161 1085 1194 abea

68 1203 247 1236 antrorsum
270 1202 346 1236 ferri
370 1201 615 1240 consueverant,
638 1203 724 1236 idem
749 1206 865 1236 merito
878 1204 914 1236 de
927 1206 1085 1238 ulceribus

66 1257 200 1289 quoque
223 1248 349 1281 caeteris
371 1244 493 1286 statui,
517 1246 646 1288 reliquae
669 1245 778 1279 nostrae
805 1246 877 1280 satis
913 1248 1082 1281 ostendunt

68 1290 341 1324 Observationes.
366 1291 530 1323 Diuturua
554 1292 638 1321 enim
663 1290 764 1322 ulcera
790 1289 848 1322 live
871 1302 924 1333 per
949 1291 996 1330 se,
1022 1291 1083 1323 live

68 1334 111 1365 ab
134 1332 199 1366 arte
223 1334 392 1368 arescentia
417 1357 425 1370 ,
459 1341 512 1366 aut
539 1331 661 1365 occlusa
689 1359 697 1373 ‚
734 1332 857 1366 videbis
888 1337 942 1376 qui
978 1335 1082 1367 morbi

70 1376 239 1418 ,graviffimi
263 1376 423 1410 consecuti
446 1375 506 1409 lint
522 1401 530 1415 ‚
554 1376 669 1408 cerebri
695 1375 867 1418 praesertim
891 1400 903 1417 ,
938 1380 969 1410 3<
1001 1388 1082 1410 non-

69 1431 234 1462 uunquam
256 1420 364 1453 cordis
388 1442 396 1457 ‚
431 1420 570 1461 itemque
595 1422 626 1452 ὃ(
653 1430 727 1452 tunc
751 1443 763 1459 ,
786 1424 815 1453 δε
843 1432 914 1454 cum
941 1421 1042 1454 ulcera
1065 1444 1079 1460 ‚

68 1466 214 1507 quamvis
239 1464 372 1498 necdum
396 1462 544 1502 occlusa,
568 1463 624 1495 diu
649 1473 751 1495 tamen
776 1464 952 1501 vexassent3
977 1466 1079 1497 anim-

71 1508 233 1540 advertere
269 1507 388 1549 poteris
410 1529 419 1543 ‚
453 1517 555 1539 rerum
590 1506 819 1549 propemodum
845 1507 962 1549 semper
995 1509 1078 1541 intra

67 1552 234 1589 cranium,
280 1550 443 1583 interdum
465 1560 592 1592 quoque
615 1551 697 1582 intra
720 1551 877 1583 vertebras
892 1575 902 1589 ,
927 1552 1076 1583 autintra

65 1594 256 1633 thoracem,
279 1596 311 1626 ὃς
335 1602 475 1626 ventrem
499 1591 588 1625 fuisse
611 1618 618 1624 .
656 1594 747 1634 Qas
771 1593 1015 1627 Observationes
1039 1605 1076 1626 ne

66 1638 121 1671 hic
146 1648 346 1680 repetamus,
369 1635 532 1677 Epistulas
558 1637 714 1668 malumus
739 1638 771 1668 in
785 1638 899 1679 quibus
914 1637 1073 1679 plerasque

64 1682 205 1722 relegas,
233 1679 399 1717 indicare,
424 1680 575 1711 nimirum
601 1681 663 1712 IV.
687 1682 785 1718 (m),
811 1682 854 1713 V.
878 1682 969 1719 (n),
992 1681 1071 1713 Xls.

62 1726 151 1763 (ο),
174 1725 278 1756 XXV.
304 1725 394 1764 (Ρ),
417 1723 558 1755 XXVIl.
586 1725 649 1763 (q)
672 1723 814 1756 XLVII.
840 1727 903 1762 (r)
929 1721 1071 1764 LII.(s).

109 1778 158 1810 14.
185 1766 244 1799 Sed
271 1776 385 1808 praeter
409 1764 476 1798 haec
500 1777 570 1807 quae
595 1765 632 1798 ad
667 1766 763 1799 tibias
806 1767 944 1798 attinent
968 1789 979 1805 ,
1013 1767 1075 1800 alia

60 1821 190 1852 qnoque
214 1811 279 1842 alio
305 1809 480 1850 speetantia
505 1809 608 1840 ulcera
634 1808 746 1840 nos'rris
771 1808 851 1851 saepe
866 1809 1076 1843 Observatio-

58 1854 156 1886 nibus
181 1851 404 1895 proposuimus
420 1874 428 1887 ,
452 1862 534 1883 nunc
557 1852 592 1883 ad
618 1850 809 1884 abscessuum
834 1854 939 1891 linus,
972 1855 1004 1884 ἅν.
1028 1851 1077 1887 su-

58 1895 198 1938 bit-<stam
222 1897 337 1928 cariem
355 1917 363 1932 ‚
389 1906 472 1929 nunc
497 1893 534 1926 ad
556 1895 752 1927 exulceratos
771 1905 932 1931 tumores,
956 1898 1078 1938 &gan-

57 1950 199 1981 gr‘aenam
224 1939 458 1980 pertinentibus
477 1963 484 1970 .
511 1938 655 1977 Qarum
680 1949 742 1969 non
766 1949 855 1971 vacat
869 1939 1078 1972 Observatio-

57 1977 136 2016 num
161 1984 231 2015 loca
252 1984 361 2015 omnia
389 1982 442 2014 hic
468 1980 656 2022 fingillatim
679 1981 841 2014 indicare.
862 1983 962 2026 Juvat
973 1984 1079 2023 potius

56 2027 213 2060 nonnulla
236 2037 307 2068 quae
332 2024 370 2059 ad
393 2025 458 2057 duo
482 2024 581 2057 modo
604 2034 779 2057 memorata
803 2029 909 2066 capita
936 2024 1079 2059 referun-

55 2079 128 2108 tur,
153 2068 326 2112 subjicere,
352 2068 563 2111 praetermiffis
585 2069 707 2100 certeris
731 2080 800 2110 quae
827 2070 932 2102 miuus
956 2079 1074 2111 oppor-

54 2121 132 2146 tune
154 2112 262 2151 refffli
288 2112 373 2151 huc,
396 2112 489 2144 video
513 2134 525 2150 ,
549 2121 583 2144 ut
608 2123 681 2144 cum
705 2113 738 2143 in
763 2112 911 2145 Seetione
934 2110 992 2144 hac
1018 2114 1071 2144 Se-

55 2155 219 2200 pulchreti
243 2159 305 2195 (t)
330 2157 412 2188 inter
436 2155 542 2187 ulcera
567 2154 756 2196 producitur
780 2154 868 2188 casus
902 2154 1001 2188 foetus
1025 2154 1070 2187 se-

55 2199 228 2242 ptimestris
241 2198 380 2243 ,cerebro
401 2198 539 2230 carentis
554 2221 563 2236 ,
587 2209 682 2240 quam
706 2209 778 2231 cum
802 2198 843 2231 iis
856 2197 1001 2231 conferre
1012 2210 1070 2241 po-

54 2245 132 2276 teris
155 2255 235 2285 quos
259 2242 446 2283 lideditos,
472 2252 509 2273 ex
534 2241 645 2274 nostris
660 2267 669 2279 ‚
692 2246 724 2275 δέ
748 2242 886 2275 aliorum
909 2241 1069 2274 Observa-

59 2286 229 2326 tionibus,
253 2287 326 2319 loco
343 2311 351 2325 ,
375 2293 411 2318 ut
436 2294 604 2325 putamus,
632 2286 668 2318 ad
692 2284 725 2316 id
751 2286 876 2326 aptiore
899 2287 971 2324 (u)
1003 2296 1068 2317 me-

53 2341 254 2363 moravimus
269 2353 276 2360 .
412 2326 511 2365 Quod
537 2330 639 2368 igitur
650 2329 789 2371 primum
815 2328 854 2362 ad
867 2331 1007 2370 primum
1021 2337 1070 2361 at-

55 2374 140 2405 tinet
164 2372 200 2406 de
223 2372 347 2407 duobus
369 2372 435 2404 illis
459 2373 644 2413 capitibus,
668 2383 778 2413 nempe
804 2371 842 2405 ad
867 2371 1063 2405 abscessuum

53 2416 138 2451 finus
162 2440 171 2455 ,
206 2417 243 2449 de
267 2416 344 2448 meis
367 2426 475 2448 eorum
499 2415 719 2449 curationibus
752 2417 844 2458 unius
871 2414 1068 2456 potissimum

50 2462 139 2493 venit
163 2462 196 2493 in
220 2468 361 2493 mentem
378 2481 386 2497 ‚
408 2469 503 2501 quam
528 2471 564 2491 eo
588 2459 737 2492 libentius
750 2457 1069 2500 hicreferam,quod

50 2514 106 2546 per
130 2504 163 2536 id
188 2502 368 2546 praesidium
392 2503 513 2544 peraeta
537 2500 600 2542 est,
623 2500 712 2544 cujus
737 2503 804 2535 vim
837 2500 983 2535 adversus
1019 2501 1068 2535 vel

50 2546 177 2581 minuta
201 2546 359 2581 ulcuscula
384 2545 571 2587 peculiarem
596 2568 608 2585 ,
642 2546 676 2578 id
701 2545 744 2578 est
767 2544 909 2579 adversus
934 2544 1068 2578 scabiem

50 2590 89 2623 de
112 2601 173 2633 qua
197 2591 286 2632 supra
311 2590 437 2622 dictum
460 2588 501 2622 est
526 2613 535 2626 ,
568 2590 601 2621 in
634 2588 769 2623 dubium
803 2600 887 2623 nunc
920 2589 1004 2621 trahi
1031 2589 1069 2621 ab

48 2634 215 2668 nonnullis
238 2633 330 2667 video
346 2655 353 2669 ‚
377 2634 410 2665 in
436 2632 609 2674 primisque
634 2645 649 2664 a
675 2633 807 2665 'vledico
831 2633 976 2672 alioquin
1000 2633 1068 2664 Ex-

50 2677 280 2719 perientissimo
294 2702 301 2708 .
317 2679 424 2709 Senem
438 2687 524 2717 aeque
540 2687 654 2717 genero
672 2687 724 2708 um
738 2698 746 2712 ‚
771 2687 805 2708 ac
829 2678 917 2717 pium
942 2675 1070 2707 Poroli-

45 2720 162 2754 vienlis
188 2720 334 2754 Ecclesiae
358 2719 657 2759 Archidiaconum,
688 2718 891 2752 Ludovicum
924 2717 1068 2750 Alberti-

48 2774 147 2802 num,
170 2773 241 2795 vere
264 2764 305 2796 A.
334 2773 424 2802 1711.
450 2761 575 2802 dysuria
600 2761 745 2805 quaedam
769 2773 879 2794 vexare
902 2770 1063 2802 coeperat:

47 2818 144 2848 quam
166 2816 238 2838 cum
261 2805 513 2839 demulcentibus
537 2806 632 2838 lenire
665 2805 819 2839 studerent
843 2828 851 2843 ,
885 2815 954 2837 crus
987 2803 1062 2836 fini-

50 2850 149 2883 strum
173 2849 269 2882 dolor
293 2850 460 2890 primum,
482 2847 595 2881 deinde
620 2848 767 2887 abscessus
790 2849 949 2890 corripuit
975 2869 982 2877 .
1008 2849 1060 2880 Ex

48 2894 114 2927 hoc
138 2901 248 2935 aperto
272 2904 344 2925 cum
371 2902 427 2933 pus
453 2902 486 2922 ea
508 2893 603 2932 copia
634 2892 782 2932 quotidie
815 2893 899 2925 exire
935 2888 1058 2924 diutius

47 2945 192 2980 pergeret
225 2947 296 2977 quae
332 2935 493 2968 hominem
527 2935 777 2976 undeoetoginta
820 2946 918 2967 annos
951 2942 1061 2970 natum

47 2992 147 3024 quam
171 2978 326 3012 facillime
350 2977 447 3020 pollet
472 2975 655 3016 absumere3
677 2978 846 3018 Medicus,
869 2981 901 3011 δε
923 2975 1060 3010 Chirur-

48 3035 108 3063 gus
132 3022 360 3057 occurrendum
382 3021 549 3062 censuere,
571 3022 625 3054 ille
649 3021 919 3063 datolignorum‚
943 3028 978 3053 ut
1003 3031 1058 3053 vo-

47 3061 124 3101 cant
148 3090 156 3104 ,
195 3066 330 3099 demeto
354 3087 362 3101 ,
398 3063 453 3096 hic
486 3065 525 3097 iis
559 3065 708 3097 abscessui
740 3064 894 3098 adhibitis
926 3075 997 3108 quae
1020 3064 1058 3097 ad

47 3110 274 3154 persanandum
301 3110 473 3140 attinerent
497 3133 503 3140 .
534 3110 669 3153 Jamque
694 3107 788 3151 hujus
820 3107 983 3140 orificium
1006 3108 1059 3148 ip-

50 3154 121 3188 sum
145 3153 250 3186 claudi
274 3150 464 3188 videbatui-5
488 3162 560 3184 cum
586 3152 690 3194 gravis
713 3160 838 3193 repente
862 3150 960 3183 febris
972 3161 1064 3183 exor-

21 3204 23 3206 '
45 3206 80 3230 ta
106 3197 169 3236 est,
195 3195 379 3238 perturbans
400 3203 518 3235 caput,
542 3197 574 3227 δε
597 3195 746 3228 delirium
766 3192 1061 3238 afferreincipiens.

47 3241 140 3274 Tum
164 3252 201 3273 ex
224 3241 323 3272 altero
348 3236 423 3279 pede
447 3236 571 3278 sanguis
595 3239 761 3275 mittitur,
785 3235 933 3270 abscessus
956 3237 1060 3270 rursus

46 3284 217 3326 aperitur:
243 3285 274 3315 &
297 3280 338 3314 fic
362 3279 456 3313 febris
480 3281 609 3321 quidem
632 3282 686 3313 illa
722 3281 865 3322 abigitur
888 3291 899 3318 3
937 3278 987 3312 sed
1019 3290 1057 3313 ex

45 3326 111 3360 hoc
135 3327 250 3359 iterum
276 3333 362 3357 tanta
385 3324 475 3364 puris
498 3326 590 3365 copia
614 3324 743 3366 prodit,
776 3326 809 3356 δέ
834 3322 958 3365 prodire
983 3332 1054 3364 per-

44 3372 96 3413 git
112 3392 120 3406 ,
144 3380 180 3402 ut
203 3371 242 3401 de
263 3378 349 3409 aegro
372 3365 532 3407 desperent
556 3369 647 3405 ,nec
669 3366 732 3400 sine
757 3368 882 3400 ratione
906 3390 915 3398 .

90 3412 254 3455 Morgagni
273 3412 308 3444 de
319 3408 535 3450 Sed-&Caus-
547 3409 651 3443 Morb.
675 3412 775 3444 Tom.
802 3412 851 3451 ΙΙ,

1127 177 1237 232 LV.
1279 179 1393 230 Art.
1437 193 1510 244 14-
1543 180 1597 233 δε
1637 196 1710 242 15·
1979 163 2075 249 339

1136 266 1221 297 que,
1243 266 1278 289 ut
1303 264 1378 289 tunc
1401 258 1542 298 primum
1567 256 1730 291 accersitus
1754 255 1849 294 vidi,
1873 266 1952 299 teger
1975 263 2029 300 qui
2054 261 2143 293 bon&

1137 307 1224 331 antea
1248 298 1350 332 suerat
1376 298 1507 337 habitu,
1533 305 1565 334 δε
1591 312 1649 342 βω
1674 302 1729 333 illa
1753 310 1844 333 aetate
1881 301 2021 335 robustus
2046 326 2056 341 ‚
2090 303 2144 335 os-

1136 341 1164 374 sa
1190 351 1283 383 atquc
1307 342 1397 384 pellis
1420 352 1508 377 totus
1541 351 1605 377 erat
1630 368 1638 383 ‚
1671 347 1703 377 δε
1739 342 1956 376 infirmissimis
1991 345 2109 378 viribus
2132 367 2143 381 ‚

1134 383 1287 418 febricula
1321 397 1479 428 nunquam
1511 387 1634 420 carebat
1660 412 1670 427 ‚
1691 386 1894 420 acerbiffimis
1918 385 2143 433 subinde-cru·-

1135 429 1178 460 ris
1211 428 1377 462 doloribus
1412 431 1622 471 torquebatur
1643 453 1656 470 ,
1690 442 1727 464 ex
1763 441 1861 473 eoque
1886 440 2008 462 tantum
2033 432 2142 472 ejicie-

1132 471 1186 503 bat
1233 472 1320 513 puris
1344 494 1353 507 ‚
1397 483 1554 514 quantum
1600 472 1692 506 facile
1737 485 1800 505 non
1832 472 2050 506 credidissem.
2075 476 2142 515 Ap-

1133 515 1263 555 parebat
1308 516 1457 550 omnibus
1492 540 1502 555 ,
1547 517 1658 549 servari
1704 515 1867 549 hominem
1900 528 1964 549 non
2011 516 2094 559 polle
2132 540 2144 554 ,

1133 555 1190 589 nili
1235 569 1305 591 crus
1349 559 1580 592 convalesceret
1613 583 1623 595 .
1667 559 1726 592 Sed
1774 560 1833 593 hoc
1879 568 1984 601 quam¹
2008 559 2140 592 difficile

1134 599 1228 639 esset,
1252 602 1379 634 inutiles
1404 601 1554 636 hastenus
1577 614 1685 635 omnes
1710 603 1936 642 Medicorum,
1961 602 2145 637 &Chirur-

1136 644 1168 685 gi
1193 655 1295 679 curte,
1321 657 1355 677 ac
1373 645 1493 680 labores
1506 646 1730 684 ostendebant,
1753 647 1792 678 ad
1819 646 1885 679 haec
1899 646 2075 688 graviffima
2100 658 2144 678 ae-

1137 695 1206 726 tas,
1231 686 1490 725 fervidillimum,
1515 688 1601 730 quod
1626 690 1741 721 interea
1764 689 1928 721 advenerat
1944 714 1955 730 ,
1978 690 2089 723 mediae
2101 700 2144 721 a:-

1138 730 1213 762 tatis
1239 738 1380 772 tempus,
1406 734 1437 764 &
1461 740 1576 774 praeter
1596 742 1630 763 ea
1653 744 1722 774 quae
1736 732 1820 765 dieta
1846 732 1938 773 sunt,
1964 733 2140 766 stomachus

1131 772 1345 808 remediorum
1370 775 1516 816 pertaesus
1543 798 1550 805 .
1585 777 1663 809 Duo
1687 785 1792 808 tamen
1815 787 1853 807 ex
1877 774 1927 808 his
1951 775 2145 817 supererant,

1131 827 1270 858 quorum
1295 819 1452 857 alterurn,
1475 817 1524 860 jus
1548 819 1698 850 videlicet
1723 818 2072 855 terrem-istestudmis,
2096 820 2145 852 se-

1131 860 1204 891 nior
1227 859 1292 901 ejus
1308 860 1453 894 Medicus
1478 861 1646 898 laudabat,
1661 863 1793 895 alterum
1807 885 1815 899 ,
1841 873 1953 904 nempe
1965 863 2144 904 viperinum

1133 902 1291 943 pulverem
1306 926 1316 942 ‚
1340 903 1429 940 senex
1453 905 1531 937 alter
1553 906 1717 945 Medicus,
1738 916 1831 947 quem
1858 905 1987 939 aliunde
2002 905 2146 948 superio-

1131 946 1218 978 ribus
1241 947 1350 980 diebus
1374 947 1598 980 advocaverant
1611 972 1622 988 ,
1634 959 1801 992 antequam
1817 947 1985 982 discederet
1999 973 2010 988 ,
2024 960 2143 991 propo·-

1132 988 1252 1021 suerat.
1278 991 1367 1022 Cum
1392 990 1482 1032 super
1504 1001 1641 1033 utroque
1664 991 1844 1025 consuleret
1868 1015 1877 1031 ,
1911 993 2050 1034 primum
2077 1016 2086 1030 ‚
2118 991 2144 1027 fi

1132 1032 1312 1066 stomachus
1336 1033 1453 1072 ferret,
1479 1034 1795 1075 nonimprobabam;
1820 1035 1868 1067 sed
1882 1045 1916 1069 ut
1941 1034 2070 1069 facilius
2081 1036 2148 1069 fer-

1133 1084 1241 1113 retur,
1268 1075 1484 1118 majoremque
1509 1077 1662 1118 praeberet
1687 1079 1884 1115 utilitatem,
1911 1079 1980 1120 plus
2005 1079 2043 1113 de
2067 1080 2147 1112 alte-

1138 1130 1199 1164 ro,
1222 1130 1255 1151 ea
1279 1129 1382 1151 tamen
1406 1131 1467 1162 qua
1490 1120 1633 1153 dieturus
1659 1120 1769 1160 essem,
1792 1123 1939 1161 ratione,
1965 1122 2147 1156 addendum

1139 1163 1277 1202 turbam,
1305 1161 1426 1203 ipsique
1451 1164 1590 1196 maxime
1613 1163 1857 1199 confidendum.
1897 1165 2024 1198 Scilicet
2057 1165 2147 1209 quod

1138 1205 1172 1236 in
1200 1206 1347 1248 viperino
1371 1206 1504 1247 superest
1530 1207 1675 1248 pulvere,
1700 1219 1763 1240 non
1788 1218 1853 1241 tam
1878 1208 2083 1249 profuturum
2097 1211 2147 1241 vi-

1134 1248 1223 1288 deri,
1245 1260 1339 1291 quam
1365 1250 1464 1290 ipsam
1487 1258 1639 1283 recentem
1664 1251 1804 1294 viperam
1828 1276 1840 1291 ,
1873 1251 1894 1284 li
1926 1251 2020 1294 hujus
2052 1252 2149 1286 dimi-

1134 1291 1223 1325 dium
1247 1293 1391 1325 carnium
1416 1304 1487 1326 cum
1511 1294 1579 1335 pari
1603 1295 1706 1327 carnis
1739 1295 1907 1329 testudinis
1943 1295 2080 1337 pondere
2112 1297 2147 1330 in

1135 1337 1223 1368 tenui
1246 1335 1314 1377 jure
1350 1337 1492 1369 vitulino
1523 1337 1752 1380 decoqueretur
1775 1364 1784 1378 ‚
1819 1338 1999 1382 eaedemque
2030 1340 2148 1382 viperae

1133 1389 1240 1415 carnes
1262 1390 1332 1420 quae
1355 1379 1495 1413 decooae
1520 1378 1638 1421 essent,
1661 1393 1738 1415 mox
1760 1381 2017 1419 cumsatcharo,
2040 1392 2075 1417 ut
2088 1395 2147 1416 vo-

1131 1432 1226 1460 cant,
1253 1422 1362 1469 rosato
1385 1432 1488 1458 vetere
1514 1423 1669 1462 subactae,
1694 1425 1843 1465 quotidie
1868 1437 1956 1459 mane
1967 1427 2145 1464 ederentur,

1131 1468 1163 1498 δε
1188 1463 1256 1507 post
1278 1477 1327 1498 eas
1349 1477 1398 1511 jus
1422 1464 1458 1498 de
1482 1478 1546 1508 quo
1569 1467 1669 1500 modo
1692 1468 1815 1502 dietum
1841 1469 1882 1503 est
1902 1493 1915 1509 ,
1946 1469 2105 1503 biberetur
2133 1483 2142 1504 .·

1130 1509 1193 1541 huc
1217 1508 1288 1541 addi
1315 1509 1396 1550 polle
1420 1510 1503 1541 inter
1527 1510 1718 1551 prandium,
1742 1515 1773 1546 δι’
1808 1514 1970 1546 coenulam
1991 1513 2142 1547 emulfio-

1127 1563 1218 1590 nem,
1243 1561 1277 1584 ut
1300 1552 1474 1592 appellant,
1499 1564 1536 1584 ex
1570 1554 1748 1588 recentibus
1769 1557 1948 1597 amygdalis
1971 1580 1983 1597 ,
2017 1557 2144 1600 adjefio

1126 1606 1229 1637 pauco
1253 1594 1402 1627 saccharo
1423 1606 1564 1637 quocum
1588 1596 1675 1628 mista
1700 1598 1818 1630 coralia
1852 1598 1946 1632 essent
1971 1602 2003 1633 in
2029 1602 2140 1643 pulve-

1125 1650 1190 1670 rem
1215 1638 1425 1672 renuiffimum
1448 1641 1609 1672 contrita.
1633 1640 1766 1673 Medico
1789 1652 1852 1674 non
1877 1642 1974 1676 modo
1998 1643 2064 1677 haec
2075 1655 2140 1678 non

1126 1680 1378 1722 displicuerunt,
1402 1681 1474 1721 sed,
1501 1681 1669 1715 utssaffeeta
1693 1694 1758 1717 erat
1781 1683 1875 1718 aetate
1891 1708 1900 1723 ,
1924 1688 1956 1720 δε
1980 1687 2145 1721 valetudi-

1128 1728 1166 1758 ne
1181 1749 1189 1762 ,
1211 1737 1226 1757 a
1252 1736 1301 1757 me
1323 1724 1412 1758 simul
1436 1736 1508 1757 cum
1523 1738 1627 1768 aegm,
1652 1729 1793 1770 aegrique
1807 1729 2065 1770 Consanguineis
2091 1742 2147 1774 pe-

1127 1768 1184 1800 tiit
1199 1792 1210 1808 ,
1233 1777 1272 1811 ut
1294 1767 1358 1810 ipse
1382 1769 1653 1810 quemadmodum
1678 1772 1856 1804 censueram
1871 1769 1950 1811 ‚ita'
1970 1773 2107 1808 facerem
2132 1799 2141 1806 .

1127 1813 1198 1844 Feci
1215 1812 1341 1853 igitur,
1369 1810 1557 1854 Superisque
1582 1812 1659 1845 bene
1682 1811 1864 1855 juvantibus
1888 1828 2054 1858 coeperunt
2078 1817 2147 1851 sen-

1129 1855 1185 1888 lim
1208 1854 1309 1888 cruris
1332 1854 1482 1894 dolores,
1509 1858 1540 1888 &r
1567 1867 1623 1896 pus
1648 1859 1749 1890 minui
1775 1859 1820 1890 ita
1836 1882 1847 1897 ,
1871 1861 1919 1892 uti
1946 1861 2145 1903 quadragesi-

1130 1910 1185 1931 mo
1210 1897 1260 1930 die
1284 1908 1322 1931 ex
1345 1909 1410 1940 quo
1434 1897 1500 1930 haec
1523 1901 1650 1932 curatio
1673 1901 1824 1934 inchoata
1858 1912 1924 1936 erat
1948 1927 1959 1943 ,
1996 1904 2146 1938 abscessus

1131 1941 1194 1984 jam
1219 1940 1320 1987 ferme
1341 1940 1376 1973 ad
1401 1943 1583 1974 cicatricem
1607 1942 1776 1984 spediaret.
1814 1945 2006 1989 Qanquam
2040 1959 2146 1982 autem

1133 1984 1286 2017 febricula
1309 1995 1374 2026 Jam
1398 1995 1470 2017 ante
1494 1985 1633 2026 abierat,
1658 1989 1690 2019 ὃ(
1715 1989 1832 2021 virium
1857 1988 2050 2029 infirmitas,
2075 2003 2145 2025 ma-

1131 2028 1255 2067 ciesque
1279 2026 1503 2067 decreverant,-
1528 2038 1634 2062 tamen
1659 2039 1694 2063 ut
1718 2031 1800 2064 bona
1828 2033 1892 2066 haec
1916 2045 2085 2074 augerem,
2111 2039 2145 2069 ἅῖ

1130 2070 1375 2111 confirmarem,
1399 2082 1486 2113 aegro
1512 2073 1600 2115 ultro
1625 2083 1778 2114 optante,
1803 2087 1866 2109 non
1880 2072 1980 2110 modo
2004 2090 2145 2113 annuen-

1126 2125 1176 2149 te,
1201 2114 1307 2147 decem
1333 2123 1483 2157 praeterea
1507 2115 1574 2149 dies
1599 2116 1704 2150 eadem
1741 2118 1807 2151 sum
1840 2122 1982 2155 curandi
2020 2125 2143 2156 ratione

1122 2158 1213 2192 usus.
1240 2158 1318 2198 Qo
1344 2167 1486 2200 tempore
1510 2160 1642 2205 exacto²
1667 2162 1693 2194 is
1716 2162 1772 2205 qui
1800 2162 1838 2195 ab
1861 2174 2007 2198 extremo
2030 2168 2142 2208 Aprili

1123 2201 1162 2235 ad
1186 2200 1328 2233 medium
1363 2203 1494 2234 circiter
1528 2205 1623 2244 usque
1659 2205 1876 2247 Septembrem
1909 2208 2105 2243 decubuerat
2127 2234 2142 2250 ‚

1123 2244 1248 2287 surgere
1279 2245 1381 2286 coepit
1408 2268 1417 2282 ‚
1451 2250 1482 2279 δε
1507 2248 1608 2287 magis
1628 2245 1778 2291 deinceps
1812 2252 1973 2295 magisque
2006 2256 2039 2286 in
2074 2254 2142 2288 dits

1122 2285 1365 2328 convalescens,
1397 2299 1459 2322 non
1485 2289 1777 2330 modopristinum
1802 2290 1998 2337 recuperavit
2023 2308 2142 2331 coruo-

1122 2333 1165 2365 ris
1189 2330 1360 2370 habitum;
1384 2331 1434 2364 sed
1456 2332 1538 2366 illud
1562 2333 1666 2375 ipsum
1689 2346 1761 2369 crus
1796 2338 1878 2371 unde
1916 2339 2030 2374 tandiu
2065 2334 2137 2374 tan-

1121 2384 1152 2407 ta
1179 2376 1265 2416 puris
1290 2376 1384 2416 copia
1407 2399 1419 2414 ,
1453 2385 1569 2418 totque
1591 2388 1665 2410 cum
1691 2377 1750 2411 hac
1774 2381 1843 2413 alba
1879 2383 2138 2419 membranarum

1122 2418 1261 2459 oblonga
1287 2417 1385 2451 frusta
1409 2419 1572 2458 exierant,
1608 2420 1690 2453 nihil
1715 2422 1892 2467 quidquam
1918 2428 2101 2461 nutritione
2126 2453 2136 2467 ,

1121 2464 1154 2494 ἃς
1177 2461 1301 2493 viribus
1325 2462 1363 2494 ab
1385 2462 1486 2494 altero
1508 2462 1688 2505 discrepans
1700 2465 1956 2505 rnihiostendit‚
1981 2482 2055 2504 cum
2069 2471 2140 2505 for-

1121 2513 1151 2536 te
1175 2504 1308 2537 obvium
1334 2505 1479 2538 haberem
1503 2507 1676 2540 Decembri
1703 2511 1857 2544 ineunte:
1893 2512 2061 2556 posteaque
2085 2518 2139 2549 in-

1121 2547 1259 2580 columis
1284 2548 1367 2582 vixit
1392 2560 1490 2581 annos
1515 2549 1662 2593 aliquot,
1687 2553 1810 2593 donec,
1834 2567 1883 2588 me
1913 2555 1978 2599 jam
2015 2560 2138 2594 Patavii

1123 2590 1278 2634 degente,
1301 2602 1441 2624 extrema
1466 2592 1622 2627 seneftute
1647 2595 1811 2630 conseeius
1836 2599 1899 2633 est.

1171 2645 1218 2676 15.
1245 2636 1293 2668 Ut
1318 2634 1384 2668 fuse
1409 2635 1489 2668 hanc
1512 2635 1571 2669 tibi
1597 2641 1796 2673 curationem
1820 2642 2046 2684 describerem,
2070 2657 2136 2679 non

1123 2688 1183 2711 una
1210 2689 1258 2710 me
1283 2679 1413 2721 impulit
1438 2680 1545 2712 causa.
1571 2681 1641 2713 Alii
1668 2684 1752 2716 enim
1777 2684 1847 2718 sunt
1871 2689 1925 2729 qui
1952 2699 1984 2720 ea
2017 2690 2135 2731 viperis

1120 2721 1265 2754 tribuant
1287 2733 1356 2763 quae
1380 2733 1441 2754 non
1466 2723 1604 2760 habent,
1630 2733 1664 2757 ut
1689 2728 1754 2759 vim
1778 2727 2005 2767 calefaciendi,
2031 2732 2134 2765 &sic-

1118 2764 1210 2797 candi
1234 2773 1357 2797 tantam
1380 2788 1391 2804 ,
1424 2775 1459 2799 ut
1482 2764 1568 2799 litim
1595 2767 1715 2802 faciant
1746 2771 2029 2808 inexrinauibilcm
2052 2799 2064 2815 ,
2099 2779 2132 2809 δε

1114 2819 1234 2850 paucos
1256 2809 1311 2850 qui
1337 2808 1459 2842 senibus
1483 2809 1666 2852 supersunt,
1688 2811 1820 2854 spiritus
1843 2815 1986 2857 diffipent
2009 2830 2020 2850 .·
2051 2830 2130 2861 qua-

1112 2860 1244 2892 propter
1266 2850 1430 2892 prohiberi
1454 2864 1469 2884 a
1495 2853 1711 2892 seniliaetate,
1736 2857 1925 2892 admonebat
1948 2861 2131 2896 Claudium

1114 2898 1192 2933 (x),
1207 2897 1237 2926 δέ
1262 2897 1405 2935 tempore
1430 2895 1603 2936 praesertim
1626 2897 1761 2939 aestivo,
1784 2904 1815 2933 &
1839 2903 1969 2940 regione
1991 2905 2093 2938 calida
2119 2931 2128 2938 .

1114 2938 1237 2970 Redius
1258 2940 1327 2977 (y)
1350 2937 1479 2978 quidem
1506 2940 1550 2971 vel
1575 2941 1678 2972 multo
1702 2942 1835 2985 largiori
1867 2940 2046 2987 viperarum
2071 2948 2128 2982 usu

1113 2980 1236 3023 nullam
1260 2979 1316 3012 else
1342 2990 1463 3014 motam
1485 2981 1571 3015 sitim
1595 2985 1626 3015 in
1652 2983 1741 3024 sene,
1766 2986 1967 3029 juvenibusve
1983 3015 1994 3031 ‚
2016 3002 2128 3033 quam-

1107 3023 1157 3056 vis
1182 3023 1440 3058 aestasinterdum
1467 3024 1538 3058 esset
1552 3025 1739 3062 adnotavit.
1766 3031 1840 3072 Ego
1863 3041 1923 3065 uta
1948 3035 2129 3077 viperarum

1108 3065 1165 3099 usu
1189 3077 1350 3107 nunquam
1374 3091 1382 3105 ‚
1416 3067 1457 3101 fic
1480 3070 1578 3102 etiam
1601 3071 1634 3102 in
1657 3070 1819 3115 decrepito
1856 3074 1918 3108 hoc
1951 3078 2027 3111 Sene
2051 3080 2126 3112 anni

1114 3118 1258 3158 tempore
1280 3110 1488 3147 calidiffimo,
1512 3115 1543 3145 δε
1569 3114 1600 3145 in
1625 3115 1753 3156 regione
1778 3118 1888 3159 potius
1912 3121 2012 3154 calida
2026 3133 2126 3164 neque

1114 3152 1200 3185 sitim
1213 3153 1312 3186 ullam
1324 3180 1331 3193 ,
1346 3165 1444 3196 neque
1457 3154 1626 3196 spirituum
1638 3158 1883 3202 :diffipationem
1894 3185 1906 3201 ,
1928 3164 1995 3196 imo
2005 3164 2124 3199 horum

1114 3195 1374 3230 instaurationem
1386 3197 1661 3238 animadverti‚nec
1673 3200 1747 3235 ficca
1754 3205 1778 3235 ri
1793 3203 2041 3246 quidquam,nifi
2051 3219 2124 3242 eum

1113 3250 1207 3281 quem
1220 3237 1323 3272 siccari
1346 3240 1715 3283 volebam‚absc‹:-ffum,·
1743 3247 1899 3286 reliquum
1913 3258 2015 3282 autem
2038 3251 2139 3284 inte-.-

1110 3292 1161 3314 rea
1171 3293 1285 3323 corpus
1298 3294 1360 3315 non
1372 3283 1469 3317 modo
1480 3296 1542 3317 non
1555 3286 1661 3320 siccari
1677 3311 1689 3328 ,
1703 3288 1751 3321 sed
1766 3288 1850 3322 refici
1864 3315 1871 3321 .
1994 3296 2122 3329 Contra

1110 3325 1166 3357 alii
1187 3336 1250 3358 non
1274 3326 1344 3367 plus
1367 3337 1382 3358 a
1404 3328 1519 3367 viperis
1541 3331 1775 3372 expectandum*
1788 3332 1898 3373 ajunt,
1922 3346 2018 3377 quam
2041 3348 2118 3371 are-

947 3365 1053 3399 Nam·
1103 3367 1200 3410 liquis
1211 3369 1346 3402 omnium
1357 3371 1565 3406 animantium
1573 3371 1721 3414 partibus
1724 3375 1850 3417 siccatis
1852 3377 2031 3421 ‚gelatinoso
2043 3389 2121 3425 quo-g

1581 3416 1722 3450 sz
1982 3425 2145 3462 damn-7

136 3685 146 3708 ι·
163 3686 176 3713 )
192 3682 251 3711 Eph.
270 3683 304 3706 N.
321 3682 350 3705 C.
370 3681 431 3704 Dee.
448 3687 471 3709 3.
489 3679 517 3703 A.
536 3686 556 3707 ς.
573 3679 711 3714 ὅςρίθῐοΐ.
729 3687 765 3710 ςῐ.
824 3680 839 3710 (
856 3682 874 3705 k
890 3681 903 3710 )
920 3680 991 3709 Epist.
1010 3689 1046 3705 ιιι.
1063 3688 1087 3705 n.
1105 3688 1141 3710 30·
1158 3681 1181 3705 δε
1196 3680 1269 3710 Epist·
1287 3687 1310 3709 4.
1327 3687 1351 3703 n.
1367 3687 1407 3710 35.
1468 3682 1479 3711 (
1496 3684 1507 3708 Ι
1522 3686 1532 3715 J
1550 3686 1636 3719 supra,
1652 3695 1678 3716 ῃ,
1693 3689 1716 3715 g„

102 3686 379 3773 {m)n-7·¹3·30-
441 3710 610 3740 (n)n.15.
672 3712 820 3738 <0)n-2.
882 3712 1047 3742 (p)n.12.

184 3753 200 3771 Π

106 3776 123 3806 ί

127 3746 181 3807 4))
197 3751 303 3806 Ᾱὲἑέηά.
319 3739 608 3800 :dt‘liracgiis'dg-lisgffe'ffi
625 3770 655 3796 ad
672 3769 766 3797 Infirtu..
783 3771 846 3798 sest.
862 3774 888 3798 6.

1109 3712 1264 3741 (ᾳ)η,8.
1325 3711 1532 3746 (r)n.4.33,

649 3740 663 3769 (
679 3748 694 3763 u
713 3742 720 3767 )
737 3740 808 3769 Epist.
827 3748 864 3765 η.
882 3749 906 3767 η.
923 3752 945 3772 5.
965 3741 987 3764 &
1004 3740 1066 3770 seqq.
1083 3744 1106 3766 ἃ
1122 3742 1195 3771 Epist.
1212 3743 1250 3771 48.
1269 3747 1293 3764 n·
1312 3742 1349 3774 4¹8·
1366 3741 1390 3765 δι
1405 3742 1467 3775 seqq·

951 3769 959 3802 (
972 3778 989 3802 y
1007 3774 1015 3802 l
1032 3772 1155 3799 Offervaz.
1172 3772 1218 3799 int.
1234 3772 1285 3797 nlla
1301 3772 1416 3809 Vipera.-
