2498 4075
340 216 464 271 ET
532 211 936 269 RERUM
1000 204 1812 266 NOTABILIUM.

78 293 266 332 ehomelius
295 304 333 326 ex
356 294 439 337 Reg.
462 293 513 328 Sc.
537 288 639 325 Acad.
664 287 767 323 Paris.
778 289 946 324 laudatus.
962 288 1089 319 XXIII.

165 349 174 371 ι
206 361 213 368 .
240 338 409 369 XXXVII.
433 348 483 380 24.
523 333 704 366 XXXVIII.
727 333 783 376 48.
808 343 863 374 50.

79 348 247 425 Chylisera
273 379 345 414 vasa
367 382 402 414 in
426 380 558 414 homine
581 375 751 411 observata
775 401 783 408 .
816 377 867 423 V.
892 385 941 418 17.
979 374 1089 406 XVII.

170 436 219 469 14.
244 423 336 456 XIX.
360 433 390 462 7.
414 424 443 455 8.
471 433 519 459 19.
546 421 644 452 XXV.
669 429 699 451 2.
724 419 822 454 LIII.
848 430 903 462 37.

210 478 285 502 cum
307 466 502 504 cisternulis‚
525 464 624 507 chylo
648 463 775 504 plenis,
800 474 857 507 per
880 460 1092 496 intestinum.

210 512 471 597 unlVaIsLDgffia
494 550 715 588 observarint,
741 551 773 584 &
811 560 875 593 qua
921 547 1090 582 occasione

255 595 408 640 patefiant
425 620 432 626 .
459 596 567 626 XVII.
597 603 647 635 15.

79 640 246 687 Chyliferi
269 639 387 673 vasculi
412 650 469 682 per
491 638 713 672 ventriculum
736 633 814 669 falsa
840 636 956 678 species
973 660 981 669 .
1006 630 1093 667 LII.

83 696 307 772 Cicogssinuffi
324 724 443 769 Jacob.
468 723 556 758 Prof.
580 724 664 758 olim
688 723 824 757 Primar.
850 724 960 756 Patav.
984 720 1092 756 lauda-

169 769 542 857 tuffijilslg'bffiiiatio.
569 811 665 844 LIII.
690 819 743 854 35·

82 859 284 902 Cicognini,
303 856 360 901 Jo.
382 858 494 889 Franc.
519 853 680 895 Chirurgi
702 854 784 887 olim
795 849 1092 889 Poroliviens.0b-

172 902 335 935 servatio.
360 900 451 933 LIX.
480 899 528 931 18.

79 945 187 979 Cilia.
213 946 262 977 De
285 942 402 1016 hoIrIuIm
412 943 518 1018 2vitiis
542 939 728 980 Trichiafi‚
751 940 982 975 &Distichiafi
1004 947 1093 981 qtrae-

79 988 469 1065 Cifiagzininassme'sugt
492 1026 765 1071 aneurysmatibus
787 1027 946 1064 obnoxii,
971 1027 1091 1059 &cur.

80 1075 291 1152 elaucIigaItIio
306 1072 401 1160 lcfiiafi
425 1115 572 1159 quaedam
585 1126 623 1149 ex
636 1115 722 1149 vitio
734 1114 951 1149 musculorum
964 1136 977 1153 ‚
990 1111 1092 1147 Ilium

169 1163 305 1194 alterum
328 1171 364 1194 os
386 1161 475 1193 intus
497 1159 737 1201 operientium.
764 1158 913 1189 XXXIV.
942 1159 993 1190 16.

81 1202 291 1239 claudicatio
314 1214 353 1237 an
377 1202 492 1246 saepius
514 1205 549 1237 in
574 1201 744 1243 foeminis‚
767 1203 910 1244 quamin
925 1199 1092 1237 maribus,

82 1246 518 1326 ΕΙαυὲἷεὲἓὶἓῆἰξ-’ἵαῑιι-ἷαιςζκ
550 1290 735 1323 tumoribus
767 1289 854 1323 intra
889 1267 1093 1322 acetabulum

167 1347 184 1369 a
207 1334 327 1377 quibus
348 1333 513 1367 indicata.
537 1333 623 1365 LVI.
649 1344 699 1376 23.

212 1388 325 1412 eorum
348 1385 517 1410 tumorum
541 1375 627 1410 sedes
649 1375 831 1412 verisimilis
854 1376 889 1409 in
924 1372 1089 1408 acetabuli

253 1420 405 1463 glandula
428 1417 683 1460 mucilaginosa.
711 1419 800 1452 Ibid.

82 1466 344 1500 Claudicationis
368 1476 383 1496 a
408 1473 499 1505 partu
520 1461 621 1495 causae
645 1463 780 1506 aliquae.
806 1461 969 1495 XLVIII.
994 1469 1049 1503 33.

81 1508 343 1543 Claudicationis
364 1506 562 1550 multiplices
584 1506 705 1540 causae.
730 1507 819 1540 LVI.
843 1505 990 1548 Epistola
1027 1502 1093 1537 fere

81 1563 288 1630 Claudssdatldti
312 1594 396 1626 artui
419 1592 686 1636 respondentium
710 1592 906 1632 Iliacorum,
930 1600 985 1625 aut
1006 1591 1094 1623 Cru-

168 1639 287 1672 ralium
310 1637 463 1671 vasorum
488 1648 563 1678 quae
587 1638 669 1670 vitia
693 1634 754 1669 fint
779 1635 860 1678 saepe
893 1634 1094 1669 animadver-

169 1682 218 1715 sa.
242 1680 370 1713 XLVI.
398 1690 448 1723 17.
479 1681 570 1714 LVI.
598 1690 648 1714 10.
675 1689 721 1712 12.
755 1679 804 1711 18.

62 1726 201 1761 ‚Clavus
223 1734 319 1766 quam
346 1724 432 1757 varia
458 1723 618 1765 fignificet
643 1725 746 1757 vitia.
771 1724 811 1754 L.
837 1725 892 1756 61.

209 1769 262 1802 De
299 1767 407 1817 §lavo
440 1768 513 1801 Silii
551 1767 659 1801 Italici
701 1765 874 1800 insanabili
915 1764 1063 1809 quaedam
1087 1788 1095 1796 .

80 1810 341 1898 Cleopatralgbdd
365 1855 483 1888 mortis
506 1865 623 1895 genere
647 1855 801 1897 perierit.
827 1853 910 1887 Vid.
934 1851 1052 1895 Aspis.

79 1900 231 1938 Clerici,
253 1899 426 1937 Danielis,
449 1897 684 1932 hallucinatio.
713 1899 800 1928 XIX.
828 1908 877 1935 23.

79 1944 266 1987 Clysterum
292 1943 507 1976 nutrientium
533 1941 619 1977 felix
639 1942 713 1976 usus
736 1953 803 1984 quo
827 1942 862 1974 in
884 1939 956 1974 casu
967 1939 1098 1975 diutur-

163 1988 236 2020 nior
260 1984 361 2019 fuerit
377 2011 385 2018 .
413 1987 569 2017 XXVIII.
598 1996 647 2029 14.

207 2039 274 2062 non
289 2040 352 2076 *per
376 2028 564 2071 fiphonem.
589 2029 641 2062 sed
654 2040 707 2071 per
719 2025 935 2071 compressam
956 2027 1093 2063 vesicam

249 2072 383 2113 inleftio
407 2073 456 2105 vel
480 2072 562 2106 olim
585 2082 684 2106 nota.
710 2075 750 2106 L.
778 2082 830 2114 54.

76 2115 232 2150 Cceliacae
256 2117 408 2156 arteriae,
431 2118 461 2149 &
492 2116 714 2149 Mesentericae
738 2114 921 2157 Superioris
955 2114 1092 2149 initium

166 2170 397 2201 nonnunquam
420 2171 612 2194 commune.
641 2161 760 2190 XXIX.
787 2169 839 2192 20.

31 2208 32 2215 ¹
78 2203 235 2237 Coeliacae
260 2206 383 2237 arteriae
404 2203 563 2244 duplicis,
588 2204 658 2236 imo
681 2200 1098 2244 &triplicisObservatIO-

161 2257 236 2279 nes.
262 2246 360 2279 LIII.
383 2256 438 2288 37.
463 2247 564 2279 LXX.
590 2257 622 2286 9.

76 2290 225 2324 Coeliaca
248 2292 366 2321 arteria
390 2300 448 2323 cur
472 2290 577 2332 magis
597 2288 638 2321 fit
665 2288 949 2332 aneurysmatibus
986 2287 1092 2322 obno-

164 2333 238 2366 xia.
263 2334 411 2364 XXXIX.
440 2342 486 2372 19.

76 2376 263 2412 Coeliacum
285 2375 484 2417 profluvium
503 2386 566 2408 non
593 2374 636 2408 est
657 2385 730 2407 cum
755 2374 906 2408 Coeliaco
916 2373 1000 2416 apud
1014 2374 1093 2407 Cel-

164 2420 233 2453 sum
260 2419 378 2451 morbo
401 2416 667 2452 confundendum
685 2442 692 2449 .
719 2420 836 2449 XXXI.
860 2429 895 2462 4.

210 2462 303 2505 quale
327 2463 392 2501 fit,
415 2465 446 2495 δε
468 2462 643 2504 quomodo
667 2460 744 2494 fiat.
770 2460 858 2494 ibid.
884 2465 916 2495 &
943 2472 992 2504 13.

79 2504 274 2544 Cohausen,
301 2505 430 2538 Valent.
449 2506 527 2539 Ern.
553 2507 679 2545 Eugen.
705 2516 742 2537 ex
765 2505 847 2537 Caes.
872 2505 1034 2538 Acad.N.
1048 2506 1087 2538 C.

166 2547 334 2582 laudatus,
358 2550 481 2581 XXIII.
507 2562 538 2590 9.
564 2549 715 2581 XXXIV,
747 2558 792 2589 19.
820 2550 1009 2581 XXXVIII.
1040 2560 1090 2590 19.

76 2592 207 2628 Coiteri
229 2591 377 2635 quaedam
399 2593 432 2625 in
457 2591 696 2633 phthisicorum
719 2601 868 2626 anatome
903 2593 1090 2627 observatio

164 2646 229 2669 non
255 2645 410 2677 perpetua
434 2636 498 2670 est.
524 2637 630 2667 XXII.
659 2645 707 2677 17.

75 2679 165 2716 Colli
189 2679 349 2721 profunde
372 2680 536 2713 vulnerati
562 2690 711 2721 magnam
735 2678 1014 2722 haemorrhagiam
1044 2678 1087 2712 fi-

163 2723 241 2756 stere
262 2732 420 2765 quantum
435 2747 447 2763 ‚
471 2726 503 2756 δι
526 2734 585 2758 cur
604 2722 735 2756 difficile
759 2724 798 2756 {it
819 2749 825 2755 .
851 2725 946 2756 LlIl.
973 2734 1023 2756 22.

77 2765 239 2802 columbi
254 2791 262 2805 ‚
286 2766 425 2803 Remi,
450 2764 653 2801 Observatio
677 2767 857 2810 explicata.
883 2769 968 2799 XIX.
994 2777 1045 2800 20.

205 2809 324 2843 Altera
348 2821 438 2852 aquae
463 2809 692 2861 glutinosae-in
717 2813 851 2844 cerebro
876 2811 1095 2853 apopleffico-

75 2864 325 2931 combustifsll‘ss
347 2854 518 2931 (ἶιῗιῗῗζῗῗὲ
536 2853 870 2932 ἒζῖἶεωὸἶῗίῖἑνῖέῑοῖ.’
890 2899 966 2931 LV.
993 2909 1045 2942 13.

76 2939 340 2976 commendem,
361 2940 417 2984 Jo.
442 2943 555 2975 Franc.
578 2941 610 2974 S.
633 2941 678 2974 R.
703 2942 742 2974 E.
768 2942 975 2981 Cardinalis,
1000 2953 1091 2976 mor-

168 2983 249 3020 bus,
273 2985 305 3016 &
327 2981 449 3017 sefflo.
474 2987 531 3018 IX.
557 2995 588 3027 3.

78 3025 318 3061 Contrafislura
330 3051 339 3059 .
361 3026 440 3061 Vid.
465 3030 627 3062 Granium
640 3053 651 3060 .

79 3072 217 3109 Conus,
238 3068 424 3112 christoph.
448 3071 622 3111 Emestus,
648 3070 817 3106 laudatus.
841 3073 945 3108 LXV.
973 3074 1022 3108 18.

78 3114 260 3192 Conzulsio
284 3113 454 3186 aig-febro
478 3114 557 3159 saepe
580 3114 622 3149 est
647 3116 700 3150 vel
722 3127 797 3149 cum
821 3116 948 3151 aliunde
969 3117 1027 3152 effe
1040 3120 1090 3153 vi-

187 3167 280 3190 etur.
369 3180 376 3188 .
402 3169 434 3197 9.

210 3199 263 3234 sed
285 3211 349 3233 non
374 3198 513 3242 semper.
539 3203 609 3234 XV.
637 3211 685 3235 10.

210 3243 379 3287 quomodo
403 3244 496 3277 fimul
520 3256 593 3279 cum
619 3246 759 3288 paralysi
784 3248 821 3281 in
842 3247 915 3281 eod.
939 3248 1092 3283 membro·

253 3287 312 3321 effe
336 3286 429 3330 poffit
446 3311 454 3318 .
479 3287 558 3322 Vid.
583 3289 763 3331 Paralyfis.

78 3329 341 3408 Convtlilfionugi
365 3342 493 3407 tagum,
515 3333 546 3365 δι
567 3331 712 3367 difficilis
734 3334 962 3377 explicationis
983 3347 1095 3370 exem-

163 3386 183 3418 p
200 3386 254 3452 11111111
267 3384 515 3452 'recutientibus
539 3419 816 3454 convulfionibus.
831 3420 1000 3455 fidendum
1022 3433 1087 3458 non

251 3460 296 3495 est
319 3461 412 3496 bonis
435 3462 506 3495 aliis
528 3463 722 3504 quibusdam
745 3463 865 3507 signis.
890 3466 926 3496 X.
952 3476 998 3508 ¹3·

78 3503 274 3540 Convulfivi
298 3514 430 3546 motus,
452 3506 487 3538 in
511 3505 612 3539 altero
632 3506 810 3549 praesertim
835 3510 982 3550 corporis
1004 3509 1087 3545 late-

163 3561 218 3588 re,
240 3549 332 3583 causa
355 3550 532 3592 quaeritur.
562 3549 608 3580 ΙΙ.
634 3550 684 3584 18.
710 3552 764 3584 XI.
786 3562 819 3593 7.

209 3593 344 3643 Fiantne
367 3603 406 3625 ex
427 3593 615 3634 meningum
637 3594 842 3628 irritatione.
867 3594 1092 3631 Vid.Cerebri

209 3646 550 3755 Cuzzi‘dng'teiibusdam
573 3679 671 3722 paulo
693 3690 768 3716 ante
791 3691 928 3717 mortem
951 3681 1089 3717 cessent.

210 3733 356 3805 Eorum‘l
377 3767 409 3799 δι
431 3765 679 3803 convulsionum
701 3768 886 3803 tonicarum
910 3768 1020 3803 eadem
1043 3768 1087 3802 est

1941 207 2100 261 lxm‘·

1310 288 1427 327 causa,
1453 287 1576 322 tametsi
1601 286 1729 320 videtur
1754 284 1899 320 diversa.
1927 287 1965 318 X.
1994 297 2044 328 15—

1269 331 1499 375 Utrorumque
1521 332 1556 364 in
1580 329 1784 364 moribundis
1801 353 1811 368 ,
1831 337 1886 363 aut
1920 331 2064 364 maxime
2095 329 2151 363 de-

1314 375 1435 409 bilibus
1458 387 1474 408 a
1497 374 1599 409 nimia
1621 373 1686 407 five
1707 373 1943 415 haemorragia‚
1976 373 2041 407 five
2074 381 2152 412 pur-

1313 420 1468 460 gatione,
1503 420 1563 453 alia
1584 416 1711 452 videtur
1734 415 1793 451 esse
1817 416 1935 456 causa,
1959 418 1990 450 δι
2016 423 2155 450 natura.

1324 464 1362 492 X.
1387 472 1437 494 20.
1464 473 1515 496 21.

1146 503 1337 541 Convulsivi
1362 504 1511 540 affedus.
1536 506 1599 538 Pro
1620 503 1673 539 his
1696 501 1822 537 Medici
1848 501 1933 537 haud
1966 513 2040 538 raro
2070 501 2158 537 acti-

1233 550 1329 592 piunt
1352 549 1483 582 morbos
1508 549 1699 592 organic05.
1726 547 1794 580 XV.
1823 556 1872 580 10.
1899 557 1949 589 14.
2047 588 2054 594 ,

1272 591 1438 637 Quando,
1462 594 1492 626 δι
1515 601 1676 634 quatenus
1700 591 1777 624 illos
1798 601 1871 624 cum
1896 590 1947 624 his
1980 599 2158 633 conjunge·

1315 646 1349 670 re
1372 636 1491 670 liceat.
1519 635 1640 667 XXVI.
1666 645 1718 678 32.

1272 678 1550 752 ngvulsxvorum
1573 678 1748 713 affestuum
1763 676 1997 712 diuturnorum
2008 676 2156 710 curatio.

1342 748 1348 755 .
1375 733 1425 755 21.

1274 766 1511 800 Convulsivum
1537 763 1676 799 Asthma
1692 790 1699 798 .
1724 762 1980 800 Vid.Asthma.

1143 809 1385 845 Convulsorum
1408 811 1541 845 cerebro
1563 820 1645 851 aqua
1661 830 1672 846 ,
1704 809 1823 852 saepius
1856 807 1969 842 saltem
1989 829 2003 848 ‚
2047 805 2127 841 inest
2146 830 2156 838 .

1273 897 1438 930 Convulsa
1461 896 1625 931 interdum
1648 895 1702 930 vel
1726 897 1795 939 post
1821 903 1962 929 mortem
1994 900 2159 927 remanent

1319 941 1463 975 membra
1481 966 1489 974 .
1515 943 1552 973 X.
1581 950 1630 982 15.

1144 982 1301 1019 Convulfi
1324 995 1341 1016 a
1363 986 1528 1019 venenatis
1563 983 1722 1018 halitibus
1745 981 1905 1018 horribile
1941 979 2124 1025 exemplum
2148 1001 2159 1017 ³

1231 1030 1263 1062 &
1286 1029 1411 1061 curatio
1427 1051 1435 1058 .
1463 1030 1501 1059 X.
1526 1036 1577 1060 21.

1145 1071 1216 1105 Cot
1239 1071 1360 1113 duplex
1381 1071 1607 1105 observatum.
1633 1070 1796 1101 XLVIII.
1822 1077 1875 1111 57.

1270 1113 1405 1149 insolita
1429 1112 1558 1148 forma.
1585 1114 1658 1146 LX.
1683 1112 1713 1145 8.

1272 1169 1382 1193 revera
1407 1158 1548 1201 pilosum
1574 1167 1652 1191 num
1676 1165 1823 1196 unquam
1848 1153 1947 1189 fuerit
1971 1174 1982 1191 ,
2025 1154 2056 1185 &
2099 1151 2159 1186 else

1318 1200 1435 1245 poffit.
1461 1202 1575 1232 XXIV.
1601 1211 1632 1246 3.
1659 1211 1690 1241 4.

1273 1244 1442 1290 quomodo
1466 1244 1608 1286 pilosum
1631 1251 1782 1286 appareat
1806 1263 1818 1281 ,
1849 1240 2006 1277 indicavit
2043 1239 2161 1272 Riola-

1318 1299 1399 1322 nus.
1429 1289 1546 1320 XXIV.
1573 1299 1607 1330 3.

1278 1333 1437 1374 parvitate
1464 1330 1582 1372 puerili
1605 1332 1639 1365 in
1662 1329 1771 1368 virili,
1803 1330 1836 1363 δέ
1867 1328 2003 1364 robusto
2041 1336 2159 1369 corpo-

1319 1386 1373 1409 re.
1399 1376 1497 1409 LXX.
1537 1384 1553 1408 '.

1275 1419 1400 1454 cune‘tis
1424 1418 1486 1452 suis
1511 1386 1658 1461 p5artibus
1686 1427 1861 1459 magnum.
1889 1417 1991 1450 LXX.
2019 1425 2067 1449 10.

1275 1461 1421 1496 insenfile
1454 1460 1512 1496 esse
1536 1484 1546 1500 ‚
1582 1473 1660 1495 num
1695 1462 1843 1503 quaedam
1878 1460 2015 1493 Harveii
2047 1456 2163 1501 probet

1324 1506 1542 1539 observatio.
1568 1506 1670 1536 XXV.
1697 1505 1745 1537 18.

1277 1549 1404 1592 ipsum,
1431 1551 1462 1582 &
1485 1549 1635 1582 auriculae
1659 1548 1693 1580 in
1718 1559 1824 1582 recens
1847 1548 1932 1580 natis
1957 1546 2095 1582 felibus,
2111 1545 2163 1577 vel

1320 1595 1427 1635 capite
1450 1601 1644 1636 amputato,
1668 1593 1793 1627 moveri
1819 1600 2026 1636 perrexerunt
2047 1612 2057 1621 .
2083 1590 2162 1623 LII.

1324 1639 1377 1669 26.

1362 1691 1421 1714 cor
1444 1682 1544 1714 eximi
1569 1678 1804 1720 testudinibus,
1828 1678 1924 1714 &has
1939 1687 2046 1712 tamen
2059 1674 2163 1710 adhuc

1412 1727 1559 1763 moveri,
1585 1724 1707 1757 sciebat
1732 1724 1925 1757 Aristoteles
1941 1746 1950 1755 .
1976 1721 2051 1752 XII.
2079 1730 2127 1764 14.

1148 1766 1268 1804 Cordis
1291 1767 1551 1811 lymphaeduetus
1576 1768 1756 1801 observati.
1785 1767 1911 1800 XLIII.
1938 1776 1966 1807 ς.

1279 1813 1406 1845 arteriae
1432 1813 1611 1845 coronariae
1637 1821 1700 1845 tres
1717 1835 1724 1845 .
1751 1813 1819 1844 imo
1843 1818 1985 1855 quatuor
2008 1808 2162 1844 observa-

1322 1865 1364 1889 tae
1381 1881 1389 1889 .
1415 1856 1531 1886 XVIII
1565 1865 1618 1898 34.
1644 1855 1797 1888 XLVIII.
1822 1865 1876 1899 34.

1367 1899 1463 1933 altera
1488 1898 1568 1932 ossea
1594 1899 1696 1932 fasta.
1725 1900 1842 1933 XXIV.
1871 1900 1920 1931 16.

1367 1955 1383 1977 a
1405 1943 1521 1985 quibus
1546 1943 1580 1977 id
1603 1952 1694 1976 antea
1717 1944 1918 1977 observatum
1934 1966 1941 1974 .
1969 1942 2082 1974 XXIV.
2111 1953 2161 1985 17,

1277 1998 1365 2022 venae
1388 1988 1565 2021 coronariae
1591 1986 1718 2021 valvula
1741 1998 1780 2020 ex
1812 1985 1970 2029 parallelis
2005 1985 2158 2026 sejunffls

1324 2030 1517 2064 filamentis.
1544 2031 1669 2064 LXIV.
1695 2041 1724 2064 2.

1280 2075 1436 2107 Foramen
1471 2075 1575 2109 Ovale
1615 2074 1680 2108 fine
1713 2075 1779 2109 ulla
1823 2074 1953 2118 prorsus
1997 2073 2163 2110 valvulam*

1324 2118 1488 2153 XLVIII.
1511 2120 1563 2153 62.

1366 2162 1401 2194 in
1425 2162 1542 2195 adultis
1566 2172 1735 2206 apertum,
1762 2165 1794 2196 &
1826 2163 1860 2196 in
1892 2161 2033 2205 quadam
2066 2172 2124 2197 cur
2147 2167 2158 2195 α’

1411 2206 1516 2236 XVII.
1546 2216 1596 2238 12.
1626 2217 1674 2250 13.
1759 2238 1762 2239 γ

1363 2257 1421 2281 nec
1445 2257 1552 2282 tamen
1575 2249 1618 2283 fic
1641 2249 1747 2291 ipsum
1762 2273 1775 2290 ,
1798 2252 1830 2283 &
1853 2249 1974 2284 canalis
1987 2248 2159 2283 arteriosus

1405 2291 1546 2326 multum
1572 2293 1745 2328 conferunt
1769 2293 1809 2328 ad
1833 2295 2000 2328 vitandam
2024 2291 2163 2327 suffoca-

1405 2335 1552 2369 tionem.
1579 2338 1669 2368 XIX.
1692 2348 1746 2379 43.

1144 2376 1266 2411 Cordis
1288 2376 1327 2411 ad
1352 2378 1566 2419 pericardium
1591 2380 1799 2422 alligationes
1821 2390 1916 2423 quae,
1937 2382 1970 2414 &
1993 2387 2154 2423 quatenus

1232 2421 1360 2464 pulsum
1385 2422 1508 2455 variare
1534 2422 1667 2465 poffinr.
1693 2425 1808 2456 XXIV.
1834 2434 1866 2466 3.
1891 2434 1925 2467 4.
1957 2433 2006 2457 12.

1275 2464 1444 2506 prolapsus
1469 2477 1580 2499 verus.
1610 2468 1713 2498 XVII.
1741 2477 1792 2509 25.
1819 2467 1869 2500 28.

1358 2508 1529 2587 quognodo
1553 2510 1723 2545 Medicum
1748 2510 1842 2553 poffit
1865 2510 2032 2553 decipere.
2059 2513 2163 2545 XVII.

1407 2564 1423 2585 2
1454 2579 1461 2587 .

1271 2595 1451 2639 superficiei
1483 2597 1680 2632 adhaerentes
1712 2598 1938 2633 concretiones
1959 2620 1971 2636 2
2005 2600 2037 2632 &
2069 2597 2161 2642 quasi

1316 2642 1510 2676 membranae
1534 2643 1618 2677 unde
1642 2642 1724 2676 sint.
1751 2645 1819 2675 XX.
1845 2652 1899 2687 37.

1143 2683 1269 2762 Cordsis
1289 2686 1566 2760 οεὶζὲνῖἓτεῑὼυς
1589 2687 1734 2725 dietum,
1757 2685 1837 2729 quid
1856 2710 1866 2727 ,
1898 2688 1929 2720 ὃς
1962 2687 1997 2719 in
2041 2685 2162 2728 quibus

1247 2738 1289 2762 it.
1445 2754 1451 2760 .
1479 2740 1529 2771 19.

1274 2772 1412 2813 squamae
1437 2772 1530 2806 osseae
1553 2775 1694 2809 exterius
1714 2773 1919 2809 observatae.
1946 2774 2083 2805 XXVII.
2109 2775 2159 2805 16.

1278 2814 1525 2890 ⁰¹R⁶u¹⁰¹¹>³<³vf⁸ff
1548 2817 1652 2860 majus
1674 2815 1768 2851 os'in
1790 2817 1860 2860 ipsa
1884 2817 2159 2852 substantia-,HL

1320 2868 1372 2891 22.
1401 2863 1425 2889 X
1529 2886 1535 2891 .
1562 2871 1592 2892 2.

1274 2914 1353 2939 num
1378 2914 1449 2936 vera
1472 2903 1536 2936 ossa
1560 2915 1625 2937 non
1649 2904 1733 2938 fint.
1757 2906 1895 2939 XXVII.
1927 2915 1974 2947 17.
1998 2906 2030 2938 δι
2050 2903 2115 2946 seq.

1273 2946 1443 2991 quomodo
1467 2946 1538 2980 fieri
1565 2947 1680 2990 poffint
1707 2959 1745 2982 ex
1767 2948 1836 2992 ipsa
1868 2958 1985 2983 carnea
2017 2947 2158 2982 substan-

1321 2990 1386 3022 tia·
1413 2989 1501 3024 lbid.
1524 2993 1555 3024 &
1578 2992 1676 3026 XLV,
1702 2995 1753 3025 26.

1273 3045 1351 3068 nuru
1373 3033 1437 3067 offa
1463 3033 1530 3067 haec
1555 3034 1677 3069 soleant
1701 3046 1841 3071 mortem
1874 3036 2080 3080 repentinam
2111 3032 2158 3073 as-

1319 3075 1420 3111 ferre,
1448 3079 1591 3112 XXVII.
1619 3087 1670 3120 ις.
1696 3082 1729 3113 &
1752 3081 1838 3124 seqq.

1270 3131 1390 3155 carneae
1415 3121 1600 3155 substantiae
1631 3124 1667 3156 in
1701 3126 1891 3160 tendineam
1935 3121 2160 3166 degenerantis

1313 3164 1520 3198 observatio.
1546 3166 1652 3200 XLV.
1668 3177 1717 3210 23.

1359 3207 1639 3285 qujcgcll-Avdamgium
1670 3210 1740 3245 haec
1774 3211 1886 3246 afferat
1915 3208 2122 3251 degeneratio
2145 3232 2156 3241 .

1499 3276 1506 3284 .
1533 3263 1549 3284 2
1578 3276 1588 3283 .

1144 3294 1267 3330 Cordis
1289 3295 1543 3338 palpitationem
1565 3308 1582 3329 a
1606 3296 1691 3331 vitio
1713 3297 1863 3338 cerebri,
1894 3305 1953 3332 aut
1982 3306 2158 3333 nervorum

1231 3340 1289 3382 qui
1314 3340 1395 3372 olim
1418 3338 1628 3373 deduxerint.
1657 3343 1780 3372 XXIII.
1804 3351 1836 3384 3.

1273 3381 1315 3416 de
1339 3381 1449 3416 eadem
1473 3383 1513 3416 ab
1536 3383 1643 3417 eadem
1668 3383 1760 3417 causa
1784 3382 1953 3425 quaedam.
1979 3383 2069 3417 Ibid.

1273 3428 1378 3459 Aorta
1401 3424 1484 3460 ossea
1507 3425 1591 3460 [ειᾶει
1616 3437 1681 3459 non
1706 3426 1827 3469 semper
1850 3427 1928 3461 facit
1943 3449 1950 3458 ο
1978 3428 2099 3460 XXIII.
2122 3439 2155 3469 9.

1270 3480 1330 3503 nec
1352 3469 1473 3511 semper
1496 3470 1634 3504 valvulae
1658 3468 1820 3510 ejusdem,
1845 3472 1954 3504 aliaeve
1978 3471 2082 3504 cordis
2104 3470 2156 3504 os-

1311 3511 1396 3552 seae,
1420 3512 1468 3546 vel
1492 3513 1602 3547 durae.
1627 3514 1754 3547 XXIII.
1780 3524 1828 3547 πο.
1854 3516 1886 3546 &
1909 3512 1998 3554 seqq.

1274 3556 1405 3599 quando
1427 3556 1516 3589 illam
1541 3555 1686 3596 faciunt,
1708 3557 1878 3600 quomodo
1900 3554 2002 3589 facere
2026 3555 2156 3591 videam·

1318 3608 1390 3632 tur.
1418 3600 1540 3629 XXIII.
1564 3611 1595 3640 9.
1623 3609 1672 3633 12.

1274 3654 1353 3678 num
1377 3642 1498 3685 semper
1519 3641 1618 3676 faciat
1632 3642 1851 3685 pericardium
1864 3641 1957 3678 cordi
1971 3642 2152 3679 adflatum:

1319 3687 1444 3717 XXIII.
1470 3696 1518 3727 ¹7·
1543 3688 1574 3719 δε
1596 3684 1683 3728 seqq.

1267 3732 1300 3766 δε
1323 3740 1381 3762 cur
1403 3727 1533 3762 fortasse
1556 3730 1590 3761 in
1614 3729 1685 3764 aliis
1707 3728 1826 3769 faciat,
1850 3730 1885 3764 in
1909 3728 1982 3765 aliis
2005 3739 2070 3763 non
2103 3727 2150 3762 fa-

1313 3773 1400 3807 cisat.
1425 3773 1547 3804 xxm.
1571 3780 1624 3815 23·

1960 3825 2104 3859 quomo-
