2498 4075
329 200 484 265 Epist.
524 198 684 258 Anat,
721 190 938 247 Medica
975 193 1152 247 XVII.
1186 191 1310 244 Art.
1345 204 1426 243 20.
1464 204 1542 242 21.
1575 203 1656 242 22.
1692 190 1749 242 &
1782 203 1859 253 23.

95 283 161 309 erat
184 274 358 318 aliquando
381 275 484 313 celer,
510 276 538 307 &
564 272 661 306 durus
680 295 691 312 ,
717 269 889 313 aliquando
913 279 984 304 tum
1007 268 1095 304 ordi-

94 318 168 352 dine
189 342 201 359 ,
224 328 293 351 tum
316 320 347 351 vi
373 317 537 361 inaequalis
559 341 566 346 .
599 318 706 357 Caput
731 314 909 348 vehementi
948 312 1058 346 dolore
1083 334 1091 349 ,

94 364 174 404 quin
207 363 304 395 etiam
329 361 503 395 subdelirio
532 358 703 393 vexabatur
733 382 740 389 .
774 357 958 398 Respiratio
993 357 1094 397 magis

96 406 232 444 vitiata,
257 407 289 438 δε
311 417 384 439 curn
409 404 537 438 stertore
562 417 568 435 :
605 414 668 435 vox
694 410 799 436 autem
822 399 862 434 fic
887 401 1059 434 imminuta
1084 423 1094 438 ,

95 458 132 482 ut
157 448 193 482 ad
214 448 400 481 foemineam
424 446 580 481 accederet
599 464 606 478 2
641 443 780 480 ''shorax
805 445 1003 487 aliquantum
1036 441 1097 488 do-

95 492 178 525 lebat
200 517 206 522 .
241 491 340 526 Hisce
364 491 470 525 addita
504 500 582 523 mox
604 488 646 522 est
669 487 811 523 difficilis
829 513 836 525 ‚
873 489 940 522 imo
973 487 1097 529 prorsus

96 534 254 578 impedita
281 534 480 578 deglutitio:
503 536 533 567 δε
561 533 688 566 tandem
713 559 721 572 ,
754 531 838 565 facie
861 554 870 569 ‚
904 539 996 572 atque
1018 528 1097 563 adeo

98 587 171 612 toto
194 579 299 620 capite
322 578 412 611 valde
436 575 589 612 rubente,
613 586 698 608 mors
731 574 796 617 ipsa
819 574 913 608 XVI.
942 573 1016 606 Kal.
1036 574 1094 616 Ja-

95 633 184 656 nuar⁴
212 622 252 654 A.
284 621 370 654 1688.
506 619 710 658 TUMOR,
733 619 812 661 qui,
835 618 962 650 vivente
985 615 1095 651 homi-

96 676 157 705 ne,
180 664 275 698 durus
300 663 427 702 fuerat3
450 672 582 696 mortuo
609 687 616 701 ,
652 660 756 695 factus
780 670 845 694 erat
868 659 933 703 ‘jam
956 660 1064 693 mollis
1088 685 1095 692 .

96 711 182 742 Cum
208 708 305 742 incidi
331 706 506 749 coepilset3
539 705 646 739 statim
669 706 779 747 ingens
814 704 973 745 sanguinis
1005 704 1096 746 copia

97 753 280 785 emanavit.-
304 762 438 794 cumque
462 748 499 783 ad
522 748 662 784 radicem
685 748 780 791 usque
801 746 1022 786 diffccaretur,
1046 748 1097 779 in-

96 806 207 829 ventus
228 794 271 828 est
304 795 413 836 plenus
439 793 587 836 sanguine
611 816 620 831 ,
659 794 775 835 partim
799 792 832 823 in
866 801 997 832 grumos
1021 801 1098 822 con-

97 849 206 874 creto.
231 846 348 880 partim
374 836 493 871 fluido.
520 836 690 870 Glandulae
714 847 784 879 quae
797 834 834 867 ad
859 834 949 866 illam
976 842 1098 874 partem

99 882 196 915 locari
222 881 325 914 solent
353 907 361 920 ,
395 880 483 913 valde
518 881 671 913 induratae
694 904 701 916 ,
738 879 807 913 aliae
846 880 860 916 (
883 876 1101 920 premebant)

99 923 310 967 oeiophagum
335 948 361 964 ,,
394 924 463 957 aliae
497 923 597 965 ipsam
632 933 741 955 venam
778 922 988 963 Iuguhxrem,
1030 931 1099 961 quae

99 992 121 1010 ‚,
147 969 287 1003 multum
310 970 342 1000 in
367 968 429 1000 suis
453 967 645 1001 membranis
667 962 846 1001 craffefaeta
870 974 957 997 erant
978 987 985 994 .
1019 964 1099 995 Haec

99 1034 126 1053 ‚,
149 1022 255 1044 autern
281 1013 313 1044 in
339 1022 454 1045 trunco
479 1011 618 1053 majori,
644 1011 693 1043 uti
716 1011 813 1043 etiam
837 1009 939 1042 Aorta
965 1031 974 1045 ‚
998 1005 1101 1039 osten-

99 1079 125 1097 „
151 1055 246 1087 debat
271 1054 314 1088 sui
340 1055 587 1088 lacerationem.
724 1055 869 1088 Tumore
893 1050 1101 1093 perlustrato,

98 1122 122 1140 „
149 1097 287 1132 Thorax
310 1098 426 1131 incisus
449 1096 510 1131 est.
537 1122 562 1138 ,‚
584 1097 753 1131 Pulmones
764 1096 902 1130 exterius
925 1094 1024 1136 nigris
1036 1104 1102 1125 ma-

98 1142 181 1176 culis
206 1140 259 1174 laic
283 1142 352 1174 illic
380 1141 521 1175 distincti
553 1153 563 1181 5
588 1142 675 1174 intus
697 1151 771 1172 vero
793 1138 935 1182 globulis
959 1147 1102 1170 tartarea2

99 1188 241 1220 materia:
266 1186 412 1227 pluribus
437 1186 469 1217 in
494 1184 574 1219 locis
591 1208 603 1225 ,
626 1184 740 1225 ubique
764 1192 875 1216 autem
909 1181 1014 1215 multo
1037 1179 1104 1213 sero

100 1227 211 1263 referti
240 1252 247 1259 .
287 1230 409 1262 Dexter
434 1228 544 1270 pulmo
568 1240 622 1270 per
646 1227 761 1260 multas
784 1225 876 1260 fibras
901 1226 937 1257 ad
962 1225 1104 1266 pleuram

99 1271 307 1313 alligabatur:
333 1272 453 1305 finister
476 1274 609 1304 omnino
636 1271 714 1304 liber
738 1282 748 1309 5
783 1269 832 1303 sed
856 1268 946 1302 valde
970 1277 1034 1301 erat
1055 1269 1108 1300 in-

101 1316 284 1351 flammatus
308 1340 314 1346 .
350 1315 469 1348 Cordis
491 1315 686 1349 ventriculus
709 1314 819 1347 dexter
842 1312 1025 1346 continebat
1050 1323 1115 1354 pos

99 1359 246 1401 lyr-osam
268 1360 509 1392 concretionem
535 1382 543 1395 ‚
577 1370 647 1402 quae
671 1369 755 1390 venae
789 1358 888 1390 etiam
911 1357 1007 1389 Cavae
1031 1379 1041 1395 ,
1076 1356 1107 1387 &

102 1403 305 1437 Pulmonaris
339 1404 460 1436 arteriae
483 1402 606 1435 orificia
641 1400 819 1443 occupabat
844 1424 851 1431 .
989 1400 1116 1435 ventre,

101 1446 240 1488 denique
266 1456 402 1487 aperto,
425 1445 495 1479 sana
518 1447 628 1480 omnia
653 1446 778 1478 inventa
804 1443 874 1477 suut
895 1455 905 1482 5
929 1441 951 1475 fi
975 1442 1033 1475 Ilei
1059 1444 1110 1474 in-

101 1489 207 1525 testini
242 1487 338 1523 finem
372 1491 511 1532 excipias
540 1513 552 1530 ,
595 1489 652 1533 qui
685 1488 939 1522 inflammatione
982 1483 1112 1519 assessus

100 1544 190 1568 erat.

146 1588 196 1610 20.
221 1577 347 1621 Anceps
371 1576 465 1614 haefit
490 1586 528 1607 an
553 1574 633 1609 hanc
657 1574 818 1609 Valsalvae
838 1573 1110 1607 Observationem

101 1620 332 1660 describerem,
357 1624 413 1660 ὃς,
437 1618 458 1652 fi
483 1618 688 1651 describerem
710 1641 718 1654 ‚
751 1616 817 1660 q'uo
840 1617 1008 1655 referrem,
1036 1627 1112 1649 num

102 1664 140 1698 ad
176 1673 317 1697 tumores
352 1662 506 1706 quosdam
541 1661 687 1705 sanguine
723 1659 900 1704 turgidos;
934 1661 1043 1704 quales
1079 1661 1112 1691 in

101 1707 304 1750 Thyroiclaea
327 1705 480 1748 glandula
504 1716 569 1738 non
594 1706 684 1738 semel
707 1703 899 1747 deprehendi
922 1708 936 1745 (
959 1715 974 1738 ε
995 1708 1009 1744 )
1030 1727 1039 1740 J
1077 1714 1113 1735 an

104 1751 143 1785 ad
168 1751 269 1790 alios,
296 1761 369 1783 cum
394 1759 493 1792 rupto
516 1760 602 1782 venae
629 1747 765 1791 alicujus
790 1758 906 1782 trunco
930 1748 1113 1780 communi-

106 1803 234 1831 cantes,
258 1805 340 1835 quos
366 1792 513 1826 Valsalva
537 1790 624 1836 (f)
647 1816 660 1833 ‚
692 1795 723 1825 &
747 1803 809 1835 ego
831 1795 845 1830 (
864 1802 887 1835 g
908 1795 922 1832 )
946 1791 1023 1825 alibi
1048 1802 1112 1823 me.

105 1847 327 1877 moravimus‚
353 1848 389 1870 an
415 1838 525 1879 potius
548 1835 586 1869 ad
610 1847 680 1873 eas,
705 1835 743 1868 de
757 1834 871 1879 quibus
883 1845 967 1868 nunc
990 1834 1111 1872 scribo,

102 1881 313 1914 dilatationes
337 1881 461 1913 arteriae
490 1881 638 1923 Magnae.
665 1879 741 1913 Huc
764 1880 900 1921 denique
923 1881 1025 1922 magis
1046 1879 1117 1910 ani-

102 1936 173 1959 mus
196 1924 366 1958 inclinavit
382 1951 389 1964 ‚
415 1934 490 1957 cum
512 1934 641 1966 gravem
666 1922 860 1956 attenderem
881 1946 894 1962 ‚
917 1935 987 1965 quae
1026 1930 1117 1955 tanto

103 1977 192 2003 antea
218 1969 379 2011 inceperat
406 1990 418 2007 ,
455 1979 470 2000 a
494 1967 686 1999 violentiore
710 1966 885 2008 praesertim
908 1977 999 2000 motu
1025 1989 1034 2004 ‚
1066 1977 1116 1999 re-

104 2012 338 2054 spirationem,
364 2011 453 2044 Nam
476 2009 561 2053 quod
587 2010 673 2044 nulla
697 2012 834 2044 tumoris
845 2008 1018 2043 adnotetur
1041 2009 1114 2052 pul-

106 2056 214 2094 sati03
237 2065 289 2089 tot
313 2055 383 2089 sunt
407 2054 506 2088 causae
529 2065 599 2096 quae
625 2054 705 2087 hanc
732 2053 858 2096 possunt
871 2063 1017 2095 tempore
1040 2064 1117 2096 pro-

104 2099 267 2143 grediente
289 2098 477 2135 obscurare,
502 2100 538 2131 ut'
563 2098 671 2130 mirari
697 2108 760 2130 non
784 2106 970 2139 oporteret,
994 2098 1016 2130 si
1037 2097 1117 2130 ulti-

105 2144 168 2177 mis
192 2143 258 2176 illis
281 2143 412 2178 diebus,
437 2141 555 2184 quibus
580 2142 612 2173 in
639 2141 878 2173 Nosocomium
902 2140 1033 2173 admisso
1057 2141 1119 2173 lio-1

106 2188 212 2227 mine,
234 2186 415 2219 observatus
440 2184 481 2217 est
504 2194 633 2223 tumor,
656 2182 756 2225 ipsam
780 2181 1028 2216 animadvertere
1051 2195 1118 2217 non

107 2228 244 2264 licuisset
271 2255 279 2262 .
305 2231 369 2263 Eas
393 2227 498 2261 causas
522 2228 618 2268 attigi
644 2227 720 2258 alias
742 2229 755 2264 (
779 2225 798 2257 Ι)
821 2230 834 2265 )
859 2249 870 2265 ,
903 2229 935 2258 δε
959 2228 1118 2268 proximis

108 2274 247 2307 Litteris
271 2276 284 2311 (
307 2273 319 2305 i
340 2276 354 2312 )
378 2282 485 2304 earum
507 2270 648 2312 aliquam
670 2268 953 2302 commemorabo.
980 2270 1032 2302 Sic
1056 2271 1117 2312 igi-

108 2325 162 2350 tur
186 2327 250 2349 rem
274 2315 428 2356 concipio
445 2337 458 2354 ,
491 2322 527 2346 ut
562 2314 675 2345 arteria
706 2314 809 2345 Aorta
832 2312 878 2344 ibi
904 2312 959 2345 ubi
981 2336 994 2353 ,
1027 2313 1119 2347 disse-

111 2360 167 2393 &o
192 2369 347 2397 tumore,
371 2357 595 2390 lacerationem
618 2354 781 2389 ostendisse
805 2355 927 2388 dicitur
946 2378 956 2394 ,
989 2356 1018 2389 se
1042 2368 1119 2399 pau-

109 2403 205 2436 latim
229 2403 261 2434 in
285 2412 358 2435 eum
385 2400 508 2434 saccum
531 2401 587 2441 qui
611 2408 770 2443 tumorem
793 2398 931 2432 faciebat
953 2422 965 2439 ‚
998 2399 1120 2434 sursum

110 2445 295 2480 dilataverit
324 2456 334 2482 5
370 2442 425 2477 hic
446 2454 523 2476 vero
557 2442 760 2483 circumjeffta
782 2444 891 2475 omnia
917 2443 1089 2485 prem-ndo
1112 2469 1121 2485 ,

111 2490 259 2532 pleraque
282 2498 392 2521 eorum
416 2483 577 2522 effecerit,
603 2487 716 2527 quaein
740 2487 866 2518 vivente
880 2485 951 2519 sunt
976 2487 1120 2520 animad-

109 2533 211 2567 versa.
239 2531 348 2564 Presl‘ae
372 2530 456 2562 enim
480 2530 595 2562 arteria
619 2529 757 2571 Aspera,
783 2531 814 2562 δι
839 2530 953 2571 larynx
980 2555 987 2568 ‚
1020 2543 1120 2574 eoque

112 2574 309 2617 angustiores
343 2573 435 2607 saetae
458 2595 469 2612 ,
500 2583 613 2605 vocem
649 2574 754 2606 minus
788 2584 915 2614 gravem
951 2572 1118 2608 edebant:

95 2617 216 2662 -pressae
240 2618 337 2660 gula,
361 2620 393 2650 ἅς
418 2615 567 2659 pharynx
590 2614 758 2649 difficilem
772 2618 934 2658 primum,
960 2628 1034 2651 mox
1048 2618 1121 2651 nul-

113 2663 181 2697 lum
208 2662 369 2694 alimentis
405 2659 571 2693 transitum
594 2659 781 2702 praebebant
807 2671 815 2693 :
850 2659 965 2703 pressus
990 2662 1125 2705 denique

113 2716 244 2740 truncus
275 2703 378 2747 major
396 2704 564 2750 Jugularis
587 2713 695 2744 venae,
720 2702 797 2736 idest
822 2706 959 2738 lnternae
984 2705 1123 2740 reditum

115 2749 277 2792 sanguinis
300 2760 337 2781 ex
360 2747 576 2789 superioribus
598 2770 610 2787 ,
643 2749 675 2780 &
701 2747 877 2791 praesertim
899 2760 938 2782 ex
962 2749 1090 2782 cerebro
1111 2773 1124 2790 ,

114 2792 330 2835 impediebat,
355 2789 437 2824 unde
462 2790 578 2828 dolor,
603 2789 700 2837 rubor
718 2815 731 2832 ,
754 2790 963 2826 subdelirium
986 2818 992 2825 .
1028 2793 1123 2835 Qo-

115 2839 203 2870 niam
226 2845 329 2868 tamen
354 2837 386 2867 δε
405 2834 570 2879 Jugularis
593 2834 732 2869 e'usdem
756 2845 840 2868 venae
863 2835 1016 2869 laceratio
1039 2837 1125 2870 indi-

116 2890 226 2914 catur,
251 2882 282 2912 &
307 2879 459 2913 nonnulla
483 2879 516 2911 in
540 2890 574 2911 ea
621 2877 795 2913 isseffionis
818 2889 907 2921 parte
932 2881 978 2912 ita
1003 2892 1019 2913 a
1043 2881 1124 2914 Val-

118 2925 200 2958 salva
225 2921 342 2963 scripta
362 2921 461 2961 sunt,
487 2930 523 2955 ut
547 2920 674 2956 fortasse
698 2922 790 2956 aliter
814 2934 848 2956 ac
872 2922 987 2963 mihi,
1018 2924 1122 2957 videri

117 2967 182 3001 tibi
216 2964 330 3009 poffint
368 2965 547 3008 accipienda
575 2977 586 3003 5
622 2966 689 3009 ipsa
721 2977 759 2998 eo
789 2966 823 2998 in
858 2967 932 3000 loco
966 2968 1122 3001 Auctoris

117 3010 210 3045 verba
235 3007 376 3052 proferre
399 3010 497 3046 malui
521 3009 629 3052 qualia
652 3011 780 3048 inveni,
806 3012 839 3043 &
862 3010 925 3044 hoc
948 3021 1047 3045 unum
1071 3012 1124 3046 ad-

120 3064 248 3089 monere
268 3075 277 3092 ‚
310 3063 383 3085 cum
406 3064 471 3086 eam
505 3052 617 3087 habuit
651 3054 922 3087 Observationem
946 3077 958 3094 ,
992 3055 1126 3089 necdum

121 3109 220 3132 annos
243 3104 353 3130 natum
377 3095 467 3131 fuisse
489 3106 550 3130 tres
574 3101 606 3131 &
639 3098 759 3141 viginti
784 3110 794 3129 .-
825 3109 1010 3141 quanquam
1043 3101 1127 3133 circa

121 3141 207 3175 idem
244 3148 371 3182 tempus
402 3144 432 3172 δε
462 3140 562 3174 aliam
594 3139 709 3176 habuit
733 3165 745 3182 ‚
778 3142 812 3174 in
847 3153 909 3184 qua
942 3141 1028 3175 nihil
1062 3142 1128 3176 hae-

122 3184 269 3219 litemus.
406 3183 453 3215 Ea
476 3185 534 3217 erit
558 3188 662 3228 prima
684 3186 721 3219 de
745 3186 850 3218 tribus
874 3187 1031 3227 proximis
1052 3212 1059 3226 ‚
1094 3189 1130 3219 in

123 3228 241 3272 quibus
273 3224 365 3261 fimul
396 3226 545 3268 Cordis,
575 3231 607 3262 &
630 3230 758 3273 Magnae
791 3230 914 3264 arteriae
943 3230 1131 3273 aneurysma

124 3271 308 3314 conspexit.

170 3325 221 3348 21.
237 3314 436 3362 ‘PAUPER
452 3324 566 3348 annum
584 3326 676 3358 agens
698 3315 925 3360 sexagesimum
941 3318 1133 3359 quinetum‚

126 3369 202 3393 cum
225 3359 399 3400 sanguineo
423 3355 496 3391 esset
520 3368 774 3402 temperamento
794 3386 807 3403 ,
832 3364 863 3394 ὃς
887 3363 1035 3403 corporis
1060 3362 1135 3396 satis

127 3402 210 3436 bona
234 3401 486 3442 constitutione,
509 3412 580 3435 ante
604 3403 727 3448 aliquot
751 3415 852 3438 annos
878 3408 994 3438 tentari
1020 3408 1136 3448 perin-

129 3446 267 3480 tervalla
289 3454 430 3493 coeperat
440 3445 632 3494 oppressione
654 3447 791 3492 quadam
803 3448 943 3492 pastoris
965 3460 1038 3483 cum
1064 3451 1138 3492 pnl-

128 3489 163 3524 su
188 3500 260 3523 raro
275 3511 284 3527 ‚
309 3488 423 3529 tenso,
448 3499 482 3522 ac
507 3488 635 3523 vibrato
657 3514 666 3529 ‚
690 3491 905 3535 consequente
929 3495 1026 3527 animi
1046 3517 1057 3534 ,
1090 3496 1137 3527 vi-

128 3535 278 3576 riumque
312 3531 440 3583 defectu
463 3558 471 3565 .
495 3532 614 3582 *Mense
637 3544 742 3569 autem
774 3538 948 3570 Decembri
971 3540 1012 3571 A.
1042 3539 1136 3580 1687.

129 3588 204 3612 cum
227 3578 393 3611 Tertianae
418 3576 519 3610 febris
541 3576 629 3611 causa
659 3581 693 3613 in
716 3579 802 3615 idem
824 3579 1065 3616 Nosocomium
1090 3594 1138 3615 re-

126 3712 2207 3735 ffi—*Qss———w

278 3775 354 3804 Epist.
372 3776 447 3800 Anat.
465 3784 487 3805 9.
504 3782 527 3799 n·
545 3782 585 3805 39.

193 3773 267 3836 ((ῖέ
283 3806 357 3837 Epist.
375 3809 412 3832 18.
427 3814 454 3833 n.
468 3814 506 3831 20.
568 3807 578 3838 (
595 3805 612 3832 k
628 3807 638 3840 )
653 3809 689 3833 De
704 3810 849 3841 Aneurysm.
866 3811 963 3841 Proper.
981 3819 1020 3842 4¹·

648 3776 662 3805 (
677 3775 715 3806 f)
731 3779 815 3804 Trast.
831 3779 860 3805 de
877 3780 940 3804 Aure
956 3781 1034 3806 Hum.
1050 3788 1071 3806 c.
1087 3789 1113 3812 4·
1130 3789 1154 3807 n.
1171 3783 1194 3808 8.

1144 276 1254 309 ceptus
1278 263 1375 303 esset,
1399 276 1535 309 cumque
1558 263 1622 307 jam
1647 264 1743 299 febris
1767 263 1980 298 remediorum
2015 275 2076 306 ope
2099 274 2148 297 re-

1145 312 1274 345 mittere
1297 308 1483 347 videretur5
1508 309 1645 350 pectoris
1669 307 1824 348 angustiaef
1839 319 1913 343 curn
1935 307 2148 350 palpitatione

1146 352 1251 390 cordis
1277 351 1353 385 adeo
1376 353 1559 389 invaluere,
1582 361 1617 385 ut
1631 353 1714 384 circa
1739 350 1944 385 undecimum
1956 348 2149 386 febrisdiem

1148 396 1260 435 &sibi
1284 419 1292 433 ,
1324 397 1356 427 &
1379 397 1503 429 caeteris
1536 397 1633 430 morti
1657 394 1720 438 jam
1756 395 1924 436 proximus
1957 392 2116 428 videretur
2140 416 2148 425 .

1148 439 1271 476 Eadem
1294 449 1400 472 tamen
1431 439 1528 482 usque
1551 437 1588 471 ad
1621 437 1808 481 vigesimum
1832 446 1921 471 tanta
1952 436 2152 471 vehementia

1148 483 1353 527 perstiterunt
1368 504 1380 521 ‚
1404 490 1442 515 ut
1466 481 1650 527 aphonum,
1674 486 1706 517 &
1731 492 1807 524 pene
1831 480 2030 523 desperatum
2055 480 2151 513 relin-

1147 535 1279 570 querent
1299 551 1306 558 .
1340 525 1389 558 At
1412 526 1498 559 circa
1522 524 1709 567 vigesimum
1733 524 1905 567 septimum
1928 523 1965 557 de
1987 523 2076 568 gravi
2099 533 2153 566 pc·

1149 572 1248 605 {toris
1281 568 1454 615 reple-tione
1477 579 1543 610 quo
1575 578 1699 610 poterat
1732 567 1833 601 modo
1865 566 2153 611 conquerebatur:

1149 615 1233 647 circa
1259 612 1459 659 trigehmum
1483 622 1588 646 autem
1610 611 1848 646 remittentibus
1859 611 1911 647 his
1935 609 2156 653 paroxysmis,

1150 657 1303 700 pulsuque
1326 666 1392 698 Jam
1428 654 1466 687 ad
1489 655 1667 690 naturalem
1690 655 1858 689 accedente
1883 676 1893 692 ‚
1928 664 2077 696 maguam
2098 663 2156 686 cu-

1149 699 1271 743 jusdam
1292 697 1376 742 quali
1409 697 1552 740 gelatinae
1572 700 1703 740 copiam
1736 697 1912 732 exscreabat
1935 720 1948 737 ,
1980 698 2030 731 cui
2055 695 2158 729 multa

1151 753 1215 776 erat
1240 742 1389 777 subrubra
1414 741 1529 781 pallida
1554 740 1723 777 substantia
1747 741 1877 777 admista
1894 766 1901 773 .
1926 740 2158 783 AEgerinterea

1150 799 1223 822 cum
1248 786 1351 820 ederet
1376 784 1478 823 nihil,
1503 785 1632 825 vinum,
1656 786 1737 819 clam
1760 797 1870 821 omnes
1894 784 2027 818 allatum
2037 783 2217 825 ,filarges‘

1151 829 1399 872 ingurgitabat;
1422 828 1504 862 unde
1528 829 1616 862 oculi
1642 829 1785 871 primum
1807 829 1952 867 dexteri;
1974 828 2097 860 mox&
2121 824 2159 859 sl-

1152 873 1240 908 nistri
1266 883 1338 906 nata
1361 871 1403 905 est
1427 872 1643 906 inflammatio
1663 895 1678 912 ³
1711 884 1750 905 ex
1775 872 1833 906 hac
1868 880 1974 906 autem
1997 871 2125 904 caecitas
2149 893 2159 902 .

1152 916 1302 951 Tandem
1327 916 1365 949 ab
1388 914 1505 949 assiduo
1527 913 1679 950 decubitu
1700 939 1710 953 ,
1745 919 1777 949 &
1800 924 2076 951 excrementorum
2110 913 2162 946 in-

1151 960 1255 1006 juria,
1278 969 1445 1003 gangraena
1469 957 1506 991 ad
1530 969 1565 993 os
1591 960 1720 993 Sacrum
1743 969 1910 1002 correptus
1933 982 1944 998 ,
1968 958 2052 991 circa
2074 956 2163 990 diem

1152 1004 1424 1047 quadragesimum
1455 1001 1541 1035 obiit
1562 1025 1569 1032 .
1707 1003 1914 1038 THORAX
1945 1026 1953 1041 ,
1996 999 2164 1045 adjuvante

1152 1048 1343 1090 Hippolyto
1368 1044 1538 1080 Francisco
1565 1045 1738 1079 Albertino
1762 1069 1773 1085 ,
1805 1047 1862 1089 qui
1886 1047 1918 1078 in
1952 1056 1990 1077 eo
2012 1044 2166 1078 Nosoco-

1154 1093 1222 1127 mio
1245 1100 1322 1124 tunc
1348 1087 1470 1122 Medici
1491 1087 1664 1123 Affistentis
1688 1100 1816 1122 munere
1838 1087 2076 1131 diligentiffime
2091 1087 2166 1121 fun-

1155 1135 1288 1178 gebatur
1305 1157 1318 1174 ,
1341 1130 1488 1165 disseetus
1511 1130 1553 1164 est
1575 1156 1581 1162 .
1610 1133 1776 1166 Pulmones
1800 1132 1918 1174 pleurae
1952 1132 2033 1165 arffite
2057 1129 2167 1163 adhae-

1155 1179 1286 1212 rebant:
1312 1188 1381 1219 quae
1406 1183 1508 1207 tamen
1533 1186 1579 1210 res
1602 1176 1634 1208 in
1659 1176 1771 1211 multis
1783 1175 1988 1209 cadaveribus
2014 1174 2092 1210 solet
2111 1183 2168 1206 oc-

1156 1233 1297 1260 currere.
1325 1218 1419 1254 Incifi
1441 1219 1608 1252 materiam
1631 1218 1696 1260 ejus
1720 1230 1789 1261 quae
1800 1218 2042 1258 exscreabatur,
2065 1217 2170 1250 simil-

1159 1267 1269 1300 limam
1293 1262 1520 1308 ostenderunt,
1544 1261 1601 1294 nisi
1614 1261 1704 1306 quod
1727 1272 1791 1295 erat
1803 1264 1951 1298 tenuior:
1975 1262 2170 1304 pulmonum

1160 1319 1265 1345 autern
1289 1307 1430 1350 ipsorum
1454 1303 1625 1339 substantia
1650 1315 1720 1339 atro
1742 1316 1806 1339 erat
1829 1306 1939 1340 colore
1963 1304 2082 1340 infecta
2097 1330 2104 1338 .
2130 1306 2172 1337 In

1160 1352 1337 1397 pericardio
1361 1350 1463 1383 serum
1488 1360 1526 1382 ex
1551 1359 1621 1382 atro
1646 1349 1824 1384 subflavum
1845 1373 1856 1389 ‚
1881 1348 2054 1391 insipidum
2078 1372 2086 1387 ,
2131 1345 2173 1381 ad

1161 1396 1379 1439 sesquilibram
1404 1392 1501 1426 ferme
1527 1404 1535 1425 :
1568 1404 1623 1425 cor
1648 1404 1753 1426 autem
1783 1405 1816 1425 ea
1841 1392 2066 1435 magnitudine
2091 1418 2100 1431 ,
2134 1399 2173 1425 ut

1163 1441 1320 1475 bubulum
1355 1446 1493 1481 aequaret
1519 1460 1526 1467 .
1564 1437 1775 1471 Ventriculus
1809 1434 1874 1477 ejus
1899 1438 2009 1469 dexter
2041 1445 2173 1469 caveam

1163 1485 1294 1528 quidem
1329 1481 1497 1515 secundum
1532 1491 1675 1516 naturam
1699 1504 1707 1519 ,
1740 1479 1788 1513 sed
1811 1479 2003 1514 craffiffimos
2038 1479 2174 1521 parietes

1164 1527 1322 1563 habebat.
1350 1525 1475 1558 Sinistri
1502 1535 1575 1556 vero
1599 1534 1688 1558 tanta
1712 1531 1777 1556 erat
1803 1534 1916 1559 cavea,
1941 1533 1976 1558 ut
2000 1520 2101 1565 posset
2117 1532 2174 1556 cor

1165 1574 1323 1610 alterum,
1348 1568 1485 1602 naturali
1511 1577 1575 1600 non
1600 1566 1723 1610 majus,
1747 1567 1940 1606 continereff.
1964 1566 2015 1600 sed
2040 1565 2176 1600 viciffim

1164 1619 1299 1659 parietes
1324 1612 1402 1646 adeo
1425 1620 1533 1645 tenues
1558 1634 1570 1649 ,
1602 1622 1637 1645 ut
1664 1612 1718 1646 vix
1742 1620 1870 1644 motum
1893 1610 2002 1645 cordis
2026 1609 2175 1645 sustinere

1165 1657 1303 1702 potuisse
1326 1655 1488 1689 videretur
1510 1679 1517 1686 .
1545 1654 1653 1688 Tanta
1678 1652 1773 1697 hujus
1798 1655 1972 1689 ventriculi
1997 1655 2176 1697 capacitate

1165 1714 1229 1736 non
1254 1702 1358 1736 multo
1382 1707 1446 1731 erat
1471 1699 1576 1731 minor
1602 1699 1760 1741 capacitas
1796 1699 1918 1733 arteriae
1942 1698 2070 1741 Magnae
2093 1710 2103 1736 3
2139 1706 2178 1731 ut

1165 1746 1232 1781 haec
1257 1754 1385 1790 quoque
1409 1753 1471 1775 non
1497 1742 1654 1788 humana.
1680 1742 1727 1774 [ed
1739 1742 1856 1776 bubula
1879 1742 2058 1776 videretur.
2085 1743 2178 1775 Intus

1167 1801 1270 1825 autem
1294 1788 1359 1832 ejus
1385 1786 1583 1821 membranea
1607 1785 1776 1821 substantia
1801 1788 1835 1820 in
1859 1786 2101 1831 cartilagineam
2122 1784 2178 1823 de-

1166 1842 1368 1876 generaverat
1380 1855 1388 1863 .
1832 1863 1834 1865 .

1210 1889 1261 1911 22.
1287 1877 1369 1911 Vini
1393 1876 1640 1917 intemperantia
1667 1877 1713 1910 vel
1740 1887 1778 1910 eo
1803 1884 1948 1921 tempore
1973 1900 1986 1919 ‚
2020 1876 2099 1921 quid
2124 1886 2180 1911 an-

1167 1930 1218 1955 tea
1242 1921 1309 1967 fieri
1336 1920 1468 1955 soleret,
1495 1918 1684 1954 indicioest
1703 1946 1710 1952 .
1738 1921 1844 1954 Facile
1868 1923 1971 1963 prima
1995 1921 2070 1955 inde
2093 1931 2180 1955 mor-

1167 1965 1199 1998 bi
1222 1967 1311 1999 causa
1334 1976 1343 1995 :
1375 1965 1407 1995 &
1432 1961 1500 1995 sane
1524 1961 1669 1997 Medicus
1695 1965 1981 2001 Exercitatiffimus
2015 1963 2178 2000 Lancilius

1168 2012 1182 2048 (
1203 2009 1222 2049 l<
1244 2013 1259 2049 )
1282 2006 1435 2046 testatur,
1457 2005 1496 2040 de
1519 2016 1674 2048 centum,
1697 2007 1806 2051 sponte
1831 2010 1911 2043 ortis
1936 2033 1947 2050 ‚
1981 2008 2180 2052 aneurysma-

1168 2052 1257 2086 tibus
1283 2052 1354 2100 plus
1377 2051 1612 2093 quinquaginta
1642 2054 1674 2084 in
1693 2052 1809 2095 gulosis
1830 2054 1874 2086 (φ
1895 2052 2006 2096 bibofis
2023 2052 2058 2096 se
2079 2052 2181 2096 vidis-

1162 2096 1197 2139 se
1221 2121 1228 2129 .
1264 2096 1349 2135 Qrs
1374 2103 1478 2127 autem
1516 2095 1600 2127 inter
1623 2106 1676 2129 eos
1700 2096 1829 2130 morbos
1851 2096 2038 2139 praecesserit
2062 2121 2075 2138 ‚
2106 2097 2181 2140 quis

1170 2138 1352 2173 subsecutus
1376 2137 1414 2170 sit
1429 2161 1438 2175 ‚
1464 2137 1597 2171 difficile
1620 2138 1662 2172 est
1687 2151 1744 2181 pro
1768 2149 1859 2173 certo
1882 2140 2010 2176 dicere.
2036 2141 2115 2176 Veri
2131 2149 2182 2175 ta-

1169 2194 1241 2216 men
1264 2183 1364 2215 simile
1387 2180 1430 2230 est
1452 2207 1460 2218 .
1493 2180 1614 2215 factam
1638 2194 1725 2224 prius
1759 2182 1850 2218 fuisse
1874 2186 1995 2224 arteriae
2017 2186 2147 2228 Magnae
2170 2208 2183 2226 ‚

1168 2237 1267 2269 quarn
1291 2225 1462 2259 ventr1culi
1487 2225 1569 2259 unde
1593 2229 1718 2266 oritur,
1741 2227 1986 2264 dilatationem.
2010 2229 2182 2264 Dilatatus

1169 2272 1257 2304 enim
1292 2280 1367 2303 cum
1405 2277 1493 2313 tanta
1527 2271 1685 2315 parietum
1719 2274 1944 2306 extenuatione
1985 2274 2184 2308 ventriculus

1169 2324 1235 2346 non
1259 2312 1388 2347 videtur
1414 2313 1497 2355 polle
1522 2324 1557 2345 ea
1583 2314 1613 2345 vi
1639 2315 1823 2355 sanguinem
1848 2316 2017 2351 extrudere
2040 2319 2075 2350 in
2100 2326 2184 2351 arte-

1171 2358 1273 2394 riam,
1302 2366 1337 2390 ut
1362 2357 1442 2390 hanc
1466 2355 1580 2389 dilatet
1595 2369 1605 2389 .·
1628 2356 1695 2390 haec
1717 2357 1876 2400 dilatata,
1901 2359 2058 2404 fimulque
2082 2362 2184 2396 carti-

1172 2401 1294 2442 laginea
1329 2400 1455 2433 videtur
1486 2401 1597 2443 utique
1630 2401 1679 2446 ita
1710 2402 1858 2444 sanguini
1892 2404 1927 2436 in
1959 2416 2052 2438 venas
2085 2405 2183 2449 usque

1173 2443 1383 2486 propellendo
1406 2445 1510 2476 minus
1534 2454 1606 2486 apta
1631 2444 1711 2481 esle,
1734 2456 1771 2479 ut
1794 2448 1999 2489 compulsum
2024 2460 2040 2482 a
2063 2450 2185 2482 ventri-

1171 2488 1247 2520 culo
1271 2498 1345 2519 cum
1372 2496 1540 2528 propterea
1564 2498 1603 2519 ex
1628 2488 1734 2530 aliqua
1758 2489 1926 2524 dumtaxat
1951 2501 2040 2535 parte
2063 2492 2185 2526 admit-

1172 2539 1241 2568 tat,
1267 2539 1389 2572 partem
1413 2530 1568 2571 reliquam
1592 2532 1623 2576 in
1648 2542 1686 2562 eo
1711 2531 1851 2567 restitare
1875 2545 1994 2579 cogat,
2016 2535 2185 2580 ipsumque

1173 2574 1332 2614 dilatare,
1356 2577 1388 2607 &
1413 2577 1501 2614 quod
1525 2575 1731 2617 consequitur
1753 2602 1761 2617 ‚
1785 2580 1906 2611 morari
1931 2581 2029 2613 etiam
2052 2582 2086 2613 in
2111 2582 2186 2623 pul-

1173 2619 1346 2657 monibus,
1372 2616 1453 2650 unde
1466 2618 1529 2650 illae
1555 2619 1692 2659 pectoris
1705 2621 1914 2663 oppressiones
1929 2648 1941 2664 ‚
1965 2626 1996 2656 δε
2010 2624 2162 2664 angustiae
2175 2649 2187 2666 ,

1175 2665 1207 2697 δι
1231 2661 1308 2694 hinc
1333 2661 1433 2694 auctae
1458 2659 1688 2702 separationes,
1713 2665 1983 2709 expreffionesque
2006 2680 2022 2700 e
2047 2663 2187 2711 glandu-

1176 2705 1215 2738 lis
1240 2707 1272 2737 in
1296 2702 1454 2738 bronchia
1479 2705 1713 2747 influentibus,
1737 2711 2012 2751 quemadmodum
2032 2713 2131 2745 etiam
2142 2713 2186 2747 ob

1175 2760 1301 2783 moram
1328 2749 1490 2791 sanguinis
1514 2749 1546 2781 in
1570 2750 1776 2792 circumjecta
1799 2753 1889 2787 cordi
1914 2755 2097 2789 membrana
2119 2782 2128 2797 ,
2151 2760 2185 2791 &

1175 2793 1301 2827 crebros
1323 2793 1430 2839 cordis
1454 2792 1578 2826 diutius
1603 2794 1796 2836 palpitantis
1820 2798 1903 2832 ictus
1928 2820 1937 2835 ‚
1961 2798 2109 2842 hydrops
2129 2811 2187 2834 ot-

1175 2846 1227 2871 tus
1250 2836 1292 2871 est
1317 2836 1458 2879 ejusdem
1481 2837 1692 2875 membranae,
1718 2837 1778 2872 five
1803 2841 1998 2882 pericardii.

1220 2892 1272 2922 23.
1298 2882 1384 2915 VIR
1408 2891 1505 2913 annos
1530 2890 1620 2913 natus
1646 2881 1684 2913 ad
1706 2883 1963 2927 quinquaginta,
1989 2886 2190 2931 lanamquo„

1176 2925 1255 2972 tidie
1280 2926 1405 2970 agitans
1430 2923 1466 2973 ad
1490 2924 1623 2957 culcitas
1646 2925 1880 2969 conficiendas,
1905 2932 1996 2973 queri
2020 2932 2125 2973 coepit
2148 2931 2188 2966 de

1176 2968 1301 3002 difficili
1326 2969 1529 3010 respiratione
1547 2989 1557 3006 ,
1581 2979 1652 3010 quae
1675 2980 1750 3003 cum
1772 2969 1864 3005 sibilo
1887 2972 1981 3007 fiebat
2002 2998 2010 3006 .
2047 2976 2189 3009 Praecor-

1177 3013 1305 3046 diorum
1329 3010 1525 3054 aliquando,
1550 3013 1582 3044 &
1605 3013 1826 3054 respirationis
1854 3017 2008 3060 angustiis
2031 3020 2189 3063 corripie-

1178 3057 1274 3090 batur
1288 3079 1300 3095 ,
1322 3066 1399 3097 quas
1425 3053 1591 3088 vehemens
1616 3055 1656 3090 ad
1678 3056 1806 3092 lumbos
1827 3058 1923 3095 dolor
1944 3061 2109 3096 interdum
2133 3075 2188 3097 ex-

1179 3100 1341 3143 cipiebat.
1366 3100 1505 3131 Arteriae
1530 3100 1562 3131 in
1586 3100 1673 3132 collo
1687 3101 1778 3135 valde
1802 3104 1989 3145 pulsabant.
2016 3104 2071 3138 Ad
2094 3105 2188 3147 haec,

1182 3143 1346 3178 nonnullis
1370 3152 1451 3192 ante*
1466 3151 1604 3176 mortem
1624 3142 1733 3179 diebus
1757 3148 1924 3182 accedente
1947 3149 2189 3193 sanguinisspu-

1182 3198 1244 3228 to,
1267 3198 1341 3221 cum
1364 3197 1452 3228 gravi
1474 3208 1484 3224 ‚
1510 3196 1605 3230 atque
1626 3189 1759 3223 turbato
1781 3190 1997 3234 respirationis
2021 3201 2115 3227 motu
2137 3194 2189 3226 vi-

1183 3230 1277 3266 vendi
1311 3230 1406 3264 finem
1440 3228 1545 3262 fecit·
1682 3234 1737 3268 IN
1773 3235 2020 3270 THORACIS
2053 3247 2189 3279 utroque

1184 3273 1408 3325 cavo-serum?
1431 3272 1531 3324 diluti
1553 3275 1718 3318 sanguinis
1739 3278 1871 3320 colore,
1894 3280 2056 3322 stagnabat
2080 3305 2087 3313 .
2113 3282 2188 3315 Pars

1185 3318 1322 3366 inferior
1346 3316 1460 3351 sinistri
1485 3318 1646 3360 pulmonis
1675 3346 1683 3359 ‚
1716 3321 1839 3355 dexteri
1862 3333 1968 3358 autern
1990 3324 2084 3359 Iobus
2106 3336 2188 3359 unus

1188 3365 1226 3398 ab
1248 3361 1345 3396 efluso
1369 3363 1454 3395 intra
1479 3373 1587 3397 eorum
1618 3364 1823 3398 substantiam
1854 3367 2004 3410 sanguine
2034 3366 2191 3410 nigresce-

1187 3409 1285 3441 bant.
1310 3408 1379 3439 Cor
1402 3406 1487 3455 mole
1511 3407 1662 3448 anetum,
1684 3409 1808 3442 nullum
1821 3412 1855 3443 in
1878 3410 1941 3447 suis
1963 3411 2115 3445 thalamis
2127 3422 2190 3454 po-

1187 3449 1307 3495 lyposae
1329 3452 1547 3484 concret1onis
1572 3452 1730 3486 indicium
1752 3452 1912 3487 ostendit.
1934 3456 2053 3495 Magna
2071 3455 2190 3488 arteria

1187 3506 1289 3541 prope
1312 3505 1369 3527 cor
1386 3492 1523 3543 dilatata
1545 3504 1611 3529 erat
1643 3497 1678 3530 in
1702 3498 1886 3540 aneurysma
1909 3522 1923 3540 ‚
1955 3494 2046 3543 cujus
2069 3499 2192 3533 interni

1189 3540 1324 3584 parietes
1345 3538 1435 3571 osseis
1458 3536 1512 3571 hic
1544 3539 1614 3571 illic
1638 3541 1775 3584 squamis
1810 3541 2064 3585 obtegebantur.

1190 3586 1221 3618 E
1243 3583 1365 3616 Cranio
1397 3581 1475 3615 dum
1499 3581 1667 3618 flaccidum
1696 3584 1861 3620 cerebrum
1896 3588 2124 3627 eximeretur,
2157 3595 2197 3622 ex

2091 3628 2155 3665 boc

1256 3786 1271 3816 (
1283 3791 1301 3816 g
1317 3784 1331 3813 )
1348 3780 1422 3812 Epist.
1440 3784 1511 3808 Anat.
1528 3790 1563 3814 ¹3·
1580 3791 1604 3809 n.
1621 3790 1646 3812 4.
1707 3781 1718 3813 (
1734 3781 1773 3812 h)
1791 3783 1856 3810 lbid.
