2498 4075
459 184 523 233 70

388 248 475 292 eim,
499 250 614 295 quibus
637 247 782 290 epilepsia
805 246 962 292 prehensis
984 246 1137 289 ejusmodi
1159 246 1386 287 odoramenta,

390 290 415 324 fi
439 306 502 327 non
527 293 634 333 aliud,
656 293 773 334 capitis
795 291 1026 335 plenitudinem
1049 290 1221 333 relinquere
1240 313 1254 331 ,
1275 301 1386 332 exper-

395 344 446 370 tus
484 347 568 370 erat.
698 336 790 378 AEgri
814 344 918 368 autem
952 343 1047 376 caput
1081 357 1094 374 ,
1124 335 1291 377 ingruente
1321 332 1383 366 hoc

389 380 530 420 morbo,
553 379 718 413 sublimius
741 390 806 421 quo
818 377 856 411 ad
879 378 944 419 ejus
969 376 1036 409 fieri
1060 375 1182 419 posset,
1205 377 1324 415 locari,
1350 387 1384 409 ac

388 423 503 456 servari
527 422 662 456 malebat
688 435 697 460 ς
729 420 770 454 sic
793 422 875 453 enim
899 422 931 452 in
955 420 1015 453 illo
1039 421 1142 454 minus
1166 420 1301 452 acervari
1323 418 1385 453 hu-

364 471 370 480 ’
389 477 516 506 mores,
539 469 571 499 ὃ(
594 466 742 508 spiritum
774 463 902 497 facilius
924 462 996 496 duci
1018 484 1026 498 ‚
1062 462 1231 505 reponebat
1254 464 1294 495 iis
1325 463 1383 504 qui

387 509 470 543 forte
493 507 692 551 objicerent,
715 509 760 541 ita
783 519 821 539 ex
841 517 893 539 ore
915 505 1078 540 difficilius
1102 506 1243 548 spumam
1259 505 1382 538 excide-

390 564 445 590 τες
474 554 591 595 quippe
614 563 706 594 quae,
729 551 833 583 minus
857 558 991 591 gravato
1013 550 1142 591 capite³
1166 549 1379 590 &pulmone3

387 606 512 637 parcrus
537 596 739 636 proveniret,
763 604 817 625 nec
842 591 957 634 semper
978 616 990 633 ,
1022 602 1056 625 ut
1076 616 1089 632 ,
1121 592 1276 625 Pechlino
1297 593 1311 629 (
1333 592 1379 633 l)

385 637 586 680 refragante,
609 638 749 679 plerique
771 645 885 678 putant
907 658 920 675 ,
942 647 957 667 e
980 636 1185 678 pulmonibus
1206 632 1347 667 existeret
1369 659 1379 675 ‚

385 681 435 714 sed
459 694 496 714 ex
519 683 636 723 agitata
660 681 768 721 potius
791 680 824 710 in
847 690 901 711 ore
926 678 1018 711 saliva
1042 677 1127 710 fieret
1153 689 1163 715 5
1188 687 1259 709 nam
1283 676 1378 719 hujus

384 726 517 758 minime
540 722 692 766 spumosae
715 720 867 765 quosdam
890 720 975 763 quasi
998 721 1119 755 rivulos
1149 719 1378 753 animadverte-

384 777 433 800 rat
456 779 493 801 ex
516 778 569 799 ore
593 766 836 808 epilepticorum
859 775 1086 806 nonnunquam
1108 763 1267 803 defluere,
1288 765 1377 806 capi-

384 820 417 843 te
442 811 475 843 in
499 810 633 842 alterum
669 809 750 841 latus
773 805 859 839 forte
892 807 1068 839 inclinato.
1114 823 1118 828 ·
1202 806 1261 839 Sed
1282 806 1377 840 nimi-

382 864 452 886 rum
476 853 551 886 dum
573 863 644 885 meo
666 862 737 892 erga
751 852 980 892 Praeceptorem
1003 857 1096 891 grato
1108 850 1235 886 animo,
1258 851 1378 886 &tum

381 895 463 929 mihi
486 895 668 937 perspectu,
690 891 842 926 defiderio
863 892 1017 935 obsequor
1036 916 1049 933 ,
1080 891 1146 934 ejus
1169 895 1203 926 in
1227 892 1378 926 medendo

381 937 623 972 consuetudines
635 961 643 974 ,
668 935 864 979 rationesque
875 933 1088 979 persequendo
1103 961 1113 977 ,
1125 936 1254 979 longius
1277 947 1292 969 a
1304 947 1380 979 pro-

380 982 489 1025 posito
512 980 665 1015 abductus
689 980 777 1014 sum.

426 1038 457 1066 7.
481 1024 535 1059 Ad
557 1024 647 1067 quod
669 1033 705 1056 ut
729 1022 876 1062 redeam3
901 1022 1106 1066 perstringam
1127 1024 1257 1066 paucis,
1281 1033 1380 1064 quan-

382 1078 452 1102 tum
474 1077 607 1110 potero,
630 1079 699 1110 quae
723 1067 824 1100 multa
848 1078 882 1099 ac
906 1065 963 1099 diu
986 1068 1018 1099 in
1044 1069 1112 1099 cive
1135 1077 1206 1099 meo
1217 1064 1379 1099 Anastafio

382 1113 510 1154 Poggio
521 1136 533 1153 ,
556 1112 668 1153 gravi,
695 1109 857 1153 proboque
879 1109 1046 1143 Sacerdote
1069 1109 1278 1143 animadverti
1300 1133 1307 1139 .
1332 1109 1378 1141 A-

381 1155 474 1198 gebat
497 1157 523 1188 is
548 1153 1070 1196 annumduodeseptuagesimum,
1093 1152 1261 1195 subpingui
1286 1151 1377 1184 habi-

378 1206 415 1231 tu
447 1223 454 1236 ,
489 1201 521 1231 ἃ
547 1197 667 1230 florido
690 1197 797 1229 colore
821 1196 996 1238 praedstus,
1017 1208 1091 1230 cum
1112 1197 1251 1238 primum
1272 1196 1376 1227 comi-

378 1242 450 1274 tiali
473 1240 589 1273 morbo
610 1249 774 1281 correptus
795 1239 860 1280 est,
882 1241 936 1282 qui
963 1240 1117 1273 summam
1141 1239 1287 1282 pulsuum
1299 1239 1377 1270 rari-

376 1294 496 1322 tatem,
521 1285 661 1324 itemque
684 1283 828 1324 corporis
863 1282 1160 1325 perfrigerationem
1183 1280 1253 1324 post
1282 1281 1311 1315 se
1332 1292 1378 1314 re-

379 1329 478 1371 liquit
500 1351 506 1358 .
533 1326 590 1359 Sed
614 1326 680 1359 haec
702 1327 784 1357 intra
808 1324 901 1358 horas
924 1326 1041 1368 septem
1064 1326 1148 1359 vicia
1172 1324 1214 1358 est
1241 1348 1254 1365 ‚
1287 1336 1342 1358 nec
1368 1349 1377 1364 ,

377 1371 491 1415 saepius
523 1370 669 1403 redeunte
692 1369 805 1401 morbo
825 1391 838 1408 ,
872 1371 1009 1411 amplius
1033 1368 1127 1402 rediit
1150 1380 1158 1401 t
1192 1368 1248 1401 illa
1279 1367 1376 1410 usque

376 1415 536 1458 perstitit.
561 1415 664 1445 Prima
688 1410 833 1454 epilepfia
858 1411 964 1446 dolori
989 1411 1168 1446 successerat
1185 1409 1377 1454 hypochon-

376 1458 440 1492 drii
465 1457 610 1495 dexteri,
634 1467 687 1497 per
709 1455 835 1487 biliosas
858 1455 1048 1498 dejectiones
1072 1455 1202 1489 soluto:
1225 1465 1345 1488 caeterae
1369 1479 1379 1494 ‚

378 1514 449 1545 quae
476 1501 607 1534 leviores
629 1508 716 1532 erant
738 1520 748 1536 ,
775 1497 837 1530 fere
863 1498 1067 1532 succedebant
1091 1498 1190 1533 sensui
1212 1496 1377 1540 cujusdam

375 1543 461 1588 quasi
496 1544 577 1578 fumi
602 1541 639 1575 ad
673 1550 769 1584 caput
792 1540 984 1576 ascendentis
1014 1554 1052 1576 ex
1086 1541 1340 1585 hypochondriis
1363 1564 1373 1580 ‚

375 1599 513 1632 quorum
533 1587 695 1628 turgentia
717 1583 828 1617 assidue
851 1596 937 1627 aegro
961 1585 1088 1619 molesta
1111 1594 1175 1618 erat
1190 1609 1201 1626 ‚
1226 1587 1258 1617 δε
1282 1583 1376 1618 facile

378 1632 419 1665 ab
442 1630 625 1672 assumptis,
648 1627 782 1671 liquidis
806 1629 981 1670 praesertim
1001 1653 1014 1670 ‚
1050 1630 1222 1671 augebatur
1245 1652 1254 1662 .
1287 1630 1374 1661 Cum

375 1675 442 1710 haec
468 1676 513 1707 ita
538 1671 632 1706 essent
647 1695 659 1712 ,
683 1671 776 1704 dolor
799 1680 904 1704 autem
925 1673 1065 1714 capitis,
1088 1671 1257 1715 omnesque
1282 1670 1376 1714 hujus

399 1731 430 1751 er
453 1718 480 1751 se
504 1715 607 1750 affecti
630 1724 713 1747 notae
739 1712 898 1754 abeffent;
921 1716 1062 1748 Seniores
1086 1715 1230 1755 Medici,
1252 1715 1309 1758 qui
1328 1727 1377 1748 me

389 1763 433 1796 ibi
457 1762 580 1794 socium
602 1760 636 1792 in
659 1757 834 1791 ren-actarii
859 1758 962 1791 morbi
985 1760 1150 1793 curatione
1175 1758 1259 1793 haud
1272 1759 1377 1791 minus

374 1817 472 1851 quarn
496 1814 602 1846 aeger,
624 1809 809 1845 optaverant
832 1823 842 1838 ,
876 1803 953 1843 quin
977 1814 1016 1836 ex
1053 1801 1376 1846 hypochondriorum

373 1849 448 1885 esset
472 1848 637 1881 iritatione
659 1868 671 1885 ,
705 1845 837 1877 minime
859 1843 1050 1880 dubitabant
1071 1872 1078 1879 .
1114 1848 1159 1880 Et
1183 1847 1251 1880 sane
1285 1854 1319 1879 ut
1343 1848 1376 1878 in

373 1894 434 1929 hac
459 1901 584 1936 quoque
607 1889 701 1923 habes
726 1887 926 1929 Sepulchreti
951 1891 1096 1924 Sefflone
1120 1894 1132 1930 <
1156 1902 1186 1924 m
1209 1894 1222 1930 )
1243 1913 1255 1930 ‚
1288 1898 1375 1922 extat

374 1936 456 1981 apud
478 1936 639 1968 Galenum
661 1931 791 1965 historia
816 1931 871 1964 illa
888 1932 1127 1973 Gummi-nauci,
1150 1934 1285 1975 quicum
1308 1933 1376 1965 diu-

374 1983 443 2016 tius
465 1991 484 2012 a
506 1977 572 2012 cibo
596 1976 778 2017 abstineret,
802 1974 987 2017 epilepticus
1005 1977 1123 2020 flebat,
1148 1987 1208 2009 non
1220 1975 1316 2009 aliam
1339 1974 1375 2008 ob

373 2022 495 2066 caufizm
518 2032 610 2064 quam
632 2018 749 2052 bilem:
773 2020 804 2050 &
829 2021 1013 2063 pervulgata
1028 2020 1169 2062 exempla
1193 2020 1265 2052 sunt
1285 2017 1377 2065 adul-

373 2078 485 2102 torum
506 2068 519 2104 <
542 2075 561 2096 n
584 2068 617 2104 ),
642 2073 706 2095 110ss
732 2071 902 2103 puerorum
914 2063 1011 2097 modo
1035 2065 1086 2107 (o
1107 2067 1145 2104 ),
1167 2062 1311 2105 epilepsia
1324 2073 1377 2094 ve-

374 2120 526 2146 xatorum
549 2119 565 2140 a
588 2104 753 2140 lumbricis
776 2106 920 2139 intestina
944 2106 1183 2140 obsidentibus:
1207 2105 1376 2147 eodemque

376 2153 556 2189 observatio
580 2150 714 2193 Spigelii
737 2150 853 2182 attinet
877 2152 931 2191 (p
954 2153 968 2189 )
990 2151 1022 2182 in
1033 2151 1151 2183 catello
1173 2162 1188 2182 a
1211 2148 1377 2181 lumbricis

376 2198 418 2232 fic
443 2200 637 2237 interempto
659 2217 672 2234 ,
705 2191 795 2235 cujus
819 2191 922 2226 nostra
944 2192 1028 2226 haud
1051 2194 1097 2226 ita
1120 2192 1278 2226 diffimilis
1301 2191 1343 2224 est
1365 2215 1378 2231 ,

377 2243 417 2275 ad
441 2238 671 2275 Vallisnerium
684 2236 765 2269 olim
789 2235 927 2278 scripta,
950 2237 988 2269 ab
1001 2237 1172 2278 eodemque
1195 2238 1209 2274 (
1231 2247 1249 2277 q
1269 2239 1283 2274 )
1305 2236 1377 2270 vul-

378 2295 451 2328 gata
473 2295 480 2316 '.
519 2282 578 2315 Sed
601 2284 632 2314 &
655 2279 788 2312 absaliis
813 2280 891 2312 male
915 2278 1032 2313 affeetis
1054 2281 1174 2312 ventris
1197 2278 1378 2311 ‘visceribus

380 2330 465 2365 hunc
489 2326 637 2360 morbum
659 2323 736 2356 oriri
758 2345 769 2361 ‚
799 2322 878 2355 nosti
905 2346 915 2361 ‚
947 2322 1036 2364 quod
1058 2325 1090 2355 δε
1122 2321 1248 2355 laudata
1272 2322 1378 2355 Sestio

381 2374 434 2416 (r
455 2376 468 2411 )
491 2367 659 2404 confirmat
683 2390 689 2396 .
729 2367 851 2399 Verum
874 2364 929 2397 etsi
953 2365 1076 2408 Poggio
1100 2365 1207 2398 nostro
1231 2376 1264 2396 ea
1291 2376 1382 2398 cura-

378 2418 453 2455 tio,
476 2425 524 2447 me
549 2410 733 2452 astipulante
757 2430 765 2445 ,
789 2407 995 2447 adhibebatur
1027 2419 1096 2450 quae
1119 2406 1286 2441 reserandis
1305 2430 1318 2447 ,
1350 2419 1383 2439 e-

380 2455 589 2496 mundandis,
612 2451 764 2486 leniendis
788 2450 1040 2494 hypochondriis
1050 2451 1254 2489 conveniret,
1277 2460 1382 2483 tamen

384 2502 560 2537 accessiones
594 2496 805 2530 nihilominus
840 2492 1015 2537 frequentes
1050 2493 1192 2539 redibant
1214 2505 1224 2531 3
1259 2503 1292 2527 ut
1316 2492 1379 2536 jam

380 2547 482 2580 vereri
505 2543 718 2584 inciperemus
745 2560 753 2575 ‚
786 2549 823 2570 ne
845 2548 941 2580 caput
973 2548 1096 2580 quoque
1127 2539 1231 2578 ipsum
1263 2549 1379 2570 noxam

381 2587 606 2624 contraheret,
630 2581 802 2626 praesertim
824 2592 898 2614 cum
922 2581 959 2614 ad
982 2579 1075 2622 hujus
1099 2581 1285 2613 celeriorem
1297 2591 1378 2613 con-

380 2632 552 2668 versionem
575 2628 640 2660 illae
663 2637 745 2660 nunc
769 2634 1016 2662 reverterentur,
1039 2626 1071 2656 &
1095 2623 1215 2657 sensum
1238 2624 1270 2656 in
1292 2625 1382 2666 capi-

380 2687 412 2711 te
447 2672 593 2718 ponderis
616 2682 690 2703 cum
720 2668 914 2702 hebetudine
948 2668 1161 2710 relinquerent
1182 2688 1192 2704 ,
1224 2677 1279 2699 nec
1309 2678 1380 2701 raro

380 2731 455 2754 cum
480 2717 580 2751 mucis
603 2713 726 2756 aliquid
751 2713 1160 2752 sanguinisemungeretur.
1186 2711 1297 2751 Itaque
1308 2721 1381 2754 cum

381 2763 446 2808 jam
468 2761 541 2794 inde
576 2758 614 2791 ab
637 2758 734 2790 initio
772 2754 810 2787 ad
833 2754 1036 2788 minuendam
1059 2752 1293 2796 plenitudinem
1315 2754 1382 2786 san-

381 2809 510 2850 guinem
531 2815 550 2837 a
574 2800 710 2834 brachio
731 2798 823 2832 semel
848 2808 942 2842 atque
963 2800 1081 2831 iterum
1101 2794 1274 2830 eduxissent
1289 2819 1301 2836 ,
1325 2808 1381 2829 nec

383 2862 417 2883 ea
439 2860 509 2892 quae
532 2846 632 2886 capiti
655 2842 801 2877 auxiliari
826 2841 947 2882 solent,
971 2841 1040 2874 dare
1053 2838 1223 2873 omisissent
1236 2851 1255 2885 3-
1271 2840 1382 2872 auc‘tor

382 2892 461 2929 fui,
492 2899 527 2923 ut
561 2887 684 2928 sanguis
715 2896 752 2917 ex
784 2886 823 2917 iis
855 2897 979 2928 quoque
1002 2885 1088 2917 venis
1124 2895 1194 2926 quae
1238 2883 1310 2916 sunt
1343 2883 1380 2916 ad

383 2946 503 2973 anum,
524 2929 740 2965 detraheretur
760 2951 773 2968 ‚
806 2931 837 2960 ὅ(
862 2930 921 2961 alia
945 2938 1037 2971 atque
1060 2928 1120 2960 alia
1165 2939 1211 2960 uae
1235 2926 1381 2960 adversus

383 2978 420 3013 id
444 2976 549 3011 morbi
581 2984 616 3009 ut
640 2973 776 3006 maxime
812 2973 936 3014 propria
961 2971 999 3004 ab
1031 2970 1133 3004 nobili
1159 2970 1229 3003 imis
1252 2969 1381 3003 laudan-

384 3033 438 3056 tur
460 3019 598 3055 Medicis
621 3040 634 3057 ‚
670 3014 916 3047 exhiberentur.-
940 3026 1075 3057 quorum
1100 3012 1165 3046 haec
1200 3013 1280 3046 nulli
1313 3013 1382 3046 usui

385 3065 537 3101 fuerunt3
560 3062 615 3094 illa
639 3067 743 3092 autem
767 3056 925 3098 sanguinis
954 3057 1109 3091 deti-aetio
1133 3056 1183 3090 scu
1205 3065 1322 3098 caput,
1344 3055 1382 3089 fi-

383 3120 422 3140 ve
445 3120 478 3140 ea
502 3106 608 3149 potius
629 3101 747 3136 viscera
773 3100 883 3133 levarit
908 3101 1021 3144 quibus
1044 3112 1117 3134 vena
1142 3109 1307 3142 portarum
1332 3100 1382 3132 in-

385 3153 504 3190 servit,
530 3148 679 3181 haetenus
702 3141 847 3187 profuit,
871 3154 905 3178 ut
929 3145 1017 3177 breve
1042 3143 1079 3177 ad
1103 3154 1225 3185 tempus
1249 3142 1383 3176 insultus

385 3194 583 3238 quieverint.
606 3192 692 3223 Cum
715 3189 831 3220 iterum
855 3186 1050 3230 frequentius
1075 3195 1266 3220 recurrerent
1284 3209 1297 3225 ‚
1328 3185 1384 3218 ᾖε-

385 3249 425 3280 pe
449 3248 486 3269 ex
509 3234 564 3268 usu
587 3232 651 3266 fuit
674 3242 792 3272 aegrum
816 3230 853 3264 ad
877 3230 1044 3264 sedendum
1067 3232 1183 3273 erigere
1203 3254 1216 3271 ,
1238 3228 1382 3271 artusque

386 3280 550 3314 inferiores
574 3275 673 3309 modo
696 3274 809 3306 fricare
834 3296 843 3311 ,
877 3273 975 3307 modo
999 3275 1114 3306 alterne
1146 3273 1280 3306 vinculis
1302 3271 1383 3314 inje-

386 3325 446 3357 &is
469 3321 678 3360 adstringere,
703 3316 800 3350 modo
823 3317 1030 3351 cucurbitulis
1053 3317 1114 3350 sine
1139 3315 1223 3349 ferro
1246 3315 1346 3348 affixis
1369 3339 1382 3356 ,

390 3371 420 3400 ὅ(
444 3377 520 3399 mox
544 3361 693 3396 detractis
716 3371 851 3400 vexare,·
884 3360 923 3393 fic
947 3362 1032 3393 enim
1064 3361 1114 3393 illi
1137 3359 1259 3393 diutius
1283 3361 1383 3391 inter-

388 3411 515 3441 mittere
539 3406 746 3439 videbantur.
772 3405 902 3436 Certior
927 3415 1051 3446 quoque
1073 3403 1174 3437 faesus
1198 3403 1288 3442 sum,
1311 3413 1385 3435 cum

389 3449 559 3493 aliquando
582 3449 631 3481 vel
654 3447 757 3480 multo
781 3447 891 3489 saepius
913 3449 1112 3489 ingruerent,
1138 3444 1263 3479 arcuisse
1282 3445 1386 3491 ipsos,

390 3495 458 3527 imo
491 3504 555 3535 jam
577 3490 661 3534 quasi
694 3489 863 3524 inchoatos
900 3490 1087 3533 suppressisse
1123 3490 1275 3534 spiritum
1316 3489 1388 3521 salis

1002 166 1155 221 Liber
1188 167 1223 219 I.
1257 165 1339 219 De
1376 164 1579 221 Morbis
1611 163 1815 230 Capitis

1436 245 1626 279 ammoniaci
1651 243 1690 278 ad
1713 255 1798 279 nares
1822 242 2011 284 admotum,
2032 242 2088 278 etsi
2110 255 2191 288 aeger
2204 245 2328 280 carebat
2350 246 2434 281 olfa-

1435 288 1539 321 ciendi
1563 287 1713 322 facultate
1734 312 1743 320 .
1783 289 1883 321 Erant
1905 289 1931 320 ii
1955 287 2138 330 plerumque
2158 288 2320 330 perbreves
2342 304 2352 327 ;
2385 289 2439 324 sed

1435 333 1569 365 minime
1592 333 1672 365 leves
1693 355 1700 361 -
1736 332 1918 365 Oculorum
1941 332 2026 363 enim
2057 329 2255 365 distorsiones
2281 356 2294 372 ‚
2326 337 2356 367 &
2383 344 2433 366 ar.

1433 385 1524 408 tuum
1559 376 1749 417 agitationes
1772 373 1891 416 semper
1913 397 1927 415 ,
1963 376 1996 407 &
2018 374 2211 416 interceptio
2234 373 2376 409 sensuum
2400 389 2436 409 o-

1433 420 1575 454 mnium,
1599 417 1676 460 saepe
1700 417 1928 459 strangulatio,
1952 427 2044 459 eaque
2066 416 2230 451 interdum
2264 416 2336 452 cum
2359 419 2437 453 ster-

1433 471 1520 499 tore,
1547 471 1771 504 nonnunquam
1797 462 1895 494 urinae
1919 458 2056 493 effluxio
2078 460 2294 494 comitabatur
2309 487 2317 495 .
2342 461 2437 495 Peffi-

1431 516 1479 537 me
1503 514 1607 538 autem
1631 502 1743 539 habuit
1766 515 1803 536 eo
1828 503 1880 536 die
1912 504 1944 536 in
1967 514 2062 546 quem
2086 503 2257 537 solstitium
2281 505 2397 538 incidit
2419 528 2434 545 ‚

1429 559 1528 591 eoque
1550 549 1666 591 pariter
1689 548 1722 579 in
1744 558 1838 589 quem
1860 545 2001 579 defectus
2025 545 2098 591 solis
2120 572 2128 580 .
2163 546 2222 580 Sed
2244 556 2280 581 ut
2303 549 2374 582 casu
2399 548 2435 582 id

1429 590 1552 625 factum
1574 591 1678 624 credas
1691 603 1701 629 5
1725 600 1787 622 non
1812 599 1916 622 tamen
1938 588 2066 628 credes,
2091 587 2232 623 fortuito
2255 589 2398 625 accidisse
2423 616 2435 631 ,

1430 644 1465 669 ut
1489 634 1667 667 accessiones
1698 644 1763 666 non
1784 632 1884 665 modo
1906 643 1970 665 non
2002 633 2133 665 leviores
2155 654 2165 670 ,
2201 632 2252 666 sed
2275 635 2435 677 graviores

1429 678 1541 721 saepius
1562 679 1770 720 ingruerent,
1794 675 1921 718 quando
1942 676 2031 708 urina
2056 674 2117 709 five
2140 684 2280 715 naturae,
2302 676 2363 709 five
2386 688 2434 710 ar-

1429 723 1472 754 tis
1495 732 1553 763 ope
1577 721 1666 754 auc'ta
1689 728 1754 755 erat
1780 718 1863 760 (s)
1880 742 1887 749 .
1913 719 2002 751 Nam
2024 721 2056 752 &
2081 718 2144 752 hoe
2157 730 2268 753 curare
2291 720 2433 763 aliquan-

1427 765 1470 798 do
1493 765 1675 802 debuimus,
1697 774 1771 796 cum
1795 773 1913 803 aegrum
1933 760 2072 795 dormire
2096 763 2306 805 incipientem
2329 764 2433 798 subita

1427 807 1596 842 difficultas
1619 805 1757 850 spirandi
1781 806 1931 838 excitaret
1952 828 1965 845 ‚
1997 816 2030 838 ac
2053 805 2156 839 sedere
2176 815 2300 849 cogeret
2323 820 2331 841 :
2363 819 2433 849 quae

1429 863 1476 885 res
1499 852 1654 884 nimirum
1678 848 1834 892 hydropis
1866 847 2008 882 thoracis
2032 848 2242 891 suspicionem
2274 862 2310 883 eo
2331 852 2432 892 magis

1430 895 1591 937 ingerebat
1615 893 1702 936 quod
1726 902 1807 934 aeget
1830 892 1974 924 narrabat
1995 914 2007 932 ,
2029 890 2152 934 jamdiu
2172 903 2242 927 crus
2267 893 2432 927 dexterum

1430 937 1488 972 fibi
1511 938 1692 981 plerumque
1716 934 1847 969 humore
1880 933 2097 969 subtumidum
2118 933 2175 968 esse
2208 934 2398 970 consuevisse
2421 959 2434 975 ,

1431 992 1513 1016 nunc
1535 992 1608 1013 vero
1623 1006 1631 1020 ‚
1655 979 1689 1013 id
1711 978 1796 1022 quod
1820 976 1978 1011 admoniti
2001 978 2270 1021 conspiciebamus
2284 1003 2298 1020 ,
2322 989 2433 1013 tumo-

1431 1036 1496 1058 rem
1518 1024 1582 1065 jam
1606 1034 1659 1066 per
1685 1022 1788 1056 femur
1810 1020 1969 1054 ascendere
1986 1047 1994 1054 .
2028 1023 2133 1055 Facile
2156 1032 2261 1056 autem
2283 1021 2348 1056 fuit
2372 1023 2432 1055 ob-

1429 1070 1513 1107 viis,
1535 1066 1742 1109 innoxiisque
1764 1064 1910 1098 remediis
1933 1066 2040 1099 urinas
2064 1076 2194 1108 augere,
2218 1077 2320 1109 eoque
2344 1065 2430 1100 hunc

1430 1121 1589 1144 tumorem
1612 1132 1620 1147 ‚
1658 1109 1810 1152 illamque
1834 1108 2042 1151 suspicionem
2062 1131 2075 1149 ‚
2107 1120 2177 1151 quae
2200 1111 2232 1141 ἃ
2265 1109 2369 1152 postea
2393 1122 2431 1142 o-

1427 1155 1539 1187 mnino
1562 1153 1683 1186 sublata
1706 1151 1767 1189 est,
1791 1153 1953 1189 minuere;
1977 1162 2038 1185 non
2063 1150 2103 1185 sic
2126 1151 2302 1186 insultuum
2325 1153 2393 1185 vim
2417 1176 2432 1193 ‚

1426 1209 1495 1240 quae
1518 1197 1618 1229 urinis
1642 1193 1810 1229 fluentibus
1829 1219 1839 1234 ,
1874 1194 1984 1238 hisque
2008 1205 2063 1236 per
2095 1194 2124 1228 se
2147 1198 2256 1238 opacis
2278 1207 2431 1230 nonnun-

1428 1251 1525 1283 quam
1549 1242 1580 1272 &
1594 1237 1846 1281 nigricantibus‚
1870 1236 1946 1270 adeo
1969 1249 2031 1270 non
2045 1238 2272 1278 minuebatur,
2295 1249 2330 1272 ut
2354 1250 2432 1272 con-

1430 1293 1478 1316 tra
1493 1284 1591 1316 etiam
1602 1306 1614 1322 ,
1636 1279 1904 1324 quemadmodum
1914 1279 2060 1313 dicebam
2071 1281 2295 1321 ,invalesceret
2311 1306 2318 1313 .
2343 1284 2430 1316 Cum

1429 1326 1497 1360 hzrc
1519 1335 1612 1368 atque
1636 1326 1696 1357 alia
1716 1348 1728 1365 ,
1766 1335 1836 1367 quae
1859 1322 2015 1366 promissae
2039 1324 2205 1357 brevitatis
2227 1326 2331 1367 gratia
2354 1336 2434 1368 prae-

1429 1378 1516 1403 tereo
1529 1393 1543 1410 ,
1565 1368 1707 1402 adversus
1729 1368 1902 1400 comitialis
1935 1366 2039 1400 morbi
2062 1366 2203 1402 incursus
2227 1369 2311 1402 nihil
2343 1370 2433 1402 vale-

1429 1423 1517 1452 rent,
1542 1419 1641 1455 neque
1663 1423 1695 1444 ea
1719 1422 1788 1454 quae
1810 1410 1851 1445 ad
1875 1409 1933 1443 hos
1957 1410 2164 1444 retardandos
2184 1434 2198 1452 ‚
2231 1410 2431 1454 supprimen-

1432 1456 1552 1500 dosque
1574 1453 1726 1498 profuisse
1750 1453 1940 1497 aliquando,
1961 1453 2030 1487 dixi
2050 1477 2063 1494 ,
2094 1453 2239 1498 praestare
2261 1454 2295 1489 id
2318 1466 2432 1498 perge.

1431 1509 1522 1538 rent,
1546 1510 1644 1533 unum
1667 1497 1733 1531 fuit
1755 1496 1841 1540 quod
1864 1496 2041 1531 constanter
2064 1497 2218 1540 prodesset
2238 1521 2251 1538 ,
2284 1500 2397 1542 opium
2420 1521 2432 1538 ‚

1426 1542 1536 1577 datum
1559 1542 1615 1575 sub
1645 1542 1751 1574 nostis
1774 1541 1908 1574 initium
1940 1539 2075 1583 pondere
2108 1540 2273 1575 dimidiati
2305 1544 2397 1584 grani
2421 1568 2430 1576 .

1426 1586 1608 1620 Insultuum
1631 1587 1715 1618 enim
1737 1582 1935 1627 frequentia,
1959 1586 1991 1616 &
2013 1585 2083 1620 vis,
2107 1586 2140 1616 δε
2164 1584 2202 1618 ad
2215 1583 2271 1618 has
2298 1584 2430 1627 adjeehe

1425 1630 1547 1672 vigiliae
1571 1631 1616 1661 ita
1640 1638 1761 1671 aegrum
1784 1629 1927 1670 alioquin
1950 1626 2162 1660 debilitabant
2183 1651 2197 1668 ,
2228 1637 2264 1662 ut
2287 1629 2427 1663 induciae

1428 1673 1521 1706 nobis
1544 1673 1659 1715 quovis
1682 1672 1777 1714 paeto
1799 1668 1974 1713 quaerendae
1996 1668 2140 1703 fuerint.
2166 1672 2217 1703 Sic
2240 1680 2347 1705 autern
2371 1683 2432 1705 no-

1427 1717 1540 1750 c'turna
1562 1716 1650 1759 quies
1672 1738 1685 1755 ,
1717 1717 1749 1747 &
1773 1713 1900 1747 somnus
1922 1713 2175 1747 conciliabantur
2198 1737 2208 1751 ,
2240 1723 2433 1758 tantumque

1428 1758 1555 1797 aberat,
1578 1768 1614 1791 ut
1638 1758 1710 1790 inde
1733 1766 1828 1798 caput
1853 1767 1946 1799 grave
1964 1780 1976 1797 ,
1994 1765 2049 1790 aut
2071 1756 2166 1790 hebes
2189 1756 2299 1797 fieret5
2323 1759 2430 1801 gravi-

1429 1813 1474 1836 tas
1488 1826 1498 1841 ‚
1521 1811 1613 1845 atque
1636 1800 1818 1838 hebetudo,
1844 1799 2039 1843 quasdiurni
2065 1800 2199 1834 insultus
2212 1802 2405 1845 reliquerant
2420 1826 2434 1843 ‚

1427 1846 1644 1879 tollebantur:
1667 1856 1737 1887 quae
1760 1844 1979 1886 caeteroquin,
2004 1854 2078 1877 cum
2090 1844 2158 1886 opii
2181 1844 2254 1878 usus
2265 1847 2433 1879 intermit-

1429 1890 1574 1929 tebatur,
1598 1888 1778 1931 perstabant
1798 1912 1807 1927 ‚
1842 1890 1872 1918 &
1897 1886 2034 1928 pristinae
2056 1888 2208 1930 inquietae
2231 1889 2355 1931 vigiliae
2377 1901 2434 1923 ur-

1428 1933 1562 1977 gebant.
1589 1933 1680 1976 Qn
1705 1929 1774 1973 post
1793 1931 1921 1964 noctem
1944 1928 2101 1972 quandam
2125 1928 2309 1973 ejusmodi,
2334 1933 2431 1975 longe

1428 1988 1491 2019 prae
1515 1978 1638 2010 caeteris
1661 1972 1876 2008 molestiorem
1896 1998 1908 2015 ‚
1931 1984 2004 2007 cum
2028 1972 2066 2006 ad
2089 1984 2157 2007 eam
2178 1974 2216 2007 de
2239 1988 2301 2018 qua
2324 1976 2427 2009 initio

1428 2019 1551 2053 diffisum
1573 2019 1615 2053 est
1634 2043 1648 2060 ,
1681 2018 1836 2052 summam
1859 2017 2006 2060 pulsuum
2029 2018 2195 2050 raritatem
2232 2019 2434 2061 inaequalitas

1428 2072 1554 2106 repente
1578 2061 1736 2095 acceffisset
1765 2061 1807 2094 sic
1830 2070 1865 2104 ut
1897 2060 2033 2104 persaepe
2055 2060 2103 2092 vel
2135 2060 2243 2094 multo
2264 2063 2397 2096 rariores
2420 2086 2434 2103 ‚

1430 2106 1542 2139 deinde
1565 2117 1629 2139 non
1654 2106 1754 2147 magis
1777 2116 1874 2147 quam
1899 2104 2032 2137 solerent
2054 2127 2068 2144 ,
2092 2115 2168 2137 mox
2190 2106 2324 2139 rariores
2349 2106 2435 2140 mul-

1427 2158 1464 2183 to
1486 2150 1745 2192 perciperentur,
1766 2159 1861 2189 eaque
1883 2159 1931 2181 res
1953 2159 2010 2181 nos
2035 2148 2136 2189 magis
2168 2146 2313 2182 solicitos
2335 2148 2435 2183 habe-

1429 2202 1475 2226 ret
1509 2201 1677 2235 propterea
1699 2190 1786 2236 quod
1810 2201 1887 2224 tunc
1921 2190 2052 2225 morbus
2077 2191 2197 2224 solebat
2230 2192 2337 2235 pulsus
2368 2194 2435 2236 pri-

1430 2246 1518 2269 mum
1539 2237 1676 2268 omnino
1699 2234 1867 2267 obscurare
1889 2259 1899 2275 ‚
1934 2237 1966 2268 81
1988 2233 2101 2268 deinde
2124 2236 2282 2269 continuo
2303 2235 2436 2269 invade-

1430 2291 1483 2318 re,
1504 2286 1640 2320 cum'que
1664 2275 1778 2310 frustra
1801 2289 1872 2319 quae
1896 2277 1933 2311 ad
1956 2277 2142 2312 solvendum
2165 2276 2350 2322 sanguinem
2360 2290 2437 2323 pro-

1431 2321 1687 2364 movendumque
1711 2319 1902 2358 laudantur,
1926 2324 2048 2363 experti
2072 2321 2200 2362 essemus
2224 2334 2235 2361 5
2267 2324 2348 2366 opio
2371 2324 2435 2356 ite-

1432 2377 1502 2399 rum
1524 2364 1622 2404 dato,
1645 2365 1763 2396 iterum
1786 2372 1893 2405 quieta
1916 2375 1980 2396 nox
2002 2364 2123 2404 rediit,
2145 2376 2274 2407 eamque
2286 2366 2436 2408 pulsuum

1433 2408 1685 2450 inaequalitatem
1703 2407 1822 2439 minuit
1841 2419 1850 2438 .·
1873 2417 1969 2448 quam
1992 2408 2196 2440 continuatus
2208 2409 2354 2449 quotidie
2379 2409 2436 2444 sub

1432 2451 1558 2484 no6tem
1581 2452 1650 2492 opii
1674 2450 1745 2483 usus
1768 2450 1901 2482 omnino
1924 2448 2048 2482 sustulit
2066 2474 2076 2490 ‚
2100 2453 2132 2483 <Sc
2157 2450 2295 2493 priorem
2319 2455 2437 2493 rarita-

1433 2504 1498 2527 tem
1521 2495 1618 2526 etiam
1640 2493 1809 2526 imminuit
1830 2517 1838 2526 .
1872 2491 2024 2525 Pulsuum
2047 2501 2153 2526 autem
2186 2496 2301 2528 raritas
2325 2506 2362 2528 an
2397 2495 2436 2528 ab

1430 2537 1577 2580 epilepsia
1610 2537 1644 2569 in
1668 2533 1964 2578 hypochondriacis
1997 2547 2063 2568 non
2097 2536 2244 2569 rariffime
2271 2536 2437 2582 'relinqua—

1429 2591 1504 2620 tur‚
1529 2579 1692 2623 suspiceris
1716 2576 1842 2612 fortasse
1865 2589 1937 2612 cum
1961 2578 2042 2611 hanc
2052 2578 2213 2620 nostram,
2234 2583 2267 2613 &
2290 2582 2438 2616 CLGer.

1435 2624 1519 2657 bezii
1542 2627 1554 2662 (
1576 2624 1625 2666 t)
1656 2621 1910 2655 observationem
1937 2623 2109 2655 contuleris
2128 2644 2140 2663 ,
2173 2623 2298 2665 pulsum
2321 2621 2437 2660 descri-

1434 2667 1539 2700 bentis
1563 2668 1596 2698 in
1618 2664 1746 2699 robusto
1771 2667 1840 2698 viro
1863 2664 2146 2707 hypochondriaco
2162 2666 2293 2709 subinde
2323 2668 2439 2704 leviter

1434 2708 1603 2752 insultibus
1625 2708 1798 2751 epilepticis
1820 2705 1947 2742 obnoxio
1969 2733 1979 2748 ,
2011 2720 2082 2742 cum
2106 2708 2205 2743 sanus*
2225 2709 2296 2745 esset
2318 2735 2332 2753 ,
2364 2713 2438 2747 adeo

1433 2753 1584 2792 tardum,
1607 2761 1642 2786 ut
1660 2751 1844 2794 priusquam
1860 2750 2045 2793 subfhquens
2064 2751 2175 2795 pulsus
2207 2754 2439 2797 consequeretur

1433 2796 1680 2834 antecedentem,
1695 2792 1796 2836 facile
1818 2794 1900 2836 apud
1920 2793 2018 2827 alium
2033 2794 2146 2837 sanum
2169 2799 2438 2840 trespuffationes

1428 2839 1642 2881 praeterirent.
1669 2837 1725 2870 Sed
1750 2837 1788 2870 ad
1811 2836 1954 2870 nostrum
1978 2846 2014 2871 ut
2038 2837 2161 2872 redeam
2179 2850 2192 2879 ;
2225 2841 2398 2884 postquam
2421 2866 2434 2882 ‚

1432 2882 1521 2914 nulla
1547 2880 1611 2924 jam
1634 2879 1795 2914 acceffione
1819 2891 1873 2922 per
1895 2879 1961 2913 dies
1985 2881 2135 2914 tredecim
2162 2881 2309 2918 redeunte
2333 2907 2343 2923 ‚
2367 2887 2439 2928 opii

1433 2924 1627 2958 intermissus
1651 2924 1695 2957 est
1718 2923 1813 2964 usus,
1838 2924 1931 2956 noete
1953 2923 2082 2966 quidem
2104 2927 2207 2968 prima
2231 2938 2294 2961 non
2319 2929 2404 2962 mala
2425 2951 2437 2967 ‚

1434 2967 1485 3001 sed
1509 2967 1766 3011 insequentibus,
1788 2966 1830 2999 ob
1853 2967 1980 3008 vigilias
2004 2991 2017 3007 ‚
2047 2980 2178 3013 eamque
2201 2971 2328 3005 tandem
2351 2993 2361 3009 ,
2398 2970 2438 3004 de

1433 3022 1495 3054 qua
1519 3011 1610 3054 supra
1633 3011 1757 3045 dit‘ium
1781 3009 1826 3043 est
1849 3036 1858 3050 ‚
1893 3009 2030 3052 spirandi
2062 3012 2281 3047 difficultatem
2304 3041 2313 3056 ,
2348 3014 2438 3049 valde

1434 3054 1594 3094 molestis,
1618 3053 1701 3087 nihil
1726 3051 1783 3086 nisi
1806 3055 1918 3095 opium
1940 3055 2061 3096 quietas
2085 3056 2192 3089 noetes
2218 3056 2401 3092 restituebat
2426 3084 2434 3090 .

1435 3100 1544 3140 Atque
1575 3107 1610 3131 ut
1634 3098 1734 3130 multa
1768 3098 1802 3128 in
1825 3107 1921 3138 pauca
1953 3097 2173 3137 contraham3
2206 3100 2293 3142 quod
2330 3101 2437 3135 morbi

1438 3140 1638 3183 aggressiones
1660 3140 1697 3173 de
1719 3137 1997 3182 frequentissimis,
2019 3149 2054 3174 ut
2077 3151 2166 3175 erant
2176 3144 2323 3185 quotidie
2349 3156 2436 3178 men-

1439 3185 1469 3217 se
1486 3185 1610 3228 Junio,
1633 3195 1669 3217 eo
1692 3183 1865 3221 redierint,
1892 3193 1926 3217 ut
1960 3195 2020 3217 una
2054 3185 2219 3226 Qinetili
2241 3213 2251 3227 ‚
2275 3199 2357 3228 una³
2382 3198 2437 3221 aut

1435 3229 1531 3261 altera
1556 3228 1668 3261 Sextili
1690 3248 1701 3264 ,
1736 3237 1790 3271 nec
1815 3226 1916 3268 plures
1940 3228 2119 3270 Septembri
2153 3226 2275 3264 fuerint
2298 3254 2311 3271 ‚
2340 3232 2436 3264 uullae

1435 3271 1546 3304 deinde
1569 3270 1727 3314 proximis
1751 3270 1859 3301 saltem
1880 3269 2001 3304 duobus
2024 3271 2200 3312 mensibus,
2224 3276 2257 3306 &
2279 3273 2367 3317 quod
2381 3286 2437 3307 ex-

1434 3315 1533 3348 currit
1555 3337 1566 3353 ,
1598 3313 1696 3346 donec
1721 3311 1758 3345 ad
1782 3312 1978 3346 Medicinam
1999 3315 2124 3357 publice
2155 3315 2367 3357 profitendam
2388 3317 2438 3350 di-

1437 3358 1517 3391 sceffi
1536 3379 1548 3396 ,
1580 3358 1659 3398 opio
1684 3355 1886 3389 tribuendum
1910 3357 2085 3390 censuimus
2107 3381 2119 3397 ,
2155 3363 2335 3401 opportune
2358 3359 2437 3393 dato

1436 3399 1534 3434 modo
1558 3399 1686 3441 singulis
1709 3399 1858 3433 nostibus
1878 3423 1892 3441 ,
1916 3401 2079 3434 interdum
2105 3401 2234 3435 alternis
2255 3427 2269 3444 ,
2299 3404 2437 3446 denique

1438 3443 1582 3486 pluribus
1605 3441 1805 3479 intermiffis.
1829 3445 1880 3476 Eo
1902 3446 1987 3477 enim
2008 3444 2235 3479 tumultuarios
2257 3454 2365 3479 motus
2380 3447 2437 3489 qui

1439 3487 1477 3519 ab
1507 3484 1763 3529 hypochondriis
1782 3510 1792 3527 ,
1821 3486 1987 3521 manifesto
2019 3487 2105 3521 haud
2137 3499 2207 3521 raro
2240 3488 2327 3523 sensu
2350 3512 2362 3529 ‚
2396 3488 2436 3523 ad

2314 3531 2391 3565 tho-

452 3699 466 3726 (
481 3699 490 3722 l
505 3697 519 3725 D
536 3699 571 3721 De
588 3697 665 3725 aeris,
683 3699 704 3721 8:
721 3697 787 3721 alim.
805 3693 854 3721 desi
871 3705 893 3722 c.
911 3705 932 3726 7.

455 3734 458 3751 l
481 3738 492 3752 o
515 3738 516 3743 ¹
536 3727 592 3751 obs.
609 3729 659 3750 ead.
679 3728 700 3756 §.
718 3736 730 3750 2
756 3728 778 3750 &
796 3728 874 3752 Schol.
891 3729 919 3752 ad
935 3726 991 3752 obs.
1013 3737 1045 3758 ις.
1063 3728 1088 3752 in
1105 3727 1229 3753 additam.

453 3760 467 3787 ζ
483 3768 493 3782 r
510 3760 521 3787 )
539 3757 599 3782 Obs.
619 3765 657 3786 39.
671 3765 727 3782 cum
745 3757 823 3782 Schol.
886 3758 946 3787 ss)
964 3758 1016 3783 Vid.
1034 3759 1095 3783 infra
1110 3775 1117 3786 ,
1134 3767 1150 3783 n
1178 3766 1214 3784 ιι.

994 3699 1007 3727 (
1024 3706 1046 3720 m
1063 3697 1076 3726 >
1091 3699 1148 3722 Sea.
1167 3705 1203 3722 12.
1221 3697 1250 3721 in
1268 3695 1349 3721 Schol.
1367 3696 1396 3719 ad
1414 3694 1474 3719 Obs.
1494 3701 1532 3722 19.

1292 3730 1305 3756 (
1321 3735 1337 3756 ρ
1354 3725 1367 3753 )
1385 3725 1445 3749 ibid.
1463 3723 1520 3749 obs.
1536 3731 1575 3752 41.
1594 3723 1617 3754 §.
1640 3731 1668 3757 ¹¹.

1277 3760 1291 3789 (
1303 3765 1313 3781 t
1330 3763 1338 3784 )
1356 3755 1416 3785 Eph.
1438 3757 1469 3780 N.
1487 3757 1516 3781 C.
1534 3757 1605 3780 cent.
1622 3762 1644 3784 7.
1662 3761 1687 3777 in
1704 3753 1813 3782 append.

1595 3695 1607 3718 <
1623 3702 1638 3717 n
1655 3693 1668 3722 )
1687 3692 1749 3716 Ibid.
1766 3692 1848 3716 schol.
1865 3692 1895 3717 ad
1911 3692 1972 3716 ΟΜ.
1989 3700 2028 3721 41.

1723 3728 1728 3751 l
1748 3731 1762 3751 ¹1
1779 3723 1792 3750 )
1809 3723 1961 3748 Confideraz.
1980 3723 2027 3749 int.
2044 3723 2092 3747 alla
2109 3730 2187 3753 gener.
2207 3723 2245 3748 de'
2256 3722 2336 3747 Vermi
2347 3739 2355 3747 .
