2912 4368
8 2255 31 2275 511
34 2256 79 2278 tffins
90 2271 95 2278 .

11 2357 15 2369 ,
25 2344 40 2364 u
47 2335 92 2375 Vigi-

90 2659 96 2665 .
85 2640 88 2645 ·
86 2565 88 2568 *
76 2521 78 2529 ⁸
84 2485 92 2492 ι
73 2432 77 2436 ”
88 2170 95 2192 4,
86 2090 90 2097 -
77 1962 86 1971 1
82 1917 89 1923 ι
88 1829 96 1836 ¹

138 2619 140 2622 -
132 2308 150 2607 “aemma-&5⁴42
137 2276 145 2301 s—
136 2236 147 2269 ιτ,
133 2148 146 2230 *μνα-
134 1915 146 2141 :wrm-om
137 1856 145 1878 vs·-
135 1791 144 1803 κ

555 392 705 459 Epist.
739 392 899 446 Anat.
932 390 1144 444 Medica.
1181 388 1428 443 XLVIII,
1466 389 1588 441 Art.
1614 390 1757 443 m&
1778 404 1848 442 11.

233 470 451 506 ventriculum
488 483 553 506 non
576 474 704 507 inanem
728 493 737 509 ‚
769 470 916 513 quaedarn
938 480 1046 505 autem
1080 468 1232 504 intesti‘na

234 515 444 548 animadverti
479 517 579 549 abiis
611 528 681 559 quae
704 513 876 548 secundum
908 523 1052 547 naturam
1085 513 1233 547 contine-

235 558 333 597 bant,
357 558 505 601 subnigra
522 585 529 592 .
553 560 611 592 Sed
637 571 674 592 ne
697 558 729 594 id
750 557 880 601 quidem
897 557 1124 600 permifislent,
1149 554 1230 592 nisi,

234 611 272 634 ut
294 600 388 634 solari
412 603 534 644 possent
559 605 707 636 Parentes
725 625 738 642 ,
768 603 826 643 qui
848 601 975 643 decepti
999 611 1118 634 marem
1151 600 1231 632 ami-

234 642 302 677 fisse
325 646 446 680 tristius
469 646 635 684 ferebant,
657 655 784 679 uterum
810 645 960 685 exiguum
983 644 1116 686 quidem
1138 664 1148 681 ‚
1181 641 1232 678 sed

234 686 377 721 immisso
410 700 465 729 per
487 689 640 723 naturalis
670 689 821 722 rimulam
845 690 937 721 tenui
961 686 1093 728 specillo
1117 710 1127 726 ‚
1159 696 1233 733 curn

232 729 292 765 hac
324 731 571 768 manifestissime
603 732 894 765 communicantem
918 753 928 767 ‚
971 730 1063 764 sicuti
1098 731 1233 763 curiosis

232 772 308 815 ipsis
331 776 497 816 pollicitus
521 787 605 809 eram
620 801 628 815 ‚
651 774 868 812 ostenderem3
892 773 1052 819 clitoriclis
1075 776 1159 806 enim
1178 784 1232 806 ex-

233 817 392 858 stantior,
416 818 630 861 rimulamque
654 814 850 860 priene-gens,
873 827 908 851 ut
933 819 964 850 in
988 816 1146 859 ejusmodi
1170 814 1233 847 foe-

231 861 322 895 tibus
335 861 435 901 solet,
462 862 728 905 magnitudoillis
753 873 811 904 pro
831 872 912 903 pene
935 860 1151 902 imposueram
1177 870 1234 892 nec

234 905 374 946 mirum,
395 905 524 947 quando
548 905 656 947 saepius
678 905 852 946 Chirurgis
873 927 882 943 ,
909 914 1004 947 atque
1026 902 1104 937 adeo
1127 902 1235 936 Medi-

234 948 280 983 cis
303 948 340 981 ad
364 948 499 982 eundern
523 949 654 982 modurn
680 948 855 989 imposuit.

281 1000 330 1026 10.
356 992 472 1033 Neque
495 993 660 1025 immerito
684 991 746 1025 hoc
769 1005 785 1025 a
808 1003 858 1025 me
880 990 1006 1024 dietum
1028 1013 1039 1029 ,
1062 989 1234 1031 cognosces

236 1034 292 1067 ubi
316 1034 355 1067 ab
378 1035 525 1068 Auc‘tore
549 1034 665 1076 Scepsis
688 1034 924 1077 utriusquede
946 1034 1103 1075 Vivipara
1126 1033 1235 1066 Gene-

237 1078 362 1111 ratione
386 1079 419 1109 in
443 1077 555 1111 harum
581 1079 676 1112 altera
702 1079 835 1112 describi
860 1076 978 1111 foetum
1003 1076 1236 1110 animadverte-

237 1123 299 1161 ris,
323 1123 379 1164 qui
403 1121 460 1154 vix
483 1122 639 1163 attingens
663 1123 791 1155 tertiam
810 1128 935 1162 partem
959 1120 1054 1162 digiti
1076 1118 1236 1152 auricula-

238 1165 284 1197 ris
306 1187 315 1202 ,
348 1163 518 1205 completus
540 1172 643 1198 tamen
667 1175 730 1198 erat
755 1188 763 1202 ‚
799 1165 840 1197 Θ
863 1161 1020 1202 disiinft'us
1042 1162 1075 1195 in
1097 1160 1237 1195 omnibus

233 1206 303 1251 suis
322 1207 492 1249 particulis
519 1232 527 1247 ‚
551 1208 636 1242 itaut
657 1207 708 1242 vel
727 1208 819 1250 sexus
842 1205 1032 1248 masi-salinus
1053 1206 1168 1247 optime
1190 1206 1238 1237 di-

232 1250 463 1294 flc'ngueretur.
488 1250 618 1285 Scilicet
641 1253 674 1283 in
699 1250 784 1286 hunc
807 1261 968 1294 errorem,
992 1248 1087 1292 quem
1105 1248 1240 1281 verbum

240 1294 324 1328 istud
346 1294 462 1335 optime
486 1293 549 1328 sine
568 1294 633 1327 ulla
659 1293 779 1337 adjesta
802 1294 1017 1328 dubitationis
1038 1314 1047 1330 ,
1072 1302 1125 1325 aut
1150 1303 1242 1326 accu-

241 1338 368 1372 rarioris
393 1339 546 1373 examinis
569 1339 732 1380 mentione
758 1363 766 1377 ‚
787 1335 860 1371 satis
882 1336 1004 1372 indicat
1028 1359 1040 1376 ,
1072 1346 1136 1368 non
1161 1336 1243 1369 inci-

241 1379 333 1415 dis-set
357 1405 366 1420 ,
399 1379 422 1415 fi
447 1390 607 1416 anatomes
639 1380 818 1418 exercendae
843 1381 944 1422 magis
963 1404 973 1419 ‚
1004 1390 1101 1422 quam
1135 1380 1245 1421 impu·-

241 1422 398 1466 gnandae,
417 1424 578 1458 'studiosus
600 1451 608 1463 ,
642 1426 751 1459 eadem
775 1436 844 1467 quae
868 1423 996 1458 solertes
1021 1423 1210 1457 Anatomici
1234 1443 1244 1458 ,

243 1471 278 1501 in
301 1466 476 1510 primisque
498 1467 684 1511 Ruyschius
706 1472 718 1508 (
740 1478 762 1501 x
784 1471 797 1508 )
817 1490 825 1504 ‚
857 1468 895 1501 de
918 1476 1010 1501 tanto
1041 1466 1179 1501 faciliori
1203 1466 1246 1499 ob

244 1523 280 1546 ca
314 1522 386 1552 quse
408 1511 550 1547 diximus
573 1537 581 1552 ‚
612 1511 888 1554 ivn-'dignoscendo
923 1510 995 1544 sexu
1026 1510 1213 1551 deceptione
1237 1532 1246 1547 ,

244 1563 367 1597 quanto
390 1555 496 1588 minor
520 1555 562 1592 est
586 1554 685 1589 foetus
702 1578 711 1593 ‚
736 1552 1032 1591 animadvertisset.
1056 1553 1166 1596 Quem
1176 1553 1246 1586 vul-

245 1609 353 1640 garem
376 1608 516 1633 errorem
538 1601 747 1644 eitterminar'i
767 1624 776 1639 ,
800 1598 970 1640 parentum
993 1597 1124 1632 interest
1149 1620 1158 1634 ‚
1194 1597 1251 1640 qui

247 1640 385 1684 persaepe
407 1642 539 1676 abortus
561 1654 600 1676 eo
625 1643 755 1685 gravius
779 1642 885 1677 ferunt
908 1664 916 1679 ‚
943 1642 1034 1685 quod·
1053 1641 1190 1675 matium
1213 1641 1252 1673 il==

245 1686 294 1720 los
316 1685 554 1727 quoqueesse,
576 1695 692 1728 putant
714 1686 771 1728 qui
797 1685 869 1719 sunt
882 1684 1118 1718 foemellarum.

245 1729 414 1763 Caeter'um
436 1737 472 1761 ut
496 1730 534 1763 ad
558 1729 755 1771 propositam
770 1727 943 1762 'historiam
967 1727 1092 1761 redeam
1110 1752 1117 1764 ,
1143 1737 1180 1760 an
1202 1725 1253 1760 su-

246 1772 376 1814 gillatio
398 1772 455 1806 illa
470 1773 588 1816 capitis
612 1772 687 1806 inde
709 1771 840 1815 ortaiit
850 1770 939 1814 quod
963 1772 1052 1813 aquis
1076 1780 1130 1804 aut
1143 1771 1254 1803 omni-

248 1826 315 1855 no,
339 1826 394 1848 aut
419 1817 557 1850 maxima
580 1827 621 1850 ex
643 1826 729 1857 parte
757 1814 821 1856 jam
845 1813 951 1848 effusis
971 1837 980 1851 ,
1005 1814 1255 1847 nonmembra=

248 1869 297 1892 nte
319 1858 387 1891 fflis
408 1858 550 1892 distentae
566 1881 574 1895 ,
608 1858 714 1901 sicque
737 1857 886 1893 deorsum
910 1857 1081 1899 compulsae
1105 1859 1143 1891 ad
1167 1859 1254 1891 viam

249 1900 347 1935 foetui
369 1901 588 1940 dilatandam,
612 1901 662 1935 sed
688 1901 789 1936 foetus
811 1924 820 1939 ‚
854 1902 963 1935 matris
987 1901 1155 1934 conatibus
1180 1913 1255 1942 pro-

249 1943 358 1988 pulsus
373 1970 381 1983 ,
406 1945 474 1987 ipse
497 1945 558 1981 sibi
581 1957 635 1988 per
659 1946 820 1988 angustias
843 1946 909 1978 oris
935 1946 1018 1982 uteri
1031 1946 1156 1979 exitum
1183 1955 1254 1986 ape-

249 1992 312 2021 rire
333 1987 482 2022 debuerit
497 2015 505 2029 ‚
531 2000 567 2021 an
592 1990 701 2031 potius
716 2013 723 2025 ,
747 1988 769 2022 fi
792 2013 802 2028 ‚
833 1986 1037 2030 quodfacile
1062 1987 1223 2021 acciderat
1246 2008 1256 2023 ‚

248 2031 275 2067 is
297 2031 446 2066 credatur
478 2042 567 2067 antea
592 2042 743 2067 mortuus
761 2055 773 2073 ,
803 2031 967 2067 laesionem
991 2030 1152 2073 ejusmodi
1185 2042 1258 2073 quae

250 2085 318 2108 non
342 2074 400 2110 nifi
424 2076 457 2108 in
480 2078 592 2109 vivens
614 2077 729 2117 corpus
751 2098 762 2118 ,
796 2084 851 2109 aut
872 2075 907 2107 in
928 2073 1065 2108 ‘cadaver
1089 2074 1259 2107 recentissi-

250 2129 339 2153 mum
362 2118 450 2153 cadit
476 2141 486 2157 ‚
517 2120 569 2152 vel
593 2118 715 2163 pridem
738 2140 746 2155 ‚
780 2129 976 2160 quaecunque
1001 2119 1066 2159 ejus
1100 2119 1144 2150 rei
1167 2116 1260 2150 causa

250 2159 372 2201 fuerit,
397 2163 447 2195 vel
472 2164 578 2204 statim
601 2175 617 2196 a
641 2171 763 2199 morte,
788 2162 892 2202 capite
916 2159 980 2203 jam
991 2171 1082 2194 antea
1104 2160 1258 2194 deorsum

250 2204 408 2239 converso
430 2203 515 2240 forte
538 2207 765 2244 contraxerit,
787 2206 930 2246 itemque
954 2215 994 2237 an
1018 2205 1102 2238 mola
1125 2204 1259 2245 culpan-

251 2247 291 2283 da
313 2246 367 2282 hic
390 2248 451 2289 fit,
472 2260 544 2292 quae
567 2273 576 2288 ,
597 2258 635 2283 ut
658 2247 763 2289 ipsum
786 2247 937 2294 praecessit
964 2269 973 2284 ‚
1007 2247 1048 2282 sic
1073 2249 1158 2280 inter
1190 2246 1261 2289 ejus

252 2301 350 2334 caput
369 2300 396 2331 ¹,
441 2296 473 2325 &
518 2303 554 2325 os
600 2292 686 2327 uteri
731 2292 871 2332 interiici
918 2293 1028 2332 potuit
1057 2316 1067 2331 ,
1114 2293 1262 2332 viamque

252 2335 472 2378 angustiorem
496 2334 600 2369 facere
622 2358 635 2374 ,
669 2333 841 2375 eademque
864 2334 1063 2368 obstaculum
1088 2334 1168 2367 illud
1191 2333 1260 2367 fue-

251 2380 297 2413 rit·
319 2378 408 2422 quod
431 2401 442 2418 ‚
475 2390 560 2421 aegra
583 2379 704 2416 stante,
728 2377 875 2419 sanguini
900 2377 1022 2410 exitum
1046 2376 1260 2410 intercludere

252 2434 292 2455 ex
313 2431 432 2461 utero,
454 2423 576 2465 quippe
598 2432 669 2455 tum
690 2420 823 2462 desuper
847 2419 1021 2462 compressa
1035 2443 1044 2459 ‚
1069 2420 1261 2460 videbatur,

251 2468 287 2502 in
312 2465 421 2501 medio
443 2466 610 2507 relinquo.
636 2463 736 2504 Quod
761 2474 837 2497 vero
861 2475 958 2506 aquas·
980 2462 1090 2497 effusas
1101 2475 1140 2496 ex
1153 2466 1262 2501 ammo

253 2507 347 2543 fuisse
372 2533 381 2548 ,
427 2520 491 2541 non
524 2509 672 2543 dubitem
693 2530 704 2546 ,
736 2506 875 2549 ejusdem
899 2505 1020 2541 foetus,
1043 2509 1101 2549 qui
1125 2518 1188 2540 non
1214 2508 1262 2539 ni-

253 2553 277 2587 si
302 2561 420 2594 quarto
431 2551 501 2593 post
524 2551 575 2586 die
587 2549 732 2587 exclusus
755 2550 820 2590 est,
843 2561 916 2583 cum
928 2551 988 2582 alia
1011 2548 1156 2588 faciunt,
1183 2560 1255 2585 tum

253 2594 336 2629 illud
358 2594 487 2636 insuper
507 2595 596 2636 quod
620 2595 714 2636 copia
735 2591 793 2627 esse
818 2593 892 2626 visae
916 2593 986 2627 sunt
1013 2593 1110 2632 paulo
1134 2593 1254 2635 majori

253 2649 352 2681 quam
373 2638 555 2672 debebant.
581 2638 697 2681 Neque
719 2637 806 2683 enim
830 2638 967 2679 ignoro,
992 2635 1084 2669 fuisse
1106 2637 1255 2679 ingenio-

254 2683 289 2717 se·
307 2683 512 2723 cogitatum,
535 2693 632 2724 aquas
656 2690 729 2714 ante
752 2680 871 2721 justum
893 2690 1018 2721 tempus
1042 2680 1258 2721 prodeuntes„

253 2736 319 2761 non
343 2725 379 2758 ad
403 2736 477 2758 eum
498 2726 556 2768 qui
579 2723 717 2766 denique
740 2722 887 2764 ejicitur,
910 2722 1052 2763 foetum,
1075 2723 1127 2756 sed
1151 2723 1189 2757 ad
1213 2724 1260 2756 al-

253 2778 362 2805 terum
383 2769 521 2801 attinere
544 2769 602 2811 qui
629 2766 722 2800 simul
744 2766 875 2808 quidem
899 2778 972 2800 curn
996 2778 1033 2799 eo
1057 2776 1231 2809 conceptus
1254 2791 1263 2807 ,

254 2823 367 2846 verum
390 2812 424 2843 in
448 2813 523 2844 vitae
547 2810 736 2854 primordiis
758 2811 916 2844 extin6ms
937 2833 949 2850 ,
972 2812 1005 2843 &
1026 2809 1142 2844 deinde
1163 2811 1260 2843 colli-

227 2864 229 2883 {
256 2865 371 2898 quatus
394 2877 404 2893 ‚
439 2854 514 2888 istas
543 2866 614 2897 quae
644 2856 769 2890 exitum
803 2855 982 2895 anticipant
1004 2875 1016 2892 ,
1057 2864 1153 2900 aquas
1185 2854 1261 2887 reli-

256 2901 367 2941 querit·
387 2900 474 2932 intra
497 2900 639 2933 amnium
662 2898 832 2940 proprium
857 2897 958 2931 donec
982 2907 1089 2930 earum
1114 2898 1185 2940 jugi
1209 2898 1261 2929 inm

257 2951 422 2974 cremento
447 2941 509 2975 hoc
533 2942 610 2975 adeo
633 2940 832 2975 distendatur
852 2964 860 2978 ‚
887 2949 923 2974 ut
947 2940 1077 2974 alterius
1101 2940 1223 2973 robusti
1248 2962 1257 2976 ‚

257 2988 290 3017 &
315 2984 354 3019 ad
376 2985 597 3018 maturitatem
630 2995 728 3027 prope
753 2983 884 3017 adducti
909 2982 1008 3016 foetus
1035 2983 1259 3017 vehementio-

256 3026 348 3061 ribus
371 3027 515 3062 motibus
536 3027 671 3063 resistere
693 3037 828 3069 nequeat
852 3051 861 3061 .
896 3027 955 3061 Sed
979 3037 1015 3061 ut
1045 3027 1082 3061 de
1106 3038 1259 3070 aquarum

258 3071 318 3104 illo
348 3070 549 3105 incremento
582 3071 635 3106 hic
658 3071 793 3105 minime
826 3070 1023 3112 disputemus
1046 3094 1057 3110 ,
1092 3080 1188 3112 atque
1223 3081 1258 3104 ut

259 3123 409 3156 praeterea
443 3113 653 3149 concedamus
676 3138 685 3152 ‚
718 3113 794 3148 huic
827 3115 975 3156 cogitato
998 3113 1192 3156 quibusdam
1223 3115 1257 3147 in

258 3156 382 3192 casibus
405 3156 464 3192 esse
486 3158 594 3192 locum
627 3155 755 3192 fortasse
778 3156 865 3199 posse
885 3180 898 3198 ‚
930 3166 961 3191 at
987 3168 1051 3190 non
1084 3167 1151 3191 erat
1175 3167 1261 3191 certe

259 3202 295 3233 in
318 3200 428 3234 nostro
448 3223 458 3237 ‚
481 3210 518 3233 ut
540 3210 616 3243 pote
638 3213 713 3235 cum
737 3200 836 3234 foetus
859 3199 1065 3241 imperfeffims
1089 3200 1162 3234 esset
1183 3223 1193 3238 ‚
1225 3213 1260 3235 ac

259 3243 374 3277 debilis
395 3266 407 3283 ,
442 3254 544 3286 neque
566 3245 600 3276 in
636 3245 811 3286 propositis
835 3256 850 3277 a
876 3244 1063 3278 Petersonio
1087 3244 1139 3287 (y
1164 3247 1174 3283 )
1196 3269 1206 3284 ,
1230 3247 1261 3277 &

260 3286 505 3330 Dethardingio
537 3290 598 3330 (z
620 3289 662 3327 >3
696 3287 794 3321 foetus
826 3289 911 3320 enim
944 3289 999 3329 qui
1031 3297 1129 3329 caput
1154 3313 1163 3328 ,
1198 3286 1260 3329 jam

260 3339 406 3364 exertum
428 3352 438 3367 ‚
467 3330 572 3363 rursus
595 3331 629 3362 in
660 3340 787 3364 uterum
810 3330 971 3364 retraxisse
992 3353 1002 3368 ,
1036 3331 1146 3373 ibique
1181 3333 1261 3364 alter

261 3373 359 3412 duas,
382 3374 459 3406 alter
484 3372 601 3414 septem
624 3372 839 3408 hebdomadas
862 3374 963 3408 donec
987 3384 1094 3416 partus
1116 3385 1262 3417 tempore

262 3418 400 3450 omnino
424 3416 593 3458 prodirent
613 3441 623 3455 ‚
654 3416 793 3451 restitisse
818 3417 1003 3454 scribuntur
1026 3440 1035 3455 ‚
1068 3417 1130 3451 suis
1155 3416 1262 3458 profe-

263 3461 340 3498 ἃο,
366 3470 429 3492 non
440 3460 550 3493 alienis
574 3460 798 3501 aquisexitum
811 3470 1019 3503 aperuerant:
1046 3471 1100 3494 aut
1125 3460 1145 3493 si
1157 3472 1262 3494 exem-

264 3503 314 3544 pla
343 3503 432 3542 haec,
457 3503 545 3544 quod
569 3503 660 3536 ultro
680 3502 783 3537 fateor
799 3528 808 3543 ‚
831 3504 938 3539 firmas
961 3504 1162 3547 requirebant
1186 3515 1261 3546 pro-

263 3547 428 3583 bati-oness
454 3547 515 3579 alia
538 3556 645 3579 tamen
668 3545 752 3581 haud
775 3547 907 3581 deerunt
931 3547 1057 3582 creditu
1080 3546 1226 3580 faciliora
1251 3570 1260 3585 ‚

265 3590 438 3632 eodemque
470 3588 646 3631 spectantia
667 3611 677 3627 ‚
709 3591 730 3623 fi
754 3592 857 3624 otium
893 3592 954 3624 tibi
987 3591 1023 3624 ad
1056 3591 1262 3634 quaerendurn

265 3632 363 3669 fuerit
379 3656 387 3665 .
412 3633 579 3666 Caeterum
603 3642 828 3676 praematurum
853 3657 862 3673 ‚
886 3637 917 3668 δε
940 3636 996 3679 qui
1021 3633 1086 3668 fere
1111 3636 1262 3668 innoxius

2118 403 2215 452 229

1282 469 1344 509 fit,
1368 479 1522 511 aquarum
1546 468 1671 502 exitum
1694 475 1834 509 repetere
1858 465 2047 510 plerumque
2069 465 2183 500 solitus
2209 466 2276 500 sum

1281 526 1298 546 a
1332 521 1429 555 rupto
1451 511 1620 547 dumtaxat
1644 510 1760 545 chorio
1783 532 1793 551 ,
1827 509 1868 542 fic
1892 508 2019 544 effluere
2050 509 2168 544 finente
2191 510 2278 552 quod

1281 558 1364 589 inter
1388 554 1418 589 se
1441 576 1451 592 ‚
1486 557 1517 587 δε
1541 556 1682 589 amnium
1707 554 1776 595 plus
1799 553 1944 587 minusve
1968 555 2096 588 illarum
2121 552 2205 586 forte
2229 554 2279 585 in-

1283 607 1400 632 tererat
1435 598 1605 632 secundum
1630 598 1882 638 Observationes
1914 597 2073 640 Ruyschii
2095 599 2109 635 (
2130 608 2149 628 a
2172 599 2183 635 )
2209 616 2216 631 ›
2248 596 2281 628 δε

1285 644 1422 677 aliorum
1447 639 1500 683 (b
1524 645 1557 681 );
1581 652 1764 685 quanquam
1789 639 1823 673 hi
1847 640 1952 675 nescio
1975 653 2070 683 quam
2084 639 2158 674 inde
2183 638 2283 674 allan-

1283 686 1405 720 toidem
1438 683 1579 718 humano
1610 686 1644 718 in
1679 695 1792 726 genere
1823 687 1998 730 commenti
2040 684 2113 718 sunt
2137 708 2144 716 .

1285 731 1455 771 Aquarnm
1479 739 1553 761 vero
1576 739 1615 761 ex
1637 728 1746 761 amnio
1768 726 1836 769 ipso
1861 735 1932 760 ante
1956 729 2071 769 justum
2105 735 2232 768 tempus
2253 734 2286 757 c-

1283 774 1468 814 ruptionem
1492 771 1581 805 illam
1606 770 1688 811 effe,
1713 782 1777 803 nori
1789 770 1922 809 dubim,
1948 782 2044 813 quam
2068 771 2185 804 merito
2196 767 2288 808 Hip-

1284 824 1428 860 pocrates
1460 819 1470 855 (
1494 827 1510 848 c
1532 819 1545 854 )
1567 813 1681 847 malam
1715 815 1946 855 pronunciavit
1972 839 1980 847 ,
2016 815 2175 851 Quamvis
2199 813 2286 844 enim

1286 859 1354 902 post
1377 858 1477 900 ipsam
1502 870 1565 890 non
1590 856 1712 899 semper
1735 855 1850 890 infelix
1871 856 1910 890 fit
1934 867 2042 899 partus
2065 871 2073 890 :
2100 857 2212 899 saepius
2235 864 2290 887 ta-

1286 914 1357 935 men
1382 902 1487 935 minus
1510 900 1553 934 est
1575 899 1652 934 felix
1670 923 1680 939 ,
1716 899 1777 932 sive
1802 900 1895 932 illam
1921 909 1957 933 ut
1980 900 2105 934 causam
2134 924 2142 938 ‚
2165 899 2289 943 fivestlt

1288 943 1435 979 effeRum
1458 945 1653 987 speffiternus.
1680 945 1731 977 Ut
1754 943 1879 977 causam
1904 944 2034 985 quidem
2055 957 2065 983 3
2099 953 2172 976 narn
2196 939 2292 974 eflusa

1288 999 1365 1022 tunc
1391 1000 1470 1031 aqua
1494 991 1578 1020 viam
1603 997 1789 1029 opportune
1811 986 1910 1019 foetui
1933 998 2034 1030 neque
2057 986 2175 1020 dilatat
2200 1007 2210 1023 ‚
2236 994 2292 1032 ne-

1289 1044 1351 1074 que
1375 1032 1534 1065 lubricat.
1561 1032 1610 1063 Ut
1634 1029 1782 1063 effectum
1807 1040 1913 1064 autem
1938 1043 1946 1067 3
1980 1033 2045 1065 five
2069 1030 2157 1063 enim
2189 1039 2205 1062 a
2230 1036 2295 1060 mx·

1286 1087 1346 1109 nus
1370 1075 1469 1108 firmis
1496 1074 1534 1107 sit
1558 1074 1774 1107 Secundarum
1801 1074 2015 1113 membranis,
2040 1075 2105 1108 five
2129 1074 2167 1106 ab
2192 1072 2295 1104 nimia

1288 1130 1376 1160 aquae
1400 1120 1515 1159 copia,
1542 1117 1604 1150 sive
1629 1118 1667 1151 ab
1690 1115 1755 1158 ejus
1779 1117 1916 1161 denique
1939 1118 2134 1155 acrimonia,
2160 1114 2193 1149 id
2207 1111 2298 1156 quod

1289 1163 1457 1195 Martiano
1482 1161 1535 1204 (d
1558 1164 1588 1199 J,
1612 1171 1713 1197 neque
1738 1160 1883 1202 injuria,
1907 1162 2007 1203 magis
2019 1161 2188 1197 displicet,
2212 1168 2301 1200 quo-

1290 1205 1388 1239 modo
1412 1205 1479 1237 haec
1490 1204 1554 1238 duo
1579 1204 2027 1243 noviffiniainternoscamuS,
2051 1204 2206 1238 docenti5
2232 1210 2299 1232 ¹¹0n

1293 1250 1375 1283 bona
1398 1257 1485 1280 certe
1516 1256 1569 1280 aut
1593 1247 1631 1280 de
1654 1245 1752 1280 foetus
1772 1270 1781 1284 ,
1816 1258 1870 1280 aut
1893 1248 1931 1281 de
1955 1249 2064 1281 matris
2085 1270 2094 1284 ‚
2120 1255 2175 1280 aut
2198 1244 2236 1278 de
2259 1255 2299 1276 u-

1295 1292 1441 1333 triusque
1465 1290 1698 1324 constitutione
1721 1292 1768 1323 vel
1794 1290 1990 1330 solidorum,
2018 1292 2069 1324 vel
2092 1290 2269 1325 fluidorum
2292 1308 2303 1324 ‚

1296 1336 1344 1369 vel
1368 1345 1581 1375 utrorumque
1604 1332 1761 1374 fignificat
1782 1357 1793 1373 ,
1826 1344 1937 1367 contra
1961 1343 2057 1376 atque
2088 1333 2127 1368 ad
2160 1340 2306 1379 partusj

1297 1383 1327 1413 δε
1350 1379 1511 1421 puerperii
1536 1377 1711 1418 optabilem
1736 1375 1929 1411 felicitatem
1954 1379 2154 1419 requiritur.
2184 1378 2234 1409 Ex
2256 1373 2307 1406 hls

1299 1422 1442 1466 proclive
1466 1422 1527 1453 erit
1553 1421 1616 1453 tibi
1642 1422 1798 1462 explicare
1823 1421 1969 1463 quaedam
1985 1442 1993 1458 ‚
2017 1420 2056 1453 ad
2069 1426 2308 1462 praeproperam

1298 1477 1389 1509 aquae
1412 1466 1642 1506 eruptionem,
1666 1464 1703 1497 ad
1728 1463 1852 1506 aliaque
1875 1466 1908 1497 in
1934 1463 2098 1507 proposita
2122 1463 2276 1496 Matrona
2301 1480 2314 1498 ,

1299 1512 1330 1543 δέ
1364 1508 1431 1551 ejus
1456 1518 1549 1549 partu
1573 1529 1582 1544 ‚
1615 1510 1646 1539 &
1669 1507 1756 1541 foetu
1778 1530 1787 1545 ‚
1813 1505 1987 1550 spectantia
2004 1533 2011 1541 .
2146 1509 2183 1539 ln
2210 1503 2311 1551 Moljae

1305 1561 1414 1585 autem
1439 1549 1657 1592 suspicionem
1680 1563 1751 1593 quae
1776 1562 1827 1584 me
1852 1551 1938 1594 signa
1964 1551 2153 1584 induxerint
2169 1574 2178 1589 ,
2201 1560 2241 1583 ex
2263 1546 2317 1580 hi-

1304 1597 1398 1629 storia
1424 1595 1600 1636 intelligis,
1625 1595 1679 1627 ubi
1694 1595 1780 1634 ipsa,
1804 1597 1913 1637 qualia
1938 1608 1972 1628 ea
1985 1606 2115 1636 cunque
2139 1593 2221 1630 sint,
2246 1601 2314 1623 me·

1306 1640 1432 1673 moravi
1457 1664 1464 1671 .
1500 1638 1580 1670 Non
1605 1636 1700 1671 facile
1724 1639 1838 1679 utique
1861 1639 1904 1673 est
1929 1640 1974 1672 ita
1999 1639 2088 1672 illius
2111 1635 2319 1679 praesentiam

1305 1682 1520 1724 cognoscere,
1547 1692 1582 1714 ut
1607 1681 1754 1714 audacter
1779 1680 1931 1716 affirmes:
1957 1681 2110 1723 exsignis
2136 1690 2247 1713 tamen
2260 1689 2320 1710 no-
2353 1698 2359 1701 -

1305 1728 1347 1759 tis
1384 1738 1455 1767 quae
1481 1724 1624 1767 Majores
1659 1724 1753 1758 nobis
1785 1725 1986 1767 reliquerunt
2006 1747 2015 1761 ‚
2049 1724 2206 1766 pudenter
2238 1722 2320 1755 licet

1307 1769 1484 1810 suspicari.
1618 1769 1744 1801 Eorum
1769 1767 1909 1808 plurima
1934 1780 1945 1806 3
1981 1779 2167 1810 quanquam
2191 1776 2259 1799 non
2281 1776 2322 1797 0-

1308 1815 1394 1845 tnnia
1429 1812 1519 1846 simul
1544 1822 1711 1846 occurrere
1750 1810 1867 1845 necesse
1892 1811 1934 1845 est
1960 1836 1970 1851 ,
1994 1811 2130 1845 collefm
2155 1809 2280 1844 videbis
2297 1819 2322 1858 ‘a

1310 1856 1535 1890 Lamzwerdio
1559 1860 1569 1895 (
1596 1865 1610 1888 e
1637 1858 1671 1894 ),
1697 1866 1735 1888 ex
1758 1853 1849 1896 cujus
1873 1855 2072 1889 innominati
2085 1855 2195 1892 libro,
2220 1862 2328 1886 maxi-

1310 1912 1361 1933 ma
1384 1900 1532 1942 alioquin
1557 1911 1595 1932 ex
1619 1908 1706 1941 parte
1730 1897 1926 1939 infrugifero
1946 1922 1958 1938 ,
1984 1912 1999 1932 a
2022 1897 2218 1941 quibusdam
2243 1904 2324 1929 aeta-

1310 1954 1343 1977 te
1365 1942 1423 1976 hac
1448 1943 1554 1976 nostra
1580 1941 1670 1976 fuisse
1693 1941 1871 1982 descripta,
1898 1942 2111 1977 animadverti
2135 1967 2142 1975 .
2179 1941 2252 1973 Nec
2277 1948 2328 1971 ta·

1312 1998 1385 2020 men
1410 1998 1471 2028 ego
1495 1985 1586 2019 istam
1611 1985 1730 2017 molam
1755 1995 1809 2018 aut
1834 1995 2072 2028 antepartum,
2095 1994 2150 2019 aut
2176 1984 2246 2026 post
2263 1982 2328 2017 dis-

1313 2031 1486 2063 sectionem
1511 2041 1547 2061 ex
1572 2031 1611 2061 iis
1635 2026 1692 2060 esse
1716 2039 1788 2070 quae
1813 2032 1895 2063 verae
1919 2029 2123 2071 appellantur
2148 2055 2157 2069 ‚
2180 2027 2290 2061 censui
2316 2038 2327 2065 ς

1313 2076 1384 2106 imo
1408 2084 1465 2114 pro
1492 2073 1576 2106 uteri
1601 2072 1758 2113 polyposa
1782 2074 1996 2119 concretipne
2021 2071 2143 2116 semper
2168 2071 2269 2105 habui
2292 2071 2331 2105 in

1315 2118 1447 2149 muliere
1471 2116 1647 2158 praesertim
1683 2119 1694 2154 (
1719 2127 1789 2161 quae
1814 2128 1863 2150 me
1897 2127 1944 2150 res
1969 2118 2071 2159 magis
2108 2118 2142 2149 in
2167 2126 2236 2148 eam
2270 2113 2322 2147 su-

1312 2161 1490 2202 {picionem
1521 2158 1705 2202 perduxit)
1729 2170 1818 2200 cujus
1844 2171 1881 2194 ex
1917 2169 2010 2194 utero
2034 2170 2162 2194 tantam
2196 2158 2328 2202 prodire

1313 2204 1477 2245 sanguinis
1501 2204 1649 2247 copiam,
1674 2206 1705 2236 &
1728 2212 1795 2237 tam
1820 2202 1913 2238 facile
1936 2203 2171 2239 concrescentis
2194 2227 2204 2243 ‚
2236 2201 2329 2235 vide-

1316 2258 1384 2281 rem
1400 2272 1406 2279 .

1365 2302 1406 2322 ιι.
1434 2290 1565 2323 Scilicet
1592 2289 1757 2324 Molarum
1782 2291 1851 2325 aliae
1874 2302 1948 2325 cum
1973 2292 2131 2335 legitimae
2144 2290 2229 2330 fint,
2257 2290 2328 2324 aliae

1315 2345 1388 2375 qua>
1422 2334 1603 2376 illegitimae
1629 2333 1671 2367 fic
1696 2335 1898 2378 appellantur
1924 2349 1932 2373 ;
1969 2348 2005 2370 ex
2040 2333 2186 2379 uirisque
2218 2344 2328 2368 tamen

1316 2375 1463 2417 quaedam
1497 2376 1623 2418 possunt
1648 2387 1701 2410 aut
1734 2380 1809 2413 cum
1842 2379 1925 2413 foetu
1956 2379 2152 2422 conjungi,
2182 2382 2213 2412 &
2248 2377 2328 2420 saepe

1316 2421 1498 2465 abortionis
1510 2419 1637 2454 causam
1661 2420 1797 2461 afferre,
1821 2423 1883 2456 sive
1897 2431 2026 2457 uterum
2050 2422 2236 2460 irritando,
2263 2420 2328 2454 sive

1316 2474 1386 2508 ejus
1409 2475 1523 2497 cavum
1548 2474 1613 2496 non
1639 2475 1737 2504 parva
1761 2477 1799 2498 ex
1824 2475 1913 2508 parte
1936 2467 2127 2506 occupando
2150 2479 2160 2504 3
2184 2475 2239 2499 aut
2263 2465 2328 2498 sine

1315 2508 1402 2539 ioetu
1427 2507 1505 2540 adeo
1538 2507 1708 2541 increscere
1731 2530 1741 2545 ‚
1776 2518 1812 2542 ut
1836 2507 2066 2552 graviditatem
2093 2511 2294 2543 mentiantur
2318 2533 2326 2542 .

1314 2549 1375 2582 Sed
1399 2550 1578 2592 illegitimae
1604 2549 1730 2592 possunt
1753 2552 1787 2586 in
1811 2554 1994 2595 virginibus
2008 2565 2144 2596 quoque
2167 2553 2320 2590 intacftis‚

1310 2593 1467 2636 castisque
1502 2594 1606 2627 viduis
1631 2597 1785 2637 progigni
1808 2607 1818 2633 5
1853 2597 2011 2639 legitimae
2036 2623 2045 2637 ,
2079 2596 2136 2631 nisi
2164 2596 2247 2637 apud
2272 2607 2328 2629 eos

1311 2637 1389 2678 qui,
1414 2636 1673 2671 dissentientibus
1696 2639 1833 2676 caeteris,
1857 2643 2026 2683 ponuntin
2052 2640 2239 2674 mulieribus
2255 2638 2328 2672 sub.

1313 2691 1468 2713 ventanea
1495 2692 1574 2716 ova,
1601 2692 1665 2714 non
1690 2681 1817 2724 possunt
1834 2708 1841 2714 .
1977 2685 2164 2726 Illegitimae
2191 2695 2201 2722 5
2225 2693 2261 2717 ut
2284 2683 2324 2716 de

1314 2721 1365 2756 his
1391 2725 1535 2764 primum
1557 2724 1698 2758 dicamus
1715 2747 1724 2762 ‚
1750 2735 1803 2759 aut
1829 2738 1868 2759 ex
1890 2726 2044 2770 sanguine
2070 2729 2102 2760 in
2126 2729 2207 2761 uteri
2231 2738 2326 2760 cavea

1315 2766 1502 2800 subfistente
1525 2792 1537 2808 ,
1561 2778 1613 2800 aut
1639 2780 1677 2802 ex
1700 2769 1855 2803 interiore
1879 2772 1986 2812 aliqua
2010 2770 2323 2812 ejusexcrescentia

1316 2809 1420 2843 fiunt.
1447 2811 1515 2843 Has
1539 2822 1578 2844 ex
1590 2821 1677 2844 certa
1702 2811 1789 2852 basi,
1813 2814 2035 2855 pedunculove
2047 2815 2243 2857 cognosces,
2266 2826 2322 2856 per

1315 2865 1434 2894 quem,
1458 2865 1493 2887 ut
1509 2854 1695 2896 Ruyschius
1721 2853 1800 2898 (f)
1827 2858 2015 2899 proposuit,
2040 2871 2112 2892 cum
2136 2869 2230 2892 utero
2245 2867 2323 2891 con-

1313 2898 1484 2930 tinuantur
1505 2922 1514 2936 ,
1549 2910 1604 2931 aut
1628 2899 1745 2932 certius
1784 2911 1823 2932 ex
1847 2900 2037 2943 sanguiferis
2061 2900 2157 2942 hujus
2182 2901 2260 2934 vasis
2284 2903 2320 2934 in

1315 2939 1437 2973 easdem
1460 2941 1641 2983 productis.
1668 2943 1741 2975 Illas
1766 2953 1872 2977 autem
1885 2956 1956 2987 quae
1980 2945 2084 2979 multo
2108 2946 2248 2978 crebrius
2265 2956 2324 2978 oc·-

1313 2993 1449 3017 currunt
1471 3007 1481 3022 ,
1520 2986 1551 3017 &
1575 2986 1613 3018 ad
1646 2997 1723 3028 quas
1747 2986 1853 3027 plures
1877 2999 1948 3029 quae
1972 2989 2005 3021 in
2028 2989 2241 3031 Sepulchreto
2266 3000 2322 3021 ex-

1313 3036 1407 3064 tant,
1432 3039 1496 3060 non
1521 3027 1652 3061 difficile
1677 3030 1868 3068 revocabis,
1892 3042 1956 3063 non
1981 3031 2067 3065 secus
2091 3044 2125 3065 ac
2150 3035 2182 3065 in
2208 3031 2285 3065 vafis
2310 3054 2320 3070 ‚

1311 3074 1342 3103 &
1366 3072 1461 3104 corde
1487 3070 1557 3112 ipso
1580 3082 1702 3105 caeterae
1721 3072 1885 3114 polyposae
1911 3077 2136 3108 concretiones
2152 3098 2161 3113 ‚
2187 3088 2226 3109 ex
2250 3075 2319 3109 san-

1311 3115 1409 3156 guine
1433 3113 1516 3147 fiunt
1541 3126 1548 3146 .·
1582 3126 1660 3156 quas
1681 3126 1737 3148 cur
1761 3118 1794 3148 in
1819 3117 1919 3149 uteris
1940 3142 1947 3154 ‚
1984 3129 2018 3151 ut
2044 3119 2206 3153 Lancisius
2231 3123 2284 3162 (g
2307 3123 2317 3158 )

1313 3158 1448 3193 docuit,
1472 3159 1567 3190 etiam
1591 3159 1747 3200 virgineis
1770 3170 1844 3192 cum
1868 3160 2071 3194 Hoffmanno
2104 3165 2119 3204 (
2141 3163 2161 3196 h
2183 3167 2196 3203 )
2219 3174 2320 3205 agno-

1308 3201 1395 3234 scere
1420 3200 1576 3236 nolimus,
1604 3200 1689 3235 haud
1713 3202 1785 3234 satis
1809 3202 1910 3236 causae
1935 3204 1994 3238 effe
2015 3228 2023 3242 ‚
2049 3206 2142 3240 video
2165 3230 2179 3247 ,
2211 3217 2318 3240 earum

1312 3243 1487 3290 praesertim
1509 3244 1625 3286 quibus
1651 3245 1807 3278 menstrua
1831 3247 1959 3281 uberius
1982 3249 2104 3288 fluant,
2129 3260 2183 3283 aut
2208 3250 2319 3283 insoli-

1314 3298 1347 3321 ta
1372 3299 1437 3321 non
1462 3287 1500 3319 s1t
1525 3287 1759 3330 haemorrhagia
1774 3293 1922 3328 uterina3
1946 3291 2008 3326 hoc
2022 3295 2128 3328 enim,
2152 3302 2207 3327 aut
2232 3293 2320 3326 fimi-

1313 3332 1336 3364 li
1362 3332 1515 3373 quopiam
1540 3331 1637 3363 mocio
1660 3333 1936 3372 interpretandum
1959 3336 2070 3369 censeo
2094 3337 2165 3368 Cel.
2192 3337 2314 3371 Virum
2343 3335 2347 3339 ’

1313 3374 1539 3423 Abrahamum
1562 3375 1720 3423 Vaterum
1741 3379 1754 3415 <
1776 3377 1788 3409 i
1809 3379 1844 3416 ),
1868 3380 1927 3420 qui
1950 3381 1983 3412 in
1998 3379 2178 3420 virginibus
2203 3379 2314 3414 saltem

1314 3417 1494 3459 qmbusdam
1506 3427 1640 3459 agnovit
1651 3443 1658 3451 .
1681 3420 1915 3453 Concretiones
1928 3421 2113 3463 hujusmodi
2126 3422 2316 3464 Ruyschius

1315 3465 1325 3500 (
1348 3460 1400 3502 k)
1425 3461 1536 3494 docuit
1557 3482 1566 3493 2
1599 3464 1808 3508 quitatione
1831 3489 1840 3502 ‚
1875 3465 1997 3498 etiamsi
2023 3465 2190 3507 quidpiam
2215 3478 2317 3499 mem-

1312 3506 1484 3537 branarum
1508 3503 1604 3536 instar
1627 3506 1811 3547 adjunfflum
1836 3507 1972 3540 habeant
1996 3533 2004 3548 ‚
2027 3520 2042 3540 a
2066 3509 2160 3540 molis
2182 3510 2316 3551 quibus-

1314 3548 1386 3580 dam
1403 3573 1410 3586 ,
1437 3548 1521 3580 inter
1547 3548 1704 3589 legitimas
1730 3552 1768 3582 ab
1792 3551 1863 3583 aliis
1888 3550 2023 3592 positis,
2046 3551 2277 3593 distinguamus
2305 3578 2315 3585 .

1317 3592 1448 3629 Qubus
1472 3591 1509 3623 de
1535 3591 1628 3623 molis
1653 3592 1838 3635 priusquam
1862 3605 1959 3635 pauca
1984 3595 2180 3636 attingamus
2201 3618 2212 3635 ,
2246 3607 2314 3629 non

1316 3635 1360 3669 est
1385 3636 1449 3666 tibi
1472 3633 1621 3676 quaedam
1641 3636 1745 3669 nostra
1770 3637 1968 3671 Observatio
1992 3637 2158 3680 singularis
2181 3637 2317 3673 confor-

2209 3693 2277 3716 ma-

353 3851 367 3865 x
409 3841 481 3866 Ther.
505 3844 576 3866 Anat.
599 3845 622 3867 6.
647 3850 673 3866 n.
697 3844 746 3877 48..
761 3851 800 3873 31.
825 3851 860 3873 54.
887 3852 923 3872 59.

353 3842 403 3931 kz}
420 3873 523 3897 Earund.
540 3875 596 3897 Dec.
615 3881 636 3902 3.
654 3874 684 3901 A,
701 3883 722 3903 ς.
740 3882 765 3897 in
781 3874 888 3903 append.
907 3882 930 3899 n.
948 3876 970 3898 8⁴
986 3876 1015 3899 ad
1031 3875 1072 3900 cit.
1088 3876 1147 3906 0sz
1164 3880 1203 3900 62.

354 3935 369 3956 d
385 3935 398 3962 )

389 3969 394 3990 )

414 3936 503 3958 Annot.
520 3934 547 3957 ad
564 3934 633 3957 eund.
651 3930 711 3958 vers.

350 3972 368 3991 ξ
411 3965 481 3993 Epist.
499 3964 527 3987 ad
546 3964 729 3990 Mulebancher.

354 3993 395 4024 kt}
414 3998 483 4020 cent.
499 3995 578 4023 citatae
593 3995 653 4020 Obs.
669 4003 707 4024 ²9-

775 3939 784 3960 (
800 3945 811 3959 e
833 3936 839 3963 )
856 3936 915 3959 Hist.
933 3941 983 3960 nat..
1001 3938 1092 3961 Moiar.
1111 3943 1171 3962 uter.
1189 3945 1201 3961 c
1228 3941 1263 3960 16.

324 3843 338 3871 (

324 3875 340 3932 ἓ

323 3935 340 4019 ξ’
790 3969 804 3996 ζ
819 3967 832 3990 h
849 3966 862 3993 >
879 3965 974 3991 Differt.
988 3967 1017 3992 de
1032 3967 1107 3998 ignor.
1125 3967 1185 3992 uteri
1203 3967 1279 3993 strust.

999 3844 1066 3875 (1)
1091 3845 1154 3874 Eph,
1178 3848 1211 3870 N.
1238 3846 1267 3870 C.
1291 3849 1348 3871 Dec.
1377 3855 1396 3871 x.

1424 3847 1452 3870 Α.
1477 3853 1500 3870 ι.
1523 3847 1584 3871 Obs.
1607 3850 1645 3872 62.

434 3904 437 3907 Ι
506 3903 510 3907 “
1269 3878 1283 3906 (
1299 3886 1312 3901 a
1329 3879 1342 3912 2
1357 3877 1428 3902 Thes.
1445 3880 1516 3901 Anat.
1536 3886 1556 3907 ς.
1574 3886 1598 3901 n.
1618 3882 1654 3908 56.
1672 3886 1744 3909 prope
1758 3880 1800 3906 fin.
1819 3881 1842 3905 δε
1857 3881 1926 3905 Thes.
1945 3889 1973 3905 lo
2000 3883 2024 3905 ri.
2040 3888 2092 3911 155.

409 3904 464 3928 vid.
483 3905 563 3928 Littre
578 3904 657 3927 Mem.
673 3903 703 3927 de
719 3904 814 3929 l’Acad.
833 3908 861 3929 R.
877 3906 918 3929 des
932 3907 971 3930 Sc.
987 3908 1017 3930 Α.
1035 3915 1102 3935 1701.
1119 3907 1142 3930 δε
1158 3909 1295 3931 Commerc.
1312 3910 1401 3932 Litter.
1419 3910 1448 3931 Α.
1468 3915 1530 3937 ¹73²·
1549 3905 1624 3933 Hebd.
1643 3913 1677 3939 36.
1690 3919 1710 3934 n.
1724 3920 1744 3939 3.

1706 3942 1709 3944 ·
1807 3912 1820 3940 (
1836 3919 1847 3934 c
1863 3912 1875 3939 >
1892 3914 2078 3936 coac.Praenot.
2089 3911 2309 3942 Sest 3.vers.x137.

1326 3940 1340 3968 (
1353 3937 1369 3966 f
1384 3940 1392 3971 )
1410 3940 1479 3963 Cent.
1499 3938 1558 3962 Obs.
1577 3942 1648 3965 Arm.
1666 3941 1734 3965 Chir.
1754 3944 1788 3971 58.

1298 3968 1320 4000 ᾗ.
1341 3977 1377 3996 ιι).
1440 3968 1448 3999 (
1464 3970 1473 3991 i
1488 3971 1501 3998 )
1520 3969 1575 3994 Diis.
1593 3978 1641 4000 qua
1660 3973 1730 3996 Mola
1748 3980 1868 4002 praegnans
1886 3973 1907 3996 8(
1925 3978 1975 3997 caet.
1992 3973 2049 3997 thes,
2068 3981 2102 3998 η.
