2498 4075
111 308 207 353 Aut
247 312 401 370 praesta
429 342 444 367 ,
486 309 720 370 inquiunt,
743 319 820 365 per-
861 304 1109 349 Anatotnen
1132 303 1421 363 rqiiae-r--fiipra
1457 305 1693 352 hominurn
1731 306 1983 358 su-nt1vires
2008 324 2143 363 32-,raut

110 380 142 437 fi
183 381 228 425 id
271 398 358 428 non
401 394 520 440 potes
549 411 562 435 ,
601 387 760 424 caetera
799 376 943 421 nihili-³
967 371 1157 422 facimus
1184 386 1300 436 'quae
1336 387 1458 435 potes
1485 410 1498 420 .
1537 377 1659 424 ¹Hoc
1697 380 1817 425 enim
1866 380 2070 440 denique
2107 383 2141 426 ii

112 450 299 497 Medici‘
323 455 478 500 dicunt
518 453 595 512 qui
613 471 617 474 >
637 449 716 494 illa
754 445 908 515 dicunt
978 447 1142 492 Nihili
1166 449 1318 504 rigitur
1351 446 1520 495 sacient
1545 460 1667 508 ,tunc
1706 452 1845 496 etiam
1870 456 2142 503 =cum.,·Ana-

110 531 229 568 tome
270 524 437 571 famam
479 524 679 584 ipsorum
707 513 906 567 tuebitur
933 543 970 574 ,(-
986 519 1252 565 ostendendo
1278 544 1294 575 3.
1336 531 1494 565 revera
1535 521 1822 571 insanabile-m
1846 523 1997 571 :fuisset
2023 537 2143 572 mor-

111 593 222 639 bum
276 602 409 655 quem
444 596 808 655 ¹vituperantium
860 586 1215 644 malevolmitiaw,
1258 590 1337 635 aut
1380 591 1553 637 inscitia
1604 593 1711 639 falso
1748 595 2142 650 diffitemwfmffe

109 664 352 712 sanabilem
382 698 396 722 ‚
437 677 515 712 aut
555 678 659 712 cum
699 665 960 710 morborum
994 663 1273 724 quorundam
1303 662 1496 718 vulgata
1527 665 1658 720 'signa
1698 666 1924 710 Anatome
1951 666 2142 722 >velde-

110 740 287 785 docebit
316 769 331 794 ‚
372 737 444 782 Vel
486 737 623 785 dubia
663 737 859 790 reddet,
900 735 973 779 vel
1010 730 1102 780 alia
1137 734 1282 778 minus
1316 734 1460 779 ‘dubia
1501 735 1720 781 indicabit
1748 767 1764 791 ,
1805 737 1880 781 vel
1922 751 2142 801 qnaeimo-

108 825 166 856 va
195 842 209 866 ‚
250 811 451 855 minusve
491 810 575 855 sint
617 819 724 854 nota
750 838 765 863 ,
824 809 1023 863 suggeret
1063 805 1142 849 aad
1167 805 1404 852 obscurum
1431 807 1662 853 'morbum
1685 839 1702 863 ,
1755 813 1839 854 auti
1873 809 2150 858 adsertam*

108 882 330 940 quandam
358 885 371 935 3
411 883 527 926 inter
554 879 920 942 multaS,[moi-bi
949 877 1164 933 causam,
1184 877 1388 922 sedemve
1416 879 1778 934 dignoscendam.
1813 881 2141 938 Quaeomniao

109 955 285 1012 aliaque
327 953 596 1009 ejuscemodi
638 953 767 1010 siquis
806 948 1314 997 fo1w-ae11cumnduma
1345 949 1475 993 nihili
1514 952 1725 1004 faceret}
1766 953 2043 1009 haiidisciOJ
2075 963 2142 1003 5an

107 1038 195 1069 non
238 1025 326 1082 ipse
368 1026 513 1082 potius
552 1023 680 1069 nihili
720 1023 825 1067 esset
867 1020 1136 1066 faciendus.
1182 1020 1320 1078 Quod
1374 1021 1406 1066 fi
1456 1022 1567 1066 nihil
1617 1022 1728 1067 utile
1783 1025 1841 1068 ad
1893 1024 2142 1068 sanandum

108 1095 377 1143 cadaverum
419 1096 634 1153 see‘liones
676 1095 951 1157 docerent),
974 1106 1074 1151 quae
1112 1092 1341 1157 complura
1381 1093 1437 1155 ad
1477 1094 1522 1137 id
1562 1095 1801 1151 necessaria
1841 1096 2002 1140 docent
2031 1125 2045 1149 ‚
2097 1097 2142 1138 ὅ(

107 1167 248 1212 solum
291 1170 368 1227 qui
409 1168 552 1213 morbi
597 1165 854 1212 insanabiles
893 1165 974 1211 fint
1001 1195 1015 1218 ‚
1057 1156 1395 1221 patefacerent;
1436 1179 1526 1209 non
1566 1164 1709 1208 levem
1752 1162 1903 1210 tamen
1917 1164 1937 1220 ',
1984 1175 2141 1223 praeter

106 1252 225 1283 verae
264 1238 480 1294 diagnofis
509 1269 523 1295 ,
565 1242 608 1283 δε
650 1238 950 1296 praedistionis
990 1237 1205 1280 honorem
1235 1266 1248 1290 ,
1291 1235 1503 1279 afferrent
1558 1236 1798 1280 utilitatem
1831 1267 1844 1291 ,
1885 1252 1941 1281 ne
2002 1250 2141 1291 aegros

104 1309 313 1355 videlicet
359 1321 426 1354 tot
464 1310 754 1368 supervacuis
782 1338 796 1362 ‚
841 1312 884 1354 &
938 1307 1115 1352 fortass'e
1168 1309 1313 1352 noxiis
1343 1337 1356 1362 ,
1398 1308 1602 1352 remediis
1654 1304 1886 1362 fatigantes
1917 1338 1931 1362 ‚
1984 1321 2140 1352 eorum

103 1382 278 1427 obitum
319 1381 670 1428 acceleraremus
699 1411 714 1435 ,
755 1380 829 1425 sed
871 1390 1026 1435 contra
1055 1411 1068 1431 ,
1110 1378 1362 1423 levaremus
1417 1380 1708 1438 symptomata
1760 1379 1993 1437 palliativa
2022 1409 2036 1433 ,
2089 1388 2140 1422 ut

104 1463 267 1497 vocant
298 1484 311 1508 ‚
350 1456 579 1498 curatione
609 1484 623 1508 ,
666 1451 900 1509 morbique
943 1452 1263 1494 incrementum
1291 1481 1305 1504 ‚
1346 1464 1435 1509 quo
1474 1451 1531 1495 ad
1584 1451 1735 1495 liceret
1764 1480 1778 1505 ‚
1819 1450 2096 1495 tardaremus
2125 1486 2139 1510 ‚

104 1539 186 1569 nec
215 1536 382 1568 temere
411 1526 753 1582 pronunciantes
787 1522 1191 1583 committeremus,
1224 1533 1275 1566 ut
1305 1523 1532 1566 cadaveris
1563 1522 1715 1565 incisio
1742 1536 1941 1565 errorem
1969 1521 2145 1575 detege-

106 1607 173 1641 ret
202 1594 416 1640 nostrum,
454 1597 565 1639 l-Iaec
593 1605 743 1639 autem
771 1592 960 1647 cunc‘ta,
990 1594 1267 1650 summopere
1310 1593 1482 1647 gaudeo
1511 1624 1526 1647 ,
1561 1592 1716 1636 vid1ffe
1748 1606 1775 1635 a
1808 1595 1905 1645 Te,
1936 1592 2020 1636 Vir
2050 1592 2143 1634 Do·

104 1668 286 1713 &iffime
310 1696 325 1720 ,
365 1667 626 1710 confirmata
649 1696 664 1720 ,
707 1679 812 1709 cum
855 1665 946 1709 Tui
989 1664 1236 1709 Tradimus
1278 1663 1387 1707 locis
1417 1663 1517 1708 aliis
1542 1695 1556 1718 ‚
1601 1675 1699 1708 tum
1728 1668 1929 1710 maxima
1958 1678 2017 1707 ex
2046 1675 2139 1719 para

103 1752 148 1784 te
183 1749 387 1783 extremo
426 1737 567 1795 capite
610 1752 647 1793 5.
691 1736 792 1781 libri
820 1753 858 1789 4-
906 1735 1014 1779 Huc
1044 1738 1202 1780 merito
1232 1735 1348 1780 addo
1371 1764 1385 1789 ‚
1427 1749 1486 1779 ex
1513 1735 1838 1781 diffeffionibus
1869 1735 1968 1792 ipsis
1997 1734 2138 1786 Tuis,

103 1820 266 1868 praeter
303 1819 468 1853 caetera
491 1838 506 1862 ,
547 1809 770 1851 monitum
811 1807 931 1865 poffe
970 1807 1119 1862 colligi
1161 1808 1380 1864 pertinens
1433 1807 1491 1849 ad
1542 1817 1672 1850 caute
1726 1807 2004 1865 praedicenda
2063 1805 2140 1849 illa

102 1896 210 1942 quae
243 1880 336 1939 post
374 1889 517 1939 certos
555 1878 733 1923 morbos
780 1879 994 1923 deberent
1035 1871 1280 1939 secundum
1321 1876 1633 1936 plerorumque
1685 1878 2045 1936 expectationem
2097 1878 2140 1921 in

103 1951 373 2010 corporibus
412 1951 686 2008 deprehendi
716 1985 740 1995 ..
770 1950 1169 1997 Nimirum'ficuti
1212 1948 1321 1992 olim
1361 1947 1616 2006 praec'ellens
1659 1950 1867 1994 Medicus
1911 1949 2138 1993 Ballonius

103 2023 258 2068 Vester
298 2023 404 2067 scite
447 2023 679 2066 adnotavit
721 2025 741 2075 (2
763 2038 788 2065 a
816 2026 866 2077 ),·
906 2022 1000 2079 post
1041 2020 1234 2066 terrifica
1258 2049 1273 2073 ,
1311 2020 1648 2078 graviffimaque
1674 2021 1733 2065 ab
1768 2021 1930 2065 affedto
1957 2021 2141 2066 cerebro

101 2095 398 2152 symptomata
423 2124 436 2147 ,
478 2109 614 2149 magno
652 2096 884 2138 medicorum
924 2092 1100 2139 dedecore
1125 2121 1139 2145 ‚
1180 2089 1275 2153 [fepe
1315 2093 1445 2147 capita
1487 2089 1685 2136 hominum
1721 2093 1853 2137 morbo
1879 2095 2021 2150 capitis
2049 2110 2139 2137 con-

92 2160 318 2225 fitmtorum
358 2178 496 2222 aperta
535 2158 598 2224 effe
628 2195 643 2220 ,
678 2167 722 2208 ⁴in
765 2165 905 2221 quibus
940 2162 1050 2206 nihils
1082 2160 1410 2205 commemorabile
1454 2177 1650 2219 repertum
1688 2163 1739 2225 est
1768 2194 1783 2218 ‚
1824 2164 1927 2221 quod
1974 2179 2138 2209 mortem

103 2231 322 2293 intentaffet
350 2265 364 2288 ‚
406 2251 522 2292 quum
561 2235 728 2289 alioquin
769 2236 936 2278 medicus
975 2247 1057 2280 aua
1086 2227 1301 2295 abfieffum
1323 2262 1355 2289 ,q
1381 2245 1453 2275 aut
1475 2228 1633 2291 similo*
1660 2237 1753 2292 quid
1796 2250 1993 2291 repertum
2039 2239 2092 2280 iri
2121 2267 2135 2290 ‚

104 2301 420 2366 pronmicz‘affit3
462 2305 520 2348 fic
562 2303 637 2349 Tu
676 2320 851 2364 quoque
888 2304 1073 2360 libro-4.
1115 2305 1259 2361 capite
1293 2319 1328 2359 3.
1370 2306 1417 2348 in
1458 2304 1663 2361 malignis
1702 2306 1900 2351 febribus
1929 2337 1944 2361 ,
1985 2311 2029 2351 &
2062 2323 2135 2365 pe-

105 2377 349 2422 stilentibus
379 2376 591 2420 veriffime
621 2378 836 2422 admones
860 2406 875 2431 ‚
919 2377 1082 2421 veneni
1124 2374 1241 2419 illius
1280 2375 1540 2420 subtiliffimi
1568 2392 1595 2421 a
1624 2391 1713 2436 quo
1740 2380 1986 2437 praecipites
2016 2394 2134 2424 mor-

106 2460 171 2495 tes
211 2449 345 2501 sunt,
389 2449 434 2490 in
474 2447 703 2492 nonnullis
739 2449 920 2506 quidem
961 2448 1131 2493 casibus
1172 2441 1389 2494 visibilem
1428 2437 1641 2492 effe-stum
1681 2450 1726 2492 in
1765 2451 2004 2494 visceribus
2056 2467 2131 2495 oc-

104 2534 321 2571 currere3
362 2529 410 2563 at
449 2519 604 2575 saepius
643 2519 819 2565 nullum
848 2550 863 2575 ‚
903 2519 1021 2578 quod
1061 2521 1143 2566 sub
1184 2519 1331 2564 sensus
1370 2519 1500 2563 cadat
1521 2549 1537 2574 ,
1579 2518 1677 2575 ejus
1716 2521 1951 2577 vestigium
1999 2537 2131 2580 appa-

104 2607 200 2638 rere
230 2625 240 2633 .
1050 2635 1053 2639 .

164 2664 247 2707 Me
276 2661 432 2707 Tuum
460 2663 678 2714 eximium
706 2673 899 2718 attente,
930 2675 980 2708 ut
1010 2678 1089 2722 par
1118 2676 1241 2718 erat,
1270 2663 1493 2721 perlegisse
1522 2663 1816 2719 Tractatum,
1856 2679 1915 2709 ex
1953 2666 2019 2708 his
2061 2667 2127 2709 in-

106 2735 353 2786 tellexeris;
385 2734 429 2778 id
459 2736 579 2792 quod
610 2733 679 2779 vel
709 2737 847 2790 magis
877 2735 1096 2792 intelliges
1124 2767 1138 2790 ‚
1182 2736 1213 2779 fi
1256 2736 1362 2781 Tibi
1399 2750 1476 2794 per
1515 2737 1788 2792 gravissimas
1822 2737 2129 2793 occupationes

110 2808 191 2852 otii
220 2805 388 2862 aliquid
417 2806 641 2850 interdurn
670 2807 753 2851 erit
783 2809 840 2852 ad
868 2809 947 2851 hos
977 2822 1096 2852 me-os
1129 2808 1265 2852 libros
1293 2808 1606 2866 inspiciendos.
1649 2808 1837 2851 Utinam
1892 2808 2016 2863 quod
2071 2822 2129 2852 ex

110 2893 181 2921 me
211 2876 402 2931 habent,
431 2877 617 2934 probare
646 2879 707 2921 ita
736 2879 887 2936 poffis,
927 2889 978 2922 ut
1019 2879 1225 2924 Praefatio
1264 2879 1369 2923 Tua
1408 2880 1595 2923 ostendit
1618 2908 1633 2933 ‚
1672 2878 1962 2935 probaturum
2001 2879 2128 2922 fuis-se

113 2963 261 2993 meam
314 2947 606 2994 inventorum
665 2951 1034 2998 Anatomicorum
1086 2952 1330 2996 Historiam
1351 2982 1362 2993 .
1406 2951 1449 2994 A
1488 2965 1579 3006 qua
1617 2949 1923 3007 perscribenda
1980 2950 2125 3009 plures

110 3021 392 3065 abduxerunt
421 3035 492 3064 me
533 3020 695 3074 causae,
723 3035 914 3080 quarum
944 3037 1034 3067 non
1064 3024 1277 3079 postrema
1305 3023 1395 3066 fuit
1422 3023 1535 3065 mihi
1563 3021 1668 3066 satis
1694 3024 1873 3076 cognita
1900 3024 2003 3066 hinc
2035 3036 2130 3065 me-

110 3091 344 3144 diocritas,
371 3101 498 3148 atque
525 3094 636 3138 adeo
664 3095 855 3141 tenuitas
882 3109 1008 3148 mea,
1039 3095 1138 3138 inde
1169 3111 1278 3141 vero
1305 3106 1465 3140 natura
1495 3092 1812 3152 plerorumque
1852 3094 2087 3137 hominum
2109 3121 2126 3146 ,

108 3164 186 3221 qui
209 3192 224 3217 ,
264 3162 298 3205 fi
325 3161 463 3205 alium
490 3163 566 3207 alii
593 3164 794 3222 praeferas
824 3194 839 3219 ,
874 3177 953 3209 aut
982 3165 1123 3224 siquid
1152 3168 1266 3213 sorte
1309 3166 1382 3210 vel
1422 3164 1532 3221 juste
1559 3180 1647 3210 non
1676 3165 1733 3211 ad
1770 3178 1931 3208 eorum
1969 3161 2128 3206 volun-

111 3245 251 3277 tatem
279 3235 541 3291 pronuncies
563 3265 578 3288 ,
618 3240 833 3281 continuo
890 3237 1162 3293 irascuntur,
1192 3244 1237 3284 δε
1280 3239 1519 3288 fremunt;
1561 3247 1828 3295 quapropter
1868 3234 1916 3275 in
1954 3234 2023 3276 his
2061 3244 2127 3276 et-

112 3306 202 3349 iam
231 3302 381 3358 libris,
411 3304 567 3362 quibus
611 3308 772 3352 alicubi
812 3311 984 3365 attingo
1010 3311 1215 3368 quaedam
1242 3310 1301 3353 ad
1342 3308 1727 3364 Pathologicorum
1764 3307 1910 3362 potius
1938 3333 1953 3357 >
1992 3318 2129 3359 <luam

113 3377 172 3421 ad
203 3375 574 3421 Anatomicorum
601 3378 843 3424 Historiam
868 3412 882 3436 ,
922 3382 997 3425 sed
1024 3395 1343 3440 nonnunquam
1372 3391 1520 3423 tamen
1547 3382 1605 3424 ad
1632 3381 1794 3422 horum
1822 3389 1998 3433 quoque
2030 3391 2129 3433 per-

114 3449 329 3501 tinentia,
359 3461 528 3492 morem
558 3459 684 3495 tueor
715 3466 866 3497 meum
897 3482 911 3507 ‚
952 3467 1008 3496 ne
1046 3454 1294 3499 viventium
1318 3482 1333 3504 ‚
1372 3452 1510 3497 sicubi
1548 3454 1664 3497 forte
1704 3450 1903 3503 discrepo
1930 3474 1945 3498 2
1987 3462 2130 3505 quen-

1944 3514 2079 3557 quam

198 3697 214 3730 ἱ
231 3707 250 3727 a
271 3693 284 3731 )
306 3691 326 3724 l·
352 3702 380 3731 3.
403 3694 519 3729 consil.
541 3705 590 3734 71.
