2498 4075
582 257 734 322 Epist.
770 258 930 312 Anat.
965 257 1180 311 Medica
1203 253 1415 307 XX111.
1438 257 1555 309 Art.
1600 272 1678 318 19.

111 341 258 368 mortuus
274 358 285 375 ,
309 335 390 369 alter
413 335 570 376 femoris,
592 346 667 369 cum
692 333 836 377 alioquin
860 336 937 370 bene
951 362 960 375 .
983 337 1115 379 inquit,

111 378 248 417 valeret5
272 378 352 412 alter
374 381 478 414 nescio
501 378 590 423 cujus
616 377 741 420 partis,
764 378 815 411 sed
839 379 923 412 intra
938 380 1024 413 horae
1039 391 1116 423 qua-

111 419 279 461 drantem,
303 425 334 455 &
358 422 413 456 hic
436 434 586 467 quoque,
608 419 732 454 tametfi
757 421 792 454 id
815 423 848 454 in
873 432 1011 466 utroque
1055 424 1116 456 mi-

112 464 212 497 rabile
232 465 297 504 est,
321 477 385 499 non
407 467 487 500 male
510 463 649 499 habuisse
671 473 761 497 antea
784 463 931 500 videtur.
956 467 1047 502 Quin
1069 475 1118 499 et-

112 508 177 539 iam
201 508 385 551 Ruyschius
408 514 422 549 (
448 521 467 543 u
489 513 502 549 )
524 509 578 542 ubi
602 519 661 541 cor
682 506 820 540 ostendit
845 517 1011 544 connatam
1031 510 1117 552 peri-

111 552 216 584 cardia
238 575 251 592 ,
296 553 385 595 idque
408 565 426 586 a
444 551 604 596 praegreffa
637 550 879 593 inflammatione
902 552 1012 587 harum
1041 562 1119 595 par-

113 595 195 627 tium
214 618 224 633 ,
249 597 328 629 unde
349 605 424 638 aeger
448 593 640 629 intolerabili
662 594 761 628 dolore
776 592 849 637 fuit
871 603 1030 638 correptus
1053 595 1115 628 cir-

112 647 150 669 ca
169 637 309 679 patioris
331 639 490 672 anteriora
505 662 518 678 ‚
539 648 598 671 non
613 637 679 680 fine
716 635 808 679 febre
850 640 996 673 continua
1019 663 1030 680 ‚
1061 649 1115 671 ne-

113 691 175 721 que
200 681 259 713 alia
284 680 395 721 addit,
419 684 450 714 &
474 693 544 723 quae
568 680 672 720 dicit,
695 691 728 712 ea
751 691 791 713 an
815 681 853 714 ad
897 691 1022 724 tempus
1065 683 1118 714 in-

118 723 352 758 flammationis
374 723 514 765 referat,
538 736 575 757 an
602 723 642 758 ad
673 723 755 757 illud
785 723 875 768 quod
909 725 1117 760 consecutum

112 765 180 805 est,
204 779 278 801 cum
305 767 518 810 pericardium
541 779 698 801 annexum
719 767 783 810 jam
805 779 895 808 erat,
927 769 1012 803 haud
1045 769 1118 803 satis

116 810 222 853 liquet
240 835 247 842 .
273 812 399 844 Contra
424 820 528 845 autem
554 810 636 854 apud
660 810 847 845 Dionifium
881 815 894 851 (
917 824 939 847 x
960 816 973 852 )
1005 821 1119 854 praeter

114 854 197 894 alia,
219 856 251 887 &
274 855 308 887 in
333 854 383 888 his
406 854 547 897 spirandi
572 853 818 894 difficultatem,
844 858 876 887 δε
899 855 1006 899 pulsus
1028 854 1123 888 vehe-

112 898 289 933 mentiam,
310 907 407 941 atque
431 897 667 941 frequentiam,
692 898 832 931 violenta
857 908 891 931 ac
916 898 1026 933 affidua
1049 910 1123 932 cor-

112 940 163 975 dis
187 940 364 983 palpitatio
386 941 540 975 adnotata
564 942 625 975 est.
653 941 891 974 Violentiffima
915 943 1035 984 pariter
1054 943 1121 976 haec

113 992 309 1020 memoratur
332 986 364 1018 in
389 986 503 1019 ultima
527 985 564 1018 de
587 985 639 1019 sex
660 985 726 1019 illis
748 985 895 1027 Anglicis
907 984 1122 1018 Observatio-

112 1029 226 1067 nibus,
247 1027 286 1059 de
308 1029 424 1072 quibus
449 1029 590 1072 superius
606 1029 668 1070 (y
690 1033 703 1068 )
725 1029 849 1062 mentio
859 1027 1016 1061 fuit-Sed
1026 1040 1120 1071 quar-

109 1082 153 1106 tae
177 1070 315 1114 adicem,
340 1084 410 1114 quae
433 1074 486 1106 Cl.
511 1071 699 1105 Cheseldeni
721 1070 786 1112 est,
809 1069 893 1104 nihil
917 1070 976 1105 nisi
997 1070 1121 1115 hydro-

114 1126 189 1158 pem
210 1138 220 1153 ,
258 1126 294 1148 ac
320 1116 453 1149 maciem
486 1124 719 1149 commemorat
744 1141 752 1149 .
787 1115 840 1148 Sic
872 1115 970 1148 etiam
1006 1117 1118 1147 Lanci-

109 1159 173 1193 fius
196 1158 228 1192 in
251 1158 390 1193 duorum
412 1159 656 1203 quos‘describit
678 1161 695 1198 (
714 1170 740 1202 z
759 1162 797 1199 )‚
820 1167 959 1200 neutr0,
980 1169 1054 1194 curn
1065 1170 1127 1194 cae-

111 1212 180 1236 tera
197 1225 206 1239 ‚
228 1205 261 1235 δε
284 1204 318 1235 in
341 1202 429 1236 hisce
453 1203 704 1245 praecordiorum
728 1204 966 1236 contractiones
999 1208 1031 1236 δε
1065 1216 1127 1246 op-

110 1244 299 1289 preffiones,
324 1258 358 1279 ac
382 1245 596 1289 lipothymias
621 1245 793 1289 diligenter
815 1246 1026 1281 describeret,
1058 1247 1127 1289 pal-

115 1290 312 1331 pitationem
335 1291 516 1324 nominavit
532 1312 541 1327 ‚
567 1292 637 1324 imo
660 1290 694 1322 in
718 1290 826 1332 primo
848 1293 863 1329 ζ
887 1301 905 1322 :i
926 1293 939 1329 )
972 1290 1020 1322 vel
1052 1291 1124 1332 pul-

112 1332 163 1366 sus
187 1339 226 1366 ut·
242 1332 421 1375 plurimum
444 1332 537 1368 fuisse
560 1332 715 1376 aequales,
738 1332 925 1366 admonuit.
961 1334 1083 1366 Verum
1109 1344 1125 1366 a

113 1373 303 1411 Vieussenio
327 1381 337 1416 (
362 1376 381 1410 b
404 1381 419 1417 )
441 1376 553 1412 affidua
569 1399 578 1414 ‚
602 1387 675 1410 cum
700 1376 761 1409 levi
786 1377 924 1418 peetoris
954 1375 1126 1418 oppreffio-

109 1430 174 1459 ne,
194 1417 305 1453 cordis
333 1421 509 1463 palpitatio
534 1420 746 1454 animadversa
771 1419 813 1452 est
839 1432 847 1451 :
881 1429 951 1462 quae
984 1419 1126 1453 violenta

110 1463 226 1499 saltem
244 1463 341 1505 juxta
359 1463 455 1507 finem
479 1464 579 1497 morbi
604 1475 619 1496 a
644 1463 795 1496 Freindio
818 1463 836 1505 (
854 1473 870 1494 c
894 1466 905 1501 )
928 1462 995 1495 suit
1027 1461 1125 1495 adno-

109 1513 179 1540 tata
196 1531 206 1546 ,
227 1517 301 1540 cum
320 1506 414 1549 pulsu
438 1515 514 1540 tunc
534 1514 685 1549 perpetuo
709 1506 865 1545 incitato,
881 1505 997 1548 saepz'us
1028 1506 1125 1539 etiam

113 1549 266 1593 inaequali
288 1552 330 1586 (φ
354 1551 602 1583 intermittente.
629 1550 689 1582 Sed
712 1550 849 1582 Cautius
868 1552 887 1588 (
909 1550 928 1581 d
950 1551 963 1587 )
986 1549 1041 1590 qui
1074 1550 1124 1580 in-

114 1602 167 1626 ter
191 1591 311 1626 horum
335 1602 511 1636 utrumque
532 1592 655 1635 scripfit
677 1614 687 1631 ,
718 1590 886 1625 historiam
919 1591 1024 1625 morbi
1056 1603 1124 1633 quo

118 1636 285 1670 extinctus
308 1645 375 1669 erat
398 1633 524 1676 homo,
549 1635 587 1669 ab
609 1634 682 1678 ipso
705 1633 853 1669 diffecftus
876 1656 888 1674 ,
921 1633 1092 1677 ignorabat
1116 1659 1123 1666 .

71 1704 76 1707 -
110 1678 319 1714 Abrahamus
342 1687 447 1713 autem
471 1681 610 1712 Vaterus
633 1689 707 1712 cum
730 1679 763 1711 in
779 1680 1019 1720 programmate
1042 1689 1128 1721 quo-

112 1722 187 1756 dam
209 1726 271 1762 (e)
295 1722 382 1756 suam
405 1723 438 1755 in
463 1722 612 1756 cadavere
625 1722 759 1756 aniculae
771 1721 1040 1755 Observationem
1052 1732 1128 1764 pro-

115 1776 262 1808 ponens,
286 1766 417 1799 morbos
465 1767 497 1798 ui
522 1765 678 1809 praegreffi
702 1764 828 1799 fuerant
844 1788 852 1803 ‚
874 1764 1026 1799 omifisset
1047 1778 1058 1805 ,-
1092 1766 1126 1797 in

66 1848 68 1850 ,
108 1808 303 1852 Osteogenia
327 1807 414 1851 (f)
438 1777 573 1853 denique
600 1809 638 1843 de
662 1807 769 1842 eadem
784 1832 797 1850 ,
820 1818 855 1843 ut
881 1809 1029 1849 videtur,
1063 1807 1126 1841 foe-

111 1853 200 1886 mina
224 1852 316 1885 verba
339 1851 488 1893 faciens,
512 1863 577 1886 non
601 1853 853 1895 palpitationem
872 1875 885 1893 ,
920 1852 971 1886 sed
1003 1851 1125 1886 asthma

104 1895 275 1930 vehemens
289 1919 301 1936 ,
324 1895 535 1936 cachexiam,
557 1896 683 1929 cedema
706 1894 850 1939 pedum,
874 1899 905 1930 &
938 1896 1124 1930 lumborum

104 1939 400 1974 :inflammationem
421 1940 639 1977 memoravit;
662 1947 700 1972 ut
723 1950 826 1982 neque
848 1941 883 1972 in
905 1940 979 1973 viro
1008 1942 1022 1979 (
1040 1950 1063 1982 g
1084 1943 1123 1979 ),

104 1984 142 2017 in
164 1994 231 2026 quo
255 1992 368 2025 praeter
392 1984 565 2017 anxietates
580 2006 593 2024 ,
616 1986 650 2016 δε
673 1983 885 2026 oppreffiones
898 1981 1124 2026 cordis,quod

113 2026 212 2070 hujus
234 2038 307 2061 cum
333 2027 514 2068 pericardio
538 2027 742 2060 concretioni
768 2026 969 2069 responderet
987 2050 1000 2067 ,
1037 2025 1123 2060 nihil

107 2070 198 2105 fuit.
223 2071 296 2103 Nec
320 2071 354 2102 in
379 2080 492 2109 nauta,
516 2068 555 2103 de
579 2081 644 2112 quo
655 2070 708 2103 Cl.
723 2070 867 2104 Laubius
890 2070 958 2110 (h)
973 2094 984 2110 ,
1008 2081 1125 2112 quam-

106 2115 158 2148 vis
182 2112 394 2157 pericardium
417 2125 491 2148 cum
516 2115 653 2156 parvulo
687 2112 802 2151 corde,
824 2117 858 2147 ἅτ
880 2113 1125 2157 diaphragmate

105 2157 280 2193 firmiffime
302 2166 507 2198 concretum,
531 2157 652 2191 duritie
662 2158 927 2198 cartilagineum,
949 2155 1125 2190 craffitudi-

107 2213 147 2236 ne
171 2201 326 2243 pollicem
350 2209 513 2244 aequaret,
535 2200 712 2243 quidquam
734 2199 837 2233 suerat
861 2208 978 2242 praeter
1002 2198 1122 2232 asthma

105 2243 345 2289 graviffimum,
369 2244 458 2287 quod
483 2244 545 2277 huc
570 2242 700 2276 referres
716 2264 729 2281 ,
751 2241 809 2275 nisi
824 2242 928 2276 &seri
942 2244 1053 2285 ingens
1063 2254 1121 2275 co-

106 2290 163 2332 pia
185 2299 251 2331 quo
274 2294 404 2327 venter,
430 2290 461 2320 &
475 2286 594 2320 thorax
605 2286 838 2333 opplebantur,
863 2288 1040 2319 &vomicae
1052 2297 1117 2319 non

108 2342 219 2374 paucae
239 2356 247 2369 ‚
273 2330 465 2372 pulmonum
488 2328 565 2362 vafis
588 2329 764 2372 majoribus
775 2329 1018 2368 accumbentes,
1042 2330 1120 2362 alia-

108 2386 170 2417 que
184 2373 265 2407 illud
280 2372 381 2407 facere
396 2373 570 2416 potuissent
582 2397 589 2404 .
608 2373 730 2405 Pariter
750 2373 802 2405 Cl.
814 2373 930 2406 Daniel
944 2371 1118 2406 Hoffman-

107 2428 168 2452 nus
191 2418 250 2458 (i)
271 2428 345 2451 cum
360 2425 410 2451 tot
422 2417 503 2450 mala
514 2425 655 2451 accurate
666 2415 821 2449 describat
835 2436 844 2452 ‚
858 2415 973 2459 quibus
988 2417 1092 2458 puella
1108 2442 1118 2458 ‚

108 2460 200 2503 cujus
212 2469 381 2494 anatomen
405 2458 528 2502 profert
543 2484 556 2501 ,
580 2459 683 2493 fuerat
693 2458 879 2493 conflic‘tata
891 2483 903 2499 ‚
921 2470 1021 2501 neque
1034 2461 1118 2496 inter

106 2516 140 2537 ea
164 2503 299 2537 recenset
322 2503 572 2546 palpitationem
588 2527 601 2543 ‚
624 2506 656 2535 &
681 2501 796 2536 diserte
830 2502 962 2536 adnotat
988 2527 997 2543 ‚
1042 2514 1119 2538 min-

105 2559 200 2592 quam
226 2545 350 2589 pulsum
373 2545 602 2589 deprehensum
626 2546 678 2580 vel
701 2545 880 2588 inaequalem
894 2570 906 2587 ‚
935 2546 987 2580 vel
1019 2547 1118 2583 inter-

105 2592 287 2626 mittentem
310 2588 402 2625 fuisse
416 2614 423 2621 .
448 2591 660 2624 Celeberrimi
685 2598 790 2623 autem
804 2590 879 2623 Viri
892 2589 1032 2623 Heisteri
1054 2592 1118 2632 (k)

105 2634 377 2667 observationem
399 2644 472 2667 cum
495 2635 668 2667 Littrianis
692 2633 759 2666 illis
780 2632 819 2666 de
831 2633 1122 2675 quibuspauloan-

106 2687 139 2711 te
161 2677 287 2711 dietum
310 2677 376 2717 est,
399 2678 511 2720 procul
535 2677 640 2712 dubio
658 2676 862 2719 comparabis
882 2700 895 2717 ,
926 2678 1048 2720 quippe
1081 2682 1116 2712 in

107 2720 220 2765 juvene
244 2719 387 2754 habitam
409 2731 474 2754 non
497 2721 597 2755 modo
618 2732 682 2754 non
695 2719 931 2754 valetudinario
946 2747 956 2761 ,
980 2720 1117 2756 sedcum

105 2764 285 2808 aequalibus
309 2764 342 2798 in
364 2775 501 2807 caupona
524 2765 654 2808 largiter
665 2772 874 2807 compotante
890 2763 991 2798 donec
1004 2776 1116 2808 repen-

107 2816 140 2841 te
162 2806 248 2851 quali
272 2807 379 2842 ebrius
402 2820 418 2840 e
440 2807 568 2842 scamno
590 2807 742 2848 caderet,
766 2819 905 2852 moxque
929 2808 977 2842 ibi
1012 2820 1117 2843 more-

107 2860 194 2885 retur
209 2875 216 2882 .
241 2851 310 2884 Etfi
333 2862 409 2884 vero
429 2853 559 2886 Doetus
582 2854 646 2886 Vir
664 2852 722 2897 Jo.
737 2851 830 2886 Guil.
857 2852 1011 2895 Agricola
1034 2856 1049 2892 (
1072 2853 1084 2886 l
1107 2856 1121 2894 )

108 2894 325 2937 pericardium
348 2905 422 2929 cum
444 2895 539 2930 corde
562 2906 639 2939 pene
663 2904 740 2928 toto
761 2906 822 2928 con
844 2905 947 2928 retum
963 2895 1033 2938 post
1044 2896 1122 2929 tho-

107 2938 190 2972 racis
214 2937 499 2972 inflammationem
525 2939 725 2982 (postquam
736 2950 801 2972 non
831 2939 920 2972 olum
934 2939 1120 2981 Ruyschi'us

107 2984 123 3020 (
146 2992 176 3014 m
201 2983 236 3021 l,
261 2981 313 3014 sed
336 2981 554 3026 Hottingerus
577 2985 662 3022 (n),
688 2983 808 3026 aliique
830 2984 929 3016 etiam
952 2983 1120 3023 viderant)

110 3033 253 3071 accurate
277 3024 480 3066 describens,
502 3027 752 3069 palpitationem
775 3026 884 3060 cordis
918 3026 1117 3061 celerrimam

110 3066 151 3102 ad
175 3068 271 3101 finem
298 3067 394 3111 usque
416 3070 491 3103 vitae
514 3080 772 3109 commemorat3
797 3081 860 3103 non
874 3071 1119 3104 omittittamen

110 3110 219 3145 cordis
244 3112 325 3144 mire
348 3112 472 3147 ειυᾶειτι
495 3113 778 3156 magnitudinem,
802 3113 928 3156 ejusque
960 3114 1121 3149 thalamo-

110 3165 209 3196 rum,
232 3155 487 3190 &auricularum
502 3180 512 3195 ,
535 3160 661 3191 &venae
672 3160 770 3192 Cavae
793 3159 1007 3201 capacitatem
1021 3182 1030 3198 ,
1054 3159 1121 3202 ple-

109 3199 229 3241 nosque
253 3199 425 3233 tuberculis
450 3200 632 3242 pulmones.
659 3202 751 3238 Quin
776 3203 874 3235 etiam
897 3213 970 3235 cum
982 3212 1029 3235 ter
1044 3203 1121 3236 alias

110 3242 243 3275 eandem
268 3243 385 3276 viderit
408 3246 641 3278 concretionem
665 3248 679 3284 (
701 3257 717 3278 o
739 3247 782 3286 ),
806 3249 839 3279 δε
864 3245 954 3279 semel
986 3247 1120 3288 quidem

111 3285 169 3319 ubi
194 3286 359 3328 pulmones
382 3285 454 3319 labe
476 3289 645 3328 carebant5
670 3289 798 3322 nullum
830 3287 868 3322 de
903 3289 1119 3332 palpitatione

111 3329 243 3363 verbum
266 3329 385 3369 habet3
410 3329 459 3363 sed
473 3339 600 3365 tantum
611 3332 810 3374 suspicatur,
831 3334 865 3365 in
877 3333 1027 3375 malignis
1043 3337 1118 3378 qui-

112 3372 245 3406 busdam
268 3372 409 3408 febribus
434 3373 587 3408 summam
612 3376 684 3409 inde
709 3375 767 3410 effe
789 3376 1014 3418 debilitatem,
1038 3379 1125 3422 lipo..

114 3415 285 3459 thymiam,
309 3420 342 3451 δε
367 3417 519 3460 syncopes
541 3420 721 3461 repetendas
744 3443 752 3450 .
887 3423 992 3454 Porro
1025 3433 1124 3466 neque

208 3463 377 3505 Morgagni
386 3463 420 3496 de
434 3462 502 3495 sed.
517 3462 559 3494 (φ
571 3465 592 3493 C
594 3462 657 3504 aufi
670 3461 773 3497 Morb.
792 3462 893 3499 Tom.
906 3467 933 3498 I.

2008 270 2104 323 243

1165 333 1273 368 Praecl.
1299 332 1431 366 Plancus
1452 336 1509 376 (p
1530 338 1564 374 )‚
1590 336 1646 377 qui
1669 345 1708 368 ex
1730 334 1873 376 graviore
1897 332 1988 367 sterni
2015 333 2084 364 ietu
2117 342 2171 379 pe-

1166 375 1297 409 ricardii
1321 375 1359 408 ad
1382 387 1438 409 cor
1461 376 1673 411 adhaesionem
1699 377 1912 420 saepenumero
1923 374 2169 411 animadvertit,

1170 420 1251 454 hanc
1284 428 1418 461 propter
1447 421 1575 454 eandem
1609 419 1734 454 causam
1765 422 1799 453 in
1835 418 2018 462 hydropico
2051 428 2172 463 propo·

1170 473 1269 502 nens,
1293 463 1541 504 palpitationem
1564 464 1756 497 memoravit
1776 487 1783 494 .
1858 475 1903 496 ua:
1934 462 1991 496 etsi
2026 460 2134 494 fuislet
2160 471 2170 497 ς

1170 506 1305 540 dubium
1329 515 1434 539 tamen
1458 505 1553 549 esset,
1576 507 1615 540 ab
1638 505 1815 541 adhaesione
1837 506 1917 546 illa,
1949 516 1986 538 an
2020 504 2057 537 ab
2088 501 2174 551 osseo

1170 549 1289 584 annulo
1333 548 1499 584 deduceres
1543 562 1608 594 quo
1651 552 1716 584 ima
1737 548 1850 583 sinistri
1874 549 1981 582 cordis
2003 548 2172 580 ventriculi

1171 603 1242 636 pars
1286 592 1476 634 cingebatur
1498 618 1506 633 ,
1550 604 1614 627 non
1651 597 1736 628 secus
1759 603 1855 636 atque
1878 594 1911 625 in
1935 591 2172 625 Observatione

1168 647 1264 677 quam
1290 635 1413 679 pridem
1438 638 1573 680 legeris,
1595 637 1649 671 Cl.
1670 639 1725 682 Jo.
1751 636 1864 670 sebast.
1889 635 2059 670 Albrechti
2083 637 2097 673 (
2120 634 2171 682 q)

1168 680 1387 720 dubitaveris,
1409 689 1520 714 utrum
1543 681 1652 714 cordis
1676 691 1740 713 non
1763 679 1826 713 fine
1851 677 1964 712 dolore
1989 678 2176 719 palpitatio-

1169 734 1264 763 nem,
1288 725 1321 756 &
1354 723 1555 764 periodicum
1588 723 1706 758 asthma
1737 724 1899 765 corruptis
1933 720 2140 765 pulmonibus
2164 740 2174 755 1

1170 766 1290 800 adnato
1312 766 1466 810 posterius
1490 767 1528 801 ad
1552 768 1688 811 primam
1711 766 1899 800 divisionem
1924 765 2045 798 arteriae
2076 764 2178 804 Aipe-

1175 821 1216 842 rae
1240 821 1304 843 non
1327 812 1447 854 exiguo
1480 812 1604 846 tumori
1632 834 1646 852 ,
1674 810 1782 843 cordis
1816 807 2035 853 magnitudini
2077 805 2178 855 duplo

1175 852 1309 895 majori,
1332 856 1383 887 cui
1407 854 1477 888 vasa
1498 854 1631 899 quidem
1662 856 1774 887 omnia
1809 864 1847 886 ex
1882 865 1920 885 eo
1953 849 2142 894 prodeuntia
2169 874 2180 888 ,

1176 905 1229 929 aut
1251 896 1355 938 ipsum
1379 897 1546 937 adeunda,
1570 901 1604 932 δε
1627 896 1737 932 dexter
1759 897 1976 936 ventriculus,
1999 892 2051 928 sed
2081 903 2182 936 neque

1174 938 1312 979 sinister,
1336 952 1438 984 neque
1460 942 1614 975 auriculae
1639 940 1872 983 respondebant
1895 964 1908 981 ,
1941 948 2050 973 utrum
2094 936 2146 970 his
2169 959 2182 975 ‚

1172 984 1304 1026 inquam
1325 1007 1338 1024 ,
1370 984 1521 1018 omnibus
1544 1009 1555 1026 ,
1589 996 1628 1017 an
1662 986 1773 1026 potius
1795 985 1850 1018 uni
1875 980 2041 1026 pericardii
2064 990 2184 1014 conne-

1176 1028 1268 1060 xioni
1293 1038 1347 1069 per
1369 1027 1537 1062 validiores
1560 1028 1726 1070 brevesque
1749 1028 1841 1061 fibras
1865 1039 1938 1061 cum
1963 1026 2054 1068 plana
2076 1022 2185 1057 cordis

1178 1068 1259 1103 facie
1284 1081 1323 1104 ex
1354 1070 1471 1112 majori
1505 1071 1599 1114 hujus
1636 1081 1726 1113 parte
1746 1094 1760 1111 ,
1793 1074 1824 1104 ὃ(
1861 1071 1899 1104 ad
1930 1070 2052 1111 apicem
2085 1067 2185 1110 usque

1179 1113 1284 1150 ipsum
1307 1137 1319 1154 ,
1351 1114 1524 1148 tribueres.
1550 1114 1620 1147 Cel.
1644 1125 1771 1157 quoque
1793 1114 1945 1147 Hallerus
1967 1116 1980 1152 <
2004 1124 2019 1145 r
2043 1115 2053 1150 )
2076 1110 2186 1144 cohae-

1178 1157 1300 1191 {ionem
1322 1168 1382 1191 non
1406 1158 1560 1200 integram
1583 1157 1667 1190 vidit
1693 1180 1702 1195 ,
1737 1168 1802 1199 quae
1816 1155 1905 1199 freni
1937 1154 2030 1194 instar
2066 1164 2186 1187 coerce-

1179 1200 1234 1234 bat
1255 1208 1429 1235 extremum
1450 1200 1561 1234 cordis
1585 1208 1762 1234 mucronem
1787 1211 1798 1239 3
1832 1199 1884 1232 sed
1907 1198 1944 1232 de
1976 1198 2092 1242 quibus
2126 1196 2187 1229 lio-

1176 1256 1232 1278 mo
1254 1254 1460 1288 quereretur,
1485 1255 1549 1278 non
1575 1243 1718 1277 addidit.
1744 1246 1782 1276 In
1807 1244 1877 1276 alio
1900 1253 2003 1277 aurem
2017 1240 2187 1285 quemliae«

1177 1288 1328 1321 reditaria
1352 1288 1529 1331 palpitatio
1558 1295 1725 1322 vexaverat
1747 1310 1760 1327 ,
1794 1287 1902 1329 paffim
1934 1284 2065 1330 quidem
2100 1286 2184 1327 peri-

1177 1331 1322 1365 cardium
1345 1331 1513 1373 conspexit
1538 1330 1691 1364 adnatum
1713 1330 1831 1369 cordi,
1857 1329 1909 1363 sed
1931 1341 1988 1373 per
2012 1327 2150 1362 scirrhos
2174 1351 2188 1367 ,

1179 1378 1211 1408 &
1235 1383 1287 1408 tot
1309 1383 1480 1417 praeterea‚
1505 1383 1637 1418 tamque
1657 1375 1766 1417 gravia
1790 1375 1824 1408 in
1848 1374 1909 1407 illo
1943 1373 2054 1407 eodem
2089 1371 2188 1405 corde

1178 1418 1404 1452 animadvertit
1418 1444 1426 1456 .
1449 1418 1719 1461 quemadmodum
1740 1417 1831 1461 supra
1856 1422 1867 1457 (
1886 1417 1938 1460 s)
1972 1417 2097 1450 dicium
2119 1414 2161 1448 est
2175 1438 2189 1454 ,

1177 1471 1215 1495 ut
1237 1463 1290 1495 cui
1314 1461 1511 1504 potissimum
1544 1462 1794 1504 palpitationem
1829 1461 1988 1495 adscribas
2009 1482 2017 1497 ‚
2052 1460 2190 1492 minime

1177 1506 1274 1538 liceat
1297 1505 1454 1546 conjicere
1479 1530 1487 1538 .
1521 1506 1559 1538 In
1591 1505 1717 1539 duobus
1763 1506 1885 1548 pariter
1918 1502 2191 1538 Praestantiffimus

1178 1548 1321 1583 Kaavius
1360 1559 1417 1582 cor
1437 1572 1449 1588 ,
1485 1551 1517 1582 &
1541 1549 1758 1591 pericardium
1789 1558 1930 1581 connexa
1963 1547 2086 1581 invenit
2108 1569 2120 1586 ,
2153 1546 2189 1578 in

1177 1593 1282 1625 altero
1323 1602 1379 1634 per
1415 1591 1574 1625 filamenta
1619 1603 1759 1635 quorum
1802 1591 1982 1634 longiffima
2025 1589 2191 1623 extensum

1180 1636 1350 1677 aequabant
1394 1633 1538 1677 digitum
1557 1658 1570 1675 ,
1601 1636 1636 1668 in
1668 1636 1770 1669 altero
1816 1637 1935 1669 arditius
1960 1657 1970 1672 ‚
2013 1632 2192 1676 praesertim

1179 1690 1241 1721 qua
1262 1690 1319 1713 cor
1341 1678 1581 1722 diaphragmati
1604 1679 1834 1719 incumbebam
1853 1677 1918 1713 «sed
1956 1680 2100 1712 neutrius
2133 1678 2195 1720 qui

1180 1722 1314 1757 morbus
1346 1721 1455 1755 fuisset
1482 1748 1491 1763 ‚
1524 1721 1603 1755 :scire
1626 1724 1737 1764 potuit
1760 1746 1772 1764 ‚
1807 1722 1887 1758 ficut
1911 1723 2012 1756 initio
2034 1720 2078 1756 est
2101 1720 2191 1754 indi-

1178 1775 1286 1799 catum
1331 1769 1342 1805 (
1367 1773 1382 1797 t
1409 1768 1423 1805 >
1447 1790 1454 1797 .
1491 1767 1543 1799 De
1567 1766 1672 1800 tribus
1696 1776 1804 1801 tamen
1829 1767 1911 1800 viris
1935 1776 2082 1810 quorun}
2121 1766 2190 1807 pria

1177 1821 1267 1843 mum
1291 1810 1451 1851 Egregius
1475 1808 1657 1852 Chirurgus
1682 1812 1783 1853 Fayus
1807 1815 1821 1851 (
1844 1822 1864 1844 u
1886 1814 1923 1850 ),
1948 1809 2084 1843 alterum
2116 1810 2191 1842 Me==

1177 1853 1269 1886 dicus
1293 1852 1508 1887 Dofflffimus
1532 1852 1619 1886 Palla
1643 1857 1656 1892 (
1677 1863 1699 1888 x
1721 1857 1736 1893 )
1756 1877 1768 1895 ,
1800 1855 1934 1888 tertium
1965 1853 2191 1895 Hieronymus

1179 1896 1295 1939 Qeye
1318 1905 1396 1928 tunc
1421 1896 1595 1930 Medicinae
1621 1896 1776 1931 studiosus
1800 1900 1854 1942 (y
1878 1902 1892 1938 )
1915 1896 2101 1940 priusquam
2133 1895 2191 1929 dee»

1179 1951 1248 1974 cem
1273 1939 1311 1973 de
1335 1939 1454 1981 quibus
1478 1939 1643 1972 noviffime
1666 1940 1736 1974 dixi
1759 1966 1772 1982 ,
1809 1941 2028 1975 inciderentur
2058 1940 2192 1974 cadave=

1176 1995 1210 2017 ra
1234 2007 1246 2024 ‚
1278 1981 1450 2016 dissecuere
1469 2006 1482 2024 ,
1515 1985 1637 2025 primus
1660 1983 1834 2026 diuturna,
1858 1988 1890 2020 &
1912 1983 2094 2018 vehementi
2116 1996 2193 2019 coro

1176 2028 1226 2060 dis
1250 2027 1486 2073 palpitatione,
1511 2029 1563 2060 cui
1589 2027 1695 2068 pulsus
1718 2040 1849 2073 quoque
1872 2028 2122 2072 respondebant3
2147 2030 2196 2061 alo

1178 2080 1227 2102 ter
1253 2072 1333 2112 iaepe
1357 2071 1438 2112 illa,
1461 2070 1666 2114 spirandique
1698 2071 1888 2108 difficultate
1909 2097 1922 2114 ‚
1961 2073 2136 2116 praescrtim
2169 2084 2195 2105 az

1178 2114 1342 2155 corporis,
1366 2122 1422 2148 aut
1445 2115 1547 2148 animi
1571 2124 1686 2152 motu,
1710 2115 1898 2156 laborabat,
1921 2128 1994 2151 cum
2006 2116 2194 2161 pulsuiuaen

1178 2158 1267 2199 quali
1292 2156 1414 2199 semper
1433 2182 1447 2200 ‚
1488 2161 1521 2191 &
1546 2159 1784 2192 intermittente
1808 2173 1818 2201 3
1842 2159 2015 2204 postremus
2050 2162 2192 2204 palpita=

1179 2201 1264 2233 tioni
1286 2201 1448 2242 insolitae,
1471 2204 1505 2235 ἃ
1529 2202 1729 2244 subitaneis,
1752 2203 1803 2237 sed
1828 2205 2050 2240 momentariis
2082 2204 2189 2248 pulsus

1171 2243 1479 2293 intermissionibus,
1503 2245 1711 2289 crebrisque,
1734 2246 1786 2281 sed
1801 2248 1947 2289 levibus,
1971 2247 2187 2292 lipothymiis

1169 2286 1329 2320 obnoxius
1351 2289 1492 2322 vixerat.
1519 2290 1568 2323 Hi
1582 2300 1694 2324 omnes
1706 2300 1820 2333 praeter
1837 2290 2187 2334 pericardium,ferme

1172 2329 1297 2380 crastius
1310 2355 1319 2371 ,
1332 2331 1425 2366 cordi
1436 2331 1598 2367 adhaerens
1610 2355 1620 2371 ,
1631 2344 1705 2377 quae
1718 2334 1780 2367 alia
1792 2334 1887 2379 hujus
1899 2359 1912 2377 ,
1924 2345 1978 2371 aut
1989 2337 2117 2371 viciniae
2129 2335 2186 2371 ha..

1171 2373 1301 2409 buerint
1316 2395 1326 2411 ‚
1350 2384 1403 2409 aut
1426 2387 1490 2409 non
1516 2376 1691 2413 habuerint
1714 2379 1818 2419 vitia,
1841 2390 1918 2414 mox
1942 2379 2161 2415 indicabitur.

1220 2419 1362 2466 193Jam
1385 2420 1470 2466 enirn
1495 2419 1517 2453 fi
1541 2432 1581 2455 ex
1604 2419 1693 2455 hisce
1704 2422 1884 2464 omnibus,
1906 2436 1978 2468 quae
1989 2424 2185 2464 milii,dum

1172 2460 1228 2494 has
1241 2463 1379 2510 Litteras
1392 2463 1558 2497 scriberem
1575 2486 1586 2502 ,
1608 2476 1801 2506 occurrere,
1824 2469 1856 2499 δε
1873 2468 1971 2509 relegi
1985 2478 2161 2511 potuerunt
2175 2496 2185 2509 ,

1171 2503 1471 2555 Observationibus=
1487 2509 1654 2551 quinque,
1679 2512 1713 2543 δε
1737 2506 1951 2554 quadraginta
1975 2515 1989 2552 (
2011 2524 2035 2556 z
2057 2517 2095 2553 ),
2119 2515 2186 2556 pri-

1170 2558 1259 2581 mum
1284 2546 1335 2580 sex
1358 2549 1584 2599 illas-seponas
1599 2576 1609 2592 ,
1633 2565 1705 2596 quae
1731 2554 1828 2588 nobis
1839 2555 1918 2596 quid
1931 2556 2088 2590 malorum
2103 2569 2185 2599 praeo

1169 2589 1295 2625 ceffiffet
1310 2603 1409 2641 ,Unon
1428 2594 1601 2643 indicant,
1624 2596 1740 2632 deinde
1765 2606 1911 2642 quatuor
1934 2603 1965 2633 &
1987 2601 2105 2644 viginti
2130 2600 2184 2634 de-

1174 2633 1299 2684 trahaS,
1317 2646 1356 2685 '111
1379 2637 1495 2679 quibus
1519 2640 1606 2673 nulla
1632 2641 1668 2674 fit
1700 2640 1740 2676 de
1772 2643 1992 2686 palpitatione
2035 2645 2185 2681 mentios

1173 2677 1384 2729 qumdecim,
1408 2680 1494 2730 haud
1517 2684 1659 2726 amplius
1683 2685 1863 2727 restabunt,
1893 2687 1928 2720 in
1961 2687 2078 2731 quibus
2111 2688 2148 2722 fit
2172 2715 2184 2730 7

1174 2721 1317 2755 Ballonii
1342 2733 1497 2774 nimirum
1521 2726 1614 2769 duae,
1638 2730 1797 2767 Hiarnii,
1821 2733 2009 2773 Stegmanni
2033 2756 2041 2770 ‚
2074 2732 2183 2766 Genea

1169 2763 1327 2815 vensi-um,
1351 2768 1518 2810 Dionisii‚
1541 2772 1745 2813 Auginum,
1770 2775 1945 2810 Vieuffenii
1961 2800 1970 2816 ,
2002 2774 2145 2809 Freiiidii'
2168 2800 2186 2818 ,

1171 2809 1358 2851 Agricolae,
1379 2812 1552 2847 Albrechti
1563 2815 1713 2855 ,Halleri
1730 2841 1738 2856 ‚
1754 2819 1833 2860 Fayi
1844 2842 1853 2855 ‚
1867 2818 1983 2857 Pastae,
1998 2822 2029 2852 δι’
2044 2820 2158 2862 de
2169 2845 2182 2860 7

1172 2850 1370 2895 singulorum
1392 2854 1544 2899 singulae.
1571 2859 1694 2892 Verum
1718 2858 1773 2893 has
1797 2861 1877 2904 ipsas
1890 2861 1912 2895 fi
1926 2885 1939 2903 ‚
1960 2861 2116 2905 postrema
2127 2875 2181 2896 ex-

1173 2906 1289 2947 cepta,
1313 2907 1431 2933 attente
1454 2900 1613 2943 perlegas,
1638 2905 1671 2936 &
1694 2913 1775 2946 quot
1799 2914 1912 2946 praeter
1935 2915 2081 2940 naturam
2102 2931 2111 2947 ‚
2146 2910 2181 2941 δε

1174 2941 1281 2982 qualia
1305 2941 1395 2976 fimul
1420 2945 1692 2991 cum-pericardii
1716 2947 1892 2982 adliaesione
1913 2950 1947 2982 in
1961 2949 2093 2993 singulis
2105 2962 2181 2994 pro-

1174 2984 1349 3024 pemodum
1360 2996 1480 3028 reperta
1493 2987 1552 3020 sint
1567 3010 1579 3027 ,
1599 2989 1880 3030 videa55multum
1891 2992 2056 3027 dubitabis
2069 3017 2079 3032 ‚
2103 3005 2181 3028 nuni

1173 3026 1242 3060 haec
1265 3027 1425 3078 adhaesio,
1447 3041 1484 3063 an
1499 3033 1618 3066 vitium
1630 3033 1807 3077 quodpiam
1820 3036 1906 3071 aliud
1918 3062 1931 3078 ,
1955 3038 2182 3081 palpitationis

1170 3071 1259 3105 causa
1283 3070 1382 3123 fuerit
1398 3099 1404 3106 .
1430 3074 1519 3108 Nam
1534 3087 1544 3113 3
1561 3085 1598 3108 ut
1613 3077 1753 3120 polypos
1765 3081 1821 3122 qui
1836 3082 1869 3113 in
1881 3090 1993 3123 quarta
2007 3105 2018 3122 ‚
2042 3083 2155 3116 oft-ava
2166 3107 2178 3122 ¹

1171 3125 1254 3147 nona
1267 3137 1276 3152 ,
1289 3117 1412 3149 decima
1426 3118 1575 3161 leguntur
1585 3145 1594 3160 ,
1604 3130 1769 3163 ptaetereas
1782 3146 1795 3163 ,
1806 3135 1888 3167 quos
1901 3126 1934 3157 i'n
1947 3124 2054 3159 eadem
2067 3126 2181 3160 octava

1172 3167 1237 3192 non
1250 3160 1662 3202 praeteribatMichelottus
1690 3169 1779 3206 (a),
1807 3168 1891 3201 ι-εὸὶε-
1903 3169 2047 3211 alioquin
2068 3168 2182 3202 admo-

1173 3212 1268 3242 nens,
1283 3203 1454 3238 cavendum
1464 3205 1522 3240 effe
1536 3229 1545 3244 ,
1559 3207 1614 3240 ubi
1626 3208 1718 3250 plura
1728 3209 1820 3244 simul
1834 3212 1913 3244 vitia
1936 3211 2181 3253 deprehendun-

1171 3254 1248 3286 tur,
1266 3257 1309 3296 *ne
1322 3246 1384 3280 fine
1395 3257 1480 3283 certa
1494 3251 1616 3285 ratione
1630 3263 1730 3286 unum
1747 3254 1880 3297 aliquod
1899 3255 2100 3297 potiffimum
2122 3267 2181 3297 pro

1167 3290 1272 3322 morbi
1285 3292 1376 3326 causa
1388 3303 1588 3335 proponatur
1601 3307 1609 3328 :
1622 3305 1721 3339 utque
1732 3308 1845 3339 aquam
1856 3299 1976 3341 pariter
1985 3301 2119 3332 minime
2132 3295 2192 3332 at-‘

1168 3333 1302 3376 tendas,
1326 3347 1396 3379 quae
1415 3338 1448 3369 in
1472 3338 1705 3372 Observatione
1728 3340 1849 3374 decima
1872 3343 1968 3375 tertia
1982 3367 1992 3382 ‚
2014 3343 2180 3376 &decima

1175 3387 1285 3426 quarta
1311 3389 1394 3412 certe
1409 3403 1419 3419 ‚
1442 3379 1570 3415 fortasse
1593 3385 1626 3416 &
1648 3384 1681 3415 in
1704 3382 1824 3425 duabus
1847 3385 1912 3418 illis
1934 3398 2006 3429 quae
2018 3397 2057 3419 ex
2069 3387 2182 3419 Ballo-

1175 3430 1233 3452 nio
1256 3420 1353 3463 sunt,
1377 3422 1540 3458 thoracem
1562 3426 1738 3504 opplebaltl,
1756 3426 1813 3505 fsled
1846 3430 1955 3471 potius
1986 3441 2049 3472 pro
2069 3429 2179 3507 dipsitis

1823 3483 1840 3504 2
2093 3485 2144 3508 iu-

110 3552 2192 3576 ...Ἣ
2203 3559 2205 3562 ,

234 3616 249 3645 )
265 3616 336 3641 Thes.
353 3618 428 3642 Anat.
444 3619 469 3641 6.
483 3624 508 3641 n.
525 3620 562 3648 36.
580 3623 630 3644 not.
648 3626 671 3645 1.

198 3677 234 3707 c)
253 3677 296 3713 ¹¹¹³!
309 3683 350 3702 eit.
369 3678 454 3708 supra,
470 3679 500 3703 ad
516 3687 540 3714 q.
559 3689 596 3711 17.
664 3682 671 3709 s
689 3682 706 3706 d
720 3685 732 3709 >
750 3683 840 3712 Impet.
866 3687 944 3711 Anat.
959 3687 1023 3712 rab.
1040 3695 1064 3717 4.

201 3715 221 3762 ἶ
236 3707 251 3737 2
265 3708 362 3733 Differt.
378 3710 406 3733 de
421 3709 510 3744 calcal.
527 3718 554 3735 in
571 3711 645 3737 vesica
660 3712 714 3737 fell.
731 3719 838 3741 generat.
854 3716 926 3740 Thes.
945 3725 966 3746 9-

235 3742 246 3764 )
262 3738 323 3763 ΟΜ.
340 3740 409 3764 Med.
426 3740 530 3765 Misceri.
545 3749 571 3771 4.

203 3777 216 3792 α
232 3767 240 3798 )
258 3771 399 3795 commem.
417 3770 507 3794 Litter.
524 3773 554 3795 Α.
573 3776 644 3802 1736·
658 3773 739 3797 Hebd.
755 3783 795 3803 41·
809 3776 834 3800 in
851 3776 899 3802 fine
913 3796 920 3802 .

202 3807 213 3822 r
231 3800 239 3830 )
258 3800 293 3824 Ad
309 3801 414 3826 Praelest
430 3801 518 3826 Boerh.
537 3802 560 3832 §.
583 3805 633 3827 182.
651 3809 705 3827 not.
722 3812 756 3828 m.

206 3837 220 3852 κ
236 3830 250 3859 )
267 3831 332 3860 Epist
358 3832 387 3857 de
402 3832 476 3858 cord.
497 3833 586 3862 Polyp.
604 3841 628 3857 n.
648 3840 685 3863 13.

207 3867 223 3883 a
239 3861 253 3889 )
269 3863 412 3888 comment.
430 3865 524 3888 Bonan.
541 3865 578 3888 st.
595 3865 671 3889 And.
688 3866 764 3891 Tom.
783 3873 804 3890 1.
819 3867 844 3892 in
860 3870 950 3899 opusc.

173 3616 190 3646 (

171 3648 188 3676 (

171 3678 180 3706 (

173 3708 189 3736 (

172 3738 190 3767 (

174 3770 189 3794 <¹

174 3799 191 3857 s(
818 3807 978 3836 (slmiz.

201 3624 221 3676 ἕ
236 3648 250 3675 )
267 3649 303 3672 De
320 3647 400 3672 Subit.
418 3649 496 3672 Mort.
514 3651 531 3673 Ι.
548 3656 571 3673 2.
589 3649 650 3675 obs.
667 3622 747 3681 Phyll(
757 3622 949 3683 lzlgdpgfcgpd'e
960 3625 1038 3681 {diffie
1049 3626 1285 3690 ghetdi'lfrldgossf.

1126 3688 1140 3717 (
1156 3697 1167 3712 ³
1182 3690 1197 3719 )
1213 3692 1265 3720 post
1280 3693 1382 3718 Observ.
1401 3694 1473 3720 rariff.
1489 3697 1604 3721 calculosi.

631 3741 641 3770 (
658 3743 668 3765 l
684 3742 698 3771 )
714 3744 855 3770 commate.
873 3747 960 3773 Litter.
977 3749 1009 3772 A.
1027 3717 1100 3780 5735)-
1114 3719 1193 3776 Ηῗῗᾶ..
1202 3724 1236 3778 1:3¹
1250 3726 1381 3785 &istil-1212.
1390 3733 1411 3751 ²¹
1427 3726 1486 3751 ΟΜ
1503 3734 1540 3749 ω’

981 3780 996 3809 (
1009 3785 1027 3810 P
1040 3780 1054 3809 )
1070 3781 1142 3811 Epist·
1158 3783 1188 3808 de
1204 3786 1305 3811 Monstr.

861 3837 866 3842 .
1040 3812 1055 3841 (
1069 3818 1080 3835 ²
1097 3812 1111 3841 )
1128 3819 1153 3836 n·
1171 3823 1207 3844 17.
1270 3816 1281 3846 (
1297 3827 1313 3842 u

750 3837 765 3865 (
778 3844 796 3863 9
811 3834 819 3865 )
837 3838 932 3863 Dffl'ffi·
949 3841 980 3864 de
995 3841 1106 3873 ΒΥΜΟΡΞ
1122 3850 1144 3868 G·
1161 3854 1185 3877 3.
1202 3849 1275 3878 Prop.
1295 3856 1316 3874 ι.
1333 3857 1357 3874 n.
1376 3857 1395 3874 1.

1347 3629 1598 3661 (ν)η.9-8ειο.

1326 3662 1340 3692 ς
1356 3670 1370 3685 a
1386 3663 1397 3693 )
1414 3663 1438 3687 in
1449 3663 1526 3688 schol.
1537 3665 1567 3688 ad
1581 3665 1765 3695 cit.0bs.§.10.
1828 3665 1978 3697 (nri-alte
1988 3668 2021 3694 du
2032 3673 2185 3699 caturcum

1668 3697 1682 3726 (
1695 3697 1710 3725 f
1724 3698 1738 3726 )
1755 3698 1825 3723 ‘rhen
1845 3708 1886 3724 20.

1603 3728 1617 3756 (
1632 3727 1643 3749 ὶ
1660 3728 1670 3756 )
1689 3728 1750 3753 Ibid.
1768 3729 1829 3754 Obs.
1847 3738 1867 3754 2.

1443 3759 1457 3787 (
1473 3766 1496 3781 m
1511 3758 1526 3786 )
1556 3758 1570 3786 (
1586 3766 1603 3780 n
1622 3757 1636 3786 )
1653 3758 1720 3787 supra
1736 3759 1778 3784 cit.

1369 3788 1620 3844 ‘'fiiieAf’iiigiicii
1631 3790 1746 3844 Tii‘ssrsn'sg'
1758 3789 1819 3846 pbr
1839 3798 1877 3815 η
1894 3824 1949 3848 ebs

1329 3818 1343 3846 ³
1360 3821 1391 3844 H!
1458 3851 1473 3880 (
1488 3858 1506 3879 ζ
1520 3850 1534 3878 )
1554 3848 1606 3873 Vid.
1623 3837 1681 3875 alias
1699 3829 1872 3881 Epist.·24.73ri.
1887 3862 1908 3884 3.
1926 3843 1953 3880 iii
1969 3828 2043 3882 &Quiza-t.
2062 3829 2088 3852 8⁷
