2498 4075
379 106 523 161 lxxx
909 102 1272 157 iNDEx
1339 60 1919 160 NOMINUM

447 179 566 262 ⁸¹ss⁶ss
588 183 811 260 prligupartum
834 182 1045 226 inexpeetatae
1057 204 1070 222 ‚
1100 181 1201 217 causae
1232 192 1321 226 quae-
1505 179 1604 214 solius
1627 181 1880 219 Observationes
1902 184 2049 227 aliquot:
2075 179 2160 219 XVI.
2184 195 2234 220 21.
2258 195 2307 219 22.
2321 188 2376 229 242

513 239 584 262 am.
655 239 663 260 ι
693 252 700 260 .
748 238 780 260 0.
1546 234 1598 266 43-
2169 262 2172 264 ,

444 273 533 315 rupti
557 271 591 303 in
626 238 742 312 partu3
757 270 842 304 uteri
876 268 966 304 casus
1001 267 1043 301 est
1079 267 1282 312 frequentior
1309 291 1320 308 ,
1505 267 1589 301 unde
1614 265 1651 300 sit
1673 267 1845 304 difficultas
1869 270 1935 314 ejus
1956 270 2043 314 figna
2073 270 2226 308 statuendi
2246 298 2256 306 .
2287 272 2377 309 Ibid.

489 324 589 357 quam
611 314 708 347 multi
732 313 866 347 credunt
881 338 888 345 .
914 311 1061 345 Ibidem.
1546 321 1599 343 20.

529 356 596 399 ejus
619 357 708 391 casus
729 357 853 394 causae,
877 359 908 389 &
933 356 1041 397 figna.
1066 354 1151 389 Ibid.
1174 357 1204 388 &
1227 366 1274 397 3¹·
1502 351 1620 387 horum
1646 357 1855 399 perquisitio‚
1879 360 1910 391 &
1947 369 2076 392 examen
2097 384 2104 393 .
2139 360 2224 394 Ibid.
2258 371 2311 395 22.
2342 364 2376 394 ἃς

442 410 645 435 mortuarum
669 401 702 433 in
727 410 841 441 partu,
868 407 922 432 aut
947 410 1045 438 mox,
1069 399 1159 432 mirae
1171 399 1322 433 abdomi-
1550 397 1640 441 seqq.
1664 409 1717 440 39.
1742 403 1775 433 δι
1798 401 1884 445 seqq.
1909 403 2013 433 XVII.
2039 403 2089 436 28.
2123 405 2288 438 XXXVII.
2326 415 2376 438 11-

489 445 538 478 nis
563 444 765 477 inflationes.
791 442 875 475 Ibid.
899 452 951 484 45.
1548 451 1596 482 14.
1621 442 1727 476 XLV.
1751 455 1799 477 ιο.

445 488 479 521 in
504 496 599 531 partu
622 487 722 520 laxari
746 484 906 527 juneturas
929 486 962 517 in
988 485 1091 526 pube,
1114 487 1144 518 δι
1171 484 1207 518 ad
1219 497 1255 519 os
1265 487 1322 520 Sa-
1500 493 1661 526 quatenus
1683 486 1777 526 poffit
1801 498 1938 531 parvos,
1961 488 2141 533 debilesque
2165 489 2272 532 pulsus
2294 489 2378 525 face·

493 542 609 570 crum,
635 541 709 564 num
734 529 774 562 sit
797 527 1012 571 impoffibsse,
1037 528 1155 563 nedum
1179 530 1295 564 inutile
1313 554 1323 564 .
1549 531 1603 561 τέ.
1630 529 1747 561 XXIV.
1775 540 1824 573 14.
1853 541 1902 574 15.

491 574 620 608 Ibidem
635 598 642 606 .
1507 572 1538 604 &
1559 579 1715 613 quatenus
1737 573 1843 607 tuffim
1857 600 1864 607 .
1890 577 1977 610 XVI.
2002 586 2056 619 45.

534 629 577 651 eae
600 628 695 660 quam
720 617 834 650 laxatae
858 616 998 648 inventae
1022 616 1087 649 sint
1110 615 1180 657 post
1192 625 1323 659 partum
1507 624 1572 660 119ss
1596 614 1717 653 semper
1739 615 1778 649 fit
1801 618 1929 653 senfim.
1955 621 2042 655 Ibid.
2065 629 2121 662 4¹.
2145 631 2198 663 42.

577 671 643 693 non
668 663 715 694 ita
739 659 961 693 laboriosum.
987 658 1073 704 Ibid.
1097 670 1149 701 44.
1507 667 1578 704 ejus
1600 658 1718 691 causae.
1745 659 1830 695 Ibid.
1853 673 1905 705 44.
1933 665 2034 697 XXV.
2060 674 2109 706 15.
2132 666 2164 697 δε
2188 663 2254 706 seq.

313 703 458 744 Passeri,
481 705 678 739 Dominicus
694 729 702 743 ‚
729 701 878 737 Medicus
902 703 984 735 olim
1019 702 1193 735 Pisani-ens.
1226 704 1324 738 Prim.
1507 711 1575 741 ejus
1600 711 1690 744 aquae
1713 706 1887 738 varietates
1903 731 1911 739 .
1936 709 2020 740 XVI.
2045 718 2099 750 44.

404 747 548 782 laudatus
564 771 571 780 .
597 749 703 780 XXII.
729 759 760 789 7.
1378 744 1562 777 Pericardio
1585 745 1687 777 innati
1712 755 1855 781 tumores
1877 760 1935 783 cur
1968 751 2045 784 alias
2075 762 2150 785 cum
2184 750 2254 784 aliis
2286 749 2382 794 signis

313 790 424 831 Pasta,
448 791 591 823 Andreas
606 814 615 828 ‚
641 789 790 823 Medicus
813 787 1035 830 Bergomensis
1050 811 1059 825 ‚
1083 787 1229 822 laudatus
1245 814 1252 821 .
1270 790 1326 821 IV.
1465 787 1646 821 observati.
1671 790 1796 822 XXIII.
1822 802 1872 834 23-

403 845 454 867 22.
480 835 576 865 VIII.
605 843 652 865 10.
680 834 785 863 XVII.
811 835 861 863 26.
886 842 936 872 29.
986 832 1110 861 XVIII.
1155 844 1188 872 9,
1234 834 1323 865 XXI.
1378 831 1613 865 Pericardium.
1641 831 1733 865 Intra
1756 833 1817 867 hoc
1841 834 1977 877 effusum
2002 835 2188 879 sanguinem
2211 838 2268 878 qui
2292 846 2382 872 antea

399 888 450 910 20.
475 878 599 908 XXIII.
626 875 678 908 18.
705 876 826 906 XXIV.
855 885 906 908 22.
932 877 981 906 26.
1009 877 1038 906 δε
1075 876 1160 917 seqq.
1205 877 1323 907 XXXI.
1464 878 1737 909 memoraverim.
1763 878 1878 909 XXVI.
1904 882 1955 912 26.
1979 880 2029 912 28.
2055 880 2191 913 XXVII.
2216 891 2243 911 ι.

403 920 451 952 18.
477 919 569 953 XLI.
594 929 623 951 2.
648 919 812 952 XLVIII·
839 928 890 958 29.
916 918 1042 950 LXIV.
1067 930 1098 957 9.
1503 928 1585 962 quot
1608 929 1648 952 ex
1672 920 1819 954 Partibus
1840 922 1918 957 illuc
1942 923 2035 965 poffit
2067 921 2190 958 effundi
2218 945 2227 954 .
2263 919 2384 956 XXVI.

307 962 484 1000 Patavini,
506 964 538 994 &
562 962 611 996 his
636 963 778 1004 proximi
802 972 903 1004 quare
927 962 1081 995 armariis
1105 961 1237 996 calculis
1264 963 1325 996 fint
1550 972 1600 1003 27.

401 1007 507 1041 minus
532 1005 693 1039 obnoxii.
720 1006 828 1038 XLII.
845 1016 893 1047 ¹7-
1504 1008 1536 1038 ἃ
1557 1017 1596 1039 ex
1617 1005 1737 1048 quibus
1760 1006 1902 1042 faciliter
1921 1022 1930 1040 ε
1954 1022 1993 1044 ex
2013 1021 2078 1052 qua
2102 1018 2384 1055 auten1,qu0m0-

437 1048 648 1083 Profeffores.
673 1048 754 1083 Vid.
779 1047 1246 1085 Fracastorius.Gaveffettus.
1261 1050 1322 1083 Vi·
1548 1050 1592 1082 do
1621 1051 1872 1091 inquirendum.
1896 1052 1980 1086 Ibid.
2005 1057 2119 1097 26.27.

484 1093 626 1126 storius.
1506 1102 1541 1125 ea
1561 1092 1609 1125 ibi
1632 1091 1889 1138 haemorrhagia,
1915 1096 2054 1139 respefiu
2077 1107 2128 1131 tot
2153 1098 2287 1131 aliarum
2311 1107 2384 1130 mo—

310 1137 507 1171 Patavinum
531 1135 748 1179 Gymnasium
764 1159 771 1167 .
796 1135 849 1169 De
871 1145 909 1168 eo
932 1134 1099 1176 quaedam.
1135 1137 1251 1167 XXIV.
1287 1150 1319 1180 4,
1543 1136 1640 1176 dica,
1662 1147 1719 1169 cur
1744 1148 1837 1171 tanto
1861 1139 1957 1173 citius
1973 1163 1982 1179 ,
2008 1152 2105 1184 quam
2126 1141 2197 1179 hae.
2220 1140 2348 1175 occidat
2372 1164 2384 1174 -

395 1182 425 1213 δι
449 1178 576 1212 Praefat.
600 1179 639 1214 ad
662 1181 736 1213 libr.
763 1189 795 1221 3.
820 1182 851 1211 &
873 1178 978 1219 Epist.
1002 1177 1121 1212 Dedic.
1542 1179 1627 1213 Ibid.
1655 1179 1703 1211 18.
1730 1182 1848 1214 LXIX.
1874 1191 1904 1224 5.

309 1223 443 1259 Patinus
462 1243 472 1259 ‚
496 1222 658 1262 Carolus,
681 1222 848 1265 Opuscula
869 1221 923 1255 sua
946 1224 1136 1262 emendata,
1160 1226 1192 1256 &
1226 1225 1316 1258 aufta
1370 1220 1503 1254 Perinaei
1527 1220 1623 1256 seffio
1648 1223 1687 1256 ad
1723 1227 1852 1258 urinam
1897 1225 2089 1269 suppressam
2133 1226 2345 1263 emittendam
2371 1249 2384 1258 .

394 1266 431 1298 in
459 1265 585 1299 duobus
609 1265 846 1300 voluminibus
869 1265 1004 1306 reliquit
1028 1267 1166 1300 necdum
1189 1266 1285 1301 editis
1307 1291 1315 1301 .
1454 1263 1562 1298 XLII·
1588 1269 1644 1309 36.
2047 1291 2050 1294 -

390 1306 524 1343 LVIII.
551 1319 602 1351 19.
1500 1310 1534 1342 in
1558 1309 1747 1348 calculosis,
1771 1321 1806 1345 ut
1832 1311 1926 1347 urina
1951 1314 2057 1347 minus
2082 1314 2209 1349 moleste
2232 1313 2353 1348 defluat
2371 1333 2384 1351 2

443 1363 587 1395 quorum
611 1350 858 1393 opusculorum
881 1363 917 1386 ea
940 1363 1013 1395 quae
1035 1354 1147 1387 omisit
1170 1352 1316 1397 Papado·
1544 1364 1582 1386 an
1607 1365 1621 1386 a
1646 1355 1789 1387 Zecchio
1812 1356 1943 1390 inventa
1958 1382 1966 1390 .
1988 1357 2075 1390 Ibid.

482 1396 575 1437 polus
593 1421 601 1436 ‚
625 1395 832 1429 indicantur.
860 1395 946 1430 Ibid.
1368 1396 1643 1439 Peripneumonia
1690 1409 1767 1430 num
1791 1407 1827 1431 ut
1850 1399 2028 1441 plurimum
2053 1412 2069 1432 a
2091 1400 2214 1435 dextris
2235 1423 2245 1441 ‚
2278 1400 2383 1433 rarius

306 1437 456 1476 Fatum,
480 1439 595 1473 Nicol.
620 1439 745 1481 pridem
770 1440 916 1474 Venetus
949 1438 1135 1483 Chirurgus
1157 1462 1171 1480 ‚
1203 1441 1315 1475 lauda·
1454 1453 1470 1475 a
1494 1440 1648 1473 sinistris.
1678 1438 1745 1474 XX'.
1769 1445 1822 1483 65.

393 1491 464 1517 tus.
487 1482 651 1517 XLVIII.
677 1493 731 1527 4²·
1497 1495 1580 1517 vera:
1604 1485 1710 1518 minus
1733 1484 1869 1518 obnoxii
1895 1486 1967 1520 sunt
1989 1487 2096 1521 obefi.
2126 1486 2210 1521 Ibid.
2237 1495 2284 1519 10.

305 1526 496 1565 Pauluccii‚
520 1525 672 1567 Aloyfii,
698 1524 920 1564 Marchionis‚
947 1525 1139 1567 &Supremi
1165 1527 1315 1563 Pontific.
1497 1528 1531 1559 in
1556 1527 1696 1568 gravidis
1720 1539 1777 1562 cur
1800 1529 2011 1570 periculosior
2027 1554 2034 1562 .
2060 1531 2207 1565 Ibidem.

394 1571 532 1612 Copiar.
558 1567 703 1603 Praefeeti
726 1571 881 1609 morbus,
914 1571 945 1602 δε
978 1569 1125 1603 diffeetro
1149 1595 1159 1604 .
1204 1573 1314 1605 XVII.
1498 1572 1533 1603 In
1557 1582 1593 1603 ea
1629 1570 1756 1612 sanguis
1790 1573 1870 1613 saepe
1900 1573 2031 1616 quidem
2065 1573 2109 1608 est
2142 1572 2346 1608 concrescens
2373 1597 2383 1613 ‚

393 1616 443 1646 26.
471 1624 522 1650 27-
1544 1623 1597 1647 aut
1622 1624 1695 1647 cum
1720 1614 1883 1657 polypofis
1906 1618 2195 1657 concretionibus3
2227 1627 2291 1650 non
2332 1625 2384 1650 ta-

304 1656 451 1691 Pechlini
473 1654 714 1690 hallucinatio.
743 1658 818 1689 XII.
845 1656 874 1688 8.
1543 1668 1615 1692 rnen
1639 1656 1781 1700 semper.
1807 1658 1893 1692 Ibid.
1922 1670 1970 1704 ¹4·
1997 1661 2083 1694 XXI.
2107 1672 2159 1705 34.
2184 1670 2237 1704 35.

303 1702 453 1744 Pccqueti
477 1701 736 1743 experimentum
759 1699 949 1742 quoddam,
985 1700 1023 1734 ad
1056 1701 1315 1736 Circulationem
1581 1701 1686 1743 qualis
1710 1710 1857 1744 appareat
1882 1705 1994 1744 pulmo
2009 1728 2017 1737 .
2039 1705 2120 1738 Vid.
2148 1706 2318 1738 pulmones
2329 1704 2383 1737 in-

391 1743 555 1786 sanguinis
579 1745 720 1778 attinens
734 1764 743 1780 ,
767 1743 831 1776 sine
853 1746 1005 1777 cantione
1016 1745 1154 1787 quadam
1168 1745 1316 1789 ‚abipso
1631 1743 1814 1778 flammati.

389 1785 529 1825 omiffa,
555 1798 619 1821 non
644 1786 834 1829 respondit.
859 1788 944 1821 XIX.
967 1798 1020 1830 30.
1365 1788 1644 1832 Peripneumoniae
1669 1787 1747 1830 saepe
1773 1788 1801 1822 se
1826 1789 1948 1823 addunt
1972 1790 2135 1829 thoracis,
2168 1793 2201 1824 &
2235 1790 2380 1832 pericar-

303 1831 494 1870 I'edrattus,
520 1831 687 1873 Ignatius‚
711 1830 860 1864 Medicus
883 1830 1128 1870 Cremonensis,
1148 1831 1314 1869 laudatus.
1443 1830 1496 1868 *dii
1520 1832 1682 1874 hypropes
1704 1834 1735 1864 δι
1758 1834 1947 1875 quomodo.
1975 1835 2041 1866 XX.
2069 1846 2120 1879 34.
2144 1834 2251 1867 XLV.
2278 1836 2325 1865 16.

388 1875 481 1920 XXI..
497 1885 550 1917 43.
577 1875 673 1907 LIII.
696 1883 751 1916 31.
947 1891 965 1908 0
1495 1885 1562 1908 non
1585 1886 1658 1907 raro
1682 1874 1844 1917 soporosae
1879 1874 2064 1911 affectiones
2089 1903 2098 1912 .
2144 1878 2202 1912 VI.
2250 1886 2302 1912 11.
2352 1878 2385 1911 &

437 1918 518 1959 Ejus
542 1917 816 1953 Observationes.
842 1918 929 1949 XXI.
954 1929 1006 1962 43.
1031 1920 1063 1952 &
1092 1918 1179 1962 seqq.
1211 1920 1310 1953 LIII.
1533 1918 1619 1960 seqq.

474 1972 527 2004 32·
1488 1960 1658 2004 quomodo
1680 1965 1711 1996 δε
1733 1962 1908 2002 delirium.
1935 1966 2023 1997 XXI.
2049 1975 2080 2007 7.

301 2006 396 2042 Penis
419 2004 480 2040 sub
502 2005 662 2048 praeputio
685 2005 818 2039 materia
841 2016 921 2039 num
944 2016 982 2039 ex
1005 2005 1148 2047 granulis
1171 2005 1308 2049 prodeat
1489 2015 1722 2048 nonnunquam
1746 2008 1855 2040 nullus
1880 2007 2008 2042 videtur
2029 2007 2128 2042 dolor
2143 2030 2150 2039 .
2176 2008 2246 2039 XX.
2270 2018 2302 2050 4.
2325 2016 2382 2051 30.¹

389 2059 522 2086 coronae
548 2049 695 2092 glandis.
719 2048 844 2082 XLIV.
869 2059 900 2082 2.
1581 2051 1612 2082 δι
1635 2060 1713 2084 cur.
1742 2051 1829 2081 XXI.
1855 2061 1887 2092 7.
1914 2051 1944 2084 8.
1969 2054 2000 2085 δι
2024 2051 2112 2093 seqq.

520 2093 610 2127 illam
635 2091 676 2126 ab
700 2092 835 2126 urethra
858 2103 923 2125 non
939 2093 1132 2135 provenire,
1156 2092 1312 2136 singulari
1495 2091 1577 2126 unde
1601 2091 1677 2127 alias
1701 2091 1740 2125 fit
1763 2093 1860 2126 dolor
1882 2105 2047 2137 pungens,
2072 2094 2273 2136 inquiritur.
2312 2096 2384 2128 XX.

563 2136 807 2170 observatione
829 2136 1063 2170 confirmatur.
1086 2137 1211 2169 XLVI.
1241 2150 1290 2171 20.
1544 2142 1596 2169 10.
1618 2136 1671 2178 38.
1706 2146 1761 2179 40.
1795 2147 1851 2178 42.
1886 2148 1939 2181 44.
1973 2141 2027 2181 46.
2062 2138 2114 2180 48.
2158 2149 2208 2177 50-
2244 2148 2295 2179 52.
2329 2146 2384 2180 54.

429 2179 584 2215 distentio
607 2180 776 2223 quomodo
800 2178 972 2221 sequatur,
995 2177 1017 2211 fi
1042 2182 1075 2213 in
1099 2180 1198 2213 vesica
1217 2181 1319 2215 (itaut
1550 2189 1602 2221 57·

472 2225 574 2258 urinae
597 2224 716 2265 copia,
737 2232 793 2256 aut
817 2222 920 2264 major
943 2222 1103 2257 calculus.
1129 2223 1216 2257 Ibid.
1246 2235 1293 2257 10.
1503 2232 1735 2265 nonnunquam
1761 2222 1859 2255 febris
1882 2224 1989 2258 minus
2011 2233 2102 2259 acuta
2117 2249 2125 2258 .
2150 2224 2238 2258 Ibid.
2262 2235 2295 2266 4.
2328 2225 2383 2256 26.

521 2267 609 2300 illius
633 2269 666 2298 in
690 2266 903 2300 cadaveribus
927 2267 1025 2299 variae
1056 2266 1156 2300 causae
1179 2290 1187 2298 .
1225 2269 1313 2299 XIX.
1547 2277 1598 2307 27.
1626 2267 1729 2298 XXII.
1758 2276 1809 2300 10.
1834 2275 1882 2298 11.

563 2320 613 2342 20.
1499 2309 1671 2343 decubitus
1695 2310 1799 2343 multo
1822 2309 1935 2350 saepius
1958 2311 1990 2343 in
2015 2309 2188 2350 affeffiam,
2211 2321 2311 2353 quam
2351 2311 2388 2345 in

518 2352 608 2387 illius
632 2352 724 2386 causa
748 2352 781 2385 in
805 2353 889 2385 vivis
922 2351 1054 2385 canibus
1077 2377 1088 2394 ‚
1132 2354 1315 2388 constristis
1539 2352 1647 2386 sanam
1669 2362 1816 2394 partem,
1837 2349 1992 2386 facilior.
2019 2353 2106 2386 Ibid.
2133 2363 2187 2394 42.

568 2395 803 2431 Carotidibus.
829 2395 954 2427 Ibidem
969 2419 977 2426 .
1497 2395 1660 2432 diarrhoea
1683 2395 1947 2438 superveniente,
1972 2395 2102 2439 quando
2141 2397 2350 2431 metuendum
2372 2401 2388 2435 ‚'

300 2443 394 2478 Penis
417 2443 450 2476 in
475 2440 672 2485 paroxysmo
696 2438 892 2473 suffocativo
913 2437 1015 2472 ferme
1038 2439 1242 2474 incredibilis
1264 2451 1314 2473 re·-
1541 2447 1595 2473 aut
1618 2438 1808 2482 sperandum
1833 2439 1923 2472 Ibid.
1955 2449 2002 2473 10.

389 2487 531 2521 traffio.
559 2485 663 2516 XVII.
681 2485 741 2515 '⁴26-
1497 2496 1515 2518 a
1539 2484 1649 2516 nimiis
1674 2482 1842 2525 sanguinis
1875 2482 2097 2517 emissionibus
2139 2483 2219 2525 quid
2263 2485 2383 2517 timen-

432 2529 561 2573 glandis
584 2528 617 2560 in
642 2525 784 2570 quodam
806 2524 958 2560 deorsum
991 2526 1137 2569 pendulae
1183 2527 1274 2561 causa
1297 2550 1308 2560 .
1536 2527 1633 2561 dum.
1659 2527 1744 2559 Ibid.
1770 2536 1823 2569 23.

472 2572 599 2606 XLVI.
625 2582 656 2611 9.
1365 2572 1646 2615 Peripneumoniae
1681 2568 1834 2611 lethalis,
1863 2570 1950 2604 inter
1985 2568 2169 2604 Monachas
2204 2570 2380 2614 praesertim

429 2616 558 2659 glandis
581 2612 819 2659 flacciditatcm
845 2612 931 2655 poss‘e
964 2624 1038 2647 cum
1071 2614 1189 2656 reliqui
1223 2614 1311 2654 penis
1451 2614 1643 2657 grassantis,
1666 2613 1819 2647 historia.
1845 2615 1931 2645 XXI.
1960 2616 2011 2645 25.
2035 2615 2066 2646 δι
2090 2612 2176 2656 seqq.

472 2658 668 2693 distentione
694 2659 874 2699 conjungi,
897 2657 1108 2692 confirmatur
1123 2681 1130 2689 .
1157 2658 1242 2691 Ibid.
1278 2661 1310 2690 ἅ
1363 2659 1641 2703 Peripneumoniae
1664 2657 1783 2691 crebrae
1808 2668 1886 2701 quas
1910 2657 2126 2697 pulmonum,
2147 2659 2179 2690 δέ
2203 2657 2380 2691 cordislae..

481 2713 529 2737 10.
1450 2703 1572 2738 fiones,
1595 2711 1634 2735 ut
1658 2699 1752 2743 hujus
1779 2700 2027 2743 aneurysmata‚
2050 2698 2165 2743 poffint
2190 2702 2338 2736 inducere
2368 2711 2384 2743 ,'

303 2746 395 2780 Penis
419 2746 560 2780 excisio.
585 2747 622 2778 L.
650 2754 702 2786 50.
1450 2748 1480 2780 δε
1507 2744 1695 2788 quomodo.
1722 2746 1810 2776 XXI.
1837 2755 1865 2786 5.
1890 2755 1943 2787 34.

303 2790 524 2824 Pericardium
544 2812 557 2830 ,
589 2788 647 2832 qui
682 2787 858 2833 aliquando
901 2785 1035 2822 defuisse
1078 2788 1275 2824 tradiderint
1299 2811 1310 2821 .
1493 2788 1625 2827 nothae,
1648 2787 1704 2822 sub
1728 2789 1829 2830 specie
1852 2788 1931 2820 levis
1967 2786 2155 2821 catarrhalis
2194 2786 2374 2822 affeffionis

392 2834 519 2868 XXIII.
548 2843 597 2874 17.
1536 2833 1695 2872 latentes,
1719 2841 1750 2865 at
1776 2830 2044 2873 perniciosiffimae
2060 2854 2071 2870 ‚
2094 2841 2157 2863 non
2185 2842 2239 2873 per
2261 2831 2372 2866 eadem

519 2875 618 2909 Unde
639 2874 809 2916 deceptos,
832 2876 889 2917 qui
912 2873 955 2909 sic
977 2876 1186 2917 putaverint.
1222 2874 1311 2908 Ibid.
1539 2878 1574 2910 in
1596 2876 1747 2909 omnibus
1772 2875 1856 2917 signa
1883 2874 1970 2907 suam
2002 2873 2190 2908 insidiosam
2225 2875 2369 2909 indolem

1537 2920 1730 2954 ostendunt.
1757 2919 1843 2952 Ibid.
1872 2928 1920 2951 10.
1946 2919 1978 2950 δε
2001 2918 2090 2961 seqq·

435 2919 516 2962 Ejus
539 2916 767 2962 Malpighiana
791 2918 948 2952 strusstura
970 2918 1141 2953 observata
1165 2944 1173 2954 .
1206 2919 1309 2952 XXII.

1497 2963 1617 2997 Earum
1641 2962 1786 3005 exempla
1808 2961 1977 3004 quaedam,
2002 2963 2033 2994 &
2065 2960 2104 2995 de
2136 2971 2244 2995 earum
2273 2960 2371 3004 signis

482 2974 532 2996 10.

433 3007 523 3040 Inter
546 3004 650 3047 ipsum
665 3026 675 3043 ,
696 3007 728 3039 &
749 3016 806 3039 cor
829 3016 907 3038 num
938 3005 972 3038 in
1005 3006 1087 3040 vivis
1118 3006 1244 3041 nullum
1275 3004 1314 3039 fit
1540 3000 1644 3042 adhuc
1671 3005 1894 3048 inquirendis.
1919 3004 2005 3039 Ibid.

477 3048 708 3091 interstitium.
735 3049 862 3083 LXVI.
893 3059 942 3082 10.
1367 3051 1607 3086 Peritonaeum.
1634 3050 1711 3084 Vid.
1736 3049 1871 3082 Herniae
1887 3073 1894 3082 .

432 3093 498 3136 eJ'us
522 3093 559 3126 ad
584 3103 641 3126 cor
666 3091 855 3125 adhaesionis
878 3091 995 3125 causae.
1020 3093 1143 3125 XXIII.
1168 3104 1216 3136 ¹7·
1368 3095 1540 3129 Peritonaei
1564 3094 1781 3129 membranam
1805 3101 1970 3125 externam
1989 3092 2048 3134 qui
2063 3091 2187 3135 negasse
2199 3090 2373 3131 dicantur,

519 3136 591 3180 Qui
615 3136 698 3169 hanc
722 3136 888 3179 primum,
914 3138 947 3168 δέ
969 3135 1146 3178 deinceps,
1176 3139 1210 3170 &
1242 3137 1317 3180 qui·
1453 3149 1511 3173 nec
1534 3139 1741 3182 negaverint.
1767 3135 1893 3169 XLIII.
1909 3136 1940 3168 8.

566 3180 723 3256 lIsgsdcurg
745 3178 1023 3222 symptomatibus
1046 3179 1314 3214 observaverint.
1497 3194 1575 3217 num
1599 3181 1696 3215 faciat
1718 3188 1907 3257 pegpietuum
1930 3179 2046 3214 tubum
2063 3202 2074 3219 ‚
2095 3182 2126 3213 &
2149 3180 2292 3213 tunicam
2304 3179 2377 3213 Va-

609 3224 729 3255 i.1.
1563 3225 1812 3259 inalem.Ii.

433 3263 515 3308 Ejus
537 3264 709 3300 humorem
730 3266 789 3309 qui
811 3265 936 3309 primus
960 3267 1210 3301 memoraverit.
1224 3267 1314 3299 XVI.
1496 3237 1562 3303 norgi
1585 3267 1781 3342 perforarissa
1792 3266 1880 3343 dvasis
1913 3268 2118 3311 Spermaticis
2137 3291 2149 3308 ,
2185 3267 2260 3308 quis
2292 3266 2376 3302 olim

477 3318 519 3351 42
854 3317 857 3320 '
1541 3313 1710 3347 docuerit·
1778 3310 1788 3341 i
1814 3336 1823 3344 .

521 3334 555 3386 Is
579 3361 665 3386 certe
689 3352 865 3395 aliquando
887 3365 944 3398 per
968 3353 997 3388 se
1030 3353 1123 3389 rubet
1144 3379 1153 3388 .
1187 3354 1315 3388 XLIV.
1367 3357 1538 3392 Peritonaei
1563 3354 1862 3398 hydropsaquibus
1874 3354 1956 3389 olim
1968 3353 2379 3398 conspeaus.xxxvl11.r

567 3406 599 3439 3·
1475 3402 1506 3433 6.
1532 3402 1563 3433 &
1587 3399 1615 3432 se
1669 3424 1674 3430 .

519 3439 661 3473 Fallaces
685 3438 750 3482 ejus
774 3449 897 3475 naturae
943 3442 1145 3485 inquirendae
1189 3441 1279 3476 modi
1307 3466 1316 3475 .
1452 3412 1473 3442 4
1500 3456 1517 3479 a
1538 3410 1661 3486 quibili}
1680 3440 1829 3484 deinceps
1854 3444 1885 3476 δε
1908 3454 2048 3482 nomen,
2071 3443 2103 3475 &
2125 3440 2375 3475 illustrationem

372 3523 379 3530 ι
463 3524 467 3529 Δ
567 3482 654 3515 XVI.
676 3493 731 3527 44.
1544 3488 1718 3528 acceperit.
1745 3485 1829 3518 Ibid.
1854 3497 1907 3529 49.
1931 3490 1962 3521 &
1987 3487 2050 3528 seq-

308 3522 483 3558 Pericardii
506 3523 688 3567 hydropem
712 3537 789 3560 num
812 3527 1001 3568 Avenzoar,
1027 3540 1065 3562 an
1089 3530 1196 3572 potius
1219 3528 1317 3561 Gale·
1499 3542 1516 3564 a
1540 3541 1607 3571 quo
1631 3531 1772 3571 primum
1795 3532 1925 3570 agnitus
1949 3533 1982 3564 in
2006 3530 2156 3562 vivente.
2183 3527 2268 3561 Ibid.

392 3577 452 3602 nus
476 3571 598 3615 primus
621 3571 868 3604 memoraverit.
896 3572 981 3604 Ibid.
1007 3583 1057 3605 20.
1496 3585 1514 3607 a
1535 3573 1654 3614 quibus
1679 3573 1839 3614 superiore
1864 3572 2067 3607 {aeculonon
2103 3573 2192 3604 inter
2239 3570 2373 3604 laminas

438 3611 610 3655 rarissimus
634 3613 676 3646 est
699 3624 753 3654 per
775 3613 804 3647 se
825 3613 933 3652 solu53
957 3614 1105 3659 frequens
1138 3626 1212 3650 cum
1245 3614 1316 3649 aliis
1545 3615 1735 3658 peritonaei‚
1760 3614 1810 3649 sed
1835 3617 1918 3651 inter
1943 3616 2027 3656 hoc,
2049 3618 2080 3650 δέ
2103 3614 2261 3650 musculos
2272 3613 2374 3648 abdo-

478 3654 625 3696 Junstus.
651 3656 736 3692 Ibid.
759 3658 791 3690 δι
815 3659 882 3690 ΧΧ.
905 3668 958 3702 34.
1541 3660 1641 3695 minis
1662 3657 1701 3694 sit
1724 3659 1911 3695 observatus
1927 3685 1935 3695 .
1962 3658 2049 3695 Ibid.

2262 3714 2333 3747 quae
