2498 4075
317 275 470 342 Epist.
507 273 668 327 Anat.
705 273 921 330 Medica
951 273 1147 328 XLIII.
1164 272 1286 326 Art.
1304 273 1381 327 28.
1400 288 1476 339 29.
1497 290 1570 340 30.
1588 288 1661 339 31.
1680 274 1734 326 δε
1752 273 1832 340 325

68 351 120 384 sed
154 350 188 384 in
212 361 320 388 ventre
353 366 483 398 quoque
514 354 560 395 ad,
586 356 772 397 proximum
806 354 968 390 semiulnae
1001 363 1067 387 tra-

66 395 157 444 c‘turn
178 417 186 426 .
222 397 359 440 Reliqua
383 397 529 431 intestina
553 409 615 430 non
651 400 825 441 turgebant
849 412 856 432 :
881 409 1065 439 quanquam

67 449 103 471 in
128 449 254 472 vivente
278 442 435 475 abdomen
458 451 523 474 erat
548 441 786 476 subtumidum.
811 442 1000 476 Teterrimo
1013 452 1067 474 ca-

67 480 194 514 daveris
228 483 328 517 odore
351 483 536 527 prohibitus
561 507 570 522 ,
605 496 667 518 non
692 488 775 526 alia,
800 485 858 519 nifi
881 496 954 526 quae
978 496 994 517 a
1017 496 1067 518 me

67 526 229 566 expectari
253 526 369 561 sciebat
395 551 404 564 ,
443 537 594 568 praeterea
619 531 754 570 arrigit.
888 527 1014 561 Cranio
1037 541 1068 561 a-

34 592 35 595 *
68 578 184 609 perro,
209 568 360 612 sanguine
384 571 524 603 multum
546 571 683 605 distenta
703 574 891 615 meningum
920 571 989 604 vasa
1002 573 1068 604 ani-

66 611 266 654 madvertit,
290 617 321 646 Sc
345 615 445 647 serum
469 613 622 648 effusum.
647 616 739 657 Qid
763 616 828 656 ipse
850 616 884 648 in
909 616 1068 656 meningi-

67 653 125 688 bus
148 657 393 693 adnotaverim,
418 655 576 691 scribendi
600 670 662 691 non
687 659 729 693 est
753 659 805 693 hic
830 660 937 692 iocus.

67 698 123 731 Est
145 699 183 732 de·
207 701 369 734 nonnullis
399 699 569 734 dumtaxat
591 713 661 743 quae
694 705 727 736 in
752 703 849 735 allato
883 701 921 735 ad
945 712 996 735 me
1020 709 1067 734 te·

66 742 182 775 sticulo
206 745 307 776 altero
326 766 335 780 ,
369 746 400 776 δε
427 746 567 786 propriis
589 746 707 786 quibus
732 747 902 781 etiamtum
926 744 1064 778 inclusus

67 794 155 832 erat,
179 786 374 831 membranis
397 788 570 829 conspexi.
596 791 682 821 lntra
699 789 891 831 Vaginalem
916 800 997 830 aqua
1020 788 1066 820 le-

66 837 150 861 viter
173 829 313 863 subflava
337 832 590 871 continebatur,
614 831 663 865 secl
688 844 786 873 pauca
805 833 888 865 adeo
904 855 916 871 ,
940 841 975 864 ut
1000 840 1066 863 ter-

65 872 146 903 tiam
169 873 341 906 cochlearis
365 884 489 915 partem
513 886 575 906 non
590 874 776 917 superasset.
803 876 927 908 Tamen
951 886 990 907 ex
1002 874 1067 907 Al-

65 915 222 956 buginea,
246 917 326 955 ubi,
352 917 415 949 sani
439 918 607 960 alioquin,
633 928 668 951 ut
692 927 804 951 caetera
821 917 893 960 quae
916 917 980 959 ipse
995 929 1063 949 exa.

66 959 209 997 minavi,
235 960 374 993 testiculi
397 961 578 1002 supremam
592 962 826 1005 propemodum
851 970 973 1002 partem
986 971 1065 992 con-

66 1002 244 1043 vestiebat,
269 1004 500 1037 subrotundum
523 1004 662 1045 exstabat
685 1003 912 1048 corpusculum
934 1002 1063 1045 quod&

66 1044 177 1079 colore
199 1047 309 1080 eodem
333 1057 401 1080 erat
427 1059 494 1090 quo
516 1048 583 1091 ipsa
607 1049 741 1088 tunica,
765 1051 795 1081 δι
819 1059 858 1081 ex
880 1047 988 1081 eadem
1009 1044 1066 1079 fie-

65 1090 94 1120 ri
119 1089 287 1123 substantia
313 1091 501 1125 videbatur.

112 1134 160 1166 28.
187 1135 270 1166 §EN
281 1135 336 1167 EX
360 1136 574 1169 Tridentinus
599 1147 768 1177 procerus,
793 1134 843 1168 sed
869 1135 963 1168 arctis
988 1146 1065 1168 ven-

66 1177 192 1214 tribus,
216 1180 272 1219 qui
297 1177 379 1212 unde
403 1188 570 1218 mortuus,
596 1183 626 1211 &
649 1180 745 1222 quale
771 1181 803 1212 in
836 1180 931 1212 corde
953 1178 1066 1212 officu-

66 1220 133 1252 lum
157 1242 169 1259 ,
200 1223 233 1253 <Sc
254 1225 359 1263 quam
385 1223 511 1255 crebras
536 1224 568 1254 in
593 1224 707 1255 arteria
733 1223 850 1264 Magna
874 1221 971 1255 offeas
993 1223 1065 1255 bra-

64 1264 182 1296 eteolas
204 1263 358 1304 haberet,
382 1277 456 1299 cum
481 1266 543 1298 tibi
569 1267 638 1299 aliis
662 1268 797 1299 Litteris
821 1265 905 1308 (r)
926 1290 934 1304 ,
966 1271 1064 1307 quan-

63 1318 162 1354 quam
186 1307 220 1341 id
243 1310 350 1342 obiter
372 1330 381 1346 ‚
416 1308 663 1350 fig‘nificaverim
689 1324 697 1346 ;
724 1321 789 1343 non
812 1308 865 1342 hic
890 1318 1032 1350 repetam
1057 1334 1064 1341 .

63 1352 141 1383 Duo
166 1353 274 1392 potius
297 1364 368 1395 quae
393 1352 524 1386 cadaver
549 1353 615 1394 ejus
638 1353 788 1388 dissecans
813 1375 822 1390 ,
849 1352 951 1385 mense
976 1353 1066 1385 Mar-

64 1395 113 1426 tio
137 1396 178 1426 A.
207 1405 299 1438 1717.
326 1406 476 1437 praeterea
500 1397 710 1430 animadverti
733 1419 742 1434 ‚
766 1395 829 1430 huc
853 1396 1029 1430 adscribam
1054 1417 1065 1433 ,

63 1446 99 1470 ut
125 1439 229 1471 minus
253 1437 474 1481 imperfectam
498 1439 666 1473 historiam
678 1440 791 1473 habeas
947 1440 1065 1472 COR-

66 1481 139 1513 DIS
162 1484 337 1516 ventriculi
357 1504 366 1518 ‚
403 1486 433 1515 &
458 1484 529 1517 vasa
553 1484 673 1526 Magna
698 1482 858 1525 polypofis
880 1484 1066 1516 concretio-

63 1526 180 1561 nibus,
203 1525 307 1569 iisque
331 1526 526 1569 grandibus,
548 1528 671 1566 densis,
693 1530 747 1564 δέ,
771 1526 977 1561 fidistrahere
1001 1526 1067 1558 vel-

62 1568 130 1608 les,
153 1568 396 1607 renitentibus,
420 1581 483 1603 non
507 1570 680 1604 carebant:
706 1573 736 1603 ὃς
761 1579 866 1602 tamen
888 1567 986 1602 fluidi
1002 1593 1011 1608 ,
1034 1571 1066 1600 δε

61 1612 150 1654 nigri
172 1611 335 1654 sanguinis
358 1622 447 1646 tanta
471 1615 563 1657 copia
575 1624 678 1655 partes
702 1624 811 1646 omnes
823 1612 1068 1649 redundabant,

63 1666 99 1689 ut
123 1655 244 1689 secanti
269 1657 350 1690 mihi
376 1655 408 1688 id
433 1656 584 1690 molestiae
609 1657 742 1698 saephrs,
765 1658 796 1689 &
822 1666 919 1689 morae
941 1655 1039 1689 fuerit
1056 1680 1066 1688 .

194 1701 232 1731 In
257 1699 355 1733 scroti
379 1700 478 1733 altera
502 1711 590 1743 parte
615 1701 785 1742 Vaginalis
808 1700 914 1733 tunica
951 1710 1067 1741 aquam

61 1754 128 1775 non
152 1744 288 1777 multam
310 1743 522 1777 continebat.
547 1743 743 1785 Albugineae
766 1754 842 1776 vero
865 1766 878 1783 ,
908 1743 1064 1775 craffioris

61 1785 154 1825 fastae
175 1810 185 1825 ,
220 1786 419 1829 superficiem
451 1786 638 1829 corpuscula
673 1786 725 1820 hic
758 1786 827 1819 illic
863 1787 1066 1828 occupabant

62 1829 206 1872 ejusdem
230 1838 264 1864 ae
288 1842 323 1864 ea
347 1831 465 1864 coloris
483 1854 496 1871 ,
531 1830 755 1872 glandularum
779 1830 969 1872 exiguarum
1002 1829 1066 1862 for-

61 1885 140 1950 ¹nia,
162 1874 368 1915 duriuscula,
393 1874 512 1908 alicubi
537 1872 638 1907 ferme
661 1875 694 1906 in
718 1873 939 1915 quincuncem
961 1872 1068 1916 dispo-

74 1926 140 1949 ita.

105 1971 156 1998 29-
181 1962 285 1996 VIRI
308 1960 469 1999 cadaver,
493 1962 552 2004 qui
577 1973 593 1995 a
617 1959 790 2003 pleuritide
813 1960 901 2002 quafi
926 1959 1066 2003 quadam

61 2015 209 2039 mortuus
230 2006 420 2042 dicebatur,
444 2006 479 2038 in
503 2003 715 2046 Gymnafium
740 2004 870 2037 illatum
894 2003 937 2037 est
957 2026 966 2042 ,
990 2015 1067 2037 cum

59 2048 107 2081 ibi
135 2052 320 2083 Anatomen
341 2048 511 2086 docerem,
533 2049 591 2081 sub
612 2048 757 2092 Januarii
780 2047 878 2080 finem
904 2050 945 2080 A.
971 2056 1065 2089 1750.

193 2093 441 2126 THORACE
463 2091 608 2131 recluso,
633 2093 751 2124 vitium
775 2101 883 2124 revera
896 2091 1067 2134 multiplex

61 2136 96 2169 in
120 2147 158 2169 eo
182 2135 415 2177 deprehensum
438 2135 483 2168 est
504 2150 511 2167 ⁴.
535 2134 678 2168 Plurima
702 2136 789 2167 enim
811 2136 843 2166 δε
866 2135 900 2166 in
924 2133 990 2173 ejus
1012 2146 1066 2167 ca-

62 2180 134 2219 vis,
158 2183 189 2213 &
213 2180 246 2212 in
273 2179 453 2221 pericardio
479 2190 559 2220 aqua
582 2177 665 2212 fuit:
692 2179 881 2219 pulmones,
905 2176 1066 2210 afinistris

61 2221 260 2265 praesertim‚
283 2233 398 2264 magna
422 2234 462 2255 ex
487 2231 576 2263 parte
599 2221 640 2254 ad
665 2221 807 2262 pleuram
819 2219 903 2253 affixi
920 2244 929 2259 ,
952 2224 982 2254 &
1006 2221 1065 2253 ali-

61 2266 138 2299 cubi
173 2265 335 2300 subduri:
369 2267 454 2298 inter
478 2276 526 2298 eas
558 2264 727 2306 glandulas
750 2275 822 2305 quae
857 2262 894 2296 ad
921 2266 1059 2305 primam

60 2309 298 2343 bronchiorum
324 2308 397 2342 sunt
419 2306 609 2342 divisionem
631 2331 643 2347 ‚
667 2317 729 2340 una
751 2305 965 2341 transversum
989 2307 1059 2349 pol-

58 2353 154 2386 licem
179 2354 277 2394 longa
301 2377 307 2383 .
339 2350 505 2385 Consulto
527 2351 582 2385 hic
605 2352 728 2384 omitto
752 2361 822 2392 quae
846 2350 924 2383 alibi
951 2351 1065 2384 melius

60 2396 166 2430 dicam
184 2422 192 2436 ,
216 2396 448 2437 Triangulares
481 2395 620 2437 pestoris
645 2392 806 2426 musculos
828 2394 1065 2435 propemodum

60 2448 148 2472 totos
172 2438 249 2473 huic
274 2453 290 2473 a
313 2448 425 2471 natura
447 2435 581 2471 defuisse
603 2450 613 2468 .-
636 2448 652 2469 e
675 2435 783 2470 fibulae
808 2445 914 2471 autem
938 2439 1065 2471 alterius

52 2481 202 2524 supremo
234 2483 392 2516 interiore
416 2481 515 2514 latere
549 2478 730 2523 processum
754 2478 896 2519 osseum,
919 2480 1065 2523 styloidis

50 2525 252 2560 simillimum
276 2550 286 2565 ‚
325 2524 489 2558 extitisse.
623 2522 683 2557 Sed
707 2535 741 2557 ea
774 2534 915 2565 quorum
939 2524 1067 2566 potiffi-

52 2581 142 2603 mum
166 2569 258 2604 causa
283 2569 364 2602 hanc
388 2568 526 2602 scribere
540 2567 818 2600 Observationem
844 2568 975 2609 incepi,
999 2579 1065 2600 non

51 2618 229 2654 omittam.
258 2612 504 2646 Communibus
528 2610 787 2644 testiumtunicis
802 2611 980 2651 detractis,
1006 2611 1063 2647 sub

53 2669 191 2699 quarum
213 2657 267 2690 illa
296 2667 368 2699 quae
391 2654 535 2689 scrotum
560 2656 692 2696 proprie
714 2654 840 2686 dicitur
865 2678 874 2693 ,
899 2654 968 2696 plus
993 2657 1067 2697 pin-

56 2702 223 2741 guedinis,
247 2702 281 2734 in
304 2702 374 2732 imo
401 2700 496 2733 etiam
517 2720 527 2736 ‚
552 2698 642 2735 vidi,
664 2708 761 2739 quam
786 2699 819 2730 in
845 2697 976 2730 homine
988 2709 1068 2740 prae-

58 2744 172 2778 sertim
206 2754 272 2776 non
296 2742 387 2776 valde
422 2743 537 2784 pingui
561 2740 770 2786 expe&assem
791 2762 801 2777 ,
824 2752 898 2773 cum
924 2741 1065 2783 reliquas

60 2790 100 2823 ab
124 2788 225 2821 altero
248 2786 345 2818 latere
380 2785 446 2828 ipse
469 2784 646 2818 incidissem
668 2806 678 2822 ,
711 2796 767 2817 nec
791 2784 937 2817 humoris
968 2783 1065 2826 quid-

59 2843 158 2877 quam
190 2843 208 2864 e
230 2829 403 2870 Vaginalis
425 2841 506 2862 cavo
528 2827 667 2861 defluere
687 2849 697 2864 ,
732 2826 1028 2861 animadvertissem
1054 2841 1063 2865 ;

60 2874 203 2911 inclusus
236 2882 344 2905 tamen
377 2872 541 2906 testiculus
572 2882 670 2912 prope
700 2881 881 2905 extremum
921 2870 1063 2911 superius

61 2929 194 2963 parvam
218 2916 332 2949 habuit
355 2915 601 2950 excrescentiam
624 2913 803 2952 tabellam,
828 2914 1062 2957 exAlbuginea

62 2964 240 2999 exstantem
254 2985 261 2992 .
811 2958 818 2964 ”

105 3017 158 3049 30.
185 3002 256 3037 Post
278 3002 345 3036 haec
368 3001 480 3035 addere
504 3012 568 3035 non
593 3001 731 3037 attinet,
751 3000 911 3044 Juvenem
934 3000 973 3034 de
995 3012 1062 3043 quo

59 3050 118 3084 ubi
141 3049 181 3084 de
204 3045 406 3080 Vulneribus
430 3045 592 3079 Thoracis
612 3047 626 3084 ζ
649 3046 665 3063 ⁹<
687 3047 701 3082 )
721 3065 730 3081 ,
763 3047 794 3077 δε
820 3044 924 3077 multo
958 3045 1062 3078 minus

61 3095 183 3127 Virum
217 3089 256 3124 de
279 3096 345 3131 qu'o
379 3088 435 3121 ubi
457 3089 495 3122 de
518 3086 727 3129 Gonorrhoea
751 3087 829 3130 (s)
855 3087 1027 3120 scribemus
1050 3111 1062 3127 ,

58 3139 154 3171 illum
177 3134 311 3178 quidem
335 3142 402 3165 uno
424 3133 457 3165 in
481 3131 556 3165 teste
581 3143 679 3174 prope
704 3131 838 3164 alterurn
862 3130 1060 3172 epididymi-

59 3182 109 3217 dis
132 3179 291 3222 globum,
314 3175 409 3213 hunc.
432 3187 507 3208 vero
533 3175 579 3209 ad'
608 3175 766 3209 summum
793 3173 1024 3217 epididymidis
1047 3199 1057 3214 ,

59 3225 154 3258 illum
178 3229 308 3265 parvam
340 3216 427 3261 quafi
451 3218 642 3260 Albugineae
674 3217 922 3252 excrescentiam
948 3218 1060 3252 subru-

60 3270 152 3302 bram
175 3290 186 3306 ,
217 3268 248 3298 &
272 3262 403 3299 mollem
429 3285 438 3300 ,
475 3260 558 3295 hunc
579 3273 659 3301 vero
683 3261 917 3294 subrotundum
941 3273 1059 3303 corpu—

60 3311 185 3346 sculum
217 3305 381 3345 habuisse5
404 3308 509 3338 neutri
534 3315 638 3339 tamen
662 3306 749 3338 intra
772 3305 964 3347 Vaginalem
990 3306 1059 3346 plus·

60 3353 200 3390 madoris
221 3350 340 3389 fuisse,
362 3359 460 3391 quam
483 3350 517 3381 in
541 3348 697 3382 saniffimo
721 3350 837 3390 quovis
860 3348 992 3382 homine
1009 3350 1058 3380 vi-

58 3401 207 3433 deamus.
226 3395 303 3439 Jam
328 3393 417 3425 enirn
440 3391 514 3424 satis
545 3403 585 3425 ex
608 3391 823 3434 superioribus
855 3392 993 3426 historiis
1017 3393 1058 3424 11·-

57 3452 156 3486 quet,
180 3450 243 3472 non
268 3437 372 3470 solum
397 3432 547 3477 praesente
568 3435 759 3481 corpusculo
780 3457 789 3472 ‚
822 3436 889 3468 imo
913 3435 1057 3477 pluribus

57 3492 290 3524 nonnunquam
314 3477 510 3521 corpusculis
532 3502 542 3518 ,
577 3489 691 3520 aquam
715 3481 749 3512 in
773 3479 927 3522 Vaginali
963 3477 1056 3512 fuisse

57 3541 123 3563 non
146 3526 285 3562 multam
309 3545 321 3562 ,
351 3522 401 3555 sed
425 3522 548 3555 nullam
569 3531 647 3555 tunc
669 3532 799 3565 quoque
822 3534 897 3555 cum
932 3522 1054 3556 rubella

57 3572 192 3607 exstaret
214 3567 319 3603 adhuc
340 3564 556 3600 excrescentia
576 3589 586 3606 ‚
619 3576 692 3608 quae
715 3565 795 3600 mihi
826 3566 900 3600 effer
924 3564 1056 3608 hydati-

1963 277 2053 336 189

1117 352 1165 386 dis
1188 362 1252 385 nou
1277 353 1323 385 ita
1346 351 1469 394 pridem
1491 350 1643 393 disruptae
1668 350 1828 385 indicium
1850 376 1858 384 .
1891 351 1975 389 Quae
2007 353 2118 385 omnia

1117 394 1172 430 etfi
1195 398 1240 429 ita
1264 394 1360 433 sunt·>
1384 404 1492 430 tamen
1514 394 1644 436 quando
1658 394 1741 428 nihil
1766 395 1809 429 est
1832 395 1919 436 quod
1932 403 2018 427 vetet
2043 406 2121 427 con-

1119 441 1243 480 cipere,
1270 437 1460 481 hydatidem
1483 448 1589 471 recens
1600 437 1781 480 disruptam
1798 460 1806 475 ‚
1827 436 1919 472 fuiffe
1944 439 2119 479 exiguam,

1120 482 1304 525 corpuscula
1328 491 1433 516 autem
1457 481 1625 525 quaedam,
1652 483 1700 515 vel
1712 483 1826 524 plura,
1851 480 2045 515 vetustarum
2061 481 2120 521 hy.

1117 527 1269 560 datidum
1293 525 1351 560 effe
1375 526 1509 567 vestigia
1528 549 1537 561 ,
1562 525 1699 566 denique
1724 525 1943 559 revehentium
1969 524 2120 557 vasorum

1118 569 1247 606 oscula,
1272 579 1306 603 ut
1330 571 1362 602 in
1387 567 1593 614 quorundam·
1613 569 1768 611 Vaginali
1794 569 1903 602 tunica
1939 569 1994 600 vix
2018 568 2083 601 ulla
2107 589 2120 606 ‚

1119 622 1174 646 aut
1198 613 1357 647 obstructa
1383 613 1439 646 esse
1454 638 1463 652 ,
1486 612 1622 653 ideoque
1645 613 1678 644 in
1702 613 1741 645 iis
1762 612 1894 646 effusam
1919 610 2122 654 aquamdiu-

1118 658 1186 690 tius
1210 657 1349 694 servari,
1372 656 1414 691 sic
1439 665 1551 689 contra
1575 656 1608 687 in
1632 656 1702 688 aliis
1726 655 1842 697 majori
1867 655 1925 688 effe
1950 665 2085 688 numero
2111 678 2122 694 ,

1120 701 1285 742 magisque
1310 702 1478 741 patentia,
1502 709 1575 732 cum
1598 699 1704 740 igitur
1727 700 1896 741 concipere
1908 697 1974 732 haec
2000 698 2121 744 licea-t3

1117 745 1192 777 satis
1227 743 1284 777 esse
1307 744 1406 777 causae
1430 754 1495 776 non
1521 741 1616 774 video
1638 766 1646 781 ‚
1678 753 1735 775 cur
1760 744 1881 784 priores
1913 741 1984 774 illas
2008 752 2124 781 conje-

1117 788 1225 820 &uras
1248 788 1386 820 omnino
1408 786 1545 828 abjicere
1568 795 1722 826 cogamur
1745 810 1752 816 .
1789 786 1968 827 Utcunque
1991 784 2022 817 id
2047 783 2088 817 est
2112 796 2122 820 ς

1117 842 1155 863 ex
1180 831 1268 863 leeris
1299 841 1377 873 quas
1403 828 1628 872 proposuimus
1650 850 1660 865 ‚
1693 840 1730 862 ex
1755 829 1879 863 relectis
1904 837 2010 861 autern
2044 837 2124 870 quas

1116 872 1351 911 indicavimus,
1376 873 1670 907 Observationibus
1692 873 1858 914 collegeris
1884 894 1895 910 ,
1920 870 2089 913 hydatides
2113 893 2124 910 ‚

1116 916 1345 950 excrescentias
1363 939 1373 954 ‚
1398 916 1598 959 corpuscula
1625 916 1719 949 nobis
1743 926 1778 949 ur
1805 915 1983 957 plurimum
2008 914 2046 948 ad
2071 913 2126 947 su-

1115 962 1222 1002 perius
1246 960 1330 993 testis
1354 969 1533 993 extremum
1558 981 1568 996 ‚
1603 969 1698 1001 atque
1723 960 1802 992 adeo
1838 970 1939 1001 prope
1965 958 2123 1000 majorem

1115 1003 1345 1045 epididymidis
1379 1003 1514 1044 globum
1538 1001 1710 1036 occurrisse
1733 1015 1743 1034 :
1773 1005 1803 1035 δε
1826 1014 1899 1035 curn
1926 1003 1959 1034 in
1983 1011 2125 1043 utroque

1115 1046 1272 1079 exstarent
1296 1045 1446 1079 testiculo
1473 1070 1482 1084 ,
1514 1046 1626 1088 saepius
1650 1045 1786 1080 eundem
1811 1045 1988 1086 utrobique
2012 1046 2123 1079 locum

1081 1107 1084 1109 ·
1116 1089 1272 1130 tenuisse,
1295 1090 1374 1132 quin
1399 1091 1497 1122 etiarn
1521 1090 1550 1121 ei
1574 1090 1724 1123 adnatam
1743 1113 1756 1128 ‚
1792 1100 1846 1122 aut
1870 1089 1979 1121 saltem
2011 1088 2125 1131 proxi-

1117 1144 1203 1165 mam
1227 1157 1239 1173 ,
1271 1141 1430 1174 quantum
1453 1133 1627 1166 delineatio
1661 1133 1789 1166 videtur
1812 1131 1977 1165 ostendere
1999 1154 2010 1171 ‚
2034 1131 2125 1164 illam

1117 1175 1307 1217 hydatidem
1330 1175 1423 1209 fuisse
1448 1187 1543 1219 quam
1567 1176 1655 1209 testis
1678 1175 1815 1217 figuram
1837 1198 1850 1215 ‚
1873 1177 1903 1207 &
1927 1174 2127 1216 magnitudi-

1117 1231 1190 1253 nem
1225 1219 1415 1253 referentem
1438 1218 1530 1262 supra
1553 1222 1567 1258 (
1589 1220 1637 1261 t)
1665 1221 1917 1252 memoravimus
1939 1230 1948 1250 .-
1981 1229 2053 1259 quae
2078 1228 2126 1251 res

1116 1275 1183 1297 non
1205 1262 1332 1306 prorsus
1357 1264 1500 1305 indignae
1526 1261 1754 1296 sunt-fortasse
1777 1273 1849 1304 quae
1862 1261 2126 1295 animadvertan-

1117 1317 1192 1346 tur,
1216 1311 1246 1340 &
1269 1318 1412 1350 quorum
1435 1306 1534 1341 causae
1559 1305 1691 1340 forsitan
1726 1317 1764 1340 ex
1796 1306 1948 1348 propiore
1973 1305 2129 1346 Sperma-

1117 1350 1260 1385 ti'corum
1293 1351 1441 1384 vasorum
1476 1349 1619 1384 fasciculi
1651 1348 1829 1383 insertione
1860 1349 2088 1391 perquirantur
2117 1374 2129 1382 .

1250 1396 1375 1427 Verum
1400 1403 1431 1428 te
1454 1393 1536 1427 illud
1561 1395 1663 1436 magis
1687 1404 1726 1426 ex
1748 1404 1798 1426 me
1830 1389 2039 1434 quaefitururn
2065 1404 2126 1434 pu-

1117 1446 1154 1471 to
1176 1461 1189 1478 ,
1222 1450 1300 1472 num
1326 1439 1427 1479 igitur
1450 1436 1606 1479 nusquam
1628 1460 1640 1477 ,
1663 1437 1722 1470 nisi
1748 1438 1834 1469 inter
1857 1436 2051 1477 Vaginalem
2075 1446 2129 1469 tu-

1118 1483 1247 1521 nicam,
1273 1484 1303 1514 δε
1325 1481 1547 1521 Albugineam
1571 1480 1780 1523 hydrocelem
1802 1478 1993 1512 offenderim
2018 1503 2025 1511 .
2053 1480 2127 1521 Ego

1120 1536 1197 1558 vero
1221 1535 1257 1558 ut
1281 1524 1375 1558 semel
1399 1523 1540 1558 viderim
1563 1524 1598 1558 in
1622 1524 1688 1566 ipsa
1704 1549 1714 1565 ,
1737 1533 1773 1557 ut
1799 1523 1959 1562 arbitror,
1987 1522 2127 1565 Albugi-

1120 1580 1178 1602 nea
1195 1593 1203 1607 ,
1227 1578 1389 1602 contlnuo
1412 1579 1572 1610 exponam
1588 1591 1595 1601 .

1165 1622 1216 1656 31.
1244 1611 1373 1644 SENIS
1395 1635 1408 1652 ,
1429 1614 1487 1654 qui
1512 1611 1552 1645 ab
1576 1612 1642 1645 alto
1666 1610 1780 1646 cadens
1806 1611 1930 1645 Martio
1957 1611 2060 1644 mense
2086 1611 2128 1642 A.

1123 1659 1218 1699 1706.
1242 1667 1282 1689 ex
1315 1656 1433 1696 capitis
1456 1656 1523 1688 istu
1558 1665 1704 1688 mortuus
1727 1655 1773 1688 est
1798 1678 1807 1693 ,
1843 1655 2001 1696 reliquam
2028 1655 2130 1688 histo-

1120 1704 1221 1738 riam,
1246 1709 1321 1732 cum
1345 1699 1383 1732 de
1407 1700 1447 1731 iis
1469 1699 1588 1732 ictibus
1612 1709 1704 1740 agam
1729 1720 1739 1736 ,
1762 1701 1776 1737 (
1798 1709 1818 1731 u
1843 1702 1852 1739 )
1878 1697 2012 1732 habebis
2032 1711 2041 1730 :
2074 1696 2129 1731 hic

1117 1757 1154 1779 ea
1179 1752 1308 1777 tantum
1331 1753 1403 1786 quae
1427 1741 1465 1776 ad
1488 1740 1634 1775 herniam
1658 1743 1799 1775 attinent
1823 1742 1987 1785 duplicem
2010 1754 2073 1784 qua
2096 1744 2130 1774 in

1119 1790 1256 1822 dextero
1290 1784 1522 1820 tantummodo
1539 1808 1541 1810 -
1557 1785 1668 1819 scroto
1710 1787 1912 1819 laboraverat
1937 1810 1944 1817 .
2080 1785 2132 1818 O·

1119 1830 1346 1866 MENTUM
1370 1854 1381 1869 ,
1417 1827 1505 1871 quod
1527 1829 1560 1861 in
1594 1828 1665 1871 ipso
1689 1838 1799 1863 ventre
1836 1839 1901 1863 erat
1924 1828 2131 1864 dextrorsum

1120 1875 1323 1912 retrafium,
1348 1883 1386 1906 ex
1410 1884 1448 1906 eo
1471 1870 1681 1906 descendebat
1704 1875 1738 1906 in
1763 1872 1922 1906 sacculum
1939 1874 1995 1916 qui
2020 1873 2056 1906 ad
2082 1873 2131 1905 la-

1122 1928 1174 1951 tus
1198 1916 1339 1950 fasciculi
1366 1917 1641 1958 Spermaticorum
1667 1917 1816 1950 vasorum
1850 1928 1915 1950 non
1938 1917 2021 1950 ultra
2046 1916 2132 1950 sum-

1122 1972 1209 1995 mam
1233 1959 1370 1993 testiculi
1394 1969 1519 2001 partem
1544 1959 1796 1994 extendebatur.
1825 1960 1916 1993 Intus
1942 1962 2132 1998 eratlaevis,

1123 2017 1162 2039 ex
1185 2015 1284 2045 eoque
1307 2013 1478 2036 omentum
1511 2004 1600 2037 nullo
1624 2006 1761 2046 negotio
1795 2005 1829 2037 in
1855 2006 1976 2037 ventris
2000 2015 2130 2039 caveam

1119 2048 1292 2083 reduetum
1314 2046 1376 2080 est.
1402 2047 1526 2081 Hernia
1551 2056 1656 2080 autem
1680 2048 1778 2081 altera
1804 2048 1841 2081 ad
1873 2046 1959 2081 hunc
1993 2049 2128 2082 modurn

1120 2092 1152 2125 se
1175 2089 1335 2124 habebat.
1360 2090 1437 2123 Erat
1463 2091 1542 2124 alter
1567 2090 1706 2126 sacculus
1732 2092 1841 2132 priore
1865 2092 1970 2124 multo
1995 2093 2102 2125 minor
2122 2118 2131 2131 ,

1119 2137 1241 2178 quippe
1264 2133 1413 2168 testiculo
1436 2145 1501 2167 non
1525 2135 1656 2177 longior
1678 2157 1689 2172 ‚
1713 2135 1787 2168 satis
1811 2145 1916 2168 tamen
1941 2136 2023 2169 latus
2044 2159 2057 2176 ,
2092 2148 2132 2171 ex

1119 2179 1195 2211 laevi
1209 2202 1217 2215 ,
1240 2176 1448 2218 &separabili
1461 2176 1562 2211 faetus
1575 2179 1760 2212 membrana
1773 2202 1786 2219 ,
1812 2177 1996 2212 subflavum
2011 2191 2127 2221 aquam

1120 2221 1311 2254 continens.
1338 2220 1370 2253 Is
1393 2220 1531 2254 testiculi
1555 2222 1660 2255 multo
1671 2223 1844 2256 maximam
1869 2233 1993 2265 partem
2019 2226 2130 2264 cinge-

1120 2265 1200 2302 bat,
1224 2265 1344 2306 quippe
1368 2264 1470 2299 latera
1492 2264 1568 2297 hinc
1592 2287 1601 2301 ‚
1626 2267 1656 2296 &
1680 2264 1757 2298 hinc
1781 2265 1947 2299 arctissime
1971 2269 2129 2300 commit-

1119 2318 1190 2341 tens
1213 2305 1266 2340 sua
1289 2318 1362 2341 cum
1386 2319 1419 2341 ea
1443 2307 1527 2341 dorsi
1553 2308 1689 2342 testiculi
1705 2317 1794 2351 parte
1816 2320 1887 2351 qua:
1908 2311 2062 2353 utrinque
2087 2310 2131 2344 se-

1119 2349 1263 2385 cundum
1287 2350 1529 2393 longitudinem
1552 2351 1769 2394 epididymidi
1791 2361 1856 2385 erat
1880 2355 2028 2396 proxima
2054 2377 2063 2392 ‚
2090 2366 2126 2389 ut

1119 2394 1188 2429 haec
1212 2395 1368 2436 particula
1392 2404 1483 2429 extra
1507 2394 1668 2430 sacculum
1691 2395 1767 2430 esset
1793 2405 1883 2431 tota.

1163 2448 1216 2481 32.
1241 2438 1310 2474 Qi
1335 2438 1555 2480 Albuginearn
1589 2441 1733 2474 tunicam
1756 2441 1790 2471 in
1822 2440 1900 2474 duas
1924 2442 2126 2476 membranas

1119 2481 1237 2520 facili,
1270 2484 1300 2514 δι
1325 2482 1477 2524 aequabili
1510 2482 1667 2515 divifione
1697 2482 1783 2516 haud
1817 2483 1911 2517 semel
1945 2487 2128 2520 diduxerim

1117 2528 1133 2564 (
1156 2536 1178 2559 x
1201 2528 1211 2563 )
1235 2548 1244 2563 ‚
1275 2523 1329 2557 Cl.
1355 2535 1464 2558 autem
1497 2525 1774 2568 Teichmeyerum
1808 2530 1863 2567 (y
1886 2531 1899 2567 )
1934 2529 2059 2563 videam
2091 2530 2125 2564 id

1118 2569 1254 2610 benigne
1278 2579 1450 2610 augentem
1466 2594 1474 2607 ,
1500 2568 1800 2613 affirmantemque,
1822 2571 1854 2603 in
1877 2578 1943 2603 tres
1966 2573 2124 2607 evidentes

1118 2612 1241 2645 tunicas
1258 2611 1401 2654 separari
1419 2610 1523 2656 posses
1548 2611 1708 2646 sacculum
1741 2612 1826 2647 hunc
1861 2615 2020 2650 minorem
2054 2629 2122 2651 cre-

1116 2655 1257 2689 diderim
1282 2667 1320 2688 ex
1354 2667 1462 2689 earum
1495 2655 1619 2690 duabus
1655 2658 1695 2690 ab
1718 2656 1906 2699 interposita
1944 2672 2023 2702 aqua
2048 2660 2125 2695 effe-

1119 2700 1207 2732 dum
1229 2711 1237 2729 :
1273 2699 1361 2740 quod
1385 2698 1576 2740 hydroceles
1611 2710 1709 2741 genus
1733 2722 1743 2738 ,
1777 2701 1835 2733 nisi
1858 2700 1944 2735 forte
1968 2717 1984 2736 a
2010 2704 2125 2737 Fabri-

1117 2743 1172 2775 cio
1196 2741 1304 2775 nostro
1326 2744 1340 2781 (
1363 2754 1387 2785 z
1408 2750 1421 2782 )
1444 2743 1624 2776 indicatum
1649 2743 1727 2776 velis
1751 2768 1760 2782 ,
1785 2742 1893 2776 nescio
1918 2758 1954 2778 an
1979 2747 2018 2780 ab
2053 2749 2124 2782 aliis

1118 2794 1209 2819 antea
1242 2783 1341 2818 suerit
1385 2785 1575 2819 adnotatum
1598 2811 1606 2818 .
1741 2787 1854 2821 Genus
1896 2799 2000 2822 aurem
2040 2792 2122 2826 illud

1116 2828 1206 2871 quod
1231 2830 1308 2862 Viri
1333 2830 1532 2871 center-oquin
1565 2829 1735 2863 dofiiffimi
1768 2828 2057 2871 frequentissimum
2077 2834 2123 2868 es.

1113 2872 1146 2905 se
1168 2871 1279 2914 ajunt,
1305 2875 1336 2904 &
1359 2883 1442 2913 ego,
1465 2883 1521 2905 nec
1546 2871 1610 2907 sine
1633 2871 1766 2906 curandi
1790 2874 1894 2916 ipsum
1919 2877 2018 2910 modo
2042 2904 2051 2916 ,
2086 2880 2120 2912 in

1113 2916 1170 2949 illa
1196 2914 1441 2949 Introdustione
1476 2919 1565 2955 (a)
1598 2915 1736 2957 agnosco
1766 2928 1838 2958 quae
1872 2918 1952 2951 adeo
1984 2923 2118 2964 antiqua

1113 2959 1160 2993 est
1186 2983 1195 2997 ‚
1228 2968 1263 2992 ut
1297 2958 1427 2991 Galerio
1449 2959 1647 2993 adscribatur
1671 2981 1682 2998 ,
1714 2959 1795 2993 illud
1819 2982 1828 2997 ‚
1862 2963 1994 3003 inquam
2019 2987 2029 3001 ‚
2062 2977 2117 3008 ge-

1113 3014 1173 3036 nus
1196 3013 1254 3035 nec
1286 3001 1447 3034 Valsalvae
1469 3025 1481 3042 ,
1517 3014 1574 3036 nec
1608 3001 1691 3035 mihi
1713 3004 1858 3037 occurrit
1880 3027 1892 3043 ³
1924 3017 2026 3049 neque
2050 3010 2118 3042 Ex-

1114 3044 1344 3088 perientiffimo
1376 3044 1527 3078 Heistero
1550 3046 1603 3089 (h
1626 3050 1639 3085 )
1660 3071 1668 3079 .
1706 3046 1784 3080 Non
1809 3057 1917 3081 tamen
1949 3061 2116 3094 propterea

1116 3090 1155 3123 ab
1190 3089 1261 3123 aliis
1294 3087 1342 3122 vel
1377 3088 1566 3122 creberrime
1600 3090 1703 3123 visum
1736 3094 1918 3133 negaverim
1945 3119 1953 3133 ‚
1985 3097 2042 3136 qui
2067 3098 2117 3129 vi-

1110 3133 1230 3166 delicet
1263 3132 1366 3165 multo
1399 3130 1510 3175 saepius
1543 3143 1658 3174 aquam
1691 3135 1778 3166 inter
1811 3138 2027 3171 membraneas
2050 3140 2116 3172 cel..

1113 3177 1193 3210 lulas
1225 3187 1297 3218 quae
1331 3174 1423 3216 supra
1457 3175 1652 3218 Vaginalem
1689 3178 1834 3211 tunicam
1866 3180 1936 3213 sunt
1962 3205 1969 3219 ‚
2012 3183 2113 3215 inter-

1112 3220 1231 3253 clusam
1255 3242 1267 3258 ,
1309 3229 1406 3261 quam
1442 3219 1528 3252 intra
1570 3218 1650 3252 hanc
1681 3218 1813 3254 effusam
1838 3243 1846 3257 ‚
1890 3234 2077 3264 proponunt
2102 3250 2110 3257 .

1110 3263 1180 3297 Diu
1212 3262 1256 3296 est
1286 3273 1359 3296 cum
1391 3262 1446 3294 alii
1471 3288 1480 3302 ‚
1515 3266 1545 3296 δι
1588 3265 1621 3295 in
1645 3262 1694 3296 his
1725 3274 1809 3297 certe
1842 3265 2010 3299 Gerardus'
2039 3268 2114 3302 Bia.

1111 3306 1173 3339 sius
1197 3311 1206 3345 (
1230 3317 1245 3338 c
1269 3310 1279 3344 )
1304 3305 1498 3338 admonuere
1523 3331 1532 3346 ‚
1571 3304 1654 3340 hanc
1679 3307 1824 3340 tunicam
1858 3318 1917 3341 non
1950 3311 2109 3346 extendere

1105 3349 1138 3391 se
1162 3354 1245 3383 ultra
1278 3347 1379 3387 testem
1403 3371 1412 3386 ‚
1447 3359 1504 3382 nec
1536 3348 1610 3391 vasa
1637 3348 1827 3391 spermatica
1859 3351 2001 3394 vaginali
2032 3365 2110 3395 qua-

1109 3393 1181 3426 dam
1214 3392 1319 3425 runica
1355 3390 1453 3425 libera
1488 3393 1552 3436 tegi
1576 3403 1586 3429 3
1720 3391 1777 3434 sed
1799 3403 1857 3434 pro
1896 3407 1929 3427 ea
1954 3395 2108 3430 membra..

1108 3436 1199 3468 nulas
1232 3435 1300 3467 dari
1326 3434 1483 3476 plurimas
1505 3459 1516 3475 ,
1551 3442 1779 3478 coagmentatus
1804 3458 1814 3474 ‚
1849 3437 1922 3479 vasa
1957 3436 2017 3470 haec
2037 3451 2107 3472 con-

1106 3479 1259 3512 merentes
1284 3490 1293 3518 :-
1325 3480 1434 3518 iraque
1468 3480 1518 3512 vel
1551 3488 1647 3519 rupto
1673 3478 1712 3511 ad
1745 3480 1879 3520 inguina
1905 3481 2106 3522 peritonaeo,

1107 3531 1215 3555 tamen
1260 3521 1389 3554 humori
1435 3531 1472 3554 cx
1513 3528 1621 3554 ventre
1664 3522 1703 3553 aci
1746 3520 1800 3554 hoc
1838 3521 1979 3563 spatium
2011 3552 2019 3564 ,
2074 3528 2107 3560 id

1106 3565 1145 3605 eft
1178 3566 1210 3598 in
1244 3563 1403 3606 Vaginalis
1435 3575 1547 3598 cavum
1570 3587 1583 3604 ,
1614 3563 1735 3598 nullum
1757 3564 1826 3598 dari
1847 3565 2032 3607 transtrum,
2050 3569 2106 3610 scd

1989 3620 2062 3644 vero

63 3711 2095 3731 fflm-Q

110 3795 125 3824 (
140 3791 180 3824 ν’)
207 3795 280 3823 Epist.
304 3802 325 3823 3.
351 3800 374 3817 n.
393 3800 434 3827 με.
491 3794 505 3822 ζ
521 3792 563 3824 ἵ)
584 3792 656 3821 Epist.
680 3801 716 3827 53.
737 3801 760 3816 n.
787 3800 826 3820 40.

110 3826 125 3853 (
140 3833 154 3849 x
169 3826 182 3854 )
200 3823 294 3849 advers.
311 3833 336 3854 4.
352 3822 466 3847 Animad.
485 3830 506 3847 1.
566 3824 609 3853 (y

109 3856 220 3916 {sylis
233 3857 385 3913 gli-servatis,
404 3884 471 3915 supra
487 3886 516 3910 ad
533 3892 557 3910 n.
574 3887 598 3910 ts.
613 3884 711 3909 citatis.

721 3823 726 3827 ,
887 3794 954 3823 (s)
982 3791 1054 3827 Epist·
1077 3800 1117 3820 44·
1141 3799 1169 3816 n·
1190 3800 1212 3821 s·

624 3823 638 3851 )
655 3823 750 3848 Vindic.
766 3823 886 3853 quorund.
906 3826 1002 3848 Invent.
1021 3830 1047 3847 m
1062 3822 1128 3847 fine.

335 3853 344 3881 <
360 3853 374 3876 b
392 3854 405 3882 )
424 3853 518 3877 Differt.
534 3854 563 3878 de
581 3855 685 3886 Hydroc-
704 3861 728 3878 n.
744 3856 783 3879 28.
800 3856 822 3879 δι
840 3854 916 3879 Instit.
934 3853 1000 3878 Chir.
1019 3855 1046 3878 P.
1063 3860 1086 3879 2.
1104 3854 1128 3880 S.
1145 3861 1166 3883 ς.
1183 3860 1204 3878 c.
1222 3859 1273 3880 122.=
1291 3857 1341 3877 not.
1359 3851 1371 3876 b
1386 3852 1417 3877 ad
1433 3859 1459 3876 n.
1476 3859 1498 3877 1.

1274 3768 1388 3821 (nin.
1417 3798 1437 3819 3.

1499 3791 1543 3820 (u
1558 3790 1572 3818 J
1589 3789 1662 3819 Epist.
1680 3798 1717 3820 52.
1734 3797 1759 3815 n.
1775 3791 1798 3815 8.

1190 3824 1203 3852 (
1221 3822 1261 3851 z)
1281 3820 1436 3845 Pentateuch.
1455 3820 1521 3848 Chir.
1540 3821 1558 3845 l.
1580 3828 1600 3845 1.
1620 3828 1640 3846 c.
1657 3827 1697 3850 27.
