2498 4075
388 77 488 142 296

884 71 1039 125 Liber
1073 69 1140 122 11.
1173 69 1259 122 De
1293 68 1501 122 Morbis
1533 64 1788 119 Thoracis

322 156 492 199 diffimilem
514 154 581 197 ejus
603 152 654 195 qui
677 152 709 185 in
731 150 921 185 atheromate
942 147 1115 190 reperitur,
1136 147 1171 180 in
1192 146 1318 181 eodem·
1367 144 1480 179 neroso
1509 143 1586 178 vino
1603 167 1616 184 ,
1650 141 1803 186 hujusque
1826 141 1945 184 spiritu
1961 164 1983 191 ι,
2016 148 2052 174 ut
2074 148 2188 175 vocant
2209 162 2223 180 ,
2244 137 2359 181 cupide

320 210 381 242 que
402 209 535 240 corpore
558 197 634 229 alias
655 195 832 229 simillimas
845 194 938 227 flavas
959 189 1041 224 sedes
1058 188 1122 234 jam
1143 191 1316 232 coriaceas,

322 243 402 275 alias
424 240 665 282 cartilagfneas,
688 239 768 272 alias
789 237 916 279 denique
938 232 1030 277 offeas
1042 257 1052 273 ,
1075 232 1227 276 hu'usque
1241 243 1315 275 pro-

310 285 481 327 gressionis
504 295 520 315 a
543 282 682 315 mollitie
705 280 743 314 ad
764 282 865 313 varios
888 277 1016 311 duritiae
1047 287 1102 319 gra
1125 288 1160 311 us
1176 276 1255 319 saepe
1276 275 1315 308 ab

317 340 358 361 eo
390 326 640 360 observationem
670 324 727 358 effe
759 323 953 365 repetitam:
984 331 1078 363 quam
1111 318 1185 353 inde
1216 319 1315 351 etiam

318 369 503 403 confirmare
536 368 627 410 poffis
649 372 663 409 (
683 377 699 403 t
719 372 732 407 )
757 364 846 409 quod
878 374 1019 396 convexa
1041 374 1148 397 earum
1171 361 1313 404 squama-

317 425 388 447 rum
420 411 516 445 facies
538 411 697 446 indicium
721 410 816 444 servet
838 408 976 449 originis
999 417 1037 439 ex
1058 407 1151 439 molli
1182 407 1315 438 materia

314 457 377 496 vsuae
389 479 402 495 ,
424 465 531 496 nempe
555 453 760 497 transversam
781 450 979 484 direiiionem
1001 449 1040 482 ab
1062 448 1183 483 adnatis
1194 449 1314 481 carneis

317 500 503 533 arteriarum
527 496 614 531 fibris
638 497 695 530 fibi
720 494 848 529 totidem
864 492 964 535 sulcis
987 491 1169 535 inscriptam
1193 504 1200 523 τ
1236 502 1315 538 quos

316 541 446 586 quidem
470 541 570 574 sulcos
584 566 593 581 ,
614 551 687 573 cum
711 538 806 571 osseas
830 536 971 578 squamas
993 536 1074 568 olim
1096 547 1112 568 a
1135 533 1314 567 transversis

317 587 502 619 arteriarum
525 583 615 617 fibris
638 582 845 619 evolverem,
877 591 893 612 a
913 590 961 612 me
983 590 1108 622 quoque
1130 578 1164 610 in
1187 577 1315 611 illarum

316 627 506 671 quibusdam
528 624 764 660 animadversos
785 622 898 662 fuisse,
923 622 1077 655 memini.
1101 621 1172 653 Nec
1185 619 1315 654 diffimi-

316 673 343 706 li
366 676 552 714 argumento
574 669 722 703 Hallerus
745 668 801 711 (iz
824 670 835 706 )
860 666 965 699 utitur
987 663 1026 697 ad
1057 661 1281 698 ostendendum
1302 686 1316 703 ,

316 715 435 758 amplas
456 715 587 748 laminas
610 710 706 746 osseas
726 737 734 751 ,
763 712 797 743 in
821 710 975 742 exteriore
1008 706 1089 753 facie
1113 716 1200 740 natas
1222 706 1317 741 Cras-

306 758 405 800 ,fiori-s
428 757 609 799 meningis,
631 768 669 789 ex
692 754 787 789 succo
811 753 929 795 pariter
950 750 1098 784 coaluisse
1115 774 1122 781 .
1148 752 1250 783 Porro
1272 759 1319 783 et—

316 804 382 835 iam
405 800 507 834 censet
532 801 589 842 (x
610 803 644 839 ),
666 799 803 841 primam
826 795 940 828 calculi
962 794 1075 827 renalis
1098 795 1261 827 materiem
1281 792 1321 826 si-

311 846 348 878 bi
370 844 543 887 aliquoties
566 841 768 884 conspeQam
793 838 850 872 esse
872 848 937 880 quae
954 836 1130 879 plurimum
1151 847 1221 871 cum
1243 847 1314 870 cru-

306 889 426 930 starum
449 885 668 928 arteriosarum
686 882 804 925 primis
837 881 1024 915 rudimentis
1046 878 1159 914 habeat
1180 878 1314 923 affinita-

313 932 376 968 tis,
403 930 524 964 flavum
545 927 696 961 videlicet
721 936 850 961 mucum
873 925 907 957 in
920 923 1059 961 Remini,
1085 932 1120 956 ut
1143 926 1313 960 vocitant,

310 970 519 1017 canaliculis,
540 970 737 1014 eundemque
760 968 921 1013 gradatim
943 967 1104 1000 duriorem
1116 965 1257 1006 fastuum
1279 975 1316 999 ut

306 1017 394 1056 ,mihi
418 1019 452 1049 in
477 1026 615 1050 mentem
637 1016 742 1053 veniat
766 1011 987 1056 progressionis
1010 1009 1098 1044 illius
1119 1033 1131 1050 ‚
1162 1021 1258 1051 quam
1280 1010 1314 1041 in

311 1061 449 1094 Pinealis
485 1059 641 1102 glandulae
675 1057 808 1091 calculis
830 1068 847 1088 a
871 1055 951 1089 flava
985 1053 1112 1087 mucosa
1136 1053 1173 1085 ad
1207 1063 1316 1085 areno-

311 1103 377 1138 sam
400 1130 408 1144 ,
443 1107 475 1137 &
498 1103 635 1145 denique
665 1100 704 1135 ad
727 1108 905 1134 concretam
923 1120 934 1138 ,
964 1096 1192 1139 subduramque
1215 1105 1315 1129 mate-

310 1149 393 1182 riam
416 1145 624 1181 animadverti
647 1168 657 1183 ,
692 1147 725 1177 &
749 1151 853 1177 tecum
887 1142 963 1174 alias
986 1143 1039 1182 (y
1061 1143 1074 1179 )
1097 1139 1315 1172 communica-

307 1192 345 1224 ivi
370 1215 377 1223 .
410 1193 506 1224 Certe
530 1199 635 1223 autem
659 1199 731 1231 quae
753 1186 884 1220 materia
906 1195 922 1216 e
945 1183 1104 1217 renalibus
1125 1183 1191 1215 illis
1213 1192 1315 1215 extre-

310 1235 373 1268 mis
406 1233 555 1267 duffibus
591 1231 670 1274 saepe
694 1242 711 1262 a
741 1231 794 1263 Cl.
821 1228 968 1262 Bertinio
1001 1230 1015 1266 (
1037 1237 1061 1269 z
1082 1229 1096 1265 )
1118 1226 1315 1268 exprimeba-

310 1287 383 1316 tur,
407 1279 440 1310 δε
462 1275 612 1314 craffitie,
635 1276 667 1307 ὃ(
690 1273 803 1306 colore
828 1295 841 1311 ‚
872 1274 903 1304 &
926 1272 1037 1304 terreis
1058 1268 1193 1312 denique
1218 1270 1314 1312 parti.

310 1321 390 1355 culis
411 1331 484 1354 cum
507 1318 633 1353 Halleri
655 1318 803 1350 convenit
828 1315 1045 1348 observatione
1066 1337 1074 1344 .
1099 1312 1182 1353 Qae
1205 1313 1313 1346 omnia

310 1364 365 1399 etsi
388 1362 483 1407 digna
509 1361 600 1396 laude
623 1360 695 1394 sunt
721 1385 731 1399 ,
763 1362 793 1393 &
819 1358 913 1392 facile
937 1357 1060 1394 etiam,
1084 1365 1122 1390 ut
1144 1358 1177 1388 in
1202 1356 1313 1398 pleris-

304 1419 395 1452 que,
418 1406 598 1448 probanda3
622 1403 705 1438 mihi
729 1413 832 1436 tamen
856 1412 952 1444 quam
975 1401 1060 1433 varia
1070 1410 1232 1432 occurrere
1255 1412 1315 1433 no-

308 1451 359 1485 bis
382 1450 501 1484 soleant
525 1450 558 1483 in
582 1449 623 1481 iis
645 1459 714 1490 quae
740 1444 911 1491 secundum
931 1468 943 1485 ,
965 1444 1060 1486 longe
1084 1452 1191 1476 autem
1214 1445 1314 1486 magis

302 1506 381 1539 ,quae
413 1502 526 1536 praeter
558 1501 702 1525 naturam
737 1490 838 1529 sunt,
870 1489 1084 1530 saepenumero
1118 1486 1313 1520 animadver-

309 1538 425 1575 tenti,
459 1536 603 1580 measque
626 1545 737 1568 omnes
768 1544 842 1568 cum
876 1532 1012 1565 aliorum
1044 1529 1318 1564 observationibus

307 1581 510 1619 conferenti,
533 1580 658 1612 veniam
680 1577 792 1611 datum
817 1576 857 1609 iri
879 1599 891 1615 ,
927 1575 1039 1618 spero,
1062 1571 1084 1607 si
1109 1574 1142 1605 in
1167 1573 1238 1606 aliis
1262 1574 1319 1607 ali-

310 1635 361 1659 ter,
384 1636 449 1657 rem
474 1625 660 1664 contingere
680 1644 690 1659 ,
723 1619 898 1663 praesertim
922 1617 1011 1661 quod
1034 1616 1072 1651 ad
1096 1628 1146 1650 eas
1171 1618 1285 1651 attinet
1308 1642 1317 1657 ,

309 1679 387 1712 quas
411 1667 466 1700 hic
489 1665 737 1710 perpendimus,
760 1663 947 1696 arteriarum
970 1661 1192 1694 concretiones
1211 1684 1224 1701 ,
1256 1662 1319 1694 ite-v

308 1723 380 1746 rum
402 1709 532 1744 dixero.
559 1709 666 1742 Mitto
690 1706 775 1741 succi
799 1705 963 1739 colorem,
987 1716 1082 1747 quem
1094 1704 1192 1737 alium
1217 1706 1314 1738 inter¹

311 1757 389 1789 dum
413 1753 479 1787 vidi
499 1777 506 1784 .
532 1754 578 1786 At
603 1751 722 1786 multos
744 1748 862 1789 fuisse,
883 1745 1062 1786 confirmo,
1084 1758 1221 1789 quorum
1244 1758 1318 1781 cum

310 1799 382 1834 esset
406 1798 521 1832 arteria
545 1796 665 1838 Magna
697 1794 765 1827 illic
790 1792 927 1826 officulis
952 1813 962 1828 ‚
993 1790 1062 1823 illic
1086 1791 1221 1825 maculis
1253 1802 1319 1824 ma-

308 1843 460 1886 joribus,
481 1840 660 1874 minoribus
680 1861 693 1878 ,
724 1835 921 1871 craffioribus
944 1859 953 1873 ,
985 1834 1185 1867 tenuioribus
1215 1834 1322 1876 paffim

309 1887 458 1920 dislintfta
478 1908 490 1924 ,
521 1881 674 1926 nusquam
704 1905 717 1922 ‚
750 1892 787 1913 ne
824 1881 858 1912 in
891 1879 1015 1919 exiguis
1046 1877 1176 1920 quidem
1209 1878 1323 1911 harum

311 1929 547 1964 inchoamentis
566 1950 577 1966 ,
608 1924 784 1969 quidquam
823 1922 906 1956 succi
942 1922 1035 1956 licuit
1069 1919 1320 1963 deprehendere.

312 1976 346 2008 Si
392 1974 424 2005 in
469 1970 620 2005 omnibus
665 1968 762 2002 osseas
803 1966 992 2000 arteriarum
1033 1964 1173 1998 brasteas
1214 1961 1323 1996 effusio

313 2016 504 2061 praecederet
546 2013 630 2048 succi
669 2011 741 2045 flavi
778 2034 786 2050 ‚
832 2011 985 2042 intimam
1027 2008 1170 2041 tunicam
1202 2008 1321 2039 intror-

311 2061 382 2095 sum
411 2059 515 2093 versus
548 2055 728 2089 attollentis
750 2078 764 2095 ,
795 2056 827 2086 &
869 2051 975 2095 paffim
1016 2061 1215 2090 convexam,
1246 2051 1322 2083 emi-

312 2113 491 2145 nentemque
533 2098 691 2133 reddentis
728 2109 740 2137 3
776 2100 867 2131 'certe
901 2095 1058 2136 intelligis
1090 2116 1103 2133 ,
1145 2105 1195 2126 eas
1242 2092 1325 2126 sedes

314 2159 401 2180 meos
424 2155 543 2178 attente
566 2142 778 2185 inspeetantes
811 2138 921 2173 oculos
953 2136 1087 2178 effugere
1110 2147 1174 2170 non
1198 2136 1324 2178 potuis-

314 2192 363 2225 se.
387 2190 502 2231 Neque
525 2187 600 2221 ideo
624 2186 684 2218 hoc
707 2182 801 2221 dico,
825 2181 915 2226 quod
949 2180 1087 2215 censeam
1109 2202 1118 2218 ,
1162 2178 1224 2213 sine
1256 2180 1325 2214 suc-

314 2247 355 2269 co
401 2232 551 2266 morboso
595 2229 754 2272 plerasque
778 2250 791 2267 ,
836 2229 867 2259 &
911 2223 932 2257 fi
980 2225 1026 2258 vis
1044 2248 1056 2264 ‚
1101 2234 1209 2256 omnes
1255 2234 1322 2256 ma-

314 2279 401 2313 culas
425 2271 586 2319 incipere,
611 2274 742 2315 augeri,
765 2267 931 2308 oss‘escere3
956 2267 1005 2302 sed
1029 2267 1101 2300 ideo
1111 2265 1206 2303 dico,
1232 2265 1321 2309 quod

316 2324 351 2356 in
376 2322 446 2354 aliis
469 2318 658 2361 corporibus
680 2312 799 2348 effundi
826 2314 959 2354 utique,
983 2314 1017 2343 in
1040 2311 1111 2343 aliis
1129 2320 1234 2343 autem
1257 2310 1320 2342 sine

318 2363 465 2398 effusione
490 2361 598 2397 sensim
622 2363 788 2392 dumtaxat
813 2368 828 2388 a
854 2357 1038 2388 tunicarum
1062 2354 1221 2386 arteriolis
1246 2365 1320 2387 eum

318 2409 448 2443 succum
472 2403 574 2438 afferri
596 2427 604 2439 ,
639 2405 671 2435 ὃ(
695 2400 811 2441 apponi
835 2421 845 2436 ‚
880 2408 955 2430 mere
980 2395 1063 2429 mihi
1087 2395 1319 2429 observationes

319 2450 518 2491 significant.
545 2447 613 2487 Qi
640 2444 748 2477 succus
771 2441 793 2473 fi
817 2440 915 2474 foetus
938 2439 976 2472 fit
1001 2438 1165 2480 particulis
1188 2437 1254 2481 ejus
1273 2450 1323 2481 ge.

319 2490 402 2529 neris
428 2519 435 2528 .
467 2491 556 2534 cuj'us
579 2489 614 2522 ael
648 2498 683 2519 os
706 2484 910 2518 nutriendum
931 2493 949 2515 a
973 2482 1121 2524 plurimis
1155 2483 1325 2524 requirun-

320 2548 374 2574 tur
396 2564 398 2567 .
428 2530 521 2577 'sique
544 2544 585 2566 eae
610 2529 774 2574 particulae
808 2527 846 2561 ad
871 2526 1026 2559 firmiores
1057 2526 1141 2558 inter
1164 2525 1192 2558 se
1215 2534 1325 2558 conta-

301 2574 398 2616 ’ἓως
415 2581 516 2622 magis
530 2601 539 2617 ‚
565 2573 721 2618 magisque
745 2570 997 2608 contrudantur5
1020 2567 1093 2602 inde
1105 2567 1173 2601 fore
1195 2579 1325 2601 concre-

322 2627 426 2658 tiones
446 2646 455 2660 ,
490 2629 570 2663 puto
591 2641 603 2658 ,
637 2616 742 2659 quales
766 2612 847 2647 mihi
872 2624 1038 2647 occurrere
1073 2611 1297 2645 consueverunt
1315 2635 1325 2651 ,

322 2667 386 2703 ossa
409 2665 575 2699 referentes
597 2674 607 2693 .·
638 2669 673 2693 ut
698 2657 868 2701 tophaceas
889 2680 899 2696 ‚
932 2655 1060 2698 gypseas
1082 2678 1094 2695 ‚
1118 2664 1171 2688 aut
1196 2655 1326 2688 alterius

324 2710 480 2754 ejusmodi
504 2712 624 2741 naturae
649 2702 771 2737 futuras
799 2724 813 2742 ,
845 2700 867 2733 si
892 2700 1021 2733 alterius
1044 2699 1165 2741 generis
1187 2699 1326 2740 particu-

324 2757 367 2789 lis
388 2755 497 2788 succus
520 2750 559 2784 fit
584 2748 693 2791 plenus
713 2770 721 2784 ,
753 2756 859 2787 eaeque
880 2744 977 2777 citius
1001 2742 1037 2776 ad
1061 2741 1230 2774 contaetus
1251 2752 1327 2784 qua-

325 2799 492 2839 lescunque
515 2792 696 2837 perveniant
716 2814 723 2821 .
757 2787 950 2830 Cuiusmodi
975 2785 1064 2819 fuiss'e
1089 2784 1226 2827 suspicor
1249 2795 1326 2826 quas

326 2852 465 2876 extrema
496 2848 566 2880 pars
599 2833 755 2867 indicabit
789 2830 1034 2865 Observationis
1065 2829 1220 2871 praeclarae
1248 2828 1325 2870 Jani

328 2884 438 2918 Planci
462 2905 473 2923 ,
504 2891 600 2923 quam
624 2888 747 2910 mecum
779 2876 842 2907 Vir
866 2872 1090 2907 Solertiffimus
1112 2872 1221 2914 paucis
1244 2869 1328 2913 post-

327 2938 424 2971 quam
450 2924 598 2959 habuerat
624 2920 732 2953 diebus
756 2929 808 2960 per
832 2918 955 2950 litteras
982 2916 1047 2949 fuse
1067 2939 1080 2955 ,
1104 2926 1137 2948 ac
1160 2914 1330 2955 diligenter

328 2963 581 3005 communicavit
613 2962 668 2997 sub
690 2963 786 2995 finem
809 2961 848 2994 A.
878 2961 968 3003 1728.
993 2961 1075 2993 Eam
1099 2970 1159 3001 ego
1190 2966 1294 2990 totam
1318 2969 1329 2996 3

329 3011 403 3048 nam
428 3012 539 3056 plura,
561 3011 592 3041 &
613 3007 697 3038 varia
721 3006 885 3041 continet,
908 3013 942 3037 ut
955 3013 1123 3046 propterea
1146 3002 1246 3044 ipsam
1260 3001 1330 3043 pol—

331 3058 439 3091 licitus
463 3052 519 3088 fim
542 3051 605 3085 tibi
629 3048 773 3092 Epistola
805 3048 961 3088 superiore
985 3050 997 3086 (
1021 3059 1038 3080 a
1060 3051 1075 3088 >
1096 3057 1170 3080 cum
1202 3044 1240 3078 de
1265 3044 1332 3077 san-

329 3101 435 3144 guinis
457 3109 495 3131 ex
518 3097 635 3136 Magna
660 3092 772 3125 arteria
795 3092 827 3122 in
851 3090 1059 3133 pericardium
1082 3091 1247 3132 eruptione
1267 3099 1334 3119 ver-

331 3146 370 3177 ba
396 3143 554 3178 facerem3
580 3146 706 3176 totam,
728 3136 881 3177 inquam,
903 3146 940 3167 ex
963 3135 1003 3166 iis
1026 3134 1143 3167 litteris
1165 3142 1329 3173 excerpam

301 3226 303 3228 ,
333 3188 451 3222 summa
474 3184 557 3222 fide,
582 3191 637 3215 nec
662 3179 779 3213 minori
802 3188 896 3220 quarn
921 3177 942 3210 si
967 3189 1032 3210 mea
1057 3175 1154 3216 esset,
1177 3186 1248 3209 cura
1260 3185 1333 3217 pro-

357 3241 468 3264 Ossdm.

333 3242 354 3274 p
378 3274 429 3306 28.
454 3272 538 3304 VIR
561 3267 703 3306 nobilis,
726 3265 783 3308 qui
808 3263 846 3297 ab
870 3275 951 3297 anno
974 3261 1244 3305 undesexagesimo
1267 3272 1331 3294 non

336 3319 430 3356 longe
453 3316 558 3348 aberat
573 3336 585 3352 ,
609 3313 696 3352 nigra
722 3309 801 3341 facie
823 3332 832 3346 ,
858 3307 906 3341 sed
930 3308 1012 3340 bona
1035 3308 1179 3350 corporis
1203 3304 1329 3338 habitu-

336 3357 430 3400 dine,
453 3357 596 3401 quamvis
620 3356 659 3388 ab
682 3352 893 3386 adolescentia
918 3350 955 3384 ad
979 3349 1011 3383 id
1034 3360 1159 3391 tempus
1184 3349 1272 3382 rebus
1283 3360 1333 3379 ve-

338 3407 435 3436 nereis
458 3402 603 3438 deditus,
625 3397 707 3431 unde
729 3394 929 3429 bubombus.
954 3405 1053 3436 neque
1077 3392 1111 3427 id
1136 3392 1226 3426 semel
1248 3417 1257 3430 ,
1289 3392 1334 3424 la-

338 3448 525 3484 boraverat,
548 3442 648 3476 crassis
671 3439 801 3483 quidem
825 3443 856 3471 ἃ
880 3438 1062 3479 vulgaribus
1076 3438 1179 3474 cibis,
1206 3435 1256 3468 sed
1282 3446 1334 3477 ge-

1365 188 1533 222 utebatur.
1557 187 1701 221 Multum
1722 191 1847 229 quoque
1870 194 1936 217 erat
1958 195 1992 217 m
2017 184 2080 217 alea
2099 197 2109 217 .·
2134 183 2372 224 narrabantque-1

1363 230 1533 265 collusores
1555 251 1564 267 ,
1599 228 1748 272 quotidie
1770 226 1950 271 vespertino
1971 236 2114 269 ternpore
2136 225 2361 261 sternutatione

1364 275 1486 316 corripi
1512 273 1663 310 solitum,
1688 281 1723 306 ut
1745 272 1831 306 horae
1854 270 2059 314 quadrantem
2082 269 2249 313 aliquando
2268 291 2279 308 ,
2302 276 2361 302 aur,

1364 327 1402 350 eo
1426 317 1559 359 amplius
1581 316 1764 349 sternutaret
1785 339 1798 356 ‚
1827 314 1925 357 idque
1947 325 1965 347 a
1986 313 2116 347 biennio
2142 336 2155 353 ,
2188 320 2241 346 aut
2263 312 2361 343 trien-

1364 362 1422 393 nio
1445 386 1454 393 .
1487 361 1568 400 Qo
1590 368 1734 401 ternpore
1757 359 1917 393 extenuari
1940 359 2037 390 etiam
2060 357 2160 398 coepit
2184 379 2197 395 ,
2227 365 2282 388 nec
2307 365 2360 397 pa-

1365 414 1436 437 rum
1455 428 1465 441 ‚
1495 405 1528 436 &
1550 403 1678 435 interno
1707 400 1847 444 quodam
1871 400 1956 435 sensu
1979 399 2065 433 affici
2087 409 2150 432 non
2173 398 2257 431 secus
2279 420 2292 438 ‚
2324 405 2362 430 ut

1367 446 1536 480 noviffimis
1547 445 1650 488 ajebat
1672 443 1848 486 mensibus,
1870 456 1904 478 ac
1917 442 1940 477 si
1961 442 2128 477 deficeret.
2156 442 2276 474 Verum
2296 450 2363 473 non

1369 490 1455 528 ³150,
1477 499 1513 523 ut
1538 489 1566 522 se
1589 487 1798 526 refocillaret,
1821 489 1870 522 uti
1892 486 2018 521 volebat
2043 485 2204 523 remedio,
2227 482 2284 516 nisi
2307 494 2362 515 eo-

1366 533 1439 566 dem
1461 544 1554 576 quem
1576 531 1744 571 diximus,
1768 532 1836 564 vini
1861 531 1996 573 spiritu.
2021 529 2134 571 Itaque
2145 527 2197 561 die
2219 524 2361 569 quodam

1365 576 1421 610 sub
1441 575 1600 619 vesperum
1623 573 1756 608 domurn
1778 575 1939 615 reversus,
1960 585 2033 609 cnm
2056 572 2094 605 de
2117 583 2155 605 eo
2166 569 2280 608 semel,
2301 570 2364 601 ite-

1367 630 1497 661 rumque
1519 617 1667 654 bibisset,
1691 616 1862 651 familiares
1886 627 1990 651 autern
2005 615 2073 660 post
2096 614 2131 649 id
2143 614 2244 647 domo
2267 612 2363 645 exiis-

1367 662 1420 703 se,
1442 662 1626 701 crederent5
1649 661 1696 694 ibi
1719 661 1858 700 accidit,
1880 671 1916 694 ut
1938 660 1976 694 de
1999 657 2175 703 improviso
2194 681 2207 697 ,
2240 655 2364 690 nemine

1368 706 1519 739 sentiente
1533 729 1547 747 ‚
1569 714 1770 744 moreretur,
1793 702 1933 747 horaque
1955 704 2083 738 demum
2106 700 2175 745 post
2195 699 2327 743 quinsta
2351 723 2363 740 ‚

1368 748 1531 793 gelidum,
1553 757 1588 783 ut
1612 748 1633 781 h
1659 759 1723 781 ems
1745 757 1811 780 erat
1832 771 1844 788 ,
1866 746 1996 780 cadaver
2019 746 2231 781 inveniretur.

1370 793 1564 827 CRANIO
1586 803 1630 835 po
1658 791 1737 825 ridie
1758 789 1899 829 recluso,
1922 790 2191 833 &meningibus3
2214 798 2287 821 nam
2299 789 2365 822 Te-

1363 837 1435 870 nuis
1457 847 1584 879 quoque
1606 844 1677 868 tota
1699 833 1877 868 trahentem
1900 833 2041 879 undique
2063 834 2269 877 sequebatur3
2293 833 2366 867 nul-

1363 880 1398 912 lo
1420 880 1552 922 negotio
1573 878 1736 918 diduffis,
1759 877 1843 910 nihil
1865 879 1950 911 intus
1975 877 2064 920 quod
2086 876 2159 911 esset
2175 886 2287 919 praeter
2309 887 2366 908 na-

1365 933 1492 963 turam,
1513 920 1742 965 deprehensum
1754 920 1796 954 est
1820 929 1934 962 praeter
1957 922 2095 954 multum
2118 920 2368 954 incerebriven-

1366 966 1491 1000 triculis
1515 965 1640 1007 serum,
1662 964 1757 1007 idque
1781 961 1955 998 subviride.
1983 963 2041 996 Sed
2063 965 2098 996 in
2110 965 2218 998 Tenui
2242 965 2367 996 menin-

1365 1021 1403 1052 ge
1444 1010 1626 1043 arteriarum
1649 1009 1754 1042 trunci
1786 1018 1894 1041 omnes
1914 1030 1926 1047 ,
1958 1007 2127 1050 omnesque
2148 1008 2226 1040 item
2259 1017 2367 1040 earum

1365 1054 1468 1092 rami,
1491 1052 1577 1095 iique
1602 1051 1776 1095 praesertim
1799 1051 1856 1093 qui
1881 1051 2009 1092 plexum
2031 1049 2234 1084 Choroidem
2265 1049 2369 1084 versus

1363 1094 1558 1129 contendunt
1581 1119 1593 1135 ,
1628 1096 1733 1128 multo
1755 1103 1843 1127 erant
1876 1094 2031 1128 craffiores
2054 1104 2146 1136 aequo
2167 1117 2178 1134 ‚
2202 1097 2233 1127 &
2256 1092 2370 1127 durio-

1365 1150 1434 1177 res3
1457 1137 1668 1181 exficcatique
1691 1135 1807 1171 osseam
1833 1137 1977 1179 pluribus
2001 1138 2035 1170 in
2059 1137 2138 1169 locis
2162 1147 2307 1171 naturam
2330 1149 2371 1169 o-

1363 1181 1542 1216 stenderunt
1564 1207 1571 1214 .
1606 1182 1698 1221 Quin
1721 1182 1817 1214 etiarn
1848 1191 1903 1223 per
1925 1183 2050 1215 Duram
2074 1181 2251 1222 meningem
2282 1180 2370 1214 idem

1367 1226 1465 1259 ferme
1489 1225 1522 1257 in
1546 1223 1611 1267 ejus
1632 1225 1757 1257 arteriis
1783 1246 1792 1261 ‚
1826 1234 1897 1266 quoe
1920 1223 2121 1257 craffiusculae
2144 1224 2219 1265 ipsae
2241 1234 2369 1267 quoque

1368 1269 1461 1303 fastae
1483 1277 1592 1308 erant,
1614 1266 1819 1309 conspeffitum
1844 1266 1904 1313 est.
2038 1269 2076 1299 In
2089 1265 2240 1300 Thorace
2264 1274 2369 1300 autem

1365 1312 1534 1355 pulmones
1558 1311 1707 1350 flaccidi,
1730 1313 1763 1344 δι
1785 1311 1901 1353 majori
1926 1321 1966 1343 ex
1989 1318 2076 1352 parte
2100 1310 2186 1351 nigri
2207 1334 2214 1342 .
2242 1309 2371 1343 Sinister

1365 1365 1513 1398 praeterea
1535 1354 1574 1389 ad
1599 1356 1740 1397 pleuram
1762 1365 1823 1396 qua
1846 1352 1967 1392 costas,
1990 1355 2023 1386 δε
2045 1353 2168 1394 septum
2192 1352 2373 1387 Transver-

1365 1399 1434 1433 sum
1455 1398 1609 1432 convestit
1629 1422 1641 1439 ,
1664 1398 1748 1431 ardite
1769 1405 1834 1429 erat
1857 1407 1992 1429 annexus
2017 1397 2156 1439 undique
2181 1419 2191 1435 ,
2226 1395 2284 1429 nisi
2307 1408 2372 1439 qua

1365 1444 1459 1485 copia
1483 1443 1588 1484 aliqua
1611 1439 1825 1474 animadversa
1847 1438 1889 1473 est
1914 1440 2076 1483 sanguinis
2098 1441 2239 1474 concreti
2263 1464 2271 1471 .
2295 1441 2372 1474 Hu-

1365 1485 1414 1530 jus
1437 1486 1543 1520 multo
1565 1484 1668 1528 major
1691 1486 1725 1517 in
1748 1483 1925 1527 pericardio
1947 1485 2041 1526 copia
2064 1483 2131 1518 fuit
2150 1506 2164 1524 ,
2195 1495 2261 1526 quo
2285 1483 2372 1518 irru-

1369 1538 1458 1572 perat
1472 1552 1482 1567 ,
1503 1537 1541 1563 ut
1564 1540 1641 1562 mox
1664 1525 1788 1561 dicetur
1807 1550 1819 1567 ‚
1842 1538 1881 1560 ex
1902 1527 2022 1567 Magna
2046 1527 2159 1561 arteria
2182 1551 2189 1558 .
2222 1529 2290 1560 Cor
2313 1527 2373 1561 ali-

1369 1580 1492 1616 quanto
1513 1572 1613 1616 majus
1637 1582 1731 1614 quarn
1754 1582 1879 1613 aequum
1903 1568 1975 1603 esset
2000 1596 2008 1610 ‚
2033 1571 2076 1603 ob
2099 1571 2233 1603 nimiam
2256 1567 2373 1609 sinistri

1368 1616 1541 1650 ventriculi
1574 1613 1828 1657 magnitudinem
1848 1636 1860 1653 ,
1893 1616 1924 1646 δι
1949 1622 2158 1657 capacitatem
2173 1637 2180 1650 ,
2204 1625 2274 1654 quae
2297 1614 2375 1650 dua-

1369 1660 1427 1693 bus
1458 1660 1562 1692 tertiis
1594 1658 1735 1700 partibus
1772 1658 1982 1700 capacitatem
2013 1656 2137 1690 dexteri
2172 1654 2338 1700 superabat
2360 1683 2374 1700 ,

1368 1714 1442 1737 cum
1465 1701 1660 1751 hic-praeter
1680 1710 1826 1742 magnam
1848 1701 1979 1742 parietis
2004 1701 2126 1742 proprii
2158 1702 2374 1742 tenuitatem,

1350 1748 1504 1791 ¹lacertos
1527 1753 1614 1777 intus
1636 1742 1764 1777 haberet
1789 1741 1829 1775 sic
1853 1744 2021 1776 intricatos
2042 1766 2054 1782 ,
2087 1744 2142 1776 vix
2164 1753 2199 1778 ut
2222 1744 2303 1779 finus
2328 1747 2374 1778 es.

1371 1791 1400 1824 se
1423 1789 1602 1823 videretur.
1625 1787 1752 1821 Arteria
1774 1786 1892 1827 Magna
1914 1808 1928 1826 ‚
1960 1787 1993 1818 &
2018 1786 2215 1820 Pulmonaris
2238 1790 2375 1832 amplim

1373 1845 1420 1868 res
1441 1841 1530 1866 erant
1553 1831 1720 1873 aliquanto
1743 1840 1837 1872 quam
1863 1828 1983 1862 soleant
2006 1853 2014 1860 .
2048 1830 2213 1863 Caeterum
2237 1832 2305 1865 haec
2327 1833 2377 1866 sa-

1374 1890 1412 1910 na
1430 1891 1439 1909 .·
1463 1876 1518 1909 illa
1542 1885 1618 1907 vero
1640 1875 1781 1916 primum
1804 1880 1896 1914 rupta
1920 1873 2089 1905 intervallo
2111 1885 2126 1906 a
2150 1874 2246 1909 corde
2277 1874 2378 1910 digiti

1373 1921 1501 1954 circiter
1532 1916 1694 1951 transversi
1722 1942 1731 1950 .
1764 1916 1810 1948 Et
1834 1915 1945 1957 ruptio
1977 1915 2107 1958 quidem
2130 1929 2194 1951 non
2216 1927 2281 1952 erat
2307 1908 2378 1953 fria-

1373 1975 1457 2006 gna5
1481 1961 1531 1997 [ed
1555 1971 1655 2004 prope
1678 1960 1779 2003 ipsam
1794 1982 1802 1996 ‚
1824 1961 1856 1992 δε
1884 1960 1968 1992 circa
1991 1969 2119 1993 omnem
2141 1962 2256 1995 Aortae
2278 1962 2377 1997 basim

1373 2017 1462 2040 vetus
1485 2004 1571 2049 quasi
1594 2004 1759 2045 sugillatio
1789 2003 1957 2046 apparebat
1982 2014 1998 2035 a
2022 2003 2118 2046 nigro
2149 2004 2296 2047 sanguine
2321 2007 2378 2041 sub

1374 2050 1531 2083 exteriore
1554 2048 1662 2081 tunica
1687 2047 1865 2081 restitante7
1888 2058 1958 2089 quae
1983 2046 2146 2087 sugillatio
2174 2058 2229 2090 per
2251 2052 2380 2084 univer-

1377 2092 1445 2139 sum
1468 2091 1651 2135 pulmonem
1675 2089 1703 2123 se
1727 2089 1912 2123 extendebat
1928 2113 1937 2128 ‚
1961 2089 2135 2131 praesertim
2156 2102 2232 2125 vero
2255 2094 2378 2128 circum

1377 2146 1513 2179 majores
1547 2134 1749 2167 Pulmonaris
1772 2134 1895 2166 arteriae
1931 2144 2033 2167 ramos
2054 2159 2062 2167 .
2098 2136 2248 2169 Praeterea
2280 2135 2378 2171 facies

1377 2181 1512 2214 interior
1535 2179 1657 2211 arteriae
1677 2178 1805 2219 Magnae
1828 2184 1895 2208 tota
1919 2187 1983 2209 erat
1996 2178 2242 2219 prominentiis‚
2265 2182 2297 2213 &
2321 2193 2388 2222 pu-

1372 2225 1460 2259 stulis
1483 2222 1596 2265 plena,
1619 2222 1754 2263 quarum
1778 2230 1919 2261 utraeque
1942 2231 1998 2262 per
2021 2218 2086 2262 ejus
2108 2232 2217 2255 omnes
2240 2246 2254 2264 ‚
2277 2234 2377 2266 quot-

1371 2276 1452 2310 quot
1473 2265 1576 2308 aperti
1599 2263 1694 2305 sunt,
1716 2263 2034 2304 ramos‘pergebant,
2060 2267 2092 2297 &
2116 2266 2310 2300 nominatim
2323 2278 2378 2308 per

1371 2309 1551 2344 Subclavias
1575 2308 1703 2340 arterias
1719 2330 1729 2346 ,
1755 2310 1787 2339 ὅ(
1811 2307 2005 2345 Carmides,
2029 2309 2059 2340 δι
2074 2308 2180 2342 cordis
2204 2307 2379 2350 ipsiusCo-

1369 2355 1530 2386 ronarias:
1553 2362 1625 2397 fluae
1649 2349 1812 2392 postremae
1835 2359 1924 2382 erant
1949 2350 2079 2392 insuper
2101 2351 2190 2385 valde
2212 2354 2381 2395 dilatatae,

1372 2408 1433 2430 una
1458 2394 1630 2438 praesertim
1652 2417 1664 2433 ,
1685 2402 1722 2427 ut
1745 2401 1882 2436 aequaret
1906 2393 2141 2434 propemodum
2162 2394 2290 2430 finistrae
2312 2400 2379 2431 Ca-

1374 2440 1491 2472 rotidis
1513 2434 1740 2485 latitudinem.
1877 2437 1915 2468 In
1939 2437 2059 2470 Ventre
2082 2437 2144 2471 lien
2171 2450 2284 2480 parvus
2310 2464 2322 2481 ‚
2346 2444 2381 2475 ἅτ

1375 2481 1466 2516 valde
1488 2481 1600 2527 laxus,
1623 2490 1696 2514 cum
1721 2479 1808 2521 jecur
1828 2479 1870 2513 sic
1892 2478 1965 2512 satis
1988 2479 2064 2512 bene
2076 2478 2104 2512 se
2128 2481 2279 2521 haberet3
2304 2495 2377 2517 nam

1375 2525 1462 2568 quod
1495 2526 1528 2557 in
1552 2534 1617 2565 ejus
1654 2521 1785 2557 vesicula
1811 2522 1882 2556 esset
1916 2524 2030 2563 exigua
2063 2523 2138 2558 bilis
2176 2527 2286 2567 portio
2310 2549 2320 2564 ,
2344 2527 2383 2561 id

1376 2577 1441 2602 erat
1465 2566 1590 2601 fortasse
1613 2577 1651 2599 ex
1671 2577 1709 2598 eo
1731 2564 1818 2608 quod
1841 2566 1947 2607 paucis
1971 2577 1986 2596 a
2011 2567 2146 2608 prandio
2180 2568 2267 2602 horis
2290 2581 2380 2603 mors

1375 2614 1585 2645 intervenerat
1609 2635 1615 2640 .
1656 2610 1757 2643 Renes
1782 2609 1918 2641 exterius
1940 2607 2028 2641 valde
2052 2609 2176 2644 flaccidi
2199 2636 2210 2651 ,
2243 2614 2381 2647 interius

1377 2665 1481 2689 autem
1505 2653 1566 2687 sine
1589 2653 1658 2687 ullo
1677 2675 1690 2692 ,
1721 2651 1809 2695 quod
1833 2650 2017 2685 rariffimum
2038 2652 2080 2686 est
2105 2676 2113 2691 ‚
2150 2655 2260 2697 pelvi,
2284 2656 2380 2700 hujus

1376 2700 1482 2732 locum
1507 2696 1672 2730 obtinente
1695 2694 1864 2738 spongiola
1896 2694 2030 2736 quadam
2055 2695 2246 2732 substantia.

1376 2744 1463 2776 Cum
1496 2742 1579 2773 intra
1603 2741 1758 2773 Ventrem
1781 2738 1864 2772 nihii
1896 2736 1967 2771 esset
1991 2749 2137 2780 praeterea
2171 2742 2379 2777 adnotatione

1378 2785 1533 2827 dignum,
1560 2785 1691 2817 minime
1713 2783 1939 2816 autemlateret
1961 2790 2030 2815 tum
2043 2781 2075 2815 id
2098 2785 2187 2825 quod
2212 2785 2381 2828 diximus,

1378 2828 1542 2861 hominem
1563 2837 1691 2860 venerea
1715 2826 1765 2859 lue
1786 2849 1799 2866 ,
1833 2837 1887 2858 nec
1910 2825 2002 2858 semel
2023 2848 2035 2865 ,
2068 2825 2217 2863 affec‘izum
2253 2829 2344 2864 fuisse
2367 2854 2382 2871 ‚

1379 2882 1448 2905 tum
1482 2871 1538 2913 ipsi
1563 2879 1633 2903 ante
1666 2880 1761 2902 annos
1785 2870 1917 2911 triginta
1956 2869 2138 2910 plumbeum
2175 2872 2343 2910 globulum
2368 2897 2379 2912 ,

1378 2925 1543 2949 tormento
1570 2913 1687 2947 'aslum
1705 2936 1718 2953 ,
1749 2914 1782 2945 in
1804 2911 1928 2945 finisti-o
1949 2911 2068 2945 femore
2091 2910 2243 2949 inhaesisse
2268 2929 2278 2956 3
2309 2929 2383 2951 ure-

1380 2958 1474 2996 thra,
1499 2961 1530 2991 &
1570 2968 1658 2989 emur
1680 2956 1774 2989 incisa
1800 2956 1888 2990 sunt.
1916 2957 1960 2988 Et
1982 2957 2081 2990 inilla
2104 2959 2236 3000 quidem
2258 2972 2381 3001 unum,

1383 3012 1434 3036 aut
1456 3002 1545 3041 duo,
1568 3011 1630 3033 non
1653 2999 1787 3041 amplius
1811 3022 1819 3037 ‚
1854 3010 1962 3032 eorum
1985 3001 2236 3036 canaliculorum
2258 3003 2381 3037 orificia

1386 3054 1507 3089 reperta
1532 3044 1601 3078 sunt
1620 3067 1633 3084 ‚
1664 3054 1746 3086 quos
1768 3044 1800 3075 in
1824 3041 1852 3076 I.
1876 3042 2074 3077 Adversariis
2095 3047 2109 3084 <
2130 3044 2149 3077 b
2172 3050 2186 3086 )
2210 3046 2304 3080 habes
2328 3048 2383 3081 de-

1388 3089 1548 3131 scriptos,
1572 3091 1602 3120 &
1628 3087 1731 3129 pieros
1754 3110 1760 3116 .
1798 3088 1834 3119 In
1860 3086 1979 3119 femore
2003 3095 2107 3120 autem
2141 3091 2262 3123 circum
2289 3091 2382 3125 illum

1385 3133 1554 3175 globulum
1578 3129 1791 3163 membraneus
1815 3128 2007 3171 folliculus,
2029 3133 2182 3173 quiarc‘te
2207 3133 2310 3175 ipsum
2324 3145 2384 3168 un-

1384 3176 1479 3218 dique
1501 3172 1787 3215 compleetebatur.
1921 3175 1984 3207 His
2007 3175 2053 3206 ita
2076 3175 2252 3218 conspeffls
2274 3201 2283 3215 ,
2316 3179 2383 3221 pla-

1381 3221 1449 3253 cuit
1482 3219 1596 3252 Aortae
1620 3216 1735 3248 bonam
1774 3225 1894 3258 partem
1920 3218 2085 3256 eximere,
2120 3227 2156 3252 ut
2193 3219 2384 3263 diligentius

1382 3261 1481 3305 posset
1505 3262 1590 3294 intus
1606 3283 1619 3299 ,
1651 3268 1799 3301 extraque
1824 3261 1999 3302 perlustrari
2022 3286 2029 3293 .
2063 3263 2383 3306 Animadversumque

1384 3305 1448 3345 est,
1472 3306 1660 3337 exteriorem
1686 3305 1828 3336 tunicam
1851 3316 1867 3335 a
1891 3314 2008 3338 trunco
2024 3327 2032 3342 ‚
2056 3304 2212 3349 ramisque
2235 3307 2384 3348 perfacile

1384 3348 1507 3382 detrahi
1542 3358 1603 3380 non
1628 3346 1710 3380 secus
1742 3358 1776 3379 ac
1799 3345 1820 3379 fi
1845 3346 1901 3382 diu
1933 3350 1966 3381 in
1990 3360 2070 3391 aqua
2102 3348 2174 3382 effet
2197 3359 2348 3383 macerata
2373 3374 2380 3380 .

1384 3394 1436 3426 Ex
1462 3391 1528 3424 illis
1552 3400 1655 3439 autem
1679 3390 1887 3425 interioribus
1922 3393 2149 3433 prominentiis
2172 3404 2244 3426 cum
2283 3392 2386 3435 major

1385 3436 1488 3478 aliqua
1513 3432 1725 3471 incideretur,
1749 3435 1836 3468 intus
1859 3434 2023 3478 quoddam
2046 3446 2157 3469 cavum
2177 3462 2186 3477 ,
2211 3439 2241 3470 δι
2266 3439 2297 3469 in
2323 3436 2388 3470 hoc

2287 3480 2343 3513 ali-

343 3568 2383 3587 Μ

403 3639 415 3660 (
430 3641 440 3658 r
456 3637 464 3665 )
482 3635 541 3659 ibid.
562 3634 583 3658 a:
600 3633 657 3658 Obs.
679 3640 714 3661 17.
779 3631 793 3660 ζ
808 3639 823 3654 u
840 3629 921 3662 )Obs.
939 3635 996 3663 4⁸).¹
1038 3630 1052 3659 ζ
1070 3638 1084 3653 x
1101 3631 1113 3659 )
1130 3629 1188 3654 Obs.
1207 3637 1247 3659 32-

402 3667 415 3694 (
430 3674 444 3689 a
460 3666 473 3694 )
490 3674 513 3689 n.
533 3667 567 3690 18.
629 3664 637 3694 (
655 3662 668 3687 b
685 3663 697 3692 )
713 3671 736 3687 n.
756 3669 792 3687 ιο.
812 3662 832 3686 ἃ
848 3661 908 3685 Tab.
927 3668 950 3688 4.
969 3661 1021 3689 fug.
1039 3670 1063 3689 4.

1312 3625 1353 3659 (ν
1370 3627 1384 3656 )
1401 3628 1475 3657 Epist.
1493 3636 1514 3658 5.
1532 3635 1555 3652 n.
1574 3634 1611 3652 12.

1674 3628 1721 3660 (g
1736 3626 1743 3658 )
1762 3630 1841 3652 Mem.
1859 3628 1887 3653 de
1905 3627 2003 3654 l’Aead.
2021 3631 2053 3655 R.
2070 3629 2109 3654 des
2125 3632 2154 3655 Se
2182 3632 2211 3654 Α,
2229 3638 2294 3660 1744-
