2498 4075
502 239 724 307 Epistola
765 244 926 298 Anat.
964 242 1176 299 Medica
1212 244 1307 296 ΙΙΙ.
1341 244 1462 300 Art.
1510 248 1761 302 21.&22.

92 314 213 390 fiotum
237 315 354 361 nedum
376 329 448 361 quae
470 325 543 352 ‘ante
566 318 769 360 apoplexiam
793 318 861 362 pati
872 318 1100 354 consuevisset:

119 368 163 392 aec
196 366 323 393 tantum
348 362 455 404 accepi
485 386 492 399 ,
521 372 595 395 curn
630 362 845 404 apoplefticus
880 362 1100 401 decumberet,

91 400 338 444 respirationem
362 416 425 438 non
449 403 636 441 difficilem,
663 405 768 447 pulsus
793 404 915 440 validos
939 405 1097 440 habuisse.

178 446 409 482 CADAVER
433 447 578 480 Theatro
601 446 712 482 datum
737 448 779 482 est
801 448 858 482 sub
881 448 1099 493 finemJanua-

92 487 135 519 rii
159 487 201 519 A.
231 500 321 532 1731.
349 490 478 523 Viscera
512 490 682 531 diligenter
706 491 889 534 perlustrata
915 519 923 532 ‚
956 492 1039 527 nihil
1065 494 1098 525 in

90 531 212 564 Ventre
233 545 244 572 3
277 536 310 566 in
335 532 483 567 Thorace
507 544 614 567 autem
647 545 716 577 quae
740 535 779 568 acl
803 546 850 568 res
874 545 986 577 praeter
1007 545 1100 570 natu-

88 583 157 607 ram
181 577 355 613 attineant,
384 584 437 609 aut
461 577 558 610 alicui
581 576 686 611 videri
711 578 824 620 poilint
847 581 981 612 attinere
1000 601 1012 616 ‚
1042 579 1101 612 ha-

87 617 225 652 buerunt
250 618 336 653 haec.
365 620 533 654 Pulmones
556 630 644 654 erant
669 621 810 664 undique
832 622 947 664 pleurae
969 626 1101 657 annexi.

87 662 158 694 Cor
183 666 299 705 pingue
321 662 420 700 adeo,
444 665 478 695 in
503 664 635 698 homine
660 665 801 707 alioquin
824 676 890 698 non
914 665 1033 706 obeso,
1065 675 1101 700 ut

86 704 127 738 ab
150 709 309 739 anteriore
332 704 413 738 facie
435 707 631 749 inspectans,
656 708 739 741 nihil
765 707 885 742 videres
905 733 917 749 ,
948 708 1005 742 nisi
1030 711 1101 752 pin-

87 748 274 790 guedinem.
300 750 400 782 Venae
423 752 609 784 Coronariae
633 752 758 785 valvula
782 753 871 787 omni
895 764 934 786 ex
950 763 1037 795 parte
1059 752 1100 786 fic

88 792 178 825 affixa
199 815 207 830 ,
231 792 401 836 eademque
425 791 466 826 fic
491 793 696 828 foraminulis
720 795 843 837 pertusa
864 820 872 835 ‚
907 805 942 829 ut
967 798 1000 829 in
1022 798 1097 830 XV.

88 835 230 878 Epistola
254 837 447 869 Anatomica
468 835 553 879 (f)
576 838 732 881 descripta
756 838 821 872 est.
847 839 1026 872 Noviffime
1049 851 1099 872 ar-

88 879 168 912 teria
195 879 389 913 Vertebralis
412 879 533 914 sinistra
556 893 596 914 ex
619 880 689 923 ipso
713 883 830 917 Aortae
855 894 928 915 arcu
952 884 1036 915 inter
1058 882 1097 915 fi-

87 921 196 955 nistras
219 922 407 956 Carotidem
445 947 452 960 ‚
487 924 753 968 Subclaviamque
782 924 928 968 *profesta
959 938 967 958 .·
999 938 1097 969 quam

84 976 158 999 cum
182 965 277 1006 inde,
302 976 364 1000 non
387 978 424 1000 ex
450 968 616 1001 Subclavia
638 989 646 1005 ‚
682 978 718 1001 ut
743 968 823 1002 solet
841 992 851 1007 ‚
887 977 1013 1001 enatam
1029 995 1037 1008 ,
1063 970 1096 1002 in

86 1008 236 1041 Theatro
260 1009 476 1050 ostenderem,
499 1013 640 1051 monui,
663 1010 740 1046 hinc
763 1013 860 1046 etiam
883 1010 1012 1046 fortasse
1035 1012 1096 1047 hu-

83 1050 133 1094 jus
159 1051 302 1087 hominis
334 1054 540 1097 apoplexiam
564 1055 671 1098 aliqua
703 1067 742 1088 ex
774 1064 862 1098 parte
893 1054 1096 1097 repetendam

83 1095 188 1128 videri
213 1096 295 1139 posse
313 1120 319 1127 .
409 1097 549 1140 Aliquot
573 1098 643 1140 posi:
662 1096 774 1133 diebus
787 1122 799 1139 ‚
821 1108 859 1132 ut
872 1100 1095 1134 Exercitatio-

83 1150 162 1173 num
187 1141 321 1185 requirit
343 1141 425 1174 ordo
444 1166 452 1180 ‚
475 1153 549 1175 cum
573 1141 695 1175 ibidem
705 1143 864 1176 Cranium
887 1142 1093 1181 reseraretur,

83 1184 189 1217 inveni
210 1207 218 1221 ,
254 1193 348 1227 atque
375 1184 499 1229 ostendi
521 1184 704 1226 sanguinem
726 1184 859 1221 effusum
882 1186 923 1220 ad
947 1186 1093 1221 selibram

81 1228 167 1260 inter
190 1229 370 1271 meningem
392 1227 551 1267 Craslam,
579 1231 610 1261 &
636 1229 784 1262 Tenuem
805 1253 817 1270 ,
839 1230 888 1262 vel
913 1232 1022 1272 potius
1046 1232 1097 1263 in-

83 1279 132 1303 ter
153 1269 319 1311 (Di-assam,
345 1272 640 1305 &membranulam
662 1272 824 1316 quandam
836 1273 989 1313 alteram,
1013 1276 1096 1306 Ara-

80 1313 255 1348 chnoidem
279 1324 380 1357 puta:
403 1327 475 1359 quae
499 1315 735 1354 membranula,
768 1316 816 1349 ibi
841 1316 924 1351 faeta
958 1316 1095 1351 craffius-

80 1357 153 1391 cula
181 1381 190 1395 ,
214 1369 290 1392 cum
311 1356 411 1392 effuso
433 1359 584 1401 sanguine
611 1382 620 1396 ‚
651 1361 806 1393 anteriori
829 1360 898 1393 offis
936 1361 1094 1402 temporis

79 1400 194 1434 finistri
219 1403 377 1446 regioni,
399 1403 489 1445 eique
509 1404 641 1436 'viciniae
665 1402 870 1446 respondebat
897 1427 904 1434 .
941 1404 1095 1437 Praeterea

80 1448 115 1479 in
139 1446 232 1479 Falce
265 1445 502 1489 propemodum
524 1446 627 1480 media
657 1457 694 1479 os
717 1456 783 1480 erat
805 1469 815 1484 ,
848 1445 913 1490 eJ'us
937 1446 1094 1488 processus

80 1488 280 1531 duplicatur-a
299 1491 515 1530 ,interceptum
532 1514 544 1530 ,
567 1488 669 1522 limbo
692 1488 840 1524 inferiori
865 1491 1024 1532 propius,
1061 1494 1094 1524 δε

84 1532 258 1567 secundum
282 1532 520 1575 longitudinem
544 1531 684 1575 positum
706 1556 715 1572 ,
753 1542 816 1567 tres
837 1533 959 1575 digitos
993 1533 1094 1567 trans-

76 1575 181 1611 versos
205 1599 218 1616 ,
241 1587 341 1618 eoque
365 1576 501 1618 amplius
523 1576 659 1618 longum
681 1601 690 1616 ,
725 1575 972 1619 sesquidigitum
994 1575 1093 1611 ferme

79 1620 181 1654 altum
196 1643 209 1660 ‚
235 1620 444 1652 mediocriter
466 1616 599 1652 crasstim
613 1645 620 1658 ,
643 1618 740 1662 idque
764 1620 963 1663 inaequaliter
984 1632 995 1659 ;
1019 1632 1092 1655 cum

78 1666 164 1696 enim
188 1664 221 1695 in
245 1672 321 1696 toto
344 1661 416 1705 ipso
438 1663 565 1698 ambitu
586 1662 658 1697 essct
681 1673 797 1704 tenue,
820 1665 932 1697 imoin
956 1673 1092 1708 utroque

78 1717 222 1740 exrremo
245 1708 277 1739 in
301 1705 435 1748 simplex
456 1706 618 1741 videretur
641 1706 773 1740 stratum
795 1718 833 1740 ex
857 1708 1017 1750 parallelis
1040 1708 1091 1741 os-

77 1749 136 1784 seis
162 1750 252 1783 fibris
277 1748 437 1789 delinere3
460 1750 615 1791 dextera,
638 1749 819 1793 sinistraque
831 1750 930 1790 facie,
954 1754 986 1786 &
1010 1763 1089 1793 prae-

78 1794 186 1827 sertim
211 1794 306 1826 altera
330 1817 341 1833 ,
377 1795 411 1826 in
434 1794 569 1836 grandes
592 1793 678 1837 quafi
703 1795 803 1828 bullas
838 1794 1087 1836 protuberabat,

81 1846 118 1871 ut
142 1837 256 1871 melius
278 1835 424 1881 conspici
448 1837 533 1881 apud
556 1849 607 1870 me
630 1837 730 1878 potest
754 1850 764 1876 ς
799 1849 872 1870 uam
895 1838 1000 1872 adhuc
1026 1839 1088 1872 ser-

79 1891 147 1921 vo,
171 1880 348 1914 obduerum
363 1904 371 1919 ‚
395 1889 431 1915 ut
454 1891 548 1922 erat,
571 1880 710 1923 undique
733 1880 899 1915 arffiffime
924 1881 1088 1915 adhaeren-

75 1935 108 1958 te
131 1920 232 1958 Falcis
256 1925 457 1958 membrana.
483 1924 633 1968 Denique
654 1924 851 1959 Car-otidum
874 1937 945 1968 quse
971 1925 1009 1958 ad
1032 1925 1088 1959 ba-

75 1967 133 2004 fim
156 1968 279 2005 cerebri
306 1966 377 2002 sunt
403 1990 411 2005 ,
444 1967 598 2010 posterior
620 1979 724 2002 ramus
757 1967 870 2001 dexter
891 1980 985 2011 aequo
1019 1980 1086 2003 erat

75 2010 227 2050 craffior3
251 2009 371 2045 sinister
393 2013 577 2054 pertenuis,
602 2023 702 2055 neque
722 2023 799 2046 cum
823 2013 864 2044 iis
888 2014 986 2045 ramis
1009 2023 1089 2046 con-

75 2054 205 2098 junctus
228 2057 285 2098 qui
310 2055 349 2089 ab
372 2056 486 2088 arteria
510 2055 581 2089 sunt
605 2057 639 2088 in
663 2066 761 2098 quam
783 2055 980 2089 conveniunt
1004 2057 1088 2089 Ver-

76 2097 210 2134 tebrales
231 2124 239 2131 .
273 2099 428 2140 Qiorum
460 2098 541 2132 illud
567 2098 623 2132 etfi
654 2100 689 2131 in
710 2100 779 2132 aliis
813 2098 974 2133 interdum
996 2098 1087 2137 vidi,

80 2151 175 2184 atque
200 2141 278 2176 adeo
300 2145 334 2176 in
359 2142 559 2186 alteroquod
583 2152 658 2176 tunc
675 2142 943 2183 consecabamus,
966 2141 1089 2185 hydro-

79 2186 324 2229 pici‘cerebro,
347 2189 540 2219 tenuitatem
564 2195 671 2219 autem
696 2184 777 2218 hanc
789 2195 912 2217 tantam
935 2186 1088 2226 alterius,

76 2232 131 2262 aut
153 2229 317 2272 utriusque
340 2230 447 2263 multo
469 2229 583 2271 saepius
603 2251 616 2268 ‚
639 2228 760 2274 nullam
783 2227 854 2261 deni
882 2240 919 2261 ue
941 2240 1015 2262 cum
1039 2240 1087 2262 ra-

75 2273 138 2306 mis
158 2272 197 2309 de
218 2272 336 2316 quibus
359 2272 485 2305 dietum
496 2272 537 2306 est
548 2295 559 2311 ‚
583 2272 845 2313 conjunftionem
873 2270 984 2317 o-rtaffe
1005 2283 1087 2305 non-

77 2327 242 2360 nunquam
263 2328 273 2355 3
306 2325 412 2349 tamen
436 2315 505 2348 haec
527 2325 654 2358 quoque
677 2315 740 2347 tibi
764 2316 854 2348 volui
877 2314 1052 2356 fignificare
1074 2339 1087 2355 ,

78 2369 115 2392 ut
140 2359 335 2401 intelligeres
354 2381 364 2397 ,
397 2357 420 2392 fi
443 2358 522 2402 quid
556 2366 706 2399 praeterea
740 2357 950 2390 adnotatione
978 2358 1087 2402 aliqua

76 2400 149 2436 esset
171 2402 328 2445 dignum,
351 2413 402 2451 me
423 2413 487 2436 non
511 2399 602 2435 fuisse
624 2399 925 2442 praetermissurum⁴

121 2457 172 2480 21.
197 2448 248 2481 De
271 2446 414 2481 caeteris,
436 2446 470 2477 in
494 2444 595 2487 iisque
619 2442 657 2476 de
670 2444 877 2486 pulmonibus
901 2444 1015 2486 pleurae
1027 2457 1085 2478 un-

84 2490 180 2533 dique
203 2488 436 2522 adhaerentibus
458 2486 520 2520 sine
544 2487 762 2530 respirationis
785 2487 999 2529 difficultate,
1024 2491 1087 2522 erit

78 2533 157 2568 alibi
180 2535 244 2575 (g)
268 2530 421 2565 scribendi
446 2533 553 2565 locus.
580 2530 667 2564 Illud
696 2532 757 2565 tuli
782 2530 989 2574 permoleste,
1012 2543 1086 2565 cum

77 2585 206 2615 tantum
229 2587 265 2609 os
287 2576 321 2608 in
346 2576 437 2609 Falce
458 2572 601 2615 offendi,
625 2587 664 2607 ex
686 2575 810 2608 nemine
833 2574 905 2608 sciri
928 2575 1086 2618 potuisse,

57 2621 141 2665 ¹qua
163 2619 201 2653 de
234 2631 266 2652 re
289 2619 319 2652 is,
352 2618 451 2652 homo
472 2628 718 2661 conquereretur
742 2620 831 2652 annis
862 2619 919 2661 qui
954 2620 1084 2661 apople-

78 2665 166 2699 xiam
189 2661 426 2706 praecesserunt.
453 2663 505 2695 Ex
527 2672 593 2705 quo
616 2664 701 2695 enim
724 2661 907 2697 Franciscus
919 2662 1083 2696 Antonius

62 2709 196 2742 'Cattus
217 2707 432 2740 Anatornicus
454 2705 691 2747 Neapolitanus
722 2717 784 2739 non
808 2707 854 2739 ita
877 2716 1082 2740 contemnen-

73 2749 157 2791 dus,
183 2761 218 2784 ut
243 2752 374 2792 ignotus
398 2747 454 2783 esse
476 2749 620 2783 debuerit
646 2750 705 2788 iis,
727 2758 884 2792 quantum
906 2749 1018 2789 video,
1043 2762 1081 2783 o-

80 2796 209 2828 mnibus
231 2794 286 2837 qui
311 2793 348 2826 de
371 2793 530 2829 Medicis,
554 2802 607 2827 aut
631 2793 836 2826 Anatomicis
861 2793 1080 2836 Scriptoribus

85 2847 238 2881 egerunt,
261 2836 339 2870 ficut
363 2839 501 2878 primam
525 2838 557 2869 in
583 2836 714 2870 muliere
747 2835 884 2879 quadam
909 2848 1015 2883 revera
1033 2837 1086 2880 bi-

80 2883 194 2925 partiti
219 2881 301 2914 uteri
337 2878 555 2913 disle&ionem
578 2879 715 2913 tradidit
739 2882 752 2918 (
773 2880 792 2912 h
817 2884 827 2918 )
852 2904 864 2920 ,
897 2881 938 2913 sic
965 2883 1087 2922 primus

85 2926 188 2966 coepit
211 2925 254 2957 A.
283 2934 376 2967 1557.¹
399 2924 456 2964 (i)
481 2924 584 2957 Falcis
607 2925 639 2956 in
665 2924 775 2957 durum
799 2935 830 2956 os
855 2935 894 2957 ex
917 2933 1005 2965 parte
1029 2926 1088 2957 ali-

82 2979 145 3011 qua
166 2968 377 3010 degenerantis
401 2966 652 3000 observationem
679 2977 877 3009 proponere,
901 2967 1087 3001 aliasetiam

82 3022 160 3056 quas
174 3007 319 3044 lzdtallus
340 3012 354 3048 (
375 3009 394 3049 l<
413 3013 428 3051 >
451 3010 596 3053 deinceps
615 3033 627 3050 ,
659 3010 806 3044 Hornius
828 3012 842 3049 (
864 3010 875 3043 l
896 3013 910 3050 )
935 3036 943 3050 ,
977 3011 1087 3045 Schei-

84 3057 155 3089 dius
179 3057 282 3095 (m),
306 3051 478 3094 Wepferus
500 3056 514 3093 <
536 3064 555 3086 n
577 3056 615 3094 ),
645 3052 860 3087 Cheseldenus
884 3056 897 3092 (
920 3066 935 3087 o
959 3058 991 3094 ),
1017 3057 1087 3088 Va-

83 3101 195 3137 terus(
216 3108 236 3139 p
257 3101 295 3139 ),
318 3095 460 3130 Gohlius
483 3100 497 3136 (
520 3108 538 3139 q
560 3100 597 3137 >,
620 3097 770 3139 Mayerus
791 3099 806 3137 (
828 3107 844 3129 r
864 3100 902 3137 >‚
924 3107 1017 3141 atque
1029 3099 1086 3132 alii

85 3143 210 3186 plures,
235 3148 374 3183 quorum
398 3140 521 3183 aliquos
545 3150 622 3174 mox
644 3141 819 3175 nominabo
841 3165 851 3180 ,
883 3140 1049 3175 ediderunt
1072 3165 1083 3181 ,

87 3186 195 3228 easque
219 3185 344 3224 insuper
367 3194 443 3226 quas
467 3185 576 3226 Regiae
601 3185 812 3219 Scientiarum
835 3185 1016 3218 Academiae
1030 3188 1087 3219 Pa-

85 3227 217 3263 riliensis
239 3226 414 3263 Historiae‚
438 3228 721 3261 &Coinmentaria
743 3229 828 3271 (s)
852 3227 1026 3268 exhibent,
1048 3241 1087 3262 o-

84 3283 174 3307 mnes
198 3270 316 3313 perlegi
339 3282 347 3300 ,-
379 3280 433 3302 nec
455 3279 560 3303 tamen
583 3270 756 3305 meminisse
778 3272 887 3305 videor
910 3272 978 3305 ollis
1002 3271 1089 3315 quod

88 3316 180 3358 supra
201 3312 394 3355 descriptum
418 3323 554 3356 aequaret
575 3327 585 3353 ς
609 3313 631 3353 sl
655 3326 768 3357 paucas
790 3318 823 3348 in
847 3325 939 3349 tanto
953 3327 1086 3350 numero

86 3359 195 3393 Falces
218 3359 382 3401 excipias,
405 3357 439 3389 in
460 3368 595 3399 quarum
616 3368 678 3392 una
700 3371 734 3391 os
756 3359 858 3393 latum
887 3368 1020 3402 quatuor
1041 3360 1089 3393 ai-

84 3404 170 3446 gitos
194 3399 304 3439 fuisse,
329 3400 485 3433 indicavit
510 3400 664 3435 Riolanus
685 3403 699 3441 (
721 3409 736 3435 t
758 3405 774 3443 )
794 3426 807 3443 ,
829 3405 861 3436 &
884 3414 981 3446 quam
1003 3403 1089 3436 Vol-

89 3447 256 3479 ckamerus
279 3447 292 3485 (
313 3455 333 3477 u
355 3448 369 3485 )
391 3444 514 3476 invenit
538 3445 577 3477 ad
596 3446 758 3479 dimidiam
788 3445 842 3488 sni
865 3446 1088 3489 longitudinem

90 3490 216 3532 penitus
238 3485 346 3530 osseam
360 3510 371 3528 ,
394 3486 570 3531 praesertim
592 3499 666 3521 vero
688 3499 787 3532 quam
810 3490 843 3521 in
856 3488 1004 3522 Theatro
1025 3488 1089 3522 hoc

91 3531 199 3566 nostro
223 3532 422 3565 Anatomico
443 3528 553 3575 offeam
575 3532 695 3566 omnino
706 3531 789 3565 vidit
802 3530 955 3567 Offredus
976 3536 990 3572 (
1012 3542 1033 3566 x
1053 3536 1067 3574 )
1078 3557 1091 3574 ,

372 3667 380 3697 (
396 3674 416 3698 g
432 3667 447 3696 )
462 3667 538 3696 Epist⁴
557 3670 597 3692 16·
657 3668 672 3697 (
687 3668 702 3692 b
716 3668 731 3697 )
749 3668 839 3699 Isagog.
855 3670 929 3694 Anat.
944 3677 967 3694 e.
985 3678 1024 3694 20.

224 3699 233 3729 ,l
249 3698 343 3723 Differt.
358 3697 387 3722 de
401 3698 474 3724 duob.
490 3698 592 3723 ossiculis
608 3697 633 3721 in
648 3700 774 3728 Apoplect.

233 3675 256 3692 n.
274 3674 312 3692 20.

181 3706 205 3722 m

178 3736 220 3787 ζ)
237 3760 376 3783 commerc.
392 3759 478 3784 Litter.
495 3761 525 3783 A.
545 3767 611 3789 ¹73¹·
630 3760 733 3788 Specim.
748 3768 788 3789 4²·
806 3768 829 3784 n.
848 3769 870 3784 ι.

178 3797 194 3813 u
209 3789 223 3817 ]
239 3790 302 3818 Eph.
319 3791 351 3813 N.
367 3791 509 3814 C-Dee.1.
527 3792 556 3814 A.
573 3793 600 3814 6.
616 3788 674 3816 Obs.
690 3796 732 3818 7¹-
779 3819 785 3823 .

187 3828 205 3848 z
220 3820 233 3848 )
248 3819 277 3843 de
292 3822 341 3849 «βο
356 3819 432 3848 Epist.
449 3828 489 3849 43.
508 3828 534 3844 n.
551 3822 589 3845 :80
648 3820 663 3849 ζ
678 3827 693 3843 a
708 3820 723 3848 )
739 3820 852 3845 Animad.
868 3830 905 3855 43:

181 3857 192 3874 c
208 3849 221 3878 )
238 3849 353 3874 Animad.
369 3858 394 3874 in
411 3851 545 3877 Barthoiin.
562 3852 634 3877 Anat.
652 3851 668 3875 1.
685 3849 715 3875 de
729 3850 803 3876 Venis
818 3858 839 3875 c.
856 3857 876 3876 2.
893 3858 920 3876 m
935 3850 977 3876 fin.

150 3669 173 3882 ν-ρψνννυκ

207 3669 217 3698 )
1085 3668 1233 3704 (2¹)1bid.¹
1248 3677 1269 3694 c.
1287 3678 1308 3699 3.

837 3699 852 3729 <
866 3709 882 3724 n
896 3700 911 3729 )
929 3700 1037 3724 Exercit.
1053 3699 1082 3723 de
1099 3701 1154 3723 loco
1169 3699 1210 3724 aff.
1227 3709 1252 3724 in
1270 3702 1358 3729 Apopi.

211 3729 226 3758 )
243 3728 303 3752 Abr.
318 3728 344 3752 in
360 3728 418 3754 Diis.
435 3736 482 3758 qua
497 3728 639 3758 osteogenia
654 3731 698 3762 &cg
714 3729 740 3754 in
755 3732 861 3756 Prooern.
879 3732 900 3754 ει
917 3730 942 3754 in
960 3732 1043 3759 progr.
1058 3736 1108 3759 quo
1123 3729 1225 3754 Observ.
1243 3731 1368 3755 Calculor.
1390 3734 1412 3756 δι
1425 3740 1447 3756 c.

934 3761 1004 3790 (s)
1023 3762 1050 3784 Α.
1071 3767 1136 3788 1711.
1157 3768 1222 3790 1713.
1240 3769 1308 3791 1734.
1326 3764 1348 3785 δε
1366 3767 1434 3792 1706.
1493 3765 1507 3794 (
1525 3772 1535 3788 t
1553 3769 1561 3795 )

792 3790 806 3819 (
821 3798 836 3815 κ
851 3794 861 3818 )
878 3792 981 3816 Earund.
1001 3793 1058 3815 Dec.
1075 3798 1097 3814 2.
1114 3792 1146 3814 A.
1165 3799 1186 3816 x.
1203 3791 1264 3815 Obs.
1285 3798 1335 3821 1²7·

1150 321 1205 355 cui
1240 331 1349 364 parem
1381 324 1489 360 vidisse
1512 322 1650 357 crederes
1684 324 1788 359 Henr.
1820 326 1995 362 Albertum
2026 330 2160 366 Nicolai

1148 368 1241 414 (y.)
1255 388 1262 402 ,
1284 364 1344 398 nisi
1367 366 1447 401 idem
1471 365 1636 412 obfhrvaffie
1651 391 1663 407 ,
1685 367 1812 402 adderet
1833 395 1845 410 ,
1871 371 2126 408 Volckamerum
2147 399 2161 416 ‚

1141 409 1249 450 Jtmzle
1272 418 1377 442 autem
1402 410 1575 446 Offredum
1595 423 1606 448 5
1632 420 1666 445 ut
1690 410 1817 446 dubites
1838 436 1847 450 ‚
1880 412 1919 447 de
1941 423 2011 449 tota
2036 418 2127 450 Falce
2149 442 2163 458 ‚

1148 462 1188 484 an
1212 450 1249 484 de
1283 463 1397 495 magna
1419 455 1513 495 huius
1538 463 1627 497 parte
1659 454 1822 498 intelligas
1842 480 1854 496 ,
1885 468 1960 491 cum
1983 459 2014 491 se
2036 462 2159 495 omnino

1149 492 1259 537 offiiam
1283 496 1329 527 ait
1353 494 1607 539 deprehendisse:
1633 509 1687 531 nec
1709 496 1773 531 fine
1797 500 1901 542 aliqua
1924 500 2080 543 ejusmodi
2100 503 2162 538 du-

1150 538 1307 572 bitatione
1332 537 1370 572 fis
1388 562 1400 580 ‚
1422 552 1495 575 cum
1528 539 1685 585 quandam
1709 541 1792 584 legas
1815 541 2067 580 observationem
2084 571 2094 588 ,
2123 548 2160 581 in

1150 593 1213 625 qua
1237 581 1284 614 vel
1308 593 1343 615 ea
1369 593 1433 617 vox
1454 587 1577 618 omnino
1600 583 1812 620 desideratur.
1887 587 2048 623 Caeterum
2072 590 2160 634 quod

1160 625 1239 658 scire
1263 625 1392 659 avebam
1422 626 1460 660 de
1483 627 1542 660 isto
1573 629 1646 660 viro
1667 628 1701 661 in
1736 640 1804 671 quo
1826 628 1908 663 illud
1939 642 1958 664 a
1980 643 2031 665 me
2053 645 2089 667 os
2111 635 2163 667 in-

1157 677 1290 702 ventum
1314 668 1376 709 est,
1399 672 1558 704 neminem
1580 669 1639 704 esse
1663 670 1800 713 potuisse
1820 673 1880 716 qui
1902 672 2024 708 diceret
2050 700 2061 716 ‚
2095 687 2160 710 non

1156 711 1231 745 ideo
1253 723 1334 754 aegie
1357 713 1418 745 tuli
1442 715 1516 756 quia
1541 723 1684 756 putarem
1710 738 1721 754 ‚
1746 719 1800 755 aut
1822 724 1932 758 putem
1953 741 1966 758 ,
2000 719 2073 752 inde
2097 721 2162 753 ma-

1150 766 1250 798 gnum
1273 756 1332 798 ipsi
1357 756 1490 800 aliquod
1519 757 1763 791 incommodum
1788 758 1926 794 extitisse
1949 785 1957 800 ,
1987 761 2046 795 nili
2077 761 2163 797 forte

1150 808 1205 832 aut
1229 798 1403 842 ponderis,
1427 809 1481 834 aut
1505 799 1723 834 disti-aetionis
1747 801 1868 836 sensum
1892 804 2030 847 aliquem
2053 807 2162 840 crede-

1148 854 1179 875 re
1204 843 1372 881 malimuss
1397 845 1465 877 imo
1486 845 1564 889 quia
1588 845 1761 888 cupiebam
1785 845 1819 879 id
1836 846 1941 888 ipsum
1964 860 2033 882 mea
2055 850 2161 884 obser-

1147 887 1276 919 vatione
1299 886 1489 923 confirmare
1514 889 1601 931 quod
1625 899 1665 921 ex
1690 889 1915 933 plerorumque
1938 902 2053 926 eorum
2075 905 2157 936 quos

1146 931 1336 968 nominavi,
1361 940 1415 965 aut
1437 931 1565 964 silentio
1589 954 1597 969 ‚
1633 940 1686 966 aut
1711 931 1828 976 dfferta
1853 935 1951 968 etiam
1974 939 2159 971 narratione

1146 973 1340 1014 collegeram
1355 997 1364 1013 ,
1387 973 1445 1018 nisi
1469 972 1532 1007 ossa
1555 976 1589 1007 in
1613 976 1705 1008 Falce
1729 998 1739 1013 ,
1775 985 1828 1009 aut
1854 976 1891 1010 ad
1916 978 2042 1012 Falcem
2059 1004 2072 1021 ‚
2105 989 2162 1015 aut

1151 1015 1228 1048 alibi
1249 1017 1286 1048 -in
1310 1017 1513 1060 meningibus
1528 1018 1732 1051 increscentia
1756 1020 1841 1053 intra
1853 1031 1926 1054 eum
1947 1023 2080 1064 quidem
2093 1032 2162 1058 ma-

1150 1058 1332 1101 gnitudinis
1351 1083 1363 1100 ‚
1393 1064 1426 1094 &
1450 1060 1597 1103 ponderis
1631 1061 1763 1097 modurn
1785 1074 1849 1105 quo
1882 1063 1920 1096 ad
1946 1064 2008 1098 hoc
2032 1076 2159 1109 tempus

1149 1105 1361 1142 invenerunt,
1386 1103 1464 1141 nifi,
1490 1105 1649 1147 inquam,
1673 1106 1716 1137 ita
1741 1105 1826 1140 faeta
1847 1129 1858 1146 ,
1894 1109 1928 1139 &
1952 1108 2051 1150 posita
2075 1110 2161 1150 sint,

1149 1156 1185 1181 ut
1207 1148 1371 1189 meninges
1395 1157 1537 1191 pungant
1561 1174 1568 1186 ,
1601 1149 1727 1182 nullum
1750 1148 1815 1181 fere
1853 1148 1946 1183 solita
1970 1151 2028 1185 esse
2052 1163 2107 1195 per
2131 1152 2160 1187 se

1147 1191 1277 1233 gravius
1305 1191 1423 1224 malum
1442 1214 1454 1231 ,
1487 1190 1536 1224 sed
1561 1202 1598 1223 ne
1621 1192 1745 1225 doloris
1767 1191 1898 1236 quidem
1922 1194 2073 1229 assiduum
2095 1195 2162 1230 sen-

1146 1234 1216 1267 sum
1239 1233 1408 1267 inducere:
1434 1245 1470 1267 ut
1494 1234 1668 1269 videndum
1683 1244 1817 1278 propter
1842 1236 1910 1269 haec
1931 1239 2098 1280 censeam,
2121 1250 2161 1273 an

1147 1277 1360 1310 Volckameri
1376 1300 1385 1316 ,
1410 1280 1442 1310 &
1456 1276 1584 1310 offredi
1602 1305 1608 1317 ‚
1634 1279 1766 1321 aliaeque
1791 1278 1949 1322 ejusmodi
1961 1280 2159 1316 observatio-

1148 1332 1202 1371 nes
1233 1319 1425 1364 quibusdam
1467 1329 1643 1366 repugnent
1686 1332 1725 1356 ex
1765 1322 1883 1358 usibus
1905 1325 1993 1358 Falci
2040 1325 2160 1360 adseri-

1150 1373 1219 1407 ptis
1236 1388 1242 1395 .
1968 1406 1970 1409 ¹

1190 1419 1240 1440 22.
1265 1409 1338 1442 Nec
1360 1416 1466 1442 tamen
1491 1409 1691 1451 negata-mim,
1712 1408 1869 1451 ejusmodi
1894 1437 1904 1453 ‚
1930 1422 1984 1446 aut
2009 1416 2071 1449 alia
2094 1413 2159 1455 ossa

1147 1461 1261 1494 praeter
1285 1461 1430 1486 naturam
1462 1461 1517 1485 aut
1541 1453 1647 1494 genita
1670 1476 1682 1492 ,
1716 1462 1769 1486 aut
1795 1455 1893 1487 etiarn
1918 1457 2009 1490 austa
2030 1482 2043 1499 ‚
2075 1455 2162 1498 posse

1146 1495 1308 1528 interdum
1330 1495 1451 1529 morbis
1474 1497 1588 1537 capitis
1611 1497 1770 1537 internis,
1794 1500 1826 1530 δε
1851 1499 2027 1540 apoplexiae
2051 1501 2160 1534 nomi-

1145 1540 1270 1577 natim‚
1295 1538 1318 1572 fi
1341 1539 1411 1572 aliae
1436 1539 1583 1572 accedant
1607 1539 1705 1574 causae
1728 1562 1740 1578 ‚
1765 1539 1961 1575 occafionem
1984 1543 2124 1586 praebere
2149 1569 2157 1576 .

1144 1583 1236 1615 Nam
1261 1583 1401 1624 primum
1424 1583 1458 1615 in
1483 1581 1551 1615 sene
1576 1583 1779 1616 Tridentino
1801 1585 1816 1623 <
1838 1595 1862 1627 z
1887 1588 1897 1623 )
1926 1609 1939 1626 ‚
1973 1598 2067 1630 quem
2092 1587 2158 1620 levi

1144 1636 1211 1657 non
1234 1626 1280 1658 ita
1305 1626 1429 1668 pridem
1453 1625 1659 1668 apopletfftico
1683 1624 1805 1660 insultu
1829 1626 1978 1663 affeetum
2005 1653 2016 1669 ,
2040 1629 2159 1674 gravis-

1144 1667 1240 1702 fimus
1265 1669 1344 1702 alter
1363 1694 1375 1710 ,
1405 1680 1480 1703 cum
1505 1668 1583 1703 hora
1607 1670 1662 1703 vix
1684 1680 1746 1703 una
1771 1682 1787 1703 a
1812 1669 1942 1714 sumpto
1974 1673 2173 1708 cathartico

1142 1712 1380 1746 medicamento
1403 1714 1509 1746 alvum
1533 1722 1714 1747 exoneraret
1728 1736 1741 1753 ,
1766 1715 1888 1756 puneto
1910 1719 2066 1760 temporis
2078 1724 2158 1752 con-

1142 1754 1286 1797 fecerat,
1309 1765 1372 1790 non
1399 1756 1496 1790 modo
1522 1757 1735 1798 ligamentum
1757 1758 1843 1790 inter
1865 1771 1901 1792 os
1926 1761 2058 1796 Sacrum
2081 1786 2093 1803 ‚
2125 1765 2159 1795 δε

1141 1799 1311 1839 Ischium,
1336 1810 1371 1833 ut
1388 1801 1422 1833 in
1447 1799 1812 1842 Adversariisscri'ptum
1835 1801 1878 1835 est
1901 1804 1970 1838 III.
1993 1808 2008 1844 (
2031 1817 2049 1839 a
2070 1809 2084 1845 )
2107 1804 2160 1837 os-

1141 1841 1228 1877 seum
1252 1842 1374 1877 fanum
1398 1842 1614 1886 deprehendi,
1639 1843 1690 1877 sed
1714 1844 1924 1880 &officulum
1947 1848 2033 1882 intra
2057 1847 2158 1891 ipsam

1140 1886 1250 1920 cordis
1274 1887 1478 1921 substantiam
1502 1887 1635 1933 eohloco
1669 1887 1739 1921 vidi
1760 1899 1856 1931 quem
1881 1890 1977 1924 altera
2011 1891 2159 1926 Mitraiis

1142 1930 1267 1964 valvula
1291 1931 1418 1974 obtegit
1437 1954 1449 1970 ‚
1482 1933 1610 1964 modica
1643 1930 1726 1964 illud
1748 1932 1949 1968 craffitudine
1968 1958 1980 1975 ,
2012 1935 2063 1970 sed
2086 1936 2159 1969 lon-

1142 1985 1220 2015 gum
1245 1973 1348 2015 adeo,
1372 1984 1408 2009 ut
1431 1974 1641 2008 transversum
1663 1974 1814 2016 pollicem
1827 1976 2008 2020 superaret:
2033 1981 2157 2013 arteriae

1140 2027 1251 2051 autem
1276 2017 1404 2061 Magnae
1428 2019 1584 2051 internam
1609 2018 1723 2051 faciem
1745 2019 1862 2053 crebris
1887 2021 1941 2055 hic
1970 2022 2039 2056 illic
2062 2022 2154 2057 osseis

1142 2061 1316 2094 bracteolis
1339 2073 1359 2094 o
1385 2071 1507 2100 ertam5
1531 2071 1568 2095 ut
1591 2061 1613 2094 fi
1637 2063 1754 2104 capitis
1778 2065 1889 2098 rimari
1909 2065 2019 2099 abdita
2043 2067 2155 2101 licuis-

1141 2103 1210 2144 set,
1234 2115 1330 2146 quam
1367 2105 1554 2139 imillimum
1577 2106 1644 2137 veri
1678 2104 1716 2138 fit
1731 2130 1740 2144 ,
1776 2108 1825 2141 ibi
1848 2120 1976 2152 quoque
2000 2109 2063 2144 ossa
2089 2111 2155 2145 alia

1141 2158 1190 2180 me
1214 2145 1303 2180 fuisse
1328 2157 1545 2191 reperturum.
1571 2148 1700 2182 Deinde
1724 2152 1758 2183 in
1783 2151 1929 2194 pluribus
1942 2155 2152 2196 apopleclicis

1142 2189 1267 2223 senibus
1290 2191 1411 2224 cerebri
1435 2192 1582 2226 vasorum
1595 2194 1719 2226 tunicas
1742 2194 1848 2237 reapse
1864 2194 1986 2231 offendi
2010 2209 2075 2231 non
2089 2206 2155 2233 uno

1141 2235 1176 2266 in
1200 2234 1275 2266 loco
1298 2233 1339 2267 ab
1359 2233 1450 2268 osseis
1473 2235 1592 2268 innatis
1627 2234 1771 2270 frustulis
1793 2238 1911 2279 rigidas
1934 2262 1943 2277 ,
1976 2242 2155 2283 praesertim

1140 2276 1333 2311 Car-otidum
1356 2290 1417 2321 qua
1441 2277 1480 2312 ad
1513 2279 1609 2311 latera
1634 2279 1724 2312 Sellae
1748 2282 1885 2323 Equinae
1923 2292 2091 2328 tantopere
2125 2285 2155 2319 se

1141 2320 1330 2354 infleetunt.
1358 2324 1396 2354 ln
1418 2320 1573 2364 ejusmodi
1596 2322 1666 2355 sane
1688 2325 1849 2365 capitibus
1872 2327 1907 2361 id
1919 2336 2033 2370 praeter
2057 2338 2153 2364 natu-

1141 2373 1211 2396 ram
1233 2363 1397 2398 Cortefius
1421 2368 1434 2404 (
1457 2364 1510 2407 b)
1536 2364 1685 2404 viderat,
1707 2377 1781 2399 cum
1804 2371 1935 2410 perinde
1959 2382 1994 2405 ac
2017 2371 2040 2405 fi
2064 2372 2149 2408 nihil

1140 2406 1200 2440 nisi
1224 2407 1392 2442 secundum
1415 2417 1562 2443 naturam
1585 2411 1725 2443 maxime
1748 2410 1777 2443 se
1792 2410 1908 2447 habens
1932 2422 2151 2459 proponeret,

1139 2453 1174 2483 in
1199 2462 1307 2484 earum
1327 2454 1468 2485 cavitate
1478 2453 1663 2486 arteriarum
1675 2477 1686 2492 ‚
1710 2464 1770 2495 qua
1794 2459 1959 2500 attingunt
1968 2459 2153 2501 glandularia

1140 2494 1348 2527 Pituitariam
1367 2519 1376 2534 ,
1399 2496 1457 2527 duo
1480 2495 1568 2527 intas
1590 2497 1749 2529 notatione
1771 2498 1863 2541 digna
1886 2524 1898 2541 ‚
1918 2501 1961 2534 ὠ·
1985 2514 2002 2535 a
2027 2505 2149 2539 nemine·

1138 2536 1287 2570 haetenus
1310 2537 1473 2580 observata
1487 2539 1655 2576 contineri,
1680 2538 1828 2583 scripsit;
1845 2544 2045 2588 primumque
2067 2545 2146 2591 effe,

1138 2582 1212 2622 qnia
1229 2579 1306 2621 sant
1329 2580 1444 2614 cellulas
1466 2582 1602 2623 quaedam
1625 2583 1767 2624 exiguae=5
1799 2585 1935 2621 alteram
1951 2612 1963 2628 ,
1985 2590 2064 2632 quod
2079 2590 2146 2634 sint

1135 2622 1261 2665 officula
1291 2624 1428 2666 quaedam
1449 2634 1550 2666 parva
1582 2626 1722 2668 (qualia
1755 2638 1832 2662 num
1866 2630 1972 2673 postea
2003 2634 2147 2668 Riolano

1135 2669 1149 2706 (
1171 2679 1186 2699 c
1207 2671 1221 2707 )
1244 2678 1370 2710 quoque
1394 2667 1603 2710 imposuere?
1626 2673 1639 2709 )
1664 2680 1767 2703 eornm
1790 2671 1885 2712 instar
1904 2697 1915 2714 ‚
1945 2686 2009 2717 quae
2030 2678 2072 2710 acl
2092 2690 2145 2712 ar.

1135 2711 1251 2742 ticulos
1274 2711 1445 2753 digitorum
1470 2713 1667 2752 reperiuntur
1683 2712 1851 2755 figmoidea
1883 2719 1898 2756 (
1921 2717 2109 2753 sesamoidea
2131 2725 2146 2761 )

1133 2753 1310 2801 appellata:
1386 2753 1442 2797 sed
1464 2765 1521 2787 non
1539 2754 1644 2797 solum
1667 2757 1699 2789 in
1722 2755 1777 2790 hac
1786 2766 1879 2800 parte
1900 2762 2036 2796 arterias
2058 2764 2091 2796 in
2107 2764 2145 2806 se

1137 2795 1259 2838 officula
1281 2798 1458 2838 continere,
1478 2808 1587 2832 verum
1609 2800 1706 2832 etiam
1730 2801 1761 2833 in
1775 2800 1871 2842 aliis,
1892 2812 1928 2837 ut
1950 2808 2144 2847 experientia

1137 2839 1201 2887 ipsa
1223 2839 1373 2875 lmc'tenns
1391 2840 1558 2882 probavit:
1584 2843 1663 2883 quod
1686 2843 1830 2883 quidem,
1855 2846 1964 2890 inquit
1986 2871 1996 2887 ‚
2012 2847 2143 2891 faustum

1130 2881 1228 2926 fnzffie
1247 2893 1326 2927 pato
1349 2894 1407 2916 non
1425 2883 1490 2927 fine
1515 2886 1653 2918 maxima
1674 2886 1815 2928 Naturae
1832 2892 2054 2932 providentia,
2079 2903 2143 2935 qnae

1134 2935 1285 2969 perpetuo
1308 2935 1399 2960 curat
1422 2938 1473 2960 eas
1505 2936 1631 2968 apertas
1652 2930 1873 2971 quodammodo
1894 2957 1904 2972 ,
1938 2937 1981 2969 ζῇ*
2001 2934 2145 2969 elevatas

1139 2968 1217 3013 effe,
1240 2979 1277 3004 ut
1299 2970 1514 3003 dilatationem
1530 2970 1678 3012 sustinere
1700 2973 1846 3007 valeant.
1872 2973 1946 3020 Ego
1968 2988 2046 3012 vero
2067 2990 2144 3014 cum

1139 3015 1219 3047 alibi
1239 3037 1248 3052 ‚
1282 3023 1352 3047 turn
1375 3012 1549 3056 praesertim
1574 3016 1606 3047 in
1628 3015 1760 3049 cerebro
1783 3019 1830 3051 ita
1863 3020 2063 3056 moderatam
2085 3022 2144 3057 esse

1138 3067 1286 3091 naturam
1299 3055 1392 3088 video
1406 3068 1476 3098 quae
1490 3056 1527 3090 ad
1537 3056 1698 3100 sanguinis
1713 3062 1852 3095 attinent
1861 3065 2122 3100 circumitionem
2132 3089 2143 3105 ‚

1138 3110 1174 3134 ut
1195 3100 1299 3143 liquid
1323 3109 1428 3133 tamen
1453 3100 1557 3133 morbi
1578 3103 1744 3137 vioriatur
1756 3108 1844 3148 quod
1856 3107 2015 3150 sanguinis
2026 3118 2080 3142 aut
2090 3111 2142 3142 in-

1138 3143 1292 3187 gressum‚
1317 3151 1370 3176 aut
1396 3141 1546 3185 egressum
1578 3149 1678 3189 magis
1703 3159 1800 3190 quam
1823 3147 2034 3187 constitutum
2066 3152 2105 3186 fit
2125 3175 2140 3192 ‚

1139 3197 1303 3225 moretur,
1329 3198 1429 3229 eoque
1449 3198 1580 3221 motum
1604 3190 1779 3225 tardiorem
1791 3190 1889 3227 faciat
1901 3219 1914 3235 ,
1936 3207 1999 3229 non
2011 3195 2074 3229 fine
2086 3196 2142 3230 de-

1140 3233 1296 3264 trimento
1319 3229 1379 3263 fit:
1403 3242 1541 3272 quorum
1564 3233 1644 3267 illud
1667 3236 1790 3269 arteriae
1814 3249 1941 3280 quoque
1964 3237 2108 3274 efficiunt
2131 3262 2142 3278 ‚

1141 3275 1169 3308 se
1194 3275 1237 3308 ob
1260 3276 1371 3307 innata
1392 3272 1454 3308 ossa
1476 3276 1581 3309 minus
1604 3277 1815 3321 constringere
1834 3305 1843 3319 ,
1877 3284 1908 3313 &
1932 3293 2042 3325 urgere
2075 3283 2143 3316 san-

1138 3321 1269 3361 guinem
1289 3318 1425 3351 valentes
1445 3341 1458 3358 ‚
1481 3316 1543 3351 hoc
1567 3329 1672 3354 autem
1695 3321 1855 3364 quidquid
1878 3331 1933 3358 aut
1954 3326 2141 3361 venosorum

1138 3363 1299 3395 alveorum
1325 3362 1426 3394 atstat
1448 3361 1662 3405 diametrum,
1683 3376 1740 3398 aut
1760 3365 1906 3407 quaedam
1926 3368 2014 3412 quasi
2037 3369 2143 3403 diver-

1141 3406 1240 3439 ticula
1266 3405 1314 3438 his
1339 3404 1453 3438 adimit
1474 3429 1483 3443 ‚
1522 3408 1555 3439 in
1577 3419 1647 3450 quae
1681 3419 1741 3450 pro
1764 3419 1795 3441 re
1829 3419 1901 3444 nata
1936 3410 2141 3446 redundantis

1140 3450 1299 3492 sanguinis
1325 3459 1394 3490 pars
1418 3448 1632 3491 quadantenus
1655 3450 1761 3484 cedat.
1789 3453 1841 3485 Sic
1863 3456 2017 3497 quoniam
2040 3458 2073 3488 in
2095 3455 2143 3488 se-

1140 3495 1269 3526 niorum
1302 3492 1447 3525 calvariis
1481 3493 1654 3528 accrescens
1695 3493 1775 3529 ossea
1805 3495 1974 3531 substantia
2014 3500 2141 3533 minora

1140 3535 1285 3579 quaedam
1308 3544 1444 3568 occaecat
1476 3535 1637 3570 foramina
1655 3561 1668 3579 ‚
1690 3547 1727 3571 ut
1750 3547 1849 3583 puta,
1874 3540 2143 3583 quemadmodum

2022 3584 2103 3621 alibi

1423 3701 1433 3731 (
1450 3712 1463 3727 ο
1478 3704 1488 3734 )
1504 3706 1558 3729 The
1575 3707 1653 3729 Anat.
1669 3705 1698 3728 of
1711 3675 1753 3730 frig
1767 3675 2068 3741 {ussiffngidssdtiffld'xr

1397 3794 1412 3822 c
1423 3800 1442 3825 y
1459 3794 1466 3824 1
1482 3736 1516 3820 1>t
1541 3734 1955 3823 ᾗεζῗῑςὲῗιιιεῖὲᾙὲὲἕέιέεὲᾜῖᾏ
1972 3769 2001 3795 de
2016 3768 2092 3797 offih.

1506 3803 1540 3820 ec.
1611 3813 1617 3822 .
1634 3804 1642 3820 ι
1715 3813 1721 3822 .
1807 3815 1812 3822 .
1888 3818 1891 3823 .
1910 3809 1932 3831 s.

1372 3671 1386 3700 (
1401 3670 1418 3695 Ῐῑ
1434 3672 1447 3700 )
1463 3674 1520 3698 Obs-
1538 3675 1611 3699 Anat.
1629 3683 1651 3698 2.

968 3822 978 3850 (
994 3821 1009 3845 b
1024 3826 1035 3850 )
1052 3820 1158 3846 Miscel-l.
1177 3823 1268 3847 Medic.
1286 3824 1340 3847 Dec.
1358 3831 1375 3848 i.
1393 3831 1414 3848 c.
1432 3832 1455 3854 7.
