2498 4075
367 225 518 291 Epist.
552 224 713 279 Anat.
746 225 959 278 Medica
996 222 1218 277 XLVII.
1257 223 1377 275 Art.
1395 224 1442 276 ΞΓ
1458 239 1501 291 3.
1521 236 1565 285 4.
1590 235 1630 281 5.
1649 223 1694 274 6.
1713 224 1767 276 &
1784 236 1831 283 7.
1964 238 2056 285 219

72 302 218 345 Virginis
243 315 352 344 utero,
379 306 584 349 quantumvis
598 306 797 343 exulcerato,
822 305 908 339 nulla
931 304 1004 338 ideo
1018 312 1070 336 to-

72 354 109 378 to
141 349 245 380 morbi
272 359 416 391 tempore
447 358 645 383 excrementa
669 348 882 386 descendisse,
916 349 993 390 quia
1016 346 1070 387 hy-

71 398 140 421 men
164 389 319 432 obstabat,
342 394 419 434 quod
441 400 551 425 natura
571 392 749 432 virginibus
772 391 929 434 ranceffit.
954 392 992 423 In
1016 391 1069 422 Se-

72 430 244 472 pulchreto
276 446 380 469 autern
404 436 539 477 legimus
569 434 757 475 quinarum
790 432 965 477 virginibus
997 440 1069 465 con.-

70 474 199 516 crescir.
224 478 349 511 Verum
373 478 528 511 utrolibet
552 476 648 510 modo
671 480 752 521 legas
776 491 785 514 ;
814 477 979 519 quomodo
1004 478 1069 508 vir-

69 519 201 558 ginibus
224 523 347 555 caeteris
371 517 662 554 menseseffluunt?
686 519 816 554 imoisti
839 521 896 562 ipsi
919 531 990 562 quae
1002 528 1067 551 erat

68 561 291 607 quinquaginta
315 565 446 607 quinque
467 571 523 596 aut
538 561 596 605 sex
618 574 767 597 annorum
787 586 798 603 ,
830 563 851 595 si
876 573 947 595 ante
979 574 1067 595 mor-

67 604 146 638 bum
170 617 234 640 non
258 607 453 642 effluxissent
477 620 485 643 ;
519 607 685 648 quomodo
708 608 741 640 id
764 606 950 640 Dodonaeus
972 606 1070 639 omit-

69 656 136 682 tere
159 649 310 691 potuisset
333 655 343 683 ?
375 650 484 691 Igitur
508 661 565 682 nec
589 651 668 691 quod
690 658 803 683 natura
825 648 962 690 concessit
976 673 988 689 ,
1011 660 1068 681 nec

68 692 123 732 qui
145 700 256 725 natura
280 693 445 735 concrescit
467 693 531 734 legi
566 692 688 733 potest.
823 691 985 725 Postremo
1011 693 1067 725 ali-

66 745 147 775 quot
171 737 272 768 miror
296 736 356 769 suis
378 747 453 779 qam
477 735 615 769 Scholiis
639 736 891 769 Observationes
907 757 915 772 ‚
939 744 975 768 ut
998 747 1071 777 quae

68 778 212 811 sectione
244 780 383 812 XXXV.
408 780 466 812 sub
499 779 733 812 Observatione
777 780 803 810 Ι.
838 781 1035 820 proponitur
1058 799 1068 814 ,

67 830 132 867 non
147 843 157 859 ‚
181 832 216 854 ut
239 822 425 856 institutum
450 822 628 863 postulabat
643 844 653 859 ‚
677 822 713 854 ad
726 822 916 854 morborum
940 820 1069 857 causas,

69 863 122 896 led
154 863 192 897 ad
217 865 374 899 naturales
406 864 744 907 menstrui-sanguinis
767 865 872 897 fontes
896 867 1033 897 attinere
1058 878 1067 895 2

69 905 191 949 hosque
215 909 247 940 in
272 910 386 950 vagina
409 930 417 944 ,
447 908 469 941 fi
493 906 664 950 productas
688 908 829 940 attendas
853 908 1071 941 Observatio-

56 961 142 991 nes,
166 951 316 984 constitui
341 965 348 983 :
374 962 452 995 quas
473 951 605 994 quidem
628 962 688 994 ego
714 950 875 984 inficiatus
899 950 965 983 sum
989 961 1072 983 nun-

68 1005 183 1034 quarn;
206 995 264 1028 etsi
288 995 371 1028 mihi
396 995 530 1028 necdum
555 996 698 1037 contigit
716 1010 731 1033 f,
755 1003 791 1027 ut
816 994 893 1026 alibi
919 1005 1014 1035 quam
1037 995 1071 1026 in

70 1036 170 1070 {undo
193 1039 275 1071 uteri
297 1039 459 1076 viderem3
486 1049 543 1072 nec
567 1040 675 1080 magni
698 1037 799 1070 facere
824 1036 948 1078 possum
968 1037 1070 1070 ratio-

70 1091 123 1112 nes
144 1080 296 1122 quasdam
318 1083 436 1125 quibus
459 1083 497 1114 ad
522 1081 603 1114 illud
626 1079 887 1114 confirmandum
909 1089 1069 1117 utuntur,

71 1125 156 1157 velut
180 1125 234 1157 illa
257 1136 329 1167 quae
351 1126 385 1158 in
408 1124 537 1158 Scholio
560 1124 730 1165 subjicitur
751 1126 778 1163 §.
805 1135 833 1157 z.
859 1123 1071 1156 Observatio-

70 1168 118 1199 nis
141 1170 164 1199 1.
191 1169 347 1201 nimirum
371 1170 495 1210 vaginae
517 1167 682 1210 aliquando
704 1178 827 1200 cancros
851 1174 907 1198 aut
932 1166 1070 1208 scirrhos

64 1209 264 1252 supervenire
288 1211 472 1244 incurabiles
493 1234 502 1248 ,
537 1221 629 1253 eoque
652 1210 752 1251 magis
778 1209 805 1251 fi
828 1209 976 1247 menstrua
999 1208 1072 1251 defi-

69 1254 175 1293 ciant,
201 1254 274 1295 quia
290 1253 419 1297 fimguis
442 1255 495 1296 qui
518 1254 684 1296 expurgari
699 1252 822 1295 solebat
842 1277 851 1292 ,
883 1252 928 1285 ibi
950 1253 1070 1286 diutins

70 1296 256 1333 cztncfltztur,
277 1305 449 1331 remoratur
466 1323 474 1337 ,
498 1299 541 1330 (ξφ
562 1294 664 1339 calefit
686 1309 693 1327 z
731 1297 834 1329 rarius
854 1297 886 1329 in
903 1292 1004 1336 fundo
1028 1295 1069 1328 &

70 1341 210 1386 caritate
233 1341 327 1384 ipfius
351 1342 433 1373 uteri
466 1340 602 1383 rrmligna
627 1339 682 1377 istri
706 1338 807 1372 ulcera
824 1362 835 1378 ‚
869 1340 910 1372 (φ
933 1347 1069 1372 tumores

69 1384 257 1424 nascuntm.
283 1385 357 1416 Hoc
382 1385 466 1417 enim
487 1395 499 1423 3
524 1393 558 1416 ut
583 1384 642 1415 alia
669 1392 853 1424 p1·:eteream
874 1393 884 1419 3
917 1394 994 1415 num
1019 1393 1071 1414 ra·-

69 1426 137 1458 rius
159 1424 232 1464 fiat,
258 1428 319 1460 tibi
343 1427 416 1460 satis
439 1427 607 1461 ostendent
631 1427 788 1468 pleraeque
812 1425 966 1459 Seffiffionis
998 1437 1073 1467 pro-

68 1471 168 1513 ximaq
196 1471 451 1504 Observationes
475 1496 482 1503 .
520 1470 645 1504 Verum
681 1470 747 1502 haec
771 1492 783 1508 ‚
818 1472 849 1501 ἃς
872 1469 910 1502 de
934 1470 1072 1502 naturali

70 1513 303 1548 menstruarum
328 1515 559 1556 purgationum
592 1512 685 1547 causa
708 1512 981 1545 Observationem
1008 1513 1070 1545 [ΙΙ.

68 1567 143 1590 cum
167 1558 302 1598 prolixis
314 1558 413 1598 adeo,
435 1570 507 1600 quae
529 1555 630 1597 ipsam
644 1553 905 1598 consequuntur,
932 1556 1073 1588 Sslioliis

70 1601 282 1641 omittamus,
305 1604 336 1635 δε
358 1600 518 1643 propositi
543 1611 698 1632 memores
719 1623 727 1636 ,
752 1602 892 1639 primum
915 1598 953 1632 de
979 1599 1073 1631 Men-

69 1643 160 1676 struis
182 1655 217 1676 ea
235 1656 310 1687 quae
334 1644 371 1677 ad
396 1642 579 1676 morbidam
603 1642 870 1676 constitutionem
892 1643 1072 1680 attineant,

68 1697 109 1718 ex
131 1686 289 1720 Valsalvae
312 1686 605 1721 Observationibus
629 1685 864 1718 describamus.

111 1739 140 1762 2.
176 1730 375 1763 VIRGINI
408 1741 478 1772 quae
511 1728 643 1763 salacior
677 1728 847 1761 videbatur
877 1751 885 1764 ‚
929 1729 1073 1762 vividior

66 1782 150 1805 certe
173 1782 238 1806 erat
259 1797 272 1813 ‚
294 1773 430 1807 necdum
454 1772 573 1805 menses
598 1772 775 1810 fluxerant,
798 1783 870 1804 cum
896 1783 979 1804 anuo
1003 1784 1076 1805 exa-

1120 303 1200 337 miffi
1232 302 1393 344 sanguinis
1422 302 1487 334 fere
1521 302 1554 334 in
1587 300 1773 341 cylindrum
1806 309 1900 342 xquo
1941 299 2122 331 tenuiorem-

1120 347 1287 380 contraeta
1312 371 1319 384 ,
1342 357 1415 379 cum
1439 345 1492 377 illa
1516 345 1669 386 purgatio
1691 353 1745 376 aut
1769 355 1806 376 ex
1831 352 1903 375 toto
1927 362 1937 377 ‚
1973 351 2026 373 aut
2052 351 2126 373 mas·

1119 401 1181 432 gna
1204 401 1242 422 ex
1267 397 1354 430 parte
1376 385 1489 422 deesset
1516 399 1523 418 2
1547 389 1627 429 quin
1650 388 1745 419 etiam
1770 386 1811 419 sic
1837 384 1895 419 effe
1918 383 2118 417 animadver-

1120 435 1146 465 ti
1171 434 1219 465 vel
1242 433 1275 464 in
1300 431 1436 474 quadam
1461 431 1513 464 cui
1539 443 1554 463 a
1580 432 1723 473 quinque
1745 440 1798 462 aut
1822 429 1873 462 sex
1897 452 1909 467 ,
1944 428 2028 461 haud
2052 436 2123 458 am-

1120 476 1201 517 plius
1225 498 1232 510 ‚
1268 475 1379 508 diebus
1403 474 1505 508 fuerat
1538 474 1592 506 illa
1619 472 1724 506 medio
1757 476 1789 506 in
1812 472 1906 506 cursu
1938 483 1975 504 ex
1998 479 2119 503 terrore

1118 517 1293 560 suppressa.
1320 519 1444 551 Verum
1469 515 1525 560 qul
1551 516 1665 559 possint
1688 516 1826 550 remedia
1852 517 1904 548 illa
1928 518 2007 547 bene
2028 511 2121 546 cede-

1119 574 1153 596 re
1177 573 1241 595 non
1267 561 1364 594 modo
1387 573 1460 594 cum
1484 560 1609 602 sanguis
1632 573 1647 592 e
1670 561 1833 593 contrario
1852 558 2030 591 ferventior
2055 554 2120 591 est,

1120 615 1175 639 aut
1197 604 1379 647 copiosior,
1406 604 1458 637 sed
1481 615 1554 636 cum
1578 604 1643 644 ipse
1666 603 1798 646 quidem
1824 604 1866 635 fic
1890 602 1962 634 satis
1985 599 2067 633 reffite
2092 596 2122 630 se

1119 649 1235 688 habet,
1258 658 1367 681 uterus
1391 658 1495 681 autem
1521 645 1633 678 siccior
1656 648 1724 685 est,
1747 648 1777 677 δέ
1801 646 2022 679 contrastior‚
2046 649 2123 680 aut,

1121 692 1209 731 quod
1235 703 1272 723 ex
1295 690 1458 724 diuturnis
1482 689 1674 732 quibusdam
1700 690 1820 721 morbis
1844 710 1853 725 ,
1889 698 1922 719 ut
1947 688 1978 717 in
2004 696 2124 733 propo-

1122 735 1178 767 sita
1203 736 1363 775 Virgine,
1389 733 1541 776 suspicari
1565 733 1662 771 licet,
1685 735 1836 773 organico
1860 731 2014 772 quopiam
2039 731 2125 759 vitio

1123 777 1290 812 all'etstus?
1326 777 1454 817 Nempe
1486 777 1560 810 alias
1595 774 1775 808 humectare
1798 798 1810 814 ‚
1842 774 2010 820 &.13X³,se
2042 780 2128 812 prae-

1122 820 1181 853 stat
1206 832 1216 858 3
1249 821 1323 853 alias
1346 831 1453 854 autem
1477 820 1556 853 vitia
1581 819 1641 851 alia
1664 842 1676 858 ,
1708 831 1774 860 quo
1800 817 1838 850 ad
1872 816 2032 858 ejus'sieri
2067 824 2127 861 po:

1121 864 1181 896 test
1204 887 1216 903 ‚
1248 864 1403 896 resolvere
1427 889 1435 897 .
1467 862 1626 896 Nobilem
1662 873 1722 904 ego
1756 861 1922 895 Medicum
1954 861 2032 891 novi
2069 866 2128 897 qui

1122 906 1159 939 ad
1184 908 1293 940 cienda
1327 907 1482 940 menstrua
1507 908 1554 939 uti
1590 905 1799 938 consueverat
1824 904 1970 944 chalybis
1995 899 2092 948 scobe
2114 919 2125 934 ⁵

1123 949 1212 983 mista
1234 962 1310 983 curn
1333 949 1427 984 massa
1451 950 1624 990 pilularum
1648 949 1687 981 de
1711 949 1779 981 aloe
1800 969 1808 983 ‚
1833 951 1862 979 ὅε
1890 947 1927 979 de
1955 952 2132 978 ammonui-

1122 1006 1162 1027 to
1177 1018 1187 1032 ,
1210 996 1241 1026 &
1264 1003 1418 1027 concreto
1441 993 1597 1026 cichoreae
1621 991 1738 1029 succo,
1764 991 1876 1024 addito
1900 989 2030 1031 insuper
2053 995 2131 1034 curn

1123 1038 1256 1069 remedii
1290 1038 1358 1070 vim
1383 1037 1559 1078 augendam
1595 1035 1731 1068 censeret
1754 1057 1763 1072 ,
1798 1033 1944 1076 pauxillo
1974 1032 2132 1078 difiamul

1123 1081 1272 1115 Cretici,
1296 1079 1435 1120 myrrhae
1462 1103 1471 1118 ,
1494 1082 1523 1110 δι
1548 1080 1634 1111 croci
1661 1091 1668 1111 .·
1693 1088 1732 1111 ex
1754 1077 1871 1120 quibus
1895 1074 2058 1109 confectas.
2083 1082 2133 1114 pi-

1121 1123 1201 1156 lulas
1225 1123 1375 1164 quotidie
1398 1122 1497 1155 dabat
1524 1121 1590 1154 fere
1616 1122 1705 1154 binas
1728 1130 1802 1153 ante
1829 1131 1956 1162 parcam
1979 1128 2103 1166 coenam
2122 1136 2135 1153 ,

1122 1178 1213 1199 mane
1236 1175 1344 1198 autem
1369 1165 1552 1206 jusculum,
1576 1164 1684 1197 herbis
1706 1187 1717 1203 ,
1752 1166 1782 1196 &
1806 1164 1967 1196 radicibus
1991 1160 2136 1193 medica-

1122 1220 1192 1242 tum
1226 1221 1296 1251 quse
1321 1209 1546 1245 emolliendi,
1584 1211 1616 1239 &
1640 1219 1710 1250 quae
1747 1205 1909 1247 aperiendi
1941 1203 2131 1237 facultatem

1121 1253 1275 1286 haberent
1300 1265 1307 1285 :
1341 1253 1454 1293 hisque
1479 1252 1607 1285 auxiliis
1631 1249 1731 1284 ferme
1745 1250 1868 1293 semper
1894 1248 1940 1282 sui
1966 1249 2138 1291 voticorn-

1121 1306 1231 1340 potem
1255 1296 1284 1328 se
1308 1295 1427 1330 factum
1452 1296 1580 1338 ajebat,
1605 1295 1704 1327 modo
1728 1303 1799 1336 apta
1825 1293 1920 1327 simul
1944 1291 2066 1325 servata
2090 1289 2139 1322 es-

1123 1340 1170 1373 set
1196 1339 1325 1373 vivendi
1349 1351 1461 1373 norma
1487 1362 1495 1370 .
1543 1338 1672 1371 Scilicet
1697 1337 1749 1371 liic
1774 1359 1783 1373 ‚
1828 1337 1920 1378 cujus
1947 1347 2008 1377 ego
2033 1344 2139 1367 reme-

1122 1384 1175 1416 dia
1201 1385 1456 1417 commemoravi
1479 1406 1492 1423 ,
1516 1393 1580 1414 non
1605 1381 1695 1424 quod
1721 1392 1785 1414 non
1811 1378 2027 1423 vulgatissima
2051 1377 2111 1410 sint
2131 1398 2143 1415 ,

1124 1426 1176 1460 sed
1201 1426 1289 1468 quod
1314 1426 1375 1459 alia
1398 1427 1466 1459 aliis
1491 1424 1551 1458 sint
1575 1424 1785 1458 facultatibus
1810 1425 1947 1466 praedita
1970 1445 1979 1468 .’
2029 1421 2143 1462 scepius

1125 1472 1236 1512 potuit
1270 1469 1304 1503 id
1326 1470 1415 1512 quod
1452 1468 1628 1508 susceperat
1654 1490 1662 1505 ‚
1697 1468 1821 1501 efficere
1845 1491 1856 1507 ‚
1896 1466 2009 1500 melius
2035 1472 2145 1497 tamen

1124 1512 1298 1546 effecturus
1324 1535 1333 1548 ‚
1369 1514 1388 1545 li
1413 1513 1494 1554 quid
1532 1511 1733 1554 potiffimum
1758 1513 1791 1544 in
1829 1509 1962 1553 singulis
1999 1507 2145 1542 foeminis

1127 1558 1275 1597 prestare
1301 1565 1465 1598 oporteret
1490 1579 1501 1593 ,
1547 1555 1624 1587 scire
1649 1552 1786 1587 licuisset
1813 1578 1819 1584 .
1873 1556 1987 1587 Unum
2022 1552 2109 1585 enim
2137 1575 2147 1590 ‚

1125 1600 1176 1633 sed
1203 1611 1267 1641 prae
1293 1601 1415 1633 caeteris
1441 1600 1635 1632 conveniens
1660 1621 1669 1636 ,
1693 1598 1854 1630 auxilium
1878 1599 1976 1631 citius
2000 1619 2009 1633 ‚
2043 1599 2074 1628 Sc
2098 1592 2151 1627 ef-

1126 1644 1257 1677 ficacius
1281 1654 1348 1676 rem
1373 1643 1477 1684 gerit.
1611 1640 1666 1674 Sic
1688 1641 1768 1673 alius
1793 1640 1875 1674 milii
1901 1648 1997 1673 notus
2020 1638 2062 1672 est
2078 1638 2153 1671 Me-

1125 1688 1216 1721 dicus
1241 1711 1250 1726 ,
1284 1687 1342 1729 qui
1366 1697 1440 1719 cum
1466 1684 1554 1718 videt
1578 1706 1587 1721 ‚
1634 1685 1780 1717 aloeticis
1803 1683 1862 1717 effe
1886 1684 1995 1717 locum
2019 1705 2028 1719 ,
2065 1681 2151 1715 nihil

1126 1730 1184 1764 nisi
1211 1742 1307 1772 pauca
1333 1730 1416 1763 aloes
1443 1740 1538 1770 grana
1564 1752 1572 1764 ,
1618 1740 1812 1770 quacunque
1837 1740 1868 1760 re
1892 1740 1964 1770 quae
1994 1727 2149 1760 amaritu-

1127 1774 1214 1806 dinis
1241 1774 1363 1806 sensum
1390 1773 1586 1813 prohibeat,
1613 1772 1760 1804 involuta
1784 1795 1793 1809 ,
1817 1771 1968 1814 quotidie
1994 1769 2148 1806 exhibet,

68 1818 121 1848 cto
145 1816 409 1858 duodevigesimo
427 1817 570 1849 εκῑίηᾶα
593 1818 657 1849 eli.
793 1816 994 1849 UTERUS
1006 1826 1074 1848 erat
1126 1818 1230 1859 iisque
1256 1818 1424 1849 dumtaxat
1450 1815 1577 1848 felicius
1613 1813 1732 1847 menses
1756 1826 1907 1848 revocare
1933 1815 1962 1848 se
1990 1842 1998 1855 ‚
2031 1814 2111 1848 dicit
2139 1838 2151 1853 ,

67 1862 201 1900 exiguus
223 1875 231 1892 =
267 1860 359 1895 fundi
385 1871 492 1893 tamen
516 1857 691 1901 longitudo
715 1869 780 1892 non
805 1859 912 1891 minor
940 1882 949 1898 ,
971 1870 1070 1901 qnam

66 1913 220 1937 cervicis.

109 1957 139 1988 3.
166 1947 247 1980 Satis
271 1946 334 1981 hoc
359 1947 422 1986 est,
445 1955 482 1980 ut
506 1946 689 1988 intelligas,
715 1947 746 1978 in
771 1946 829 1979 liae
854 1955 959 1980 tamen
984 1946 1066 1978 Vir-

65 1989 141 2030 gine
173 1990 301 2024 crevisse
332 1998 459 2024 uterum
494 1992 594 2032 magis
618 2012 626 2026 ,
659 2000 762 2031 quam,
793 1990 827 2022 in
860 2002 894 2022 ea
930 1989 1069 2022 Muliere

65 2044 163 2074 quam
198 2034 418 2075 superioribus
441 2032 588 2075 descripsi
626 2034 757 2065 Litteris
784 2037 794 2073 <
819 2045 836 2064 <z
860 2037 873 2072 >
896 2044 907 2071 ;
940 2042 975 2065 ut
999 2034 1068 2064 exi-

66 2086 147 2116 guus
167 2077 298 2119 quidem
322 2077 415 2114 esset,
443 2076 492 2110 sed
517 2089 575 2118 pro
599 2075 655 2121 ista
678 2086 774 2109 aetate
797 2079 930 2118 exiguus
955 2099 965 2113 ‚
989 2087 1069 2108 con-

64 2119 234 2163 firmetque
244 2121 439 2155 Observatio
460 2120 527 2153 haec
539 2120 758 2159 conjecturam
775 2118 878 2153 deilla
902 2119 1043 2152 instram
1062 2144 1070 2158 ‚

63 2163 223 2197 mensibus
255 2174 419 2207 nunquam
453 2161 512 2196 ess'e
546 2171 743 2205 purgatam.
781 2164 932 2195 Excitaie
970 2163 1066 2194 etiam

62 2207 166 2249 potest
189 2207 227 2240 ad
252 2207 497 2250 suspicandum,
522 2216 601 2240 num
621 2204 709 2247 quod
724 2206 904 2247 virginibus
928 2205 1067 2239 nonnul-

63 2251 122 2290 lis,
147 2249 229 2283 sanis
240 2253 413 2294 alioquin,
437 2249 614 2287 alacribus,
637 2251 668 2280 δέ
691 2247 806 2289 justum
819 2249 965 2291 corporis
988 2259 1067 2290 aug-

62 2302 211 2327 mentum
234 2294 432 2335 consecutis,
457 2294 613 2326 menstrua
637 2293 727 2325 annis
750 2293 876 2334 aliquot
899 2293 1066 2334 postquam

61 2337 223 2380 plerisque
248 2339 372 2374 solent,
397 2339 612 2379 proveniant,
638 2345 735 2371 num,
758 2336 913 2377 inquam,
939 2336 1066 2368 tardio-

61 2382 90 2412 ri
123 2381 296 2424 aliquando
318 2385 402 2415 uteri
435 2383 635 2414 incremento
671 2378 847 2412 adscribere
880 2388 1062 2419 oporteat.

61 2423 227 2458 Novimus
258 2424 526 2468 generosissimam
550 2423 722 2469 Virginem
748 2445 760 2462 ,
791 2424 824 2455 in
848 2432 954 2456 earum
987 2433 1063 2464 quas

59 2466 160 2500 modo
188 2469 401 2502 indicavimus
423 2489 431 2503 ,
461 2477 629 2501 numerum
652 2465 853 2499 reserendam
876 2489 884 2503 ‚
909 2475 981 2507 quae
1006 2477 1064 2498 nu-

58 2519 113 2550 pta
136 2520 307 2554 antequam
332 2511 472 2549 menses,
498 2521 596 2543 annos
618 2509 744 2551 aliquot
756 2510 938 2551 ωφεξὶῃῑῐ,
962 2520 1061 2550 appa-

58 2561 194 2594 rerent,
227 2554 462 2589 foecundiliima
486 2564 592 2587 tamen
626 2552 692 2585 fuit
714 2578 722 2591 ,
756 2562 854 2595 utque
889 2551 920 2584 id
955 2553 1059 2585 minus

58 2597 270 2638 miraremur,
294 2599 403 2632 eadem
430 2597 558 2640 prorsus
591 2595 656 2639 ejus
677 2607 808 2638 quoque
831 2596 925 2630 matri
949 2597 1059 2629 conti-

57 2642 383 2682 gerant.¹Nimirum
411 2642 506 2675 satius
529 2640 592 2677 est,
618 2640 703 2682 quod
732 2649 807 2672 tunc
822 2639 977 2675 fecimus,
1001 2639 1059 2671 ubi

57 2688 183 2728 egregie
206 2686 313 2722 valent
328 2711 336 2725 ,
361 2685 547 2727 expec‘mre,
570 2686 600 2716 Sc
622 2682 704 2716 nihil
731 2694 881 2724 movere,
906 2694 944 2716 ne
965 2682 1058 2723 operi

56 2730 144 2769 quod
169 2737 280 2772 natura
303 2729 424 2763 tardius
448 2729 613 2769 aliquanto
638 2726 768 2764 perficit
788 2750 800 2767 ‚
823 2737 946 2760 moram
971 2724 1058 2758 forte

54 2770 168 2804 nostris
188 2772 422 2814 intempestivis
445 2771 574 2804 auxiliis
597 2768 781 2804 afferamus.

98 2826 130 2856 4.
159 2816 191 2847 V
217 2816 231 2846 Ι
257 2816 288 2848 Κ
311 2816 345 2848 G
370 2817 403 2847 O
437 2816 533 2847 altera
556 2835 565 2850 ,
598 2813 717 2847 multos
740 2813 804 2855 jam
838 2824 937 2847 annos
972 2823 1058 2845 men-

54 2856 145 2891 struis
167 2869 275 2891 carens
297 2858 542 2900 purgationibus
562 2878 572 2893 ‚
592 2858 712 2897 diuque
736 2858 894 2891 ulceribus
920 2859 950 2888 in
976 2856 1057 2888 tibia

54 2910 166 2934 vexata
187 2923 196 2939 ,
230 2901 385 2935 tabefacta
410 2903 527 2943 periit.
660 2900 676 2933 Ι
702 2900 737 2932 N
782 2902 816 2933 T
839 2901 874 2933 H
898 2901 933 2934 O
954 2899 988 2932 R
1013 2902 1056 2932 A-

52 2946 83 2977 C
106 2945 135 2978 E
152 2968 159 2981 ,
186 2947 218 2977 &
242 2945 366 2977 Ventre
389 2944 552 2987 stagnabat
578 2954 679 2985 aqua.
704 2943 811 2976 Testes
826 2943 890 2976 sine
913 2942 986 2976 ullis
1001 2953 1055 2974 ve-

51 2986 179 3024 ficulis,
201 2990 232 3020 δι
256 2987 428 3021 substantia
454 2987 642 3021 constabant
675 2987 807 3021 subalba
842 2987 879 3020 ad
904 2997 1053 3029 pancrea-

52 3032 95 3064 tis
128 3031 374 3064 similitudinem
402 3056 412 3071 ,
444 3030 494 3064 sed
517 3031 666 3064 molliore
689 3055 696 3062 .
735 3031 774 3063 In
799 3033 882 3063 uteri
916 3030 1050 3063 interio-

52 3086 86 3107 re
122 3074 202 3107 facie
241 3085 379 3115 corpora
421 3073 605 3116 glandulosa
653 3073 908 3115 protuberabant
951 3083 1048 3114 quarn

51 3118 193 3158 plurima
217 3142 226 3157 ‚
259 3117 316 3151 nisi
360 3118 447 3160 quod
491 3118 524 3150 in
570 3116 702 3151 summor
726 3117 850 3152 fornice
886 3127 983 3158 pauca
1015 3127 1048 3148 e-

51 3170 123 3194 rant
138 3186 144 3194 .

95 3216 123 3245 ς.
148 3206 199 3237 En
222 3204 403 3247 exemplum
427 3203 560 3237 alterum
584 3203 672 3246 quod
696 3203 832 3237 Medicis
856 3200 1049 3244 quibusdam

51 3248 186 3290 objicias
211 3249 305 3282 nimis
328 3248 591 3290 properantibus,
615 3257 651 3281 ut
676 3247 794 3280 menses
817 3248 942 3279 cieant.
970 3247 1048 3278 Non

50 3301 204 3334 reputant
228 3292 349 3324 seilicet
365 3311 375 3329 ,
407 3301 504 3332 quam
528 3293 621 3324 variae
648 3294 677 3324 Sc
700 3293 784 3324 inter
796 3290 824 3323 se
835 3289 1048 3331 discrepantes

48 3334 149 3369 causae
166 3335 230 3368 *csse
252 3334 367 3377 poffint
390 3344 446 3366 cur
469 3333 517 3366 illi
543 3344 605 3366 non
629 3332 754 3376 fluant,
778 3337 809 3366 ὃς
831 3334 988 3367 continuo
1011 3333 1049 3366 ad

48 3391 82 3412 ea
106 3379 281 3419 decurrunt
313 3388 383 3420 quse
408 3386 588 3415 moveant,
620 3377 708 3420 quali
740 3387 845 3411 uterus
877 3375 941 3418 ipse
971 3377 1045 3409 satis

47 3419 175 3464 paratlus
209 3422 327 3462 semper
351 3419 426 3453 esset
455 3420 688 3454 adsint-{tatum
723 3422 909 3462 sanguinem
944 3419 1043 3452 trans-

47 3466 244 3499 mittendum
271 3489 277 3495 .
316 3465 428 3505 Itaque
453 3463 536 3497 haud
561 3475 632 3496 raro
655 3466 728 3497 vitii
753 3464 877 3497 causam
902 3473 1040 3504 augenv,

45 3519 112 3542 non
136 3509 281 3542 tollunt.
308 3507 453 3549 Prospere
475 3506 592 3540 cedunt
625 3508 679 3540 illa
703 3510 734 3539 in
760 3507 915 3548 plerisque
941 3531 949 3544 ,
985 3507 1040 3540 ubi

45 3549 172 3595 sanguis
196 3553 237 3586 est
260 3550 398 3584 viscidus
419 3573 431 3589 ‚
463 3559 519 3583 aut
542 3551 581 3583 ab
603 3551 701 3583 nimia
728 3553 785 3583 seri
810 3551 902 3592 copia
926 3551 1008 3582 iners
1035 3566 1043 3586 ς

43 3595 204 3629 abundare
235 3594 530 3637 enimlplerumque
567 3593 628 3626 hoc
653 3594 752 3629 vidi,
800 3604 888 3635 parte
922 3595 1042 3635 reliqua

133 3639 298 3681 Morgagni
309 3639 343 3671 cle
355 3637 421 3668 sed.
435 3641 477 3672 Θ·
489 3641 575 3677 (aus.
590 3637 691 3670 Morb.
706 3639 804 3670 Tom.
821 3639 867 3671 ΙΙ.

1126 1872 1224 1903 quam
1250 1862 1355 1899 §tranis
1395 1860 1497 1891 multo
1524 1857 1667 1898 pluribus
1691 1881 1700 1895 ‚
1748 1867 1802 1891 aut
1828 1859 1898 1891 aliis
1934 1858 2026 1891 simul
2065 1857 2150 1892 datis

1124 1904 1305 1937 remediis.
1349 1906 1397 1936 De
1423 1903 1552 1935 vivendi
1589 1911 1696 1935 autem
1723 1912 1836 1935 norma
1872 1903 2006 1935 minime
2043 1901 2148 1943 negli-

1125 1946 1229 1990 genda
1252 1946 1340 1988 quod
1363 1947 1504 1979 diximus
1521 1967 1529 1981 ‚
1554 1954 1646 1977 tanto
1669 1947 1790 1978 certius
1819 1948 1862 1979 est
1886 1969 1896 1983 ,
1929 1955 2052 1988 quanto
2076 1946 2147 1979 evi-

1123 1990 1254 2024 dentius
1280 2012 1288 2026 ,
1323 1990 1362 2022 ab
1385 1991 1548 2023 erroribus
1575 1990 1606 2020 in
1641 2000 1675 2020 ea
1701 1988 1838 2022 admiffis
1870 1989 2146 2032 expurgationem

1122 2034 1206 2068 hanc
1234 2034 1323 2067 valde
1346 2034 1498 2066 imminui
1525 2055 1533 2068 ,
1558 2035 1588 2065 δε
1613 2032 1774 2066 interdum
1798 2032 1981 2075 supprimi.
2009 2036 2081 2069 lta;
2106 2042 2144 2065 ut

1122 2078 1224 2110 veteri
1251 2078 1402 2115 evemplo
1415 2087 1572 2110 recentem
1595 2076 1793 2117 quarundam
1807 2087 1947 2109 errorem
1972 2086 2142 2110 notemus:

1121 2121 1266 2153 Galenus
1293 2125 1303 2159 (
1325 2121 1345 2153 h
1367 2124 1379 2159 )
1404 2122 1569 2154 memoriae
1594 2119 1729 2152 tradidit
1754 2142 1762 2156 ‚
1799 2121 1915 2152 Romae
1941 2121 1993 2153 sua
2018 2130 2144 2160 tempe·-

1120 2165 1200 2197 state
1225 2163 1382 2207 corrrigtsji:
1407 2188 1414 2200 ,
1451 2174 1526 2198 cum
1547 2161 1641 2204 vulgo
1664 2162 1812 2196 mulieres
1835 2173 1949 2204 aquam
1964 2162 2138 2206 frigidissi-

1119 2217 1205 2239 mam
1228 2217 1265 2239 ex
1288 2207 1361 2239 nive
1382 2215 1527 2248 potarent
1542 2233 1549 2246 ‚
1576 2212 1614 2238 ut
1638 2214 1694 2239 aut
1716 2205 1800 2238 nullo
1820 2205 1910 2248 ραὲἷο
1930 2229 1939 2245 ,
1967 2215 2026 2240 aut
2046 2217 2141 2249 pror-

1114 2250 1172 2292 sus
1194 2250 1361 2282 imminute
1380 2258 1590 2292 purgarentur
1608 2272 1616 2279 .
2122 2261 2124 2263 ·

1163 2295 1193 2324 6.
1220 2291 1279 2325 Sed
1302 2293 1340 2324 ad
1376 2294 1494 2326 auxilia
1521 2303 1555 2327 ut
1588 2293 1714 2329 redeam
1740 2293 1858 2329 menses
1897 2296 2012 2330 cientia
2037 2311 2046 2334 3
2094 2297 2138 2331 est

1118 2336 1297 2378 aliquando
1322 2347 1394 2368 cum
1423 2339 1510 2370 locus
1536 2335 1599 2370 sive
1631 2339 1665 2370 in
1692 2339 1859 2380 praesentia
1882 2364 1894 2380 ,
1933 2341 1994 2374 live
2017 2342 2050 2374 in
2077 2353 2134 2384 po-

1119 2379 1240 2413 sterum
1263 2380 1336 2425 ipsis
1362 2379 1402 2412 est
1426 2381 1552 2418 nullus·,
1577 2389 1614 2414 ut
1637 2391 1713 2423 puta
1738 2394 1814 2416 cum
1839 2394 1947 2418 uterus
1971 2384 2134 2426 ejusmodi

1119 2425 1204 2455 vitio
1225 2422 1356 2455 afleftus
1380 2424 1422 2456 est
1446 2447 1454 2460 ,
1503 2432 1539 2456 ut
1564 2424 1638 2457 tolli
1665 2436 1731 2459 non
1758 2427 1851 2467 poliit
1878 2453 1884 2460 .
1933 2429 2133 2470 Exemplum

1116 2467 1158 2499 ab
1183 2465 1464 2502 Experientiffiino
1488 2468 1683 2508 accipiamus
1708 2470 1870 2503 Bene-volo
1894 2470 1947 2514 (c
1968 2476 1982 2511 >
2007 2499 2013 2505 .
2038 2473 2134 2516 Qua.

1116 2520 1192 2543 tuor
1216 2510 1270 2541 ille
1295 2510 1476 2551 virginibus
1489 2520 1649 2544 retentum
1674 2513 1708 2543 in
1732 2515 1815 2546 uteri
1839 2526 1920 2547 cavo
1934 2517 2131 2550 menstruum

1114 2553 1325 2595 sanguinem,
1349 2553 1541 2600 chirurgicis
1563 2554 1634 2587 usus
1659 2556 1832 2597 praesidiis,
1860 2558 1981 2591 emisit.
2008 2560 2128 2594 Earum

1111 2606 1176 2629 tres
1202 2597 1314 2637 primae
1340 2596 1471 2638 singulis
1495 2598 1602 2639 postea
1629 2598 1786 2634 mensibus
1812 2602 1980 2636 secuudum
2005 2614 2127 2637 naturae

1112 2640 1197 2682 leges
1213 2641 1449 2682 sanguinemex
1472 2651 1565 2674 utero
1581 2642 1793 2684 prodeuntem
1819 2646 1989 2679 viderunt.
2017 2648 2127 2684 Quar-

1111 2693 1153 2716 tae
1177 2694 1215 2716 ne
1238 2685 1314 2716 octo
1337 2683 1469 2726 quidem
1488 2710 1495 2723 ,
1521 2697 1574 2717 aut
1599 2686 1710 2718 decem
1734 2688 1801 2727 poll
1826 2691 1914 2721 annis
1941 2711 1949 2725 ‚
1989 2691 2125 2724 Medicis

1111 2729 1222 2759 omnia
1245 2724 1397 2760 incassum
1424 2729 1625 2761 tentantibus
1648 2752 1659 2768 ,
1692 2740 1833 2770 unquam
1857 2733 1999 2774 prodiit.
2028 2734 2121 2771 Quid

1112 2771 1182 2803 ita?
1210 2771 1381 2803 Nimirum
1405 2773 1481 2813 quia
1504 2772 1571 2806 haec
1597 2783 1653 2804 nec
1676 2771 1817 2806 breviori
1845 2784 2008 2817 tempore,
2033 2778 2123 2811 util-

1111 2814 1150 2847 lae
1178 2840 1186 2854 ,
1218 2826 1319 2856 neque
1343 2816 1501 2847 minorem
1527 2816 1685 2856 quandam
1711 2842 1719 2855 ,
1746 2818 1910 2860 minusque
1934 2821 2024 2851 noxii
2048 2821 2118 2853 san-1

1111 2859 1219 2899 guinis
1242 2859 1392 2899 copiam,
1416 2857 1466 2890 sed
1491 2859 1667 2890 triennium
1692 2859 1795 2900 ipsum
1820 2884 1832 2900 ,
1857 2871 1892 2893 ut
1914 2859 1982 2902 jam
2005 2863 2082 2897 duas
2110 2890 2120 2905 ,

1108 2904 1141 2933 &
1164 2903 1300 2943 triginta
1324 2901 1419 2933 libras
1443 2911 1585 2942 aequarct
1608 2927 1616 2940 ,
1641 2914 1697 2934 ncc
1724 2903 1787 2935 sine
1813 2900 1941 2945 putrida
1962 2909 2117 2947 purulen-

1108 2944 1348 2986 taqueadmista
1374 2947 1528 2983 materia,
1553 2947 1585 2976 in
1612 2949 1693 2978 uteri
1719 2958 1810 2979 cavea
1824 2949 2020 2982 retinuerat.
2048 2952 2116 2984 Ve-

1103 2990 1132 3020 ri
1155 2990 1258 3030 igitur
1282 2987 1383 3020 simile
1409 2996 1476 3019 erat
1493 3010 1501 3024 ‚
1526 2988 1629 3020 laesam
1645 2989 1737 3030 hujus
1762 2991 1949 3025 interiorem
1973 2993 2112 3033 faciem,

1101 3032 1254 3065 cicatrice
1277 3031 1444 3069 obt-iufra,
1470 3042 1533 3063 uon
1561 3033 1666 3071 patula
1680 3035 1818 3067 amplius
1842 3035 1956 3070 babere
1981 3038 2110 3078 oscula,

1103 3074 1184 3108 uncle
1211 3075 1296 3108 statis
1320 3074 1521 3116 temporibus
1545 3074 1671 3118 sanguis
1694 3079 1794 3110 exiret
1820 3103 1836 3113 ,
1865 3080 1955 3114 Quid
1981 3092 2111 3121 autem,

1101 3120 1196 3151 rebus
1221 3118 1257 3150 ati
1283 3115 1387 3155 hunc,
1412 3125 1465 3149 aut
1490 3118 1528 3150 ad
1554 3119 1690 3152 similem
1715 3120 1813 3153 alium
1837 3125 2022 3164 quempiam
2038 3137 2108 3158 mo-

1101 3161 1179 3194 dum
1205 3160 1232 3194 se
1257 3160 1447 3194 habentibus
1472 3184 1483 3200 ,
1506 3162 1545 3193 ab
1570 3164 1608 3196 iis
1631 3174 1701 3205 quae
1727 3163 1911 3205 sanguinem
1935 3169 2074 3202 incitent
2097 3192 2107 3206 ,

1100 3204 1249 3238 remediis
1281 3204 1447 3244 expec'tare
1470 3205 1566 3238 liccat
1592 3229 1599 3241 ,
1629 3206 1685 3239 nisi
1711 3217 1745 3240 ut
1772 3210 1890 3241 malum
1914 3210 1951 3242 ad
1986 3212 2104 3245 malum

1100 3248 1214 3281 addas?
1240 3246 1368 3279 Parcius
1393 3247 1440 3280 ha>
1465 3249 1627 3282 alimentis
1653 3258 1804 3288 utantur,
1830 3255 1859 3283 δε
1884 3253 2005 3291 incisa,
2030 3267 2103 3288 cum

1098 3302 1179 3333 opus
1202 3291 1268 3330 est,
1294 3289 1416 3322 brachii
1442 3302 1542 3331 vena,
1566 3291 1751 3334 sanguinem
1775 3296 1926 3328 mittant.

1142 3345 1174 3380 7.
1202 3336 1298 3368 Nunc
1336 3333 1465 3376 quando
1497 3337 1531 3367 in
1569 3336 1745 3369 sermonem
1789 3347 1884 3378 quem
1931 3340 1995 3373 tibi
2040 3342 2101 3376 elle

1098 3378 1331 3419 perjucundum
1379 3376 1442 3410 scio
1466 3399 1475 3414 ‚
1520 3379 1557 3412 de
1602 3380 1732 3412 medicis
1776 3382 2000 3416 curationibus
2045 3386 2101 3418 dr-

1096 3421 1235 3454 ficientis
1281 3420 1432 3452 menstrui
1467 3420 1626 3463 singuinis
1660 3423 1811 3465 ingressus
1845 3426 1946 3463 sum3
1994 3429 2098 3468 prius-

1093 3476 1190 3508 quam
1234 3463 1272 3496 ad
1318 3466 1473 3496 contrarii
1500 3468 1574 3498 vitii
1608 3469 1802 3499 anatomieas
1826 3466 1972 3501 historias
1997 3472 2098 3505 trans-

1095 3520 1163 3540 eam
1198 3531 1208 3547 ,
1264 3514 1405 3548 quonam
1465 3508 1611 3541 adversus
1658 3509 1719 3542 hoc
1764 3511 1897 3543 alterum
1942 3513 2093 3554 praefidio

1095 3552 1271 3592 plurimum
1308 3550 1419 3582 fideret
1445 3551 1508 3590 Vir
1554 3550 1760 3588 industrius.
1806 3563 1898 3595 atque
1930 3566 2092 3598 expe-:iens

1088 3595 1143 3637 Jo.
1157 3595 1378 3635 Hieronymus
1393 3595 1626 3631 lanichellius„
1651 3595 1804 3636 subjicere
1826 3607 1891 3631 non.
1913 3601 2091 3640 gravabor.

1613 3640 1639 3671 E
1664 3652 1679 3671 e
1725 3650 1741 3671 2
1980 3645 2045 3676 Co—

55 3741 1851 3757 ——dfl—m———ffl—-QW
249 3744 255 3747 “
1847 3745 1887 3756 ‘aa
1891 3740 1926 3759 ὓ,
1944 3748 1953 3757 2
1979 3750 1985 3758 ,
2052 3748 2057 3753 .

98 3816 113 3847 ζ
127 3823 143 3840 ι
158 3818 172 3846 )
186 3822 209 3842 'n.
227 3825 264 3841 20.
326 3817 340 3847 <
355 3816 369 3841 b
383 3817 396 3846 )
415 3817 433 3841 l.
450 3818 479 3843 de
493 3826 558 3846 venae
574 3817 626 3843 sest.
644 3818 730 3843 advers.
747 3819 928 3844 Erafistrataeos.
947 3828 968 3845 c.
987 3829 1007 3850 3.

1071 3822 1084 3850 ζ
1099 3829 1110 3845 c
1126 3821 1135 3850 l
1152 3821 1264 3848 offervaz
1292 3830 1311 3847 ι’.
