2498 4075
0 228 2 309 l

56 398 61 427 l

398 124 409 149 ¹
639 119 794 185 Epist.
835 120 992 173 Anat.
1027 119 1237 173 Medica
1271 117 1311 170 Ιι
1347 117 1469 168 Art.
1499 131 1547 183 9.

75 205 119 238 las
138 196 340 241 Sepulchreti
361 195 547 237 Historias,
570 196 660 240 ejeffi
685 207 739 237 per
769 197 877 230 nasum
903 209 1082 232 memoran-

74 255 148 281 tur,
171 240 323 275 credibile
344 240 407 285 est:
428 241 474 273 Et
497 242 533 275 in
556 241 598 274 iis
620 239 749 282 quidem
772 240 896 273 narium
920 241 1082 276 receffibus

71 289 129 332 qui
151 285 315 319 Frontales
337 282 419 319 finus
441 284 647 322 dicuntur...
659 291 777 317 vermes
820 282 953 318 crescere
996 283 1081 319 haud

72 341 149 365 raro
163 329 217 368 ,in
239 327 353 362 ovibus
375 327 554 369 praesertirn
573 324 696 359 constat
720 350 729 366 ‚
767 337 782 358 a
806 326 922 368 quibus
945 329 1080 363 irritatae

74 375 105 409 se
128 373 156 406 se
177 371 324 414 agitent3
347 378 383 405 ut
405 371 453 403 vel
478 371 513 403 in
537 380 569 401 ea
594 369 630 402 de
654 380 716 411 qua
748 368 890 403 diximus
918 386 938 409 ,ν
960 372 1082 405 credere

73 415 214 458 aliquis,
238 415 293 457 qui
318 414 347 447 se
370 415 413 447 ita
438 413 737 447 circumvolventem
749 423 908 452 cerneret,
938 426 1008 448 ante
1018 414 1082 448 dis-

73 458 248 495 feffionem
271 456 441 501 potuisset.
467 456 557 503 Qiin
581 458 613 489 &
637 455 824 490 hominibus
847 458 1018 499 aliquando
1029 469 1081 492 ac-

72 501 200 541 cidere,
223 511 259 535 ut
283 511 421 534 vermes,
444 497 672 541 ejusdemmodi
698 501 731 531 in
756 499 837 533 locis
868 500 1047 535 nidulantes
1071 523 1080 537 ‚

73 545 190 586 capitis
211 544 338 578 dolores
359 541 489 577 afferant
500 564 514 582 ,
535 542 581 575 vel
605 543 685 576 olim
707 543 854 584 Arabes,
879 544 916 577 de
928 545 1081 580 Indorum

72 587 278 624 Medicorum
288 586 438 624 sententia
451 606 463 625 ,
486 584 686 619 tradiderunt
698 608 711 626 ‚
733 588 927 621 nominatim
940 590 1082 622 Avicen-

72 642 113 665 na
125 634 190 674 (q)¹
218 631 302 672 signa
323 640 449 672 quoque
463 650 472 664 ‚
495 631 528 662 δε
550 629 748 664 curationem
770 640 950 673 proponens
965 657 972 664 .
997 633 1081 670 Quae

72 673 140 708 fere
163 675 198 708 in
219 675 286 708 illis
307 673 404 706 etiam
427 670 566 706 Scholiis
591 672 804 713 adnotantur,
828 683 923 715 atque
955 675 1082 717 insuper

72 714 495 761 AEginetaeliberindicatur
513 728 545 757 4.
569 726 638 758 cap.
652 726 704 757 57.
728 716 813 760 quasi
838 718 884 756 ibi
908 741 934 759 „
958 730 995 752 ex
1017 729 1084 752 ver.

70 784 98 802 ‚‚
121 761 228 796 mibus
249 760 377 794 dolores
400 761 531 794 excitari
555 758 685 801 quidem
706 759 890 794 concederet
915 786 923 798 ,
946 762 979 794 in
1002 773 1085 795 cere-

72 826 98 844 „
120 804 180 837 bro
204 814 278 837 vero
300 805 463 845 generari,
489 812 616 845 negaret
638 824 661 842 ,,
685 829 693 835 .
717 802 776 836 Sed
802 815 865 836 non
889 805 1013 837 idcirco
1035 807 1087 838 in.

71 846 239 881 credibiles
262 845 404 880 historiae
429 845 638 888 rejiciuntur3
663 846 731 878 imo
754 846 828 879 inde
851 846 962 881 harum
1008 860 1085 881 con-

72 891 219 925 firmatio
243 890 364 934 petitur
397 892 413 928 (
436 902 451 923 r
474 893 487 929 )
533 896 697 931 propterea
728 891 801 931 quia
826 899 861 923 ut
886 892 920 923 in
945 892 1010 924 illis
1035 893 1085 924 Si-

72 934 170 967 nibus
195 943 233 967 ex
256 934 344 974 putri
368 935 522 971 materia,
547 931 589 965 sic
612 935 643 965 δε
669 933 751 965 intra
762 935 906 967 cranium
919 934 1085 968 exabsces-

72 977 106 1010 su
131 977 242 1019 aliquo
266 974 493 1020 possesvermes
516 976 630 1018 gigni,
654 986 716 1008 non
741 976 910 1011 dubitatur
935 1000 943 1014 ‚
979 989 1085 1010 errore

75 1018 173 1053 facile
196 1019 413 1054 condonando
434 1021 475 1053 iis
498 1018 697 1060 temporibus
718 1020 833 1058 quibus
864 1020 928 1056 nafi
973 1022 1086 1055 ovium

70 1074 194 1098 vermes
218 1076 234 1096 a
259 1062 363 1097 musca
388 1062 465 1097 effe,
493 1064 635 1096 nondum
659 1062 1090 1105 Vallisneriinostri(s)exi-

72 1109 136 1141 mia
160 1109 194 1140 in
218 1106 418 1141 observando
442 1106 568 1140 solertia
592 1104 792 1146 ostenderat,
814 1117 870 1140 nec
892 1107 963 1141 Cel.
986 1109 1093 1143 Reau-

77 1151 203 1185 murius
225 1151 259 1183 in
285 1150 336 1185 sua
358 1150 602 1190 incomparabili
629 1148 771 1182 Historia
797 1149 995 1185 Inseetorum
1024 1154 1090 1192 (t),

17 1228 20 1229 γ
69 1192 314 1227 confirmaverat
330 1219 336 1226 .
361 1193 504 1232 Quando
519 1194 619 1236 igitur
632 1201 752 1226 certum
763 1193 806 1227 est
818 1216 827 1231 ‚
851 1204 972 1229 vermes
995 1195 1090 1228 hosce

70 1237 185 1271 ovium
207 1238 405 1278 aliarumque
427 1236 586 1282 ejusmodi
612 1237 825 1271 animantium
849 1238 1088 1272 extrinsecusin

70 1291 159 1314 nares
183 1281 378 1323 importari,
404 1284 436 1314 &
458 1292 531 1314 cum
555 1289 619 1313 tarn
643 1279 755 1312 crebro
777 1282 862 1314 intra
884 1293 990 1315 earum
1005 1292 1090 1315 nares

68 1324 273 1358 inveniantur
297 1325 330 1357 in
353 1324 483 1358 cerebro
505 1334 567 1356 non
590 1324 725 1356 inveniri
739 1323 816 1364 3qui
838 1334 947 1358 contra
981 1324 1089 1359 existi-

70 1378 214 1405 memus,
235 1379 309 1401 cum
333 1376 399 1400 tam
422 1379 493 1401 raro
513 1368 545 1400 in
570 1366 698 1399 naribus
722 1365 892 1400 hominum
918 1367 1016 1401 sedem
1030 1367 1081 1400 ha-

69 1410 187 1451 beant,
210 1412 366 1452 totiesrin
391 1410 533 1445 humano
563 1411 694 1443 cerebro
736 1408 795 1443 esse
837 1410 1048 1452 deprehensos
1071 1410 1087 1443 ,ἓ

67 1455 149 1488 Non
175 1464 210 1487 ut
235 1467 249 1486 a
274 1455 401 1488 naribus
424 1456 457 1486 in
481 1454 645 1486 Frontales
670 1453 785 1489 Sinus,
809 1454 854 1486 ita
878 1452 962 1489 estin
975 1455 1086 1486 viven-

68 1498 155 1530 tium
178 1498 342 1531 cerebrum
366 1507 492 1538 aperta.
519 1497 597 1539 quin
625 1498 749 1537 penitus
772 1500 803 1530 δε
829 1499 950 1529 nerveis
976 1497 1093 1538 fibris,

70 1543 104 1573 δε
128 1542 232 1581 vafis,
260 1543 293 1574 &c
318 1542 510 1574 membranis
533 1539 691 1572 obstructa
715 1541 787 1575 via,
811 1549 847 1573 ut
870 1551 907 1572 ne
930 1539 996 1581 ipse
1017 1542 1093 1583 qui-

68 1583 144 1618 dem
169 1585 341 1618 nicotianae
364 1583 470 1617 herbae
495 1583 656 1625 proleetus
689 1582 797 1617 fumus
816 1607 828 1623 ‚
859 1583 977 1617 nedum
1025 1584 1091 1629 ejus

71 1629 182 1670 pulvis
203 1628 408 1671 quantumvis
431 1627 559 1666 tenuis,
584 1628 701 1660 nedum
725 1625 916 1669 ejuscemodi
951 1626 1090 1662 bestiolae

70 1671 119 1703 vel
143 1671 248 1704 statim
273 1681 306 1703 ac
330 1669 402 1706 sunt
424 1677 504 1703 ortae
523 1693 534 1709 ‚
558 1668 687 1702 transire
710 1680 848 1713 queant.
872 1672 918 1707 Et
942 1670 1007 1705 fuit
1018 1674 1091 1715 qui-

66 1713 139 1746 dem
164 1714 245 1747 olim
270 1725 342 1748 cum
366 1713 457 1747 illius
480 1712 585 1746 herbae
611 1713 737 1755 pulvis,
772 1716 804 1747 δε
839 1715 946 1748 multo
989 1717 1092 1752 magis

70 1755 182 1792 fumus
198 1758 352 1797 cranium
376 1755 524 1795 subiisse,
548 1767 587 1789 ex
620 1754 864 1791 dissectionibus
909 1753 1091 1800 perhibere-

67 1809 143 1834 tur:
168 1812 246 1843 quas
268 1801 302 1834 in
328 1798 538 1842 Sepulchreto
562 1801 579 1841 (
599 1811 618 1834 u
640 1804 655 1840 )
678 1802 797 1841 pariter
808 1801 979 1844 descriptas
994 1802 1094 1845 leges.

67 1843 131 1878 Sed
154 1844 274 1878 ibidem
297 1854 403 1877 tamen
428 1844 568 1886 aliquam
586 1866 598 1883 ,
620 1853 657 1876 ut
682 1843 792 1877 falsam
805 1844 895 1887 rejici
913 1869 922 1884 ‚
947 1845 1024 1879 alias
1035 1847 1095 1879 ali-

67 1896 117 1920 ter
140 1888 294 1931 explicari
308 1908 317 1923 .
336 1899 454 1922 ‘omnes
476 1886 624 1927 pluribus
635 1898 706 1930 quae
715 1890 914 1922 contrarium
933 1889 1092 1930 indicant,

67 1933 230 1965 continuo
252 1930 402 1975 subjectis
424 1930 605 1969 infirmari,
630 1929 776 1964 videbis.
804 1932 857 1965 Ad
869 1945 945 1973 quas
957 1933 1090 1967 ultimas

69 1973 206 2011 addere.
231 1973 254 2007 fi
278 1986 359 2017 opus
383 1974 475 2009 effer,
501 1975 576 2007 alias
601 1974 702 2016 posses
721 1998 732 2015 ,
755 1977 788 2008 &
812 1976 845 2008 in
866 1975 917 2010 his
949 1988 1020 2017 quae
1056 1979 1089 2010 in

67 2018 228 2052 Centuria
251 2027 341 2052 extat
363 2018 403 2052 X.
427 2021 478 2057 (x)
501 2017 654 2051 Caesareae
677 2018 760 2051 Nat.
786 2021 867 2053 Cur.
884 2020 1089 2053 Academiae.

113 2074 145 2103 9.
174 2060 267 2101 Quid
291 2073 370 2105 ergo
392 2060 463 2096 est?
487 2062 786 2104 inquies.Nullum
797 2064 1025 2099 animalculum
1041 2065 1091 2097 in-

67 2111 121 2138 tra
144 2105 247 2139 cranii
270 2116 405 2141 cavum,
432 2104 516 2138 nihil
540 2104 588 2139 ibi
614 2103 788 2147 fuliginis,
812 2116 866 2140 aut
890 2108 1028 2148 pulveris
1041 2109 1092 2140 ni-

70 2149 210 2182 cotianae
234 2147 340 2183 herbae
378 2150 546 2182 inventum
569 2159 710 2191 unquam
733 2147 824 2182 fuisse
846 2172 855 2187 ‚
887 2150 1052 2184 credemus
1077 2148 1092 2183 ?

67 2191 148 2234 Ego
170 2203 246 2225 ver-o
269 2203 379 2226 eorum
402 2194 459 2235 qui
483 2191 586 2233 reapse
608 2192 684 2224 talia
705 2192 815 2225 vidisse
837 2192 866 2225 se
890 2216 901 2231 ‚
924 2193 1067 2227 scribunt
1081 2215 1090 2230 ,

69 2236 145 2269 aliis
167 2235 297 2279 quidem
321 2237 408 2277 plani
433 2233 570 2274 alicuius
593 2233 704 2267 fraude
716 2258 726 2272 .,
753 2236 825 2269 aliis
837 2236 931 2277 casu,
956 2237 1089 2274 aliisin-

67 2280 181 2316 curia,
207 2278 393 2321 plerumque
415 2276 602 2318 impositum
626 2276 738 2316 fuisse,
766 2278 908 2321 suspicor
930 2304 938 2312 .
985 2279 1088 2317 Nosti

73 2324 161 2354 enirn
184 2321 379 2364 deceptrices
401 2321 671 2363 praestigiatorum
697 2332 805 2355 manus
822 2345 829 2359 ‚
854 2331 889 2356 ut
911 2324 968 2357 vix
992 2334 1026 2362 ac
1050 2335 1089 2356 ne

72 2366 129 2398 vix
152 2364 283 2408 quidem
308 2364 357 2397 vel
378 2373 466 2397 antea
491 2364 676 2397 admonitus
699 2365 815 2407 aliquis
837 2366 979 2405 sentiat,
1012 2378 1087 2400 cum

73 2408 245 2450 quidpiam
269 2419 309 2441 eo
329 2410 517 2440 immittunt
539 2419 606 2451 quo
630 2408 762 2440 minime
787 2407 938 2443 videntur
959 2403 1085 2442 immit-

64 2458 156 2485 tere:
179 2449 258 2495 quid
275 2461 345 2484 non
371 2450 579 2488 admonitus,
602 2451 729 2492 alioque
765 2452 908 2486 intentus
932 2457 942 2485 ?
986 2453 1088 2487 Casus

69 2504 179 2528 autem
199 2493 265 2537 ipse
287 2504 349 2527 non
374 2492 706 2533 absimiliterilludit'3
730 2504 765 2528 ut
776 2506 850 2530 curn
862 2496 1003 2539 spongiae
1014 2498 1089 2540 qui-

70 2538 129 2572 bus
142 2539 220 2580 saepe
235 2561 246 2577 ,
271 2546 383 2580 aperto
393 2538 505 2570 cranio
515 2536 662 2580 ‚sanguis
676 2537 870 2580 abstergitur
882 2564 891 2580 ‚
904 2550 956 2573 aut
973 2540 1091 2574 humor

72 2583 288 2621 exhauritur,
310 2580 508 2614 adhaerentes
531 2580 587 2613 sibi
613 2581 698 2614 forte
720 2582 864 2617 bestiolas
908 2585 992 2617 inter
1035 2584 1086 2617 ab·

68 2624 267 2668 stergendum
281 2647 293 2664 ,
315 2623 655 2668 exhauriendumque‚
669 2626 875 2669 relinquunt,
894 2629 1019 2666 Incuria
1032 2639 1088 2660 au-

66 2677 137 2702 tem
160 2668 290 2710 saepius,
313 2674 349 2701 ut
371 2679 446 2701 cum
469 2667 600 2708 albida,
624 2680 658 2701 ac
681 2679 763 2703 teres
788 2670 893 2714 aliqua
910 2673 1014 2704 tenuis
1027 2682 1085 2712 po-

69 2711 180 2754 lyposa
203 2712 365 2744 concretio
390 2722 447 2752 pro
470 2711 629 2745 lumbrico
653 2714 836 2754 accipitur‚·
860 2725 1022 2755 perrarum
1044 2713 1087 2747 est

71 2756 184 2794 enim,
208 2765 326 2797 perque
348 2753 479 2787 difficile
498 2778 507 2794 ‚
529 2765 565 2789 ut
588 2767 680 2789 verus
709 2756 875 2800 vivensque
909 2758 1087 2795 lumbricus

71 2810 130 2841 per
151 2798 238 2830 viam
262 2809 356 2840 quam
381 2798 458 2831 alias
481 2798 665 2831 memorabo
682 2824 691 2838 ,
715 2801 748 2832 in
774 2801 885 2835 Sinum
910 2801 1006 2843 usque
1017 2802 1088 2835 Fal-

73 2844 122 2876 cis
148 2851 315 2883 prorepat,
339 2841 398 2884 ubi
421 2852 439 2875 a
463 2842 613 2884 Verneyo
636 2846 689 2884 (y
713 2846 748 2881 >3
772 2842 794 2876 fi
819 2852 925 2878 tamen
949 2844 1016 2887 ipse
1039 2846 1088 2876 vi-

73 2886 148 2932 ditft
172 2887 185 2922 (
207 2897 230 2927 z
251 2888 266 2924 )
288 2883 377 2918 fuisse
400 2883 506 2918 dietus
528 2885 589 2919 est:
613 2888 681 2919 Aut
705 2897 777 2919 cum
800 2886 930 2931 disjef'ta
944 2887 1090 2922 humoris

74 2927 241 2972 cujusdam
266 2929 399 2961 minima
422 2939 642 2961 concrementa
657 2952 666 2967 ‚
689 2931 797 2973 qualia
820 2932 854 2963 in
878 2931 1005 2965 urethra
1040 2934 1089 2964 vi-

77 2972 129 3005 rili
155 2971 195 3005 acl
221 2970 366 3004 Prostatae
390 2971 549 3014 glandulae
583 2972 689 3005 oscula
708 2998 716 3012 ‚
741 2975 845 3006 immo
876 2976 960 3007 intra
1008 2976 1088 3012 Pro—

73 3017 186 3050 statam
211 3013 311 3057 ipsam
334 3025 396 3048 non
418 3015 509 3049 semel
533 3016 674 3049 vidimus
700 3021 709 3054 (
734 3028 753 3049 a
775 3021 789 3057 )
814 3028 873 3059 pro
898 3017 1091 3051 tabaccihu-

75 3059 210 3093 midulis
232 3057 395 3099 granulis,
416 3070 486 3102 quae
508 3060 619 3092 colore
638 3083 648 3099 ,
672 3062 703 3092 &
729 3059 831 3093 forma
857 3063 998 3103 apprime
1012 3061 1090 3094 refe-

68 3112 152 3136 runt
168 3122 178 3140 ‚
201 3102 325 3134 incaute
348 3098 527 3135 habentur:
552 3103 620 3136 Aut
644 3114 717 3136 cum
741 3115 779 3137 ex
804 3105 1013 3139 frontalibus
1037 3108 1086 3138 Si-

66 3146 170 3179 -nibus
195 3156 261 3187 quo
284 3144 496 3178 tenuiffimum
522 3147 693 3180 nicotianae
717 3148 877 3189 pulverem
909 3150 1052 3186 involare
1076 3171 1085 3185 ‚

70 3190 124 3224 vvel
146 3198 231 3222 certe
253 3187 406 3229 compelli
429 3187 652 3231 exspirationis
672 3191 731 3230 vi,
755 3202 859 3232 prono
881 3201 986 3225 autem
998 3193 1090 3234 capi-

75 3243 109 3266 te
131 3233 229 3265 etiam
251 3231 386 3272 defluere
411 3231 573 3266 interdum
597 3233 802 3275 potest‚cum
816 3257 824 3272 ‚
839 3236 991 3276 inquam,
1005 3235 1088 3268 hunc

76 3276 238 3319 pulverem
260 3276 309 3307 vel
335 3275 413 3320 serra
428 3297 436 3312 ‚
461 3276 506 3308 vel
533 3276 648 3317 scalpra
673 3277 747 3310 illac
771 3279 803 3310 in
815 3279 1036 3313 craniicavum
1050 3279 1089 3311 ab

75 3319 286 3354 Anatomico
307 3322 459 3351 reserante
482 3318 610 3352 demissa
627 3343 636 3358 ,
660 3321 831 3354 traducunt
857 3321 961 3356 secum
986 3334 994 3355 :
1018 3324 1089 3355 Aut

76 3363 217 3405 denique
238 3372 311 3395 curn
336 3362 453 3405 aliquis
478 3362 642 3405 angustus,
667 3368 697 3397 δε
712 3364 890 3403 flexuosus,
914 3376 1015 3408 eoque
1027 3368 1088 3397 rni-

77 3417 137 3439 nus
160 3404 390 3439 animadversus
412 3406 575 3439 cuniculus
597 3407 636 3439 ab
659 3417 792 3440 externo
815 3409 916 3442 ulcere
940 3411 972 3442 in
1008 3408 1088 3442 illud

77 3449 166 3483 idem
189 3459 301 3482 cavum
324 3450 483 3490 pertinet,
507 3460 604 3491 eoque
626 3452 659 3483 in
682 3452 830 3491 vivente,
855 3461 911 3486 aut
956 3463 1089 3490 mortuo

138 3569 181 3599 (q)
196 3570 291 3594 Canon.
308 3570 326 3594 l.
343 3578 364 3599 3.
384 3571 413 3594 F.
434 3577 451 3594 1.
470 3576 503 3593 tr.
519 3578 542 3593 2.
558 3577 578 3593 e.
598 3578 622 3599 3.
637 3580 659 3601 7.
677 3579 716 3601 3¹-
778 3574 784 3600 s
804 3580 815 3596 r
832 3572 844 3599 )
861 3571 890 3595 ad
909 3571 965 3596 Obs.
990 3581 1039 3601 ¹17.

141 3602 152 3624 (
168 3606 178 3622 t
194 3601 207 3628 )
223 3601 298 3633 Tem.
314 3609 337 3629 4.
357 3603 438 3625 Mem.
458 3608 493 3624 12.
555 3603 567 3629 (
584 3609 599 3623 u
614 3601 627 3630 )
645 3602 704 3627 Set't.
721 3604 775 3627 ead.
795 3611 818 3628 ι.
834 3603 893 3627 Obs.
911 3605 949 3626 822.
968 3604 1024 3633 §nl
1043 3612 1067 3631 a)-
1086 3605 1111 3627 S.
1129 3603 1174 3627 ult.
1192 3600 1253 3631 ΟΜ.
1274 3608 1293 3624 1.

139 3630 183 3659 (y
202 3630 215 3658 )
232 3631 290 3664 Hist.
308 3631 337 3655 de
354 3631 451 3655 l'Aead.
471 3634 500 3654 R.
516 3631 557 3654 des
576 3633 612 3655 Sc.
630 3635 676 3656 An.
695 3641 763 3661 1700·
827 3634 834 3661 (
852 3642 870 3661 z
884 3634 898 3662 )
917 3633 969 3658 vid.
989 3633 1060 3662 Epist.
1079 3641 1116 3663 ²4.
1135 3641 1160 3656 n.
1179 3639 1217 3661 23·

139 3661 152 3689 ζ
168 3660 181 3683 b
198 3662 207 3690 )
223 3661 281 3690 Hrst.
299 3661 329 3685 de
340 3662 452 3686 ·1⁷'Aead.
470 3665 500 3685 R.
513 3662 606 3686 desVSc.
626 3665 670 3687 An.
693 3665 761 3691 1708.
821 3665 829 3695 (
848 3671 859 3688 c
871 3667 887 3693 ‚y
899 3664 923 3688 8³:
940 3667 977 3688 An
1007 3663 1090 3693 1733.'

140 3693 155 3719 ί
171 3698 182 3713 ι
199 3697 208 3716 )
226 3692 339 3720 Epium.
357 3694 388 3718 C.
405 3695 466 3718 Dee.
483 3700 505 3721 3.
525 3694 552 3716 Α.
565 3695 594 3717 ⁴8.
610 3693 668 3716 Obs.
684 3700 738 3722 ⁴14¹·
802 3693 958 3726 (1⁶stva
977 3693 1037 3719 Obs.
1055 3702 1093 3724 30.

140 3721 150 3749 rs
169 3721 186 3745 Ιι
201 3720 216 3749 )
230 3722 260 3746 ad
277 3721 299 3751 §-
315 3729 370 3751 7⁹²-
433 3725 441 3752 (
460 3724 469 3746 ι’
489 3724 497 3752 )
516 3723 558 3747 Vl.
577 3723 690 3748 Animad.
710 3732 749 3752 90.

2046 136 2076 181 7

1134 193 1324 229 animalcula
1347 192 1558 225 transmittit.
1587 189 1662 222 Alia
1687 188 1785 223 sciens
1816 196 1967 231 praetereo
1992 202 2001 229 ;
2046 198 2146 232 neque

1132 240 1219 272 enim
1241 237 1331 280 plura
1353 246 1519 278 congerere
1542 231 1657 271 necesse
1680 233 1722 266 est
1743 233 1804 266 tibi
1829 231 2003 276 praesertim
2019 257 2028 272 ,
2064 233 2147 265 Inse-

1133 283 1262 317 &orum
1283 278 1439 314 Historiae
1462 289 1588 321 gnaro,
1609 287 1649 311 ex
1671 287 1770 319 eaque
1794 275 1891 318 probe
1908 275 2044 315 scienti,
2068 286 2145 307 num

1133 325 1262 362 cimices
1278 346 1291 363 ,
1312 322 1452 363 exempli
1475 320 1585 357 causa,
1609 321 1642 352 ὃς
1666 318 1784 361 scorpii
1821 319 1938 363 arctius
1969 317 2107 352 conclusi
2134 340 2143 354 ‚

1133 378 1170 404 ut
1193 365 1462 405 aere-orbentur,
1485 376 1561 399 num
1583 363 1783 397 curculiones
1797 385 1806 401 ‚
1832 373 1908 396 num
1919 362 1988 395 aliae
2001 360 2144 397 bestiolae

1132 412 1195 446 sine
1218 409 1334 444 idoneo
1356 407 1429 451 ipsis
1452 408 1528 441 cibo
1543 430 1552 446 ‚
1574 406 1678 448 vivere
1701 404 1878 443 &crescere
1889 414 1993 443 tamen
2005 413 2144 448 queant.

1131 457 1226 489 Certe
1250 465 1287 486 ex
1297 464 1362 493 quo
1373 452 1430 485 illa
1441 451 1586 485 Historia
1598 449 1769 493 diligenter
1778 449 1882 490 excoli
1896 471 1908 488 ,
1920 448 2029 491 resque
2039 447 2146 489 singu-

1133 500 1170 532 1ae
1194 494 1405 538 scrupulosius
1428 494 1603 534 examinari
1623 502 1740 536 coeptae
1761 491 1856 531 sunt,
1880 500 1936 534 aut
1959 491 2054 524 nullae
2078 500 2149 523 arn-

1132 542 1287 585 plius,aut
1298 537 1422 581 oppido
1433 539 1642 580 perpaucae&
1653 535 1816 580 perpaucis
1825 533 1968 572 creditae,
1982 533 2052 576 ejus
2051 533 2143 568 modi.

1131 584 1364 618 observationes
1376 580 1694 624 prodierunt.Neque
1703 589 1843 623 unquam
1857 576 1975 622 accidit
1984 576 2143 610 Valsalvae

1155 630 1190 663 ui
1213 637 1312 670 prope
1334 627 1520 665 innumera,
1543 634 1600 661 nec
1622 622 1706 663 mihi
1729 623 1786 667 qui
1811 632 1877 664 non
1900 620 2008 664 multo
2031 619 2146 653 fortas-

1131 641 1163 706 se
1188 671 1335 713 pauciora
1357 667 1465 712 capita.
1488 667 1692 710 perlustravi,
1715 677 1751 701 ut
1774 667 1807 699 in
1831 663 2174 709 taliaincideremus„

1135 726 1207 758 quae
1231 723 1282 748 tot
1305 712 1387 747 olim
1410 711 1439 746 se
1462 710 1573 746 vidisse
1598 709 1720 744 Medici
1746 708 1955 752 scripserunt.
1979 708 2032 741 Ex
2075 707 2150 749 qui·

1134 758 1194 792 bus
1217 756 1382 801 propterea
1406 755 1429 789 si
1453 753 1538 790 forte
1561 765 1659 792 unum
1684 754 1823 797 aliquem
1846 752 1911 798 sine
1934 749 2065 795 fraude,
2099 757 2152 783 aut

1137 813 1241 834 errore
1265 801 1333 834 ullo
1355 798 1465 833 vidisse
1488 798 1611 837 fatear5
1635 797 1668 830 id
1695 797 1868 840 reverentia
1915 795 2025 832 otius,
2050 803 2148 837 quam

1138 846 1261 877 ratione
1285 843 1483 884 adductum,
1505 841 1601 876 fateri
1626 852 1676 884 me
1691 864 1703 881 ,
1723 840 1869 874 credito.
1932 849 1967 871 ec
2000 847 2032 871 te
2067 834 2151 870 illud

1135 897 1261 921 moveat
1283 887 1368 927 quod
1395 887 1463 929 post
1486 884 1694 919 acerbiffimos
1704 885 1821 927 capitis
1833 882 1958 927 dolores
1970 880 2051 915 nihil
2066 877 2154 913 aliud

1136 929 1313 974 apparuiss‘e
1335 929 1484 971 dicatur,
1506 939 1603 971 quarn
1628 929 1806 962 lumbricus
1825 951 1837 967 ‚
1868 935 1924 960 aut
1957 924 2149 960 animalcula

1137 977 1220 1008 intra
1242 974 1384 1008 cranium
1411 982 1554 1016 reperta,
1578 980 1633 1006 aut
1656 971 1731 1006 inde
1754 970 1882 1014 prodire
1893 967 2153 1009 visa.Complu-

1140 1030 1187 1053 res
1212 1020 1297 1051 enim
1320 1017 1453 1052 illorum
1476 1016 1626 1050 dolorum
1651 1015 1722 1051 sunt
1743 1015 1842 1058 causae
1863 1025 1935 1057 quae
1966 1020 2021 1047 aut
2064 1019 2153 1045 extra

1141 1063 1284 1095 cranium
1307 1060 1404 1100 sunt,
1426 1069 1481 1094 aut
1504 1058 1526 1092 fi
1551 1061 1635 1092 intra
1661 1060 1827 1097 cranium,
1850 1067 1914 1090 non
1938 1055 2030 1090 facile
2054 1077 2064 1092 ,
2098 1062 2153 1088 aut

1140 1105 1232 1140 nullo
1244 1104 1342 1138 modo
1354 1104 1411 1138 sub
1422 1103 1542 1138 sensum
1554 1102 1672 1141 cadunt
1686 1127 1693 1133 .
1708 1101 1797 1140 Quid
1808 1098 1830 1133 fi
1840 1098 1977 1144 quaesitae
1988 1109 2054 1133 non
2067 1096 2155 1132 sunt?

1141 1158 1177 1183 ut
1200 1159 1273 1183 curn
1294 1160 1332 1182 ex
1355 1146 1556 1182 moribundae
1579 1144 1656 1179 naso
1679 1145 1856 1179 lumbricus
1867 1144 1976 1178 exiens
1990 1141 2153 1184 ‚creditus

1141 1193 1211 1226 este
1222 1192 1349 1225 cerebro
1361 1190 1534 1235 proveniss'e
1547 1214 1560 1231 ‚
1576 1187 1661 1233 quasi
1674 1200 1748 1228 vero
1757 1200 1796 1222 ex
1807 1186 1966 1221 intestinis
1976 1186 2055 1220 illuc
2079 1194 2156 1228 pro-

1140 1246 1246 1278 repere
1269 1247 1335 1270 non
1359 1233 1531 1276 potuisset.
1555 1231 1646 1276 Qd
1668 1231 1691 1266 fl
1714 1229 1854 1275 quaefitae
1876 1230 1976 1265 causae
2001 1230 2097 1268 aliae,
2119 1230 2153 1269 ἃ

1140 1278 1207 1322 jam
1229 1280 1262 1312 in
1286 1279 1418 1313 cerebro
1441 1278 1512 1320 ipso
1534 1285 1666 1319 repertae
1680 1274 1698 1311 ,ἓ
1719 1279 1752 1310 &
1776 1274 1905 1308 minimi
1929 1283 2034 1315 tamen
2056 1271 2150 1314 simul

1140 1322 1326 1358 accusantur
1346 1321 1513 1355 vermiculi
1536 1318 1690 1364 postridie
1712 1320 1746 1352 in
1770 1329 1849 1362 aqua
1873 1315 2099 1353 animadversi,
2120 1316 2155 1349 in

1139 1377 1202 1410 qua
1229 1366 1386 1409 particula
1403 1389 1413 1404 ,
1438 1376 1476 1398 ex
1497 1363 1626 1398 cerebro
1649 1363 1772 1406 sumpta
1788 1389 1797 1403 ,
1820 1361 1925 1397 fuerat
1960 1368 2115 1394 macerata
2141 1382 2150 1390 .

1138 1409 1354 1444 Vehementes
1377 1419 1505 1453 quoque
1527 1409 1552 1441 ii
1576 1407 1701 1441 dolores
1723 1415 1936 1448 erant,vquos
1958 1415 2079 1437 vermes
2118 1412 2157 1435 ex

1136 1446 1342 1496 centi'pedum
1365 1464 1476 1496 genere
1499 1451 1645 1484 creabant
1668 1450 1734 1484 duo
1758 1449 1943 1492 priusquam
1974 1460 1990 1480 e
2023 1445 2154 1483 naribus

1142 1497 1347 1540 ejicerentur.
1374 1497 1444 1531 Nec
1467 1504 1579 1529 tamen
1597 1495 1671 1527 Viri
1699 1490 2113 1530 Dofflffimfoittrins(b)‚
2128 1492 2161 1522 &

1145 1541 1329 1575 Maloerius
1348 1540 1392 1581 (c)
1415 1541 1472 1583 qui
1497 1550 1550 1572 eos
1577 1537 1727 1570 viderunt
1741 1562 1751 1577 ,
1774 1536 1953 1581 quidquam
1974 1533 2013 1568 de
2032 1532 2160 1567 cerebro

1144 1583 1295 1626 suspicati
1320 1584 1413 1621 sunt,
1439 1581 1488 1615 sed
1512 1593 1527 1619 a
1553 1582 1632 1618 Sinu
1655 1580 1979 1622 ¹Frontali'in'quer-n
2009 1578 2161 1619 exiguum

1143 1628 1277 1661 ovulurn
1299 1627 1330 1659 vi
1355 1625 1573 1669 respirationis
1596 1622 1771 1665 immissum
1795 1623 1893 1664 esset,
1917 1620 2102 1666 repetendos
2113 1619 2158 1653 es-

1144 1669 1195 1710 se,
1219 1682 1282 1704 non
1306 1670 1518 1709 dubitarunt,
1542 1668 1627 1705 haud
1651 1667 1738 1702 secus
1770 1676 1863 1709 atque
1907 1667 1961 1700 Cl.
2007 1663 2164 1698 Hencke-

1143 1713 1205 1747 lius
1228 1717 1242 1753 (
1264 1715 1284 1747 α’
1304 1717 1318 1754 )
1340 1724 1414 1747 cum
1437 1713 1627 1748 vermiculos
1651 1721 1764 1753 parvos
1784 1710 1865 1744 duos
1888 1734 1899 1752 ‚
1928 1708 2159 1751 curculionum

1145 1757 1265 1798 instar,
1288 1756 1395 1790 eadem
1418 1758 1468 1789 via
1501 1756 1693 1798 prodeuntes
1721 1777 1728 1789 .
1772 1756 1804 1787 &
1847 1753 2028 1787 saevissimos
2071 1752 2161 1793 capi-

1145 1802 1189 1834 tis
1211 1803 1368 1835 cruciatus
1390 1799 1543 1834 solventes
1559 1823 1572 1840 ‚
1595 1801 1630 1840 in
1654 1799 1779 1832 narium
1825 1796 1954 1831 recessus
2002 1795 2157 1829 attrastos

1144 1844 1267 1879 censuit
1291 1856 1329 1878 ex
1353 1843 1486 1878 floribus
1509 1842 1637 1876 fortasse
1658 1843 1691 1875 in
1716 1841 1833 1885 quibus
1878 1840 2058 1874 rudimenta
2103 1849 2160 1871 eo-

1143 1899 1215 1922 rum
1239 1888 1396 1924 laterent,
1419 1888 1533 1921 arctius
1555 1887 1594 1920 ad
1617 1897 1705 1920 nares
1729 1883 1898 1927 appi-effis,
1921 1884 2046 1926 altaque
2070 1904 2080 1920 ‚
2120 1891 2158 1915 ut

1143 1933 1269 1965 incaute
1293 1930 1329 1963 fit
1344 1955 1355 1971 ,
1378 1930 1589 1972 inspiratione
1606 1952 1618 1970 ,
1649 1929 1815 1963 olfastatis
1839 1951 1847 1960 .
1892 1928 1937 1961 Et
1970 1936 2040 1959 ante
2063 1925 2157 1959 illum

1142 1974 1352 2018 Gahrliepius
1374 1977 1388 2014 (
1410 1985 1425 2008 e
1446 1973 1695 2014 )²vermiculos‚
1717 1971 1830 2004 codem
1854 1982 1926 2004 curn
1960 1971 2116 2003 levamine
2138 1980 2155 2002 e

1143 2018 1271 2053 naribus
1295 2017 1434 2060 ejectos,
1457 2019 1613 2060 quoniam
1638 2016 1810 2059 persimiles
1833 2016 1918 2048 vidit
1942 2014 2074 2048 illorum
2099 2014 2155 2056 qui

1143 2068 1182 2095 ex·
1205 2062 1322 2096 muscis
1345 2063 1558 2104 proveniunt,
1582 2072 1598 2094 a
1623 2060 1726 2095 musca
1750 2069 1852 2092 matre
1874 2058 2009 2092 deduxit
2025 2081 2033 2089 .
2057 2057 2159 2091 Recte

1143 2117 1263 2142 omnes,
1274 2105 1362 2149 quod
1378 2116 1477 2146 neque
1487 2115 1525 2138 ex
1536 2104 1731 2148 putrescente
1745 2104 1889 2141 materia,
1900 2113 1998 2144 neque
2011 2103 2045 2134 in
2056 2102 2159 2134 cranii

1142 2159 1222 2182 cavo
1246 2151 1398 2191 genitos,
1422 2148 1473 2181 sed
1497 2160 1535 2181 ex
1546 2149 1615 2182 ovis
1627 2148 1796 2187 minimis,
1818 2155 1873 2180 aut
1886 2145 2077 2179 rudimentis
2089 2146 2158 2177 ania

1143 2193 1357 2226 malculorurn
1374 2217 1383 2231 ,
1408 2191 1603 2225 extrinsecus
1625 2191 1785 2231 invec‘tis‚
1820 2186 2007 2232 procrevisse
2037 2189 2072 2220 in
2102 2199 2159 2221 na-

1141 2237 1228 2269 rium
1251 2236 1437 2275 recesfibus,
1460 2234 1681 2269 existimarunt
1694 2259 1701 2266 .
1727 2232 1814 2267 Illud
1831 2234 1914 2266 inter
1925 2232 2005 2266 duos
2015 2231 2157 2264 Clas-iffi-

1142 2291 1212 2312 mos
1234 2280 1335 2313 Viros
1357 2289 1439 2322 quos
1461 2280 1568 2320 primo
1587 2279 1662 2312 loco
1685 2276 1980 2317 laudavimus,non
1994 2275 2066 2308 satis
2077 2286 2156 2307 con-

1142 2325 1255 2362 venit,
1276 2321 1367 2365 cujus
1388 2331 1530 2360 naturae,
1555 2325 1586 2354 ἃ
1610 2333 1672 2364 qua
1696 2332 1734 2353 ex
1757 2330 1844 2363 parte
1874 2319 2015 2352 remedia
2060 2317 2156 2353 adhi-
2199 2356 2202 2359 ,

1139 2365 1237 2399 benda
1261 2364 1343 2405 fint,
1367 2374 1403 2399 ut
1427 2378 1442 2397 e
1466 2365 1594 2398 naribus
1616 2364 1809 2404 educantur.
1836 2363 1945 2402 Qam
1971 2371 2158 2395 controvera

1135 2407 1214 2442 fiam
1239 2409 1331 2451 plane
1352 2409 1500 2442 dirimere
1523 2420 1560 2441 eo
1583 2407 1750 2451 difficilius
1776 2404 1902 2439 fortasse
1947 2405 1989 2439 est
2013 2429 2026 2446 ,
2067 2406 2156 2448 quod

1138 2453 1214 2487 alias
1233 2478 1242 2491 ,
1267 2461 1303 2486 ut
1328 2452 1439 2492 vides,³
1463 2452 1528 2484 alio
1551 2462 1588 2484 ex
1611 2461 1722 2492 genere
1744 2460 1864 2483 vermes
1896 2449 1968 2482 sunt
1992 2472 2001 2485 ‚
2036 2458 2070 2483 ut
2103 2449 2156 2482 iis-

1142 2495 1214 2529 dem
1237 2506 1305 2528 non
1329 2494 1452 2538 semper
1475 2495 1567 2527 rebus
1590 2503 1645 2527 aut
1668 2493 1800 2536 fugari,
1823 2502 1878 2526 aut
1904 2492 1990 2525 allici
2014 2491 2097 2535 posse
2109 2494 2156 2525 vi-

1141 2539 1293 2573 deantur.
1321 2540 1371 2572 Ut
1395 2547 1430 2571 ut
1456 2538 1524 2571 haec
1548 2537 1642 2577 sunt,·
1665 2536 1788 2580 juvabit
1813 2546 1920 2570 tamen
1945 2547 1999 2579 per
2032 2540 2155 2577 quaee&

1139 2582 1307 2626 quomodo
1329 2583 1474 2625 plerique
1497 2581 1604 2615 edmeri
1628 2579 1772 2617 fuerint,
1796 2592 1834 2614 ex
1857 2579 1989 2613 medicis
2014 2577 2156 2613 historiis

1138 2625 1355 2669 cognoscere:
1380 2625 1416 2658 ad
1440 2636 1516 2669 quas
1540 2623 1633 2657 addes
1656 2636 1726 2667 quae
1749 2624 1783 2657 in
1807 2624 1902 2658 Aeris
1945 2622 2027 2667 (f)
2070 2632 2159 2656 extat

1138 2669 1274 2703 laudatae
1298 2669 1449 2703 Caesareae
1471 2669 1654 2709 Academiae
1669 2693 1677 2708 ‚
1700 2670 1733 2700 &
1768 2679 1838 2710 quae
1871 2669 1903 2699 in
1948 2668 2157 2699 commercio

1138 2715 1317 2750 Litterario
1340 2711 1603 2754 Norimbergensi
1624 2714 1694 2754 (g),
1718 2712 1875 2752 praecipue
1900 2719 2003 2743 autem
2026 2722 2097 2752 quae
2122 2712 2155 2742 in

1141 2756 1404 2791 Praeleffionibus
1427 2757 1505 2790 Viri
1531 2757 1656 2788 Eximii
1684 2754 1873 2788 Boerhaavii
1898 2752 1937 2786 ad
1981 2752 2048 2786 suas
2094 2754 2155 2786 Rei

1140 2801 1277 2838 Medicae
1300 2800 1517 2834 institutiones
1540 2802 1553 2837 <
1576 2798 1595 2831 Ι)
1617 2802 1631 2838 >
1654 2799 1710 2831 ubi
1739 2797 1877 2831 sanatam
1902 2797 1940 2829 ab
1959 2795 1992 2829 vse
2018 2796 2155 2839 puellam

1142 2853 1299 2877 memorat
1315 2867 1322 2880 ,
1339 2842 1438 2886 >cujus
1463 2843 1625 2875 Pituitarii
1653 2843 1746 2874 Sinus
1768 2840 1927 2874 vermibus
1944 2850 2054 2872 omnes
2065 2849 2154 2873 erant

1142 2888 1248 2929 pleni.
1275 2889 1442 2925 Quoniam
1467 2895 1573 2918 tamen
1597 2884 1764 2918 Frontales
1787 2893 1824 2918 ut
1848 2884 2024 2927 plurimum
2062 2884 2153 2917 inco-

1141 2932 1210 2964 lunt
1236 2932 1351 2966 Sinus,
1374 2930 1462 2973 quod
1487 2932 1590 2971 prima
1615 2939 1649 2960 ac
1672 2929 1830 2970 praecipua
1855 2926 2061 2961 molestissimi
2094 2927 2153 2960 do-

1143 2974 1220 3008 loris
1244 2974 1346 3012 sedes,
1368 2985 1442 3006 cum
1466 2972 1553 3006 sensu
1577 2970 1944 3017 praesertim—rodentis,
1969 2970 2062 3012 seque
2083 2981 2152 3003 mo-

1142 3019 1245 3053 ventis
1264 3017 1404 3051 bestiolae
1429 3017 1505 3058 saepe
1530 3026 1664 3049 numero
1687 3015 1881 3058 conjuncti,
1904 3016 1938 3047 in
1969 3014 2152 3048 alterutrius

1143 3062 1237 3094 Sinus
1262 3063 1388 3103 regione
1411 3060 1552 3097 indicat;
1577 3058 1697 3091 idcirco
1723 3059 1862 3091 Littrius
1879 3082 1887 3096 ‚
1909 3057 1931 3090 fi
1969 3057 2054 3089 nihil
2088 3058 2151 3090 alia

1143 3107 1251 3137 omnia
1277 3104 1394 3137 auxilia
1422 3102 1620 3147 prodessent.
1643 3102 1681 3134 ad
1704 3100 1905 3143 chirurgiam
1927 3101 2062 3142 denique
2095 3112 2151 3133 n<c

1143 3148 1307 3186 difficilem
1323 3170 1331 3184 ‚
1357 3158 1411 3180 nec
1436 3147 1644 3188 periculosam
1669 3147 1701 3177 in
1724 3143 1787 3178 osse
1818 3145 1938 3177 frontis
1981 3144 2152 3176 devenien-

1141 3190 1217 3225 dum
1242 3190 1299 3224 esse
1324 3214 1334 3229 ,
1367 3190 1507 3224 censuit.
1532 3191 1612 3223 Non
1638 3189 1754 3222 dubito
1772 3197 1899 3224 autem,
1923 3188 2001 3229 quin
2022 3187 2152 3221 eandem

1141 3234 1361 3274 intellexerit,
1385 3245 1448 3277 qua
1471 3234 1551 3267 olim
1572 3233 1664 3269 usum
1688 3231 1747 3266 esse
1777 3231 1934 3275 Caesarem
1980 3231 2150 3272 Magatum

1140 3277 1179 3311 de
1202 3278 1397 3312 Vallisnerio
1422 3276 1552 3317 audivi,
1576 3287 1688 3318 nempe
1711 3275 1871 3307 terebrato
1894 3276 1991 3316 usque
2013 3273 2054 3307 ad
2100 3276 2152 3307 Si-

1142 3332 1218 3355 num
1241 3320 1304 3355 osse
1329 3343 1338 3359 ‚
1362 3324 1393 3354 δε
1418 3332 1520 3354 verme
1543 3331 1638 3363 quem
1661 3318 1753 3353 inesse
1780 3316 1968 3359 praedixerat
1991 3338 2002 3354 ,
2036 3328 2150 3356 magna

1140 3375 1213 3398 cum
1239 3364 1430 3398 adstantium
1454 3363 1683 3397 admiratione.
1707 3361 1846 3407 edufi0,
1893 3359 1997 3402 ficque
2040 3360 2152 3394 dolore

1140 3407 1285 3441 adversus
1309 3419 1403 3449 quem
1428 3409 1520 3440 irrita
1544 3408 1605 3440 alia
1627 3408 1735 3438 omnia
1758 3406 1885 3437 fuerant
1909 3429 1918 3443 ‚
1943 3403 2082 3437 feliciter
2094 3404 2149 3436 ab·

1140 3452 1233 3485 aeto.
1257 3451 1366 3488 Quam
1389 3448 1411 3483 fi
1434 3453 1655 3487 curationem,
1681 3457 1715 3481 ut
1739 3449 1772 3480 in
1795 3447 1998 3480 Adversariis
2021 3448 2061 3487 (i)
2083 3446 2150 3489 spe-

1970 3489 2076 3522 rabam
2091 3513 2102 3528 ,

1110 3572 1144 3600 (s
1164 3573 1170 3600 )
1190 3570 1243 3595 Vid.
1263 3568 1391 3598 praesertim
1409 3571 1482 3609 φρει
1504 3569 1591 3594 ἱηᾼίολ.
1607 3568 1684 3593 Tom.
1702 3576 1724 3592 2.
1741 3569 1768 3592 P.
1780 3576 1810 3597 4.
1826 3564 1948 3597 Epist-Ad
1961 3566 2101 3602 §imQflffl2

1283 3630 1290 3659 (
1307 3639 1322 3654 a
1338 3600 1592 3660 3<Ezifi-‹22sn3930.

1138 3664 1146 3692 (
1161 3663 1182 3687 <d
1200 3664 1208 3691 J
1224 3660 1279 3686 Ast.
1296 3663 1357 3685 Nat.
1374 3662 1431 3685 Cur.
1449 3663 1479 3686 D.
1498 3670 1521 3692 3.
1536 3661 1597 3686 ΟΜ.
1617 3668 1667 3686 110.

1156 3690 1202 3724 (ε
1215 3696 1229 3721 ,)
1243 3694 1277 3724 Ἀ·
1299 3699 1366 3722 1139.
1386 3692 1464 3725 Hebd.
1483 3701 1520 3717 ιι.
1533 3694 1575 3724 ⁴ll.
1594 3699 1620 3717 n.
1643 3700 1667 3722 3.
