2498 4075
455 170 624 238 Epist.
662 174 825 227 Anat.
865 173 1082 227 Medica.
1114 169 1401 225 XXXVII.
1439 174 1554 224 Art.
1569 177 1646 238 46.

59 245 231 289 aliquando
253 257 396 293 repertos
417 250 479 287 esse
502 260 565 285 non
590 252 636 284 ita
658 249 841 288 diffimiles‚
867 250 1061 290 recorderis;

60 289 114 322 sed
138 294 280 326 tormina
303 293 454 335 quidem,
477 296 637 328 &ventris
647 294 776 328 dolores
798 294 910 331 fuisse,
933 295 1059 336 legens,

60 343 117 381 nec
139 342 245 368 tamen
269 337 302 368 in
327 337 460 371 dextero
482 336 754 380 hypochondtio,
779 339 987 371 imoiliacam
1013 350 1058 370 re-

59 385 191 417 gionem
224 379 257 424 in
289 390 355 413 uno
387 381 534 423 exemplo
566 390 754 423 gravantes,
786 381 905 423 lapides
937 380 1059 414 intesti-

60 418 145 451 nales
167 418 281 462 fuisse,
303 422 428 461 credes,
452 425 548 466 idque
569 436 609 457 eo
630 423 759 458 facilius
782 424 868 466 quod
893 435 958 458 non
982 425 1061 457 icte-

63 471 159 511 rurn,
184 462 237 497 sed
260 466 426 500 volvulum
451 469 483 500 in
507 466 556 500 his
578 466 709 509 singulis
733 468 835 500 tribus
856 466 979 501 cafibus
1009 468 1061 499 vi—

61 503 153 543 debis
175 511 422 542 commemorari
446 535 453 543 .
486 511 668 544 Succedunt
702 510 844 553 exempla
873 510 934 543 alia
967 511 1028 542 tria
1052 533 1060 542 .

62 548 215 598 Qomm
250 555 392 594 primurn
427 552 514 595 (h)
547 553 568 586 fi
602 551 700 587 ullam
733 553 771 587 de
818 554 906 594 regio
946 552 1063 586 morbo

60 600 259 640 mentionem
300 594 430 630 habetet
452 618 462 634 ‚
510 607 609 639 neque
649 596 788 639 dejet‘tos
839 595 946 638 absque
987 594 1063 628 ullis

60 633 216 669 doloribus
251 638 378 679 lapillos
415 649 632 681 proponeret·,
656 640 771 674 horum
794 638 970 681 descriptio
994 648 1064 671 tan-

60 684 98 709 to
122 680 221 728 magis
245 679 380 721 faceret,
409 693 443 714 ut
468 694 529 725 pro
551 685 681 725 cyllicis
692 683 953 725 agnosceremus,
976 680 1063 723 quod

63 722 288 769 magnitudine
311 734 383 758 cum
407 727 446 758 iis
479 728 613 760 minime
646 725 854 766 comparandi
884 734 973 758 erant
1005 725 1063 766 qui

63 764 167 814 tribus
189 765 424 808 superioribus,
447 773 477 801 δι
512 771 651 805 totidem
682 769 925 810 insequentibus
959 778 1064 801 exem-

62 808 124 850 plis
144 818 363 844 memorantur
385 836 395 845 .
426 812 559 846 Horum
584 814 718 848 alterum
777 814 789 846 i
809 816 822 852 )
844 811 970 844 dolores
992 811 1065 852 qui·

61 851 135 884 dem
157 853 298 893 colicos,
324 855 374 888 sed
399 867 463 889 non
487 857 523 890 ad
549 857 715 891 dexterum
769 854 1032 898 ypochondrium
1054 877 1064 892 2

62 905 164 937 neque
186 907 259 929 cum
291 899 392 931 ietero
422 899 613 942 conjunftos
645 900 777 934 exhibet
804 923 811 931 .
845 899 1067 935 Quamobrem

63 938 244 979 calculum,
269 943 414 984 quamvis
437 945 651 977 concentricis
672 968 681 983 ‚
714 953 750 979 ut
786 944 864 975 Icon
897 939 1032 974 ostendit
1056 961 1065 977 ,

44 982 241 1031 -eorticibus
266 984 460 1026 praeditum,
482 989 513 1019 δε
535 988 644 1025 intus,
669 998 823 1027 extraque
856 982 977 1019 flavum
993 1009 1002 1023 ³
1025 984 1066 1016 li-

57 1023 183 1059 bentius
207 1037 283 1061 cum
316 1028 383 1069 ejus
416 1030 636 1064 Observatore
668 1030 859 1065 crediderim
896 1030 928 1061 in
955 1026 1066 1068 aliquo

60 1069 213 1104 intestino
246 1073 394 1114 genitum
431 1073 506 1106 bilis
539 1072 692 1115 ingressui
729 1072 909 1115 propiore.
946 1070 998 1102 Sic
1032 1070 1064 1102 in

63 1113 166 1146 tertio
197 1116 345 1158 exemplo
367 1117 381 1156 (
405 1117 423 1156 l<
447 1120 457 1154 )
486 1116 637 1150 assentior
647 1114 917 1152 C1.A1brecht0,
941 1114 973 1144 in
997 1115 1066 1145 Co-

39 1200 43 1205 ·
64 1155 98 1187 lo
121 1157 273 1205 intestino
297 1168 390 1193 ortos
412 1159 611 1194 existimanti
635 1160 795 1196 calculos,
817 1169 898 1201 quos
921 1157 1068 1200 alioquin

62 1197 218 1234 describit
242 1201 347 1246 figura
371 1206 553 1245 triquetra,
586 1205 619 1236 in
652 1215 734 1246 aqua
766 1210 911 1235 natantes
931 1224 942 1241 ³
974 1198 1071 1234 flam-

62 1253 213 1293 manmque
245 1242 487 1295 concipientes,
511 1246 660 1281 assentior
682 1270 691 1285 ,
723 1248 877 1289 inquam,
909 1255 973 1278 non
1006 1252 1074 1276 tam

63 1296 140 1328 qula
185 1286 242 1321 sub
276 1289 412 1330 obscstsra
445 1292 602 1324 exteriore
635 1289 800 1324 flavedine
843 1287 1030 1323 albiffimam
1064 1311 1074 1327 ,

62 1335 135 1372 q'ua:
168 1339 276 1366 tamen
309 1334 403 1367 inllar
425 1334 560 1368 durioris
575 1332 702 1376 saponis
725 1332 823 1367 solida
855 1340 920 1366 erat
937 1353 946 1369 ‚
972 1339 1074 1364 mate-

63 1376 145 1407 riam
168 1377 403 1415 continebant,
427 1389 525 1419 quam
544 1378 619 1420 quia
643 1379 677 1410 in
700 1376 833 1410 dextero
854 1374 986 1419 quidem
1008 1373 1072 1416 hy—

64 1417 267 1466 pochondrio
290 1420 459 1454 vehemens
481 1421 576 1454 dolor
599 1431 664 1453 non
686 1419 856 1457 defuerat5
880 1418 952 1455 sed,
977 1416 1073 1460 utse-

62 1470 97 1493 νι
120 1462 306 1503 impurioris
329 1476 368 1497 ex
397 1464 573 1498 combustis
606 1463 729 1497 odorem
752 1486 764 1503 ‚
797 1463 923 1504 aliaque
956 1471 1072 1502 praete-

62 1515 173 1541 ream,
196 1505 280 1540 nihil
306 1507 441 1551 usquam
465 1506 503 1541 ad.
524 1507 658 1540 ieierum
682 1508 840 1548 pertinens
852 1506 945 1538 video
971 1504 1072 1550 adno-

63 1557 170 1581 tatum
199 1573 206 1580 -
253 1552 304 1584 De
342 1560 481 1593 quatuor
514 1549 650 1591 denique
683 1550 838 1592 exemplis
869 1560 939 1590 quae
975 1557 1068 1588 Juvat

62 1591 220 1634 adjicere,
243 1593 266 1626 fi
291 1595 451 1628 calculum
473 1604 569 1636 quem
593 1593 648 1626 Cl.
674 1593 762 1626 God.
795 1591 885 1626 Guil.
912 1591 1069 1625 Mulierus

61 1640 77 1675 (
100 1635 111 1669 l
135 1639 144 1674 )
170 1636 212 1669 fic
238 1638 271 1669 in
295 1636 456 1674 transitu,
483 1645 661 1673 memorat,
686 1646 721 1669 ut
737 1633 871 1678 fhlleum
904 1643 1017 1674 vocat,
1040 1637 1071 1667 &

63 1691 102 1712 ex
127 1677 234 1712 stratis
255 1679 327 1713 aliis
351 1680 412 1713 alia
434 1679 724 1722 complectentibus
748 1677 993 1713 conformatum
1006 1679 1076 1720 pin-

63 1723 136 1765 git,
160 1722 205 1755 fic
239 1724 364 1764 plenius
388 1723 539 1764 potuiffet
573 1722 771 1758 describere,
797 1725 827 1755 &
851 1723 971 1763 quibus
995 1733 1076 1763 prae-

64 1767 149 1803 viis,
179 1774 242 1810 aut·
274 1767 507 1800 comitantibus
541 1766 811 1809 symptomatibus
844 1764 964 1807 ejectus
999 1764 1077 1798 fuis.

63 1809 110 1842 set
135 1831 144 1845 ,
189 1808 364 1851 adjungere
389 1821 400 1847 ‚-
435 1809 565 1846 sortasse
609 1810 725 1852 absque
768 1809 831 1843 ulla
868 1808 1075 1843 dubitatione

64 1852 277 1894 acciperem:
311 1861 346 1885 ut
381 1862 465 1887 certe
499 1854 624 1896 accipio
656 1864 737 1896 quos
775 1853 886 1886 Praecl.
907 1852 963 1896 Jo.
989 1851 1073 1885 Phil.

63 1896 286 1938 Burggravius
309 1900 319 1934 (
345 1896 410 1935 m‘)
443 1897 512 1938 post
548 1907 669 1930 atroces
692 1920 702 1934 ‚
735 1896 849 1939 eosque
883 1895 1043 1929 recidivos
1068 1920 1076 1934 ,

66 1939 191 1973 dexteri
206 1938 451 1981 hypochondrii
475 1940 622 1977 dolores,
648 1951 704 1974 nec
728 1939 934 1973 sineic‘terico
947 1948 1017 1972 tum
1042 1940 1075 1971 in

63 1981 147 2017 facie
170 2004 180 2019 ‚
214 1992 284 2015 tum
318 1985 351 2015 in
375 1984 462 2016 lotio
491 1984 600 2016 colore
633 1986 786 2026 proponit
810 1981 948 2024 dejectos
975 2008 980 2014 .
1015 1982 1074 2014 Sed

65 2029 97 2060 &
119 2024 274 2068 quosdam
310 2037 325 2058 a
359 2028 414 2060 Cl.
449 2027 616 2061 Brunnero
640 2031 650 2066 (
674 2037 693 2059 n
717 2031 727 2064 )
753 2027 858 2065 visos,
898 2037 1074 2068 quantum-

65 2071 116 2102 vis
147 2068 211 2101 fine
248 2067 351 2103 ieiero
383 2069 502 2104 fuerint
527 2093 536 2108 ‚
564 2071 764 2112 accipiamus
795 2069 912 2103 necesse
936 2069 978 2103 est
1001 2080 1076 2112 pro-

63 2122 174 2156 pterea
198 2113 274 2155 quia
297 2113 361 2154 jam
383 2116 417 2145 in
441 2113 580 2155 jecinore
605 2113 773 2147 inchoatos
809 2124 865 2155 per
903 2121 1076 2145 anatomen

65 2153 283 2198 deprehendit
309 2178 316 2186 .
350 2156 478 2199 Nempe
503 2158 574 2196 vir,
597 2168 697 2190 annos
722 2156 819 2190 ferme
832 2157 939 2188 decem
964 2166 1077 2198 perpe-

65 2207 127 2233 tuo
152 2200 272 2232 ventris
286 2223 294 2238 ‚
317 2198 489 2241 dextrique
512 2200 709 2243 potiffimum
729 2199 990 2242 hypochondrii,
1016 2199 1077 2230 do-

70 2243 140 2277 lore
163 2250 320 2282 vexatus,
344 2251 510 2285 premente
533 2245 701 2284 primum,
723 2242 895 2279 tendente,
922 2245 952 2274 &
977 2242 1075 2274 obtu-

69 2286 126 2325 so,
152 2285 261 2328 postea
285 2296 363 2319 vero
396 2286 560 2320 interdum
591 2287 774 2319 lancinante
798 2311 807 2326 ‚
840 2286 912 2318 dein
938 2284 1076 2318 acerbis-

67 2329 170 2367 simo,
195 2338 299 2370 neque
330 2328 458 2363 dexteri
490 2328 734 2371 hypochondrii
768 2328 871 2362 sedem
895 2337 1040 2372 mutante
1061 2350 1070 2364 ,

49 2371 235 2406 'noviffime
257 2371 478 2410 intolerabili,
501 2373 639 2406 calculos
662 2371 778 2413 dejecit
813 2373 920 2411 leves,
941 2371 1044 2404 flavos
1067 2396 1076 2411 ,

68 2415 232 2449 lamellata
259 2424 434 2458 compage,
456 2415 646 2458 angulosos.
672 2417 704 2448 ls
727 2415 795 2457 post
819 2415 966 2448 triduum
990 2425 1076 2447 mor-

68 2469 164 2497 tuus,
190 2457 304 2491 habuit
338 2458 371 2491 in
396 2456 499 2501 cysti,
521 2470 592 2500 quae
618 2469 730 2500 magna
765 2467 854 2497 erat,
876 2457 1004 2491 massam
1036 2470 1075 2491 ex

67 2502 162 2536 fulvo
196 2500 333 2535 obscuro
367 2503 534 2535 caeruleam
569 2504 601 2534 δε
635 2501 877 2535 viridescentem
900 2526 911 2542 ‚
941 2512 1075 2544 eamque

65 2546 241 2585 mollem,
274 2544 307 2577 in
344 2544 452 2579 medio
487 2556 592 2578 autem
628 2546 743 2579 duetus
777 2546 906 2588 Cystici
930 2567 943 2585 ‚
976 2547 1008 2577 &
1040 2547 1074 2576 in

68 2589 251 2622 Communi
277 2586 333 2622 ubi
357 2588 490 2631 oblique
502 2589 571 2622 hiat
595 2588 628 2621 in
638 2589 840 2622 Duodenum
863 2587 1050 2622 intestinum
1065 2609 1074 2624 2

67 2632 243 2666 herentem
267 2632 433 2665 materiam
445 2632 542 2673 paulo
564 2632 696 2674 quidem
724 2633 828 2665 minus
853 2632 1009 2669 mollem,
1034 2633 1075 2664 lic

66 2678 178 2709 tamen
201 2685 238 2708 ut
263 2675 302 2708 ab
324 2676 366 2708 iis
390 2676 540 2709 ductibus
563 2676 596 2708 in
620 2675 770 2716 globulos
782 2674 988 2708 conformata
1002 2673 1076 2708 esl'et

66 2719 148 2753 duos
174 2716 464 2761 oblongo-rotundos
481 2734 498 2758 ‚r
512 2720 545 2752 in
567 2720 655 2752 Colo
678 2719 815 2760 denique
832 2719 1078 2760 calculosquin-

67 2761 178 2797 decim
197 2761 232 2794 in
257 2770 356 2794 unum
381 2760 515 2804 globum
540 2763 748 2805 compacios,
782 2761 832 2794 sed
866 2761 959 2794 facile
993 2762 1079 2802 sepa-

68 2806 209 2843 randos,
234 2803 379 2838 nondum
403 2804 480 2838 adeo
503 2805 626 2846 duros,
649 2815 684 2838 ut
707 2806 764 2847 qui
788 2803 916 2839 fuerant
939 2804 1075 2846 dejecti.

69 2851 188 2892 Itaque
211 2848 321 2888 negari
345 2853 409 2881 non
433 2858 582 2891 poterat,
607 2848 666 2882 hos
690 2847 782 2883 fuiss'e
805 2849 839 2880 in
863 2849 984 2881 bilariis
1017 2848 1077 2881 du-

68 2892 178 2928 ctibus
209 2890 379 2924 inchoatos
401 2915 414 2931 ‚
448 2894 478 2926 St
504 2903 559 2935 per
592 2892 708 2934 gradus
743 2892 849 2924 minus
882 2891 994 2925 molles
1028 2892 1075 2923 sa-

68 2938 140 2971 etos
165 2959 178 2973 ‚
208 2943 300 2966 mora
323 2934 451 2968 demum
476 2938 510 2969 in
534 2934 693 2969 intestinis
725 2933 857 2968 duratos
880 2960 887 2966 .
925 2934 1023 2972 Quod
1048 2933 1071 2967 fi

64 2990 123 3023 per
144 2983 248 3012 totum
272 2976 411 3011 morbum
434 2978 556 3012 nullum
570 2978 692 3021 signum
716 2977 805 3011 ii't'eri
821 2976 855 3020 se
870 2976 906 3018 se
938 2975 1073 3020 manife-

61 3022 187 3063 stavi&
210 3029 264 3052 aut
287 3018 431 3057 credito,
455 3023 623 3055 materiam
647 3024 680 3054 in
706 3023 833 3055 vivente
865 3020 960 3055 facile
991 3021 1076 3053 rnol-

69 3067 212 3102 liorem,
236 3072 336 3106 quam
360 3062 461 3096 altero
483 3063 552 3106 post
588 3075 724 3099 mortem
757 3065 808 3098 die
845 3076 918 3098 cum
946 3065 983 3096 ‹in
1017 3065 1077 3097 du-

69 3110 176 3143 &ibus
199 3116 325 3148 reperta
350 3107 393 3139 est
418 3129 426 3143 ‚
459 3118 522 3140 non
544 3110 680 3142 omnino
705 3107 779 3141 bilis
813 3109 915 3141 exitui
938 3106 1079 3140 obstitis-

71 3153 121 3191 se,
145 3155 178 3185 &
201 3150 329 3184 dolores
352 3149 404 3182 sua
418 3148 547 3185 fortasse
571 3153 746 3185 acrimonia
772 3154 894 3193 magis,
919 3162 1015 3193 quam
1026 3150 1081 3183 ob-

71 3197 215 3233 staculo,
239 3192 377 3232 creasse;
399 3202 452 3227 aut
476 3195 675 3229 reminiscere
686 3204 798 3228 eorum
810 3206 880 3238 quae
895 3193 1080 3235 inlingula-

71 3242 99 3273 ri
135 3239 249 3281 aliquo
272 3235 431 3280 ejusmodi
454 3237 527 3271 casu
548 3238 765 3272 indicavimus
789 3236 881 3279 supra
914 3236 978 3278 (o)
1000 3262 1008 3276 ‚
1045 3245 1080 3270 ut

73 3285 124 3317 vel
158 3282 326 3316 obstruere
365 3280 546 3314 Communi
578 3282 700 3318 duetu,
727 3281 813 3323 posse
845 3291 1079 3322 nonnunquam

72 3327 173 3361 abesse
209 3325 348 3359 iderum
371 3346 383 3361 ,
410 3323 632 3366 intelligeres.
657 3325 759 3367 Qod
781 3335 855 3358 cum
888 3324 1079 3366 spectarem,

74 3371 171 3414 paulo
196 3378 268 3402 ante
291 3368 391 3407 dixi,
414 3367 506 3399 ifieri
527 3368 679 3408 quidem,
702 3368 752 3401 sed
789 3367 890 3410 magis
912 3369 942 3400 ὅ(
965 3367 1080 3406 ι’ξῒετί,

165 3412 332 3455 Morgagni
342 3414 377 3445 cie
388 3409 456 3444 Sed.
475 3409 615 3453 &Caufi
628 3410 731 3445 Morb.
745 3412 847 3445 Tom.
860 3412 907 3443 ΙΙ.

133 3615 143 3645 (
161 3616 176 3640 b
193 3613 201 3645 )
218 3615 324 3640 Eorund.
339 3616 372 3639 T.
392 3622 413 3645 3.
429 3615 489 3639 Obs.
505 3616 542 3639 82.
571 3644 576 3647 -
604 3614 619 3643 ζ
634 3614 645 3637 i
660 3614 673 3642 )
690 3613 794 3639 Eorund.
811 3615 842 3639 T.
858 3616 881 3639 Β.
903 3614 960 3640 Obs.
979 3622 1031 3640 121.

129 3647 144 3676 (
160 3647 170 3670 l
188 3649 196 3676 )
214 3646 321 3670 Eorund.
337 3647 370 3670 T.
387 3649 412 3669 6.
428 3644 487 3669 Obs.
504 3648 546 3674 69.
556 3650 618 3668 cirea
636 3644 761 3677 medium.
823 3645 838 3674 (
855 3654 879 3669 m
897 3646 912 3675 )
927 3646 1033 3670 Eorund.
1054 3646 1086 3669 T.
1106 3653 1127 3674 5.
1146 3645 1206 3670 Obs.
1221 3647 1258 3674 78.

134 3679 148 3706 (
163 3685 176 3700 o
192 3676 207 3705 J
222 3683 249 3700 n.
266 3683 303 3705 34.
362 3676 371 3706 (
386 3682 405 3705 p
419 3675 433 3704 )
450 3675 507 3700 Vid.
524 3676 663 3700 commem.
680 3676 740 3699 Litt.
757 3677 787 3699 A.
804 3682 872 3706 ¹735·
889 3676 967 3700 Hebd.
987 3684 1007 3705 ς.
1025 3676 1050 3699 in
1066 3675 1148 3700 adnot.
1165 3676 1193 3699 ad
1212 3683 1234 3698 n.
1252 3683 1275 3697 2.

136 3708 151 3736 (
166 3715 178 3730 r
192 3708 206 3735 )
223 3705 277 3730 Vid.
295 3705 364 3735 supra
381 3713 407 3729 n.
425 3713 461 3735 ²5·
478 3709 517 3730 26.
579 3706 592 3735 ζ
607 3705 647 3734 s)
664 3705 755 3730 Adnot.
773 3713 794 3730 ι.
810 3706 853 3730 cit.
871 3705 937 3735 supra
953 3705 981 3730 ad
997 3713 1021 3729 n.
1038 3712 1079 3733 44.

139 3738 154 3766 (
170 3745 184 3760 x
204 3738 211 3764 l
228 3736 287 3761 Diff·
305 3736 372 3765 sul>ra
388 3735 416 3761 δά
433 3744 459 3760 Π·
478 3741 515 3761 1⁶·
531 3735 574 3760 Cit-
593 3735 651 3759 thes·
669 3743 690 3766 3·
752 3735 793 3766 (1
808 3736 823 3764 )
838 3738 979 3761 comment.
996 3736 1063 3764 supra
1079 3737 1110 3760 ad
1126 3744 1150 3762 n.
1169 3745 1205 3766 ις.
1223 3742 1265 3760 cit.
1284 3736 1305 3765 §.
1324 3743 1378 3764 950.

135 3768 150 3796 (
166 3774 182 3791 a
197 3766 211 3796 )
226 3767 299 3796 Epist.
317 3770 392 3791 Anat.
409 3774 429 3791 ι.
445 3774 470 3791 n.
486 3774 526 3797 43.
588 3768 603 3796 (
619 3764 634 3790 b
649 3766 663 3795 2
680 3766 732 3791 Ast.
750 3768 784 3791 N.
802 3768 832 3791 C.
849 3769 924 3792 Tum.
943 3774 965 3792 1.
982 3765 1041 3790 Obs.
1062 3768 1116 3791 181.

1110 253 1142 284 &
1162 248 1311 282 dolorum
1336 259 1350 280 a
1374 248 1492 282 dextris
1516 248 1656 282 absentia
1682 259 1810 282 cautum
1835 248 2002 282 Medicum
2036 246 2106 281 fieri

1111 301 1281 335 oportere3
1305 302 1340 324 ut
1363 294 1463 333 magis
1487 292 1608 333 reliqua
1633 291 1725 325 simul
1761 294 1869 326 omnia
1893 291 1981 333 prius
2007 300 2104 329 quam

1112 335 1303 378 pronunciet
1335 333 1534 376 quidquam,
1569 336 1711 367 attendat
1738 361 1744 367 .
1780 336 2002 374 (Qamobrem
2030 344 2039 367 3
2069 340 2106 364 ut

1112 378 1294 420 exemplum
1317 387 1465 419 quartum
1499 378 1691 420 subjiciam3
1715 390 1777 411 non
1802 380 1846 410 ira
1873 376 1965 410 facile
1989 375 2027 407 ab
2051 372 2108 405 lie-

1113 423 1296 463 paticorum
1318 432 1453 453 numero
1475 433 1527 454 eos
1550 422 1690 454 calculos
1721 421 1887 455 excludam
1919 428 1998 462 quos
2029 416 2109 449 olim

1112 466 1166 497 Fr.
1188 464 1270 497 Slare
1291 467 1305 502 (
1323 473 1347 504 p
1367 468 1380 502 )
1404 464 1442 496 ab
1466 466 1566 497 nobili
1602 463 1738 497 foemina
1771 464 1861 497 valde
1885 463 2024 495 cruciatu
2056 460 2109 491 αό-

1111 506 1228 540 loribus
1250 506 1401 548 hepaticis
1425 507 1480 539 vix
1503 507 1627 550 aliquot
1652 507 1722 548 post
1745 506 1803 540 hos
1828 508 1914 540 horis
1938 505 1986 539 bis
2024 502 2109 535 vidit

1113 560 1256 584 excretos
1280 562 1289 580 :
1321 551 1378 581 etsi
1403 551 1489 582 enim
1514 542 1631 591 presse,
1658 560 1693 583 ut
1718 549 1777 589 fit,
1801 549 1975 582 rescribens
1991 573 1999 587 ‚
2022 544 2108 579 forte

1112 594 1222 626 omisit
1245 603 1317 634 quae
1341 594 1378 624 ad
1403 603 1571 634 arquatum
1603 595 1750 627 morbum
1775 593 1954 626 attinebant
1977 611 1987 628 ‚
2018 589 2112 630 lapil-

1114 638 1218 670 lorum
1243 645 1348 668 tamen
1370 636 1525 676 odorem,
1548 637 1789 670 combustorum
1822 636 1971 668 videlicet
1986 655 1993 669 ‚
2021 633 2112 665 colo-

1115 691 1202 719 rem,
1227 677 1372 720 saporem
1393 677 1495 712 felleis
1517 680 1783 719 convenientem,
1806 688 1953 720 practerea
1978 679 2010 709 in
2036 685 2116 723 aqua

1116 724 1283 756 levitatem
1298 742 1308 758 ,
1329 723 1360 753 &
1382 720 1682 762 combustibilitarem
1709 734 1770 755 non
1794 720 1923 755 omisit.
1949 721 2034 761 Qae
2047 728 2116 750 uti-

1114 778 1187 799 nam
1221 766 1291 798 duae
1315 764 1438 798 ultimae
1462 774 1547 800 notae
1580 775 1635 799 aut
1668 777 1831 808 nunquam
1856 764 1984 807 prorsus
2008 765 2041 795 in
2065 763 2116 792 in-

1115 808 1332 845 testinalibus,
1359 817 1413 842 aut
1436 807 1545 842 saltem
1573 809 1693 851 semper
1726 810 1760 841 in
1795 808 1954 851 hepaticis
1986 804 2116 838 calculis

1117 852 1372 891 adnotarentur‚·
1403 861 1488 884 certe
1522 849 1594 886 essct
1630 851 1767 886 Medicis
1804 852 1908 884 multo
1942 849 2118 892 proclivius

1116 906 1249 934 cavere,
1272 905 1311 927 ne
1339 894 1373 928 hi
1397 904 1513 928 temere
1528 918 1537 932 ‚
1561 905 1597 928 ut
1620 897 1700 929 olim
1725 895 1895 928 verebatur
1919 891 2117 926 Matthiolus

1117 939 1169 981 (q
1192 941 1224 977 ),
1248 949 1307 980 pro
1330 938 1394 971 illis
1424 940 1625 980 acciperent.
1651 940 1775 972 Verum
1809 940 1874 973 duo
1908 937 1962 970 illa
1997 935 2084 977 signa
2108 953 2118 969 ³

1116 981 1234 1023 quibus
1257 992 1331 1014 cum
1359 981 1587 1015 Reverhorstio
1609 983 1626 1025 (
1646 982 1716 1023 r),
1740 983 1883 1024 plerique
1906 980 2081 1013 utebantur
2109 1002 2118 1015 ,

1116 1024 1202 1058 haud
1227 1036 1298 1057 raro
1322 1023 1450 1063 fallere,
1474 1023 1630 1058 ostensum
1654 1025 1716 1058 est.
1741 1025 1841 1062 Quod
1867 1024 1885 1056 fi
1910 1022 2119 1055 Vallisnerius

1117 1067 1197 1109 (s)
1220 1066 1399 1100 cavendum
1424 1067 1621 1105 admonuit,
1649 1080 1685 1101 ne
1709 1068 1824 1101 calculi
1845 1066 1975 1108 quidam
1989 1074 2119 1107 propte-

1118 1122 1169 1144 rea
1193 1112 1270 1153 quia
1282 1121 1382 1151 neque
1396 1110 1564 1149 arderent,
1586 1122 1686 1152 neque
1702 1112 1911 1146 innatarent,
1937 1120 2122 1151 praeprope—

1120 1165 1151 1187 re
1176 1165 1215 1187 ex
1237 1153 1462 1195 hepaticorum
1497 1164 1632 1187 numero
1667 1153 1874 1195 rejicerentur
1909 1164 1946 1185 eo
1978 1161 2123 1189 tempore

1120 1208 1186 1244 quo
1211 1198 1376 1239 perpaucis
1396 1194 1565 1231 dumtaxat
1589 1199 1815 1239 experimentis
1839 1196 1894 1229 illa
1927 1203 2125 1236 coeperamus

1124 1242 1211 1282 signa
1236 1239 1418 1276 infirmare3
1443 1250 1566 1282 quanto
1588 1241 1621 1273 id
1646 1251 1729 1274 nunc
1754 1241 1854 1282 magis
1868 1239 2046 1273 cavendum
2060 1236 2126 1274 est,

1124 1295 1198 1318 cum
1230 1295 1264 1318 ea
1289 1284 1382 1317 nobis
1414 1284 1492 1317 adeo
1515 1286 1673 1318 creverint
1704 1286 1943 1326 experimenta,
1967 1291 2001 1314 ut
2034 1291 2127 1314 exce-

1125 1330 1253 1370 ptiones
1285 1327 1324 1361 ad
1355 1336 1442 1360 certa
1477 1328 1584 1368 capita
1617 1327 1725 1361 reduci
1750 1326 1836 1368 posse
1860 1337 1923 1358 non
1959 1324 2127 1357 videantur

1125 1372 1176 1414 (t
1199 1374 1228 1410 ).
1254 1370 1313 1404 Sed
1336 1372 1367 1403 &
1389 1379 1548 1412 quantum
1571 1370 1684 1412 cystici
1717 1371 1832 1404 calculi
1867 1369 1987 1401 variare
2011 1367 2128 1415 poffiut

1125 1426 1189 1449 non
1214 1415 1321 1447 colore
1345 1423 1472 1447 tantum
1487 1437 1498 1453 ,
1523 1416 1554 1447 ὅ(
1576 1413 1681 1447 forma
1698 1440 1706 1454 ,
1729 1424 1840 1447 verum
1865 1414 1897 1445 δε
1921 1410 2075 1445 strufflmra
2098 1421 2127 1442 ι-

1123 1458 1174 1501 psa
1199 1468 1332 1491 externa
1347 1481 1355 1496 ,
1379 1458 1594 1499 internaque,
1619 1460 1651 1489 ὃς
1675 1457 1856 1491 substantiae
1880 1455 1983 1488 etiam
2007 1452 2103 1488 modo
2119 1477 2129 1490 ,

1123 1512 1158 1534 ur
1184 1502 1230 1534 vel
1256 1500 1407 1542 pellucidi
1433 1511 1665 1542 nonnunquam
1699 1500 1782 1538 sint,
1809 1499 1884 1532 ideo
1919 1498 2008 1540 supra
2039 1501 2052 1538 (
2075 1495 2130 1537 u)

1122 1545 1296 1587 diligenter
1319 1543 1363 1577 est
1387 1542 1598 1580 adnotatum,
1624 1556 1662 1577 ne
1687 1543 1707 1576 si
1733 1543 1819 1577 forte
1839 1542 1941 1583 aliqui
1965 1540 2131 1574 interdum

1123 1598 1294 1622 occurrant
1328 1588 1367 1620 ab
1400 1588 1440 1621 iis
1473 1588 1531 1630 qui
1565 1588 1753 1628 plerumque
1789 1585 1891 1618 solent
1912 1607 1922 1622 ,
1957 1585 2004 1630 vel
2031 1584 2132 1626 pluria

1128 1644 1217 1666 mum
1241 1630 1476 1672 discrepantes.
1504 1630 1840 1672 continuohepaticos
1864 1639 1927 1660 non
1953 1628 2032 1666 esse,
2058 1638 2134 1669 pro-

1128 1676 1259 1709 nuncies
1281 1685 1294 1713 ,·
1328 1673 1377 1706 sed
1402 1675 1616 1716 proprietates
1653 1683 1742 1707 antea
1767 1682 1896 1706 caeteras
1921 1671 2134 1712 singillatim,

1127 1722 1159 1752 v&
1184 1731 1255 1761 quae
1280 1716 1517 1757 praecesserint,
1543 1729 1613 1760 quae
1638 1716 1699 1750 sint
1722 1718 1901 1755 comitata,
1926 1726 1996 1757 quae
2029 1713 2134 1748 subse-

1129 1773 1202 1796 cuta
1229 1762 1313 1800 signa
1329 1783 1336 1797 ,
1362 1761 1558 1802 perpendas.

1173 1808 1228 1847 46.
1256 1805 1325 1837 Nec
1351 1816 1429 1837 vero
1452 1804 1539 1845 ipsa,·
1561 1816 1598 1837 ne
1630 1804 1669 1838 de
1699 1804 1833 1838 immani
1869 1813 2004 1837 numero
2038 1802 2136 1845 quid-

1126 1861 1224 1892 quam
1248 1847 1354 1880 dicam
1379 1860 1387 1884 ς
1421 1848 1564 1889 lapidum
1591 1847 1785 1890 magnitudo
1808 1848 1979 1881 absterrere
2003 1856 2033 1880 te
2056 1846 2135 1879 lem-

1129 1904 1184 1936 per
1208 1892 1327 1928 debet,
1353 1902 1390 1923 ne
1415 1901 1581 1933 propterea
1605 1892 1772 1935 hepaticos
1807 1892 1889 1930 effe,
1914 1890 2056 1925 censeas.
2083 1893 2135 1922 In·-

1140 1937 1220 1979 zgnis
1245 1945 1330 1968 certe
1350 1933 1447 1967 illum
1477 1933 1569 1968 fuisse
1600 1935 1828 1978 magnitudinis
1858 1946 1955 1977 quem
1983 1932 2136 1976 ⁴foemina

1128 1980 1275 2021 quredam
1299 1989 1354 2021 per
1379 1976 1483 2011 sedem
1497 1989 1702 2015 excreverat,
1730 1978 1865 2012 testatur
1880 1979 2022 2011 Vaterus
2045 1980 2134 2017 (x):

1128 2025 1158 2055 &
1184 2032 1289 2056 tamen
1316 2022 1449 2056 foemina
1467 2048 1476 2060 ‚
1500 2022 1598 2065 paulo
1622 2022 1689 2063 post
1712 2021 1779 2064 ejus
1802 2023 2023 2056 excretiouem
2049 2031 2138 2055 mor·-

1130 2076 1205 2106 ma,
1229 2068 1262 2099 in
1298 2065 1397 2099 vesica
1431 2064 1524 2099 fellea
1558 2067 1703 2109 quinque
1740 2066 1797 2099 alii
1833 2066 1972 2099 minores
2007 2065 2134 2099 inventi

1129 2109 1201 2143 sunt
1226 2111 1272 2143 ira
1290 2107 1444 2152 figurati,
1469 2117 1506 2142 ut
1527 2109 1630 2143 videri
1652 2108 1767 2152 posset,
1791 2110 1938 2152 quomodo
1961 2109 2076 2151 majori
2094 2110 2137 2140 jx„

1128 2154 1173 2191 li,
1197 2153 1363 2188 corculum
1386 2151 1535 2186 referenti
1560 2175 1571 2193 ,
1602 2151 1803 2197 adhaefiffent.
1838 2155 1925 2187 Cum
1957 2154 1998 2186 iis
2033 2154 2138 2195 igitur

1129 2198 1236 2239 ipsum
1260 2208 1389 2239 quoque
1412 2197 1445 2229 in
1470 2197 1551 2239 cysti
1577 2194 1693 2236 fuisse,
1717 2196 1898 2239 intelligis,
1933 2208 2035 2239 neque
2068 2208 2136 2229 rua-

1129 2241 1301 2282 gnitudine
1326 2239 1532 2282 prohibitum
1557 2238 1609 2273 sua
1633 2251 1700 2282 quo
1720 2241 1826 2273 minus
1849 2240 1924 2274 inde
1936 2241 2061 2279 exiret,
2086 2248 2136 2273 at-

1129 2295 1190 2325 que
1215 2286 1248 2316 in
1273 2283 1390 2316 cavum
1413 2284 1641 2317 intestinorum
1655 2285 1856 2325 perveniret.
1883 2283 2024 2327 Magnus
2047 2295 2133 2326 quo-

1128 2337 1190 2369 que
1213 2337 1279 2360 erat
1306 2328 1352 2366 is,
1376 2329 1496 2370 quippe
1527 2326 1654 2369 pollicis
1677 2326 1849 2361 articulum
1870 2338 2012 2370 aequans,
2036 2339 2135 2370 quem

1129 2371 1377 2403 Cel.Swietenii
1400 2374 1413 2410 (
1437 2381 1454 2409 γ
1476 2376 1492 2411 2
1513 2371 1649 2408 Socrus‚
1674 2370 1952 2414 periodicisi&eri
1977 2371 2134 2414 paroxys-

1129 2417 1188 2447 mis
1212 2414 1377 2449 obnoxia,
1403 2415 1472 2455 post
1494 2414 1674 2448 acerbiores
1698 2416 1731 2448 in
1764 2414 1830 2455 ipsa
1864 2416 2015 2451 Duodeui
2050 2416 2130 2453 {ute-

1129 2456 1204 2490 stini
1229 2456 1298 2490 sede
1322 2460 1500 2495 cruciatus,
1525 2458 1627 2491 biduo
1650 2456 1819 2500 interjefio
1842 2459 1963 2501 dejecit
1985 2484 1994 2500 ,
2028 2459 2132 2495 foveis

1127 2500 1251 2534 duabus
1272 2501 1305 2533 in
1332 2500 1499 2542 superficie
1523 2512 1732 2540 excavatum,
1759 2502 1852 2537 binos
1888 2505 1998 2539 restare
2032 2503 2133 2548 signi-

1127 2543 1320 2578 ficantibus.
1344 2545 1401 2586 qui
1425 2544 1482 2586 ipsi
1506 2556 1637 2587 quoque
1660 2545 1764 2588 postea
1788 2548 1933 2589 prodiere
1959 2560 2022 2582 non
2049 2551 2132 2583 mui-

1129 2597 1165 2620 to
1189 2588 1289 2628 priori
1314 2587 1372 2632 illo
1396 2591 1554 2622 minores.
1577 2588 1644 2621 Cui
1667 2599 1772 2622 tamen
1798 2590 1849 2624 sua
1874 2603 1940 2626 uon
1964 2593 2131 2627 obstiterat

1129 2632 1229 2663 moles
1253 2655 1261 2669 ‚
1296 2642 1333 2663 ne
1357 2630 1515 2677 ductuum
1539 2631 1732 2666 eluciaretur
1757 2634 1914 2675 angustias
1930 2662 1937 2668 .
1966 2637 2034 2670 [Nec
2069 2639 2130 2670 mid

1130 2685 1224 2712 runt:
1247 2685 1319 2707 nam
1343 2675 1397 2706 etl,
1423 2675 1569 2717 angustus
1594 2674 1631 2708 fit
1654 2675 1881 2712 Cholcdochos
1913 2680 2049 2719 duetus,
2072 2681 2131 2714 etri

1132 2718 1314 2758 angustior,
1337 2720 1367 2749 &
1392 2718 1710 2760 valvulisimpeditus
1732 2721 1905 2761 Cysticus3
1933 2724 2129 2757 membranei

1132 2760 1204 2793 sunt
1241 2771 1368 2799 tamen,
1393 2773 1493 2804 eoque
1516 2761 1598 2794 ferre
1622 2761 1749 2802 possunt
1772 2775 1870 2806 prope
1904 2767 2129 2801 incredibilem

1130 2805 1382 2850 dilatationem.
1411 2805 1526 2846 ltaque
1548 2803 1717 2846 Cysticum
1743 2807 1896 2842 ordinario
1919 2809 2040 2851 obiuplo
2063 2822 2130 2843 ma-

1126 2858 1223 2889 jorem
1248 2872 1254 2887 ,
1292 2855 1328 2880 ut
1348 2846 1474 2888 pollicis
1496 2847 1658 2890 craffitiem
1681 2848 1853 2889 adaequaret
1876 2873 1884 2888 ,
1919 2853 2045 2886 invenit
2070 2855 2134 2888 lie-¹

1128 2891 1240 2923 zoldus
1265 2896 1275 2930 ζ
1300 2902 1324 2932 z
1344 2894 1379 2930 )‚
1404 2891 1436 2922 in
1461 2890 1581 2931 ejusque
1605 2891 1707 2923 trm‘iu
1731 2893 1827 2925 medio
1850 2894 2004 2929 calculum
2039 2907 2127 2931 uem.

1126 2932 1200 2966 bilis
1221 2933 1467 2976 magnitudinis.
1494 2935 1537 2965 Et
1561 2933 1651 2975 ipse,
1689 2945 1724 2967 ut
1748 2935 1824 2968 alibi
1851 2942 1861 2976 (
1883 2949 1901 2969 a
1923 2942 1937 2977 )
1968 2939 2135 2981 scriptum

1127 2977 1192 3017 est,
1217 2980 1428 3014 Communem,
1453 2975 1624 3017 Cysiicum,
1649 2980 1690 3013 &
1711 2980 1898 3019 Hepaticum
1921 2983 2004 3015 intra
2038 2983 2073 3017 he
2095 2998 2131 3019 ar

1128 3018 1241 3061 usque,
1266 3018 1418 3051 dilatatos
1438 3020 1511 3051 adeo
1533 3021 1682 3062 conspexi
1706 3029 1743 3053 ut
1773 3024 1978 3063 perimetrum
2012 3027 2070 3060 dno
2093 3040 2130 3062 μς

1132 3061 1313 3104 transverfis
1336 3062 1446 3103 digitis
1469 3063 1613 3104 aequalem
1636 3062 1783 3097 haberent
1805 3066 1837 3098 in
1863 3067 1954 3107 sene,
1977 3069 2069 3111 cujus
2093 3074 2125 3105 in

1132 3107 1239 3148 cysti,
1262 3103 1436 3147 praesertim
1461 3116 1536 3138 vero
1559 3107 1591 3138 in
1615 3107 1769 3149 Hepatici
1794 3108 1909 3144 duetus
1933 3115 2030 3146 ramis
2061 3108 2134 3149 εεῐΙέ

1131 3150 1220 3182 culos
1252 3145 1447 3189 deprehendi
1471 3172 1478 3179 .
1512 3151 1550 3182 In
1575 3151 1706 3184 muliere
1740 3160 1845 3184 autem
1867 3176 1876 3190 ‚
1909 3154 2000 3195 cujus
2036 3156 2127 3192 semea

1133 3191 1265 3225 vesicula
1312 3202 1462 3240 magnum
1497 3193 1657 3226 calculum
1681 3218 1694 3234 ‚
1726 3197 1872 3236 quamvis
1904 3199 2050 3231 necdum>
2078 3204 2135 3234 in:

1133 3237 1282 3269 duratum
1331 3234 1422 3267 illum
1455 3236 1586 3277 quidem
1609 3258 1619 3273 ,
1661 3238 1847 3270 continebat
1882 3261 1891 3276 ‚
1933 3242 2127 3278 Communis

1132 3280 1251 3312 canalis
1295 3289 1356 3324 qua
1399 3279 1432 3311 in
1464 3279 1660 3313 Duodenum
1703 3279 1817 3314 influit
1850 3305 1858 3320 ,
1903 3287 2126 3325 perangustum

1133 3323 1208 3356 alias
1233 3343 1241 3356 ,
1276 3321 1436 3355 orificium
1482 3322 1654 3357 dilatatum
1699 3324 1775 3356 adeo
1804 3325 1969 3367 conspexit
2002 3323 2128 3364 Heilie..

1132 3377 1183 3399 rus
1224 3363 1345 3404 (b),
1381 3373 1417 3397 ut
1464 3376 1601 3407 parvum
1656 3367 1789 3408 digitum
1821 3365 1923 3409 filcile
1954 3371 2135 3410 immittere*

1683 3419 1700 3440 2
1875 3432 1878 3434 ·
2048 3415 2083 3448 'in
2112 3416 2131 3419 ”

1094 3615 1108 3644 (
1124 3614 1140 3639 lz
1160 3615 1167 3642 l
1186 3613 1293 3639 Eorund.
1310 3616 1342 3638 T.
1362 3622 1382 3643 3.
1400 3613 1458 3639 Obs.
1478 3623 1515 3644 57.

1321 3646 1328 3673 (
1348 3653 1363 3667 n
1380 3645 1394 3673 )
1409 3647 1548 3669 Comme-re.
1567 3644 1624 3669 Litt.
1644 3645 1674 3669 A.
1693 3646 1759 3674 1738.
1777 3645 1852 3671 Hebd.
1872 3648 1906 3670 18.
1924 3654 1947 3671 n.
1966 3654 1986 3672 1.

1340 3673 1349 3701 (
1365 3684 1380 3705 q
1396 3675 1409 3703 )
1427 3676 1443 3699 l.
1461 3684 1483 3704 ς.
1502 3676 1574 3704 Epist.
1592 3675 1683 3699 Medic.
1703 3684 1722 3704 3.

1140 3707 1154 3736 (
1171 3713 1181 3729 t
1200 3706 1208 3736 )
1225 3714 1247 3729 n.
1268 3713 1305 3730 at.
1323 3707 1361 3728 ²6.
1427 3707 1469 3735 (u
1486 3707 1493 3735 )
1510 3714 1533 3730 n.
1554 3709 1589 3730 ῐ6-.
1607 3708 1628 3729 8:
1645 3705 1709 3734 seqq.

1239 3736 1243 3740 '
1441 3737 1447 3764 (
1467 3743 1484 3763 z
1500 3737 1513 3765 )
1530 3737 1588 3761 Diis.
1605 3738 1634 3760 de
1651 3735 1791 3762 Cholelitho
1807 3735 1860 3762 Cas.
1879 3745 1900 3762 ι.
1919 3746 1944 3762 n.
1961 3744 1981 3768 ς-
