2498 4075
418 97 509 138 122

343 162 474 204 nullum
497 169 638 207 unquam
663 158 800 201 loquelae
824 159 943 193 vitium
967 159 1068 193 fuerat
1092 180 1100 195 2
1135 159 1347 202 styliformem

347 206 488 241 offendit
511 200 687 248 processum
721 201 904 236 sescunciali
941 201 1146 245 longitudine
1165 227 1178 243 ,
1210 202 1347 241 dimidia

342 250 473 295 quidem
498 248 648 281 inferiore
673 255 762 287 parte
786 244 927 283 osseum,
950 244 1087 281 dimidia
1123 257 1226 279 autem
1261 247 1348 291 supe-

343 297 435 331 riore
458 291 723 333 cartilagineum.
750 290 807 322 Tu
832 300 927 327 vero3
951 298 987 322 ut
1010 288 1093 323 illud
1116 290 1248 323 omittas
1269 313 1283 330 ,
1314 292 1348 325 in

346 349 386 371 eo
409 336 539 370 homine
562 330 692 367 fortasse
719 330 854 375 potuisse
875 332 1034 378 musculos
1057 333 1095 367 de
1115 333 1350 376 quibusloqui-

345 391 440 419 mur,
466 390 505 411 ex
529 386 618 419 parte
642 374 728 411 nasci
751 388 767 409 e
791 377 942 418 proximo
967 376 1029 408 osse
1064 386 1247 418 temporum
1271 402 1279 415 ,
1313 387 1348 411 ut

345 433 457 457 eorum
492 420 616 454 socium
649 418 980 466 Stylopharyngaeum
1012 430 1239 461 nonnunquam
1270 419 1347 455 hinc

346 475 460 501 natum
485 467 515 498 ἃ
539 462 690 497 Valsalva
714 465 727 501 (
749 473 779 495 m
801 465 841 500 ),
865 464 897 494 &
921 473 981 504 ego
1014 465 1028 501 (
1049 473 1069 495 n
1094 467 1104 502 )
1142 462 1350 505 deprehendit-

342 521 437 548 mus,
462 507 620 550 intelligis
644 514 752 545 certe,
776 515 850 537 curn
873 515 907 537 ea
931 515 1026 547 quam
1061 506 1259 541 Molinettus
1291 519 1351 550 pro

343 553 432 586 nulla
456 552 490 584 in
514 561 619 586 recens
644 549 728 595 natis
751 547 910 588 habebat,
931 549 1122 591 cartilagine
1146 550 1223 582 exili
1248 549 1351 592 adeo,

343 599 376 632 ,δε
399 596 517 635 molli,
541 605 604 631 non
628 592 685 626 esse
709 590 800 638 istam
825 602 895 633 quae
921 602 981 633 pro
1004 593 1109 625 aetatis
1132 593 1351 634 incremento³

346 648 441 675 tanto
464 640 497 677 δέ
520 636 667 672 crassior,
692 637 725 667 δε
748 635 874 668 firmior
908 634 1007 668 fuerit
1026 658 1039 675 ,
1072 634 1321 677 comparandam
1342 650 1349 670 ς

345 693 417 717 tum
443 682 543 714 etiam
566 678 672 718 nosti,
693 678 834 720 quibus,
858 680 891 711 ὃ(
913 687 992 720 quot
1016 678 1167 717 musculis
1189 681 1349 722 originem

340 727 504 769 praebeant
527 721 675 765 quaedam
697 721 844 763 laryngis
864 721 1069 764 cartilagines
1087 747 1097 755 .
1122 720 1182 758 Sed
1216 722 1257 756 de
1289 723 1349 757 hac

337 767 509 804 Molinetti
524 763 703 799 defensione
714 763 780 806 ipse
795 762 911 797 videris
922 787 931 795 .
1021 764 1096 806 Ego
1107 765 1237 807 quidem
1250 767 1349 803 unde.

339 823 465 856 cunque
488 810 547 848 sint
571 808 728 843 balbutiei
751 807 934 849 puellorum
949 806 1057 840 <causae
1092 808 1267 850 repetendae
1287 824 1297 848 3
1332 823 1349 847 a

338 856 488 900 pluribus
510 852 596 887 enim
620 849 719 883 causis
743 858 859 892 praeter
880 860 930 883 eas
953 861 1089 892 quarum
1112 851 1154 885 est
1165 850 1249 885 faeta
1260 865 1349 887 rnen-

337 901 388 937 tio
399 923 413 940 ‚
437 898 537 939 repeti
561 893 713 939 possunt,
738 891 882 933 indidem
893 893 1081 928 adultorum
1092 894 1268 930 balbutiem
1281 899 1348 930 ori-

336 945 395 983 ri,
416 940 533 983 crede,
558 937 810 981 quotiescunque
836 936 960 971 accidat
984 960 994 975 ‚
1029 946 1066 970 ut
1098 938 1238 977 crescens
1272 951 1347 979 aetas

336 987 398 1020 five
422 995 518 1019 unam
531 1006 545 1024 ,
566 980 629 1017 five
653 980 758 1023 plures
781 980 920 1024 superare
943 985 1078 1025 neque’at
1100 983 1229 1022 illarum
1241 983 1349 1017 causa-

335 1041 409 1065 xum
431 1044 438 1062 :
463 1039 541 1071 quas
573 1027 609 1059 in
644 1024 773 1058 tenellis
806 1025 912 1068 pueris
947 1024 1076 1059 facilius
1101 1050 1110 1066 ,
1165 1027 1260 1069 uippe
1291 1028 1348 1070 qui

333 1084 445 1108 omnes
468 1071 682 1107 balbutiunt,
706 1067 1021 1109 animadvertendas,
1045 1037 1237 1112 inquifiviffe
1259 1069 1349 1113 juva-

337 1119 411 1159 bit,
433 1124 470 1150 ut
492 1117 528 1149 in
550 1114 667 1148 adultis
690 1115 723 1146 &
747 1111 886 1155 sagacius
909 1111 1118 1153 dignoscere,
1147 1115 1181 1145 δε
1211 1125 1277 1157 quo
1311 1113 1349 1151 ad

335 1161 406 1206 ejus
430 1159 500 1193 fieri
527 1157 619 1202 poffit
639 1181 650 1199 ,
671 1156 788 1197 tollere
812 1154 1011 1199 aliquando,
1034 1158 1067 1190 δε
1090 1156 1231 1196 minuere
1253 1167 1349 1192 cone-

375 1216 433 1240 υτ,
953 1235 962 1240 ψ

339 1217 437 1293 m39.
462 1245 625 1280 Postremo
648 1242 737 1287 quod
760 1243 798 1279 ad
821 1244 949 1279 XXIII.
985 1243 1167 1277 Sefflonem
1198 1245 1314 1277 attinet
1336 1267 1350 1289 ,

337 1304 410 1337 quae
435 1290 476 1330 est
497 1290 535 1323 de
560 1289 687 1330 Angina
702 1310 715 1328 ,
736 1288 913 1330 permirum
936 1285 1000 1327 est,
1022 1287 1192 1329 graviffimi
1206 1312 1216 1330 ,
1239 1291 1269 1322 ὃ(
1284 1286 1349 1320 fre-⁴

342 1333 540 1381 quentiffimi
568 1331 731 1374 laryngis,
757 1333 786 1364 δέ
813 1332 1034 1373 proximarum
1065 1329 1209 1371 faucium
1240 1331 1347 1368 morbi

339 1380 466 1415 nullam
490 1379 524 1411 in
549 1376 695 1416 ὶεέὶὶοῃς
718 1373 777 1412 hac
802 1382 874 1410 tota
897 1368 1167 1416 Observationem
1189 1374 1349 1419 proferri,
1368 1373 1369 1376 ’

340 1436 380 1458 ex
401 1434 462 1466 qua
486 1421 608 1461 constet
623 1442 637 1459 ,
660 1416 740 1461 quid
763 1419 797 1451 in
821 1419 957 1455 mortuis
980 1430 1019 1460 ex
1051 1419 1200 1462 legitima
1235 1419 1348 1461 angina

336 1477 499 1513 repertum
523 1465 580 1499 fit.
604 1463 690 1498 Aliae
725 1463 811 1495 enim
844 1473 954 1496 earum
986 1474 1057 1506 quae
1092 1461 1313 1504 producuntur
1334 1486 1344 1502 ‚

343 1510 622 1548 Observationum
646 1507 685 1540 ad
709 1505 877 1549 pulmones
893 1531 902 1546 ,
928 1515 981 1540 aut
1006 1506 1043 1547 ad
1076 1503 1136 1541 hos
1157 1529 1171 1547 ,
1203 1509 1236 1540 &
1267 1505 1344 1548 thy-

936 57 1094 136 Lizber
1125 81 1164 132 1..
1198 79 1283 135 De
1317 78 1526 134 Morbis
1558 78 1764 144 capitis

1399 171 1432 194 re
1455 158 1608 201 Asperam
1630 161 1777 192 ‚arteriam
1800 159 1947 194 deorsum
1969 160 2155 202 traherent,
2180 159 2234 194 hic
2256 170 2332 194 vero
2344 172 2401 196 au-

1399 204 1450 236 sta
1472 203 1558 236 mole
1580 203 1825 246 comprimeret,
1850 204 1919 237 aliae
1943 203 1981 239 acl
2004 204 2144 244 cerebri,
2178 214 2232 237 aut
2264 204 2399 239 aliarum

1400 246 1540 288 partium
1563 246 1666 284 vitia3
1689 255 1724 279 ut
1749 246 1900 290 suspicari
1924 248 2041 290 aliquis
2065 249 2249 291 inexpertus
2269 246 2369 289 posset
2390 274 2401 289 ,

1401 300 1479 322 num
1502 288 1540 321 ad
1564 289 1726 330 laryngem
1750 301 1906 333 unquam,
1932 293 1964 324 ὃς
1987 289 2094 323 fauces
2116 289 2169 323 hic
2193 290 2402 333 morbusspe-

1401 332 1487 365 ἀει.
1512 332 1610 367 Certe
1633 341 1739 365 autern
1762 333 1796 365 in
1819 335 1932 376 angina
1956 343 2105 369 externus
2128 332 2206 375 saepe
2228 333 2313 368 circa
2344 334 2400 369 has

1400 385 1509 412 tumor
1525 398 1533 412 ‚
1560 384 1614 411 aut
1636 376 1778 411 internus
1792 399 1802 416 ,
1823 386 1860 410 ut
1871 387 1945 416 ,non
1970 377 2062 412 semel
2086 374 2248 416 vidimus,
2271 379 2303 413 ὅ(
2325 388 2403 411 cau-

1399 427 1431 455 te
1453 417 1556 452 incidi
1579 420 1805 461 imperavimus
1828 431 1894 463 Jam
1917 431 1975 463 pus
1998 421 2218 455 continentem
2244 442 2256 459 ‚
2288 420 2322 452 in
2354 420 2402 459 la-

1402 473 1501 504 rynge
1524 470 1629 499 autem
1650 472 1685 497 ea
1709 474 1779 505 quae
1803 464 2197 506 prima'lmyngotomiae,
2219 471 2254 497 ut
2265 473 2402 505 vocant,

1402 504 1604 540 instituendae
1626 505 1717 541 causa
1740 505 1824 546 fuit,
1849 507 1998 549 anginam
2022 506 2174 542 testantur
2195 504 2238 538 ab
2271 505 2402 540 inflam-

1402 550 1546 581 matione
1568 559 1638 590 quae
1661 547 1760 582 modo
1781 548 1883 585 dietas
1906 552 2065 593 corripiat
2089 558 2216 591 partes,
2239 548 2371 583 existere
2390 562 2398 582 ε

1403 595 1435 624 &
1460 590 1547 630 sane3
1571 601 1606 628 ut
1631 591 1789 629 musculos
1812 593 1929 635 quibus
1955 592 2166 636 arytaenoides
2199 592 2401 635 cartilagines

1400 635 1601 673 adducuntur
1624 644 1866 676 praetereamus3
1891 634 1947 669 nifi
1972 636 2058 679 quod
2082 636 2154 670 aliis
2187 635 2402 677 saepenumero

1400 678 1559 721 glandulis
1584 678 1700 713 accidit
1724 678 1863 712 eiusdem
1885 681 2029 722 generis,
2054 679 2094 713 ab
2115 691 2155 715 eo
2177 678 2304 725 prorsus
2337 680 2402 712 im-

1401 733 1509 756 munes
1532 721 1631 764 fingas
1654 733 1723 766 quae
1756 722 1922 765 laryugem
1953 722 2139 761 humeRant
2160 735 2171 762 3
2203 722 2368 764 apparebit
2390 745 2401 761 ,

1400 764 1470 798 fieri
1494 777 1558 798 non
1581 762 1688 808 posse,
1712 767 1791 807 quin
1815 765 1988 808 aliquando
2010 766 2309 806 inflammationes,
2343 777 2402 798 eae-

1398 820 1459 851 que
1483 807 1745 852 perniciosissimae
1757 832 1772 850 ,
1794 808 1912 843 nostras
1937 818 2012 851 puta
2033 808 2290 852 Arytaenoidaeas
2313 808 2403 850 glan-

1398 852 1490 888 dulas
1512 850 1726 895 prehendant,
1750 852 1866 894 quibus
1890 852 2201 892 intumescentibus,
2225 851 2402 894 angustail-

1399 896 1446 929 lac
1472 897 1550 930 aeris
1571 896 1638 928 vias
1662 895 1915 936 intercludatur,
1941 896 2057 931 necesse
2080 895 2140 929 est.
2275 896 2401 929 Verum

1399 939 1468 972 haec
1491 950 1557 973 non
1579 951 1617 972 eo
1638 939 1714 973 dico
1728 963 1738 979 ‚
1758 939 1845 982 quod
1866 939 2015 980 credam,
2039 949 2070 972 te
2092 939 2185 974 aliter
2199 937 2401 978 existimare5

1399 982 1450 1015 sed
1474 982 1519 1015 ob
1539 982 1575 1016 id
1596 982 1764 1017 dumtaxat
1787 992 1823 1016 ut
1846 983 2031 1027 intelligas,
2054 981 2111 1016 effe
2135 981 2218 1016 huuc
2242 992 2340 1015 unum
2363 994 2402 1016 ex

1400 1026 1442 1058 iis
1465 1025 1609 1067 morbis,
1630 1037 1770 1070 quorum
1794 1027 1986 1069 peculiares,
2009 1029 2041 1061 δε
2064 1037 2147 1061 nunc
2171 1025 2272 1067 magis
2284 1048 2297 1065 ,
2318 1036 2404 1061 nunc

1403 1070 1508 1102 minus
1533 1069 1717 1112 periculosae
1742 1069 1846 1111 sedes,
1870 1080 1980 1104 natura
1993 1094 2003 1111 ,
2024 1072 2056 1107 &
2078 1067 2206 1107 effectus
2228 1079 2303 1102 cum
2335 1080 2406 1102 ma-

1403 1113 1487 1147 xime
1509 1114 1611 1155 quaeri
1633 1112 1832 1152 debuissent,
1857 1124 1922 1147 non
1953 1124 2040 1157 aeque
2072 1124 2106 1146 ac
2142 1113 2279 1146 aliorum
2306 1135 2320 1152 ,
2351 1124 2406 1155 per

1401 1154 1601 1190 disseffiones
1625 1156 1752 1200 quaefita
1773 1156 1832 1191 ess‘e
1854 1157 2022 1191 videantur
2044 1159 2058 1196 <
2078 1168 2096 1190 o
2111 1157 2150 1200 ).
2176 1154 2277 1195 Qod
2297 1165 2316 1188 a
2352 1168 2405 1190 me

1400 1198 1475 1232 ideo
1497 1198 1620 1234 fa6’mm
1642 1210 1707 1233 non
1732 1198 1797 1238 est,
1819 1201 1894 1243 quia
1916 1200 2048 1238 denatos
2073 1211 2111 1233 ex
2133 1200 2282 1242 legitima
2315 1201 2407 1242 angi.

1399 1254 1440 1276 na
1463 1242 1646 1286 persecandi
1668 1254 1743 1278 cuin
1766 1242 1859 1277 semel
1885 1254 2013 1287 tempus
2027 1268 2039 1285 ,
2062 1253 2133 1277 tum
2156 1244 2278 1285 semper
2301 1243 2406 1286 postea

1400 1285 1523 1320 occasio
1544 1286 1649 1322 defuit
1671 1290 1685 1326 (
1702 1297 1726 1329 p
1749 1290 1780 1327 ).·
1803 1299 1876 1323 cum
1899 1288 2004 1331 spuria
2018 1295 2123 1321 autem
2147 1283 2276 1321 fortasse
2287 1309 2300 1327 ,
2322 1295 2406 1320 certe

1400 1340 1466 1369 non
1489 1342 1582 1367 exea
1606 1340 1751 1371 mortuos
1774 1342 1894 1372 unum,
1917 1341 1971 1366 aut
1995 1332 2128 1365 alterum
2151 1329 2407 1373 dissecui.Qo.

1400 1384 1471 1407 rum
1495 1376 1529 1407 in
1553 1373 1721 1414 faucibus,
1744 1376 1777 1413 δε
1810 1376 1939 1418 larynge
1970 1375 2050 1419 quid
2083 1374 2302 1409 adnotaverim
2323 1399 2336 1417 ,
2370 1378 2407 1412 in

1400 1417 1469 1460 IV..
1490 1417 1529 1452 ad
1551 1427 1583 1453 te
1606 1418 1679 1452 data
1703 1418 1848 1460 Epistola
1871 1422 1885 1458 <
1908 1421 1927 1463 q‘
1947 1424 1962 1461 )
1985 1420 2125 1462 releges:
2152 1419 2190 1451 ad
2213 1429 2318 1453 veram
2350 1431 2407 1455 au-

1398 1469 1465 1498 tem
1488 1463 1639 1506 anginam
1661 1459 1776 1495 referre
1798 1473 1836 1496 ex
1860 1463 1952 1505 parte
1972 1461 2127 1500 nonnulla
2149 1463 2269 1505 poteris
2291 1487 2305 1504 ,
2334 1474 2408 1507 quae

1396 1514 1472 1538 cum
1493 1504 1531 1544 de
1554 1503 1786 1548 hydrophobia
1808 1506 1976 1545 scriberem
2000 1512 2011 1552 (
2035 1511 2106 1549 r),
2129 1508 2402 1543 commemoravi.

337 1567 430 1598 mum
453 1555 590 1588 attinent
614 1551 763 1595 sanguine
786 1548 964 1600 infaraos,
987 1560 1126 1594 quorum
1148 1542 1208 1584 illi'
1223 1549 1342 1594 ponde,
1394 1547 1496 1582 Vale.

308 1798 326 1821 :⁷

394 1726 413 1793 ἱ
428 1729 453 1753 m
466 1721 482 1752 )
497 1717 557 1746 Vid.
571 1715 648 1747 Epist.
664 1716 737 1750 Anat.
756 1723 792 1742 u.
807 1723 832 1742 n.
847 1723 875 1750 47
934 1712 944 1745 (
959 1721 977 1738 n
991 1711 1006 1743 )
1022 1712 1089 1739 lbid.
1104 1720 1131 1738 Ω·
1146 1712 1171 1739 ⁸·

425 1760 442 1787 g
458 1751 469 1785 )
484 1759 510 1780 ῃ,
523 1757 564 1783 24·
579 1750 605 1779 ει
621 1747 684 1781 seqq.
743 1747 761 1783 ς
773 1755 787 1777 e
803 1746 815 1781 >
828 1743 903 1781 epra.
918 1745 942 1774 8,
958 1752 986 1774 n.
1002 1750 1041 1775 19·
1056 1744 1080 1772 δε
1096 1741 1159 1776 sffl‘i·

1234 1715 1250 1748 ζ
1265 1722 1279 1741 ο
1293 1717 1304 1743 2
1321 1712 1377 1740 Vid.
1393 1715 1477 1744 tamen
1491 1712 1566 1745 Epist.
1581 1716 1622 1745 53.
1636 1720 1660 1741 n.
1678 1714 1715 1741 ι6.
1731 1712 1756 1740 δε
1771 1711 1819 1743 seq.

1880 1700 1927 1747 (μ’
1943 1711 1953 1742 l
1968 1710 2014 1739 sed
2031 1697 2081 1739 vid.
2096 1712 2174 1743 Epist.
2188 1721 2226 1744 44.
2244 1722 2270 1738 n.
2286 1720 2309 1744 3.

2253 3681 2371 3732 JO.
