2498 4075
303 221 455 301 Epist.
490 233 650 287 Anat.
684 231 898 286 Medica
932 230 1199 287 XXXVL
1236 230 1354 284 Art.
1371 244 1416 294 7.
1438 233 1548 298 8.9.
1569 233 1804 285 10.&11*.'

53 303 67 339 (
87 308 148 357 y.)
170 308 340 352 significari
364 326 373 349 3
397 315 464 346 imo
489 338 499 354 ‚
522 322 580 345 nec
602 310 697 345 semel
718 333 732 351 ‚
753 322 806 345 eos
827 321 957 353 quoque
987 310 1046 345 he-

49 353 133 385 Patis
156 353 307 388 abscessus
330 354 420 390 fuisse
444 355 625 398 persanatos
641 378 649 391 ,
672 367 688 387 e
710 354 828 396 quibus
850 354 1046 396 apertislon-

48 401 89 431 ge
111 394 170 427 alia
195 396 346 431 fluxerint
371 411 405 431 ac
428 410 498 440 quae
520 398 657 439 optabat
679 398 916 440 Hippocrates,
938 396 1046 440 cujus-

48 436 409 486 modi-exemplisetiam
422 441 502 475 illud
513 442 605 475 addes
617 465 626 481 ,
648 442 857 483 quantumvis
869 442 986 482 longa,
1011 444 1043 473 &

47 477 188 514 difficilis
212 485 339 517 curatio
361 483 478 525 fuerit,
501 486 589 526 quod
612 496 627 518 a
650 483 703 515 Cl.
724 484 778 527 Jo.
806 486 901 516 Petro
926 484 1042 517 Albre-

46 521 127 571 tbto
150 528 161 562 s
185 536 209 567 z
229 529 244 566 )
268 526 467 569 propositum
491 528 555 561 est.
690 526 747 560 Sed
769 525 833 568 jam
855 526 935 560 illuc
958 526 1042 560 unde

46 564 241 614 divertimus
266 592 275 607 ‚
314 570 481 603 redeuntes
504 594 512 608 ‚
547 570 587 604 ab
609 570 648 603 iis
673 581 744 611 quae
767 571 800 602 in
832 570 1040 611 sexagenariae

48 607 200 659 MulierIs
223 611 354 647 historia
369 613 518 651 Valsalva
541 624 605 647 non
628 614 763 655 attigit,
788 612 824 646 ad
848 624 881 645 ea
892 624 963 655 quae
988 612 1044 647 ad-

46 659 175 685 notavit
186 676 199 693 ,
222 658 383 689 veniamus
398 679 405 686 .

91 705 122 735 7-
147 698 342 740 Congeriem
366 698 475 740 hepati
499 699 705 733 inhcerentem
717 699 1042 741 vesicularum‚quas

46 747 121 785 cum
145 739 296 775 laceraret
321 765 329 780 ‚
367 741 468 775 serum
502 741 652 776 effluebat
676 765 686 781 ‚
723 743 790 776 noli
821 743 944 775 credere
964 764 976 781 ,
1010 755 1043 775 a-

47 780 117 829 hud
142 781 235 817 fuisse
258 807 270 824 ,
303 796 399 827 quam
431 784 603 827 hydatides
626 809 634 823 ‚
670 794 706 819 ut
739 785 805 827 ipse
837 785 953 818 diserte
987 786 1043 818 ad-

47 822 171 865 scripsit
195 826 332 861 seorsum
356 850 365 866 ,
401 839 472 871 quae
497 830 648 862 morboso
671 827 777 871 hepati
806 840 870 862 non
893 830 938 861 ita
971 840 1043 862 raro

46 864 150 900 solent
172 873 310 904 exterius
333 870 484 905 inhaerere
508 896 516 902 -
552 873 695 906 Pluriurn
718 894 730 909 ‚
765 874 795 904 &
821 871 914 905 facile
937 871 1043 913 majo-

45 915 116 942 'rum
139 934 148 949 ,
183 923 199 944 a
223 913 281 945 seri
312 916 405 954 copia
429 914 652 949 dilfilientium
683 913 832 947 effectum
865 926 903 948 ex
936 915 1043 956 aliqua

45 951 154 1001 saltem
179 965 270 997 parte
294 955 386 991 fuiss'e
409 980 420 997 ‚
454 967 531 1004 puta
555 980 565 996 ,
597 969 667 991 eam
690 957 833 998 limpidae
866 968 956 998 aquae
987 969 1043 991 co-

44 1004 136 1071 piam
157 1008 228 1044 quae
252 1000 285 1032 in
310 1010 423 1034 ventre
446 1001 543 1035 estusa
567 1002 699 1034 inventa
722 1001 765 1034 est
788 1025 796 1033 .
829 1000 914 1034 Noli
939 1001 1042 1042 igitur

49 1037 135 1087 ‘asce
158 1040 295 1082 ejusdem
318 1053 440 1077 naturae
462 1044 585 1079 censere
600 1070 609 1085 ,
634 1044 725 1086 cujus
747 1053 835 1077 erant
869 1044 1043 1085 peculiares

43 1081 109 1114 111ae
142 1082 288 1119 veficulae
317 1109 330 1127 ‚
376 1085 528 1130 flavoque
569 1088 704 1122 humore
740 1088 839 1127 plenae
881 1098 959 1129 quas
1003 1098 1044 1121 ex

45 1124 205 1159 Valsalvae
239 1128 463 1163 observatione
496 1131 530 1163 in
563 1132 629 1164 III.
665 1130 811 1173 Epistola
843 1131 1043 1164 Anatomica

44 1168 97 1216 (a
119 1172 134 1208 )
155 1168 325 1213 descriptas
348 1174 462 1215 legeris
476 1197 484 1206 .
507 1174 570 1208 Eas
593 1183 697 1208 autem
722 1172 869 1208 historias
894 1198 904 1213 ,
927 1182 1044 1208 tamet-

44 1214 66 1244 Ii
93 1222 202 1246 omnes
225 1214 262 1248 ad
285 1215 411 1259 hepatis
434 1217 564 1250 morbos
590 1242 598 1257 ,
633 1217 780 1260 quaedam
816 1226 924 1251 autem
957 1215 996 1250 ad
1018 1218 1046 1250 i-

42 1253 127 1297 psius
150 1255 303 1292 abscessus
328 1261 510 1301 pertinent,
536 1272 599 1295 non
624 1260 677 1294 hic
701 1261 913 1294 interabimus
936 1283 946 1300 ‚
971 1271 1047 1302 pro-

43 1296 185 1349 positum
209 1300 369 1336 servantes
392 1304 533 1337 nostrum
557 1304 652 1345 longe
675 1303 848 1338 abhorrens
873 1304 911 1337 ab
934 1315 969 1337 ea
995 1305 1047 1336 in-

45 1352 137 1391 curia
159 1355 222 1386 qua
246 1346 280 1378 in
304 1345 354 1380 his
377 1346 575 1388 Sepulchreti
600 1348 696 1381 XVI.
721 1350 752 1381 &
782 1347 896 1381 XVII.
925 1348 1048 1380 8εᾶῐο-

45 1384 142 1435 nibus
163 1389 331 1430 complura
365 1391 507 1423 invenies
542 1392 679 1432 repetita
703 1418 709 1424 .
746 1392 795 1424 Ut
819 1391 903 1424 enim
936 1392 969 1423 in
993 1390 1049 1425 illa

43 1439 234 1478 omittamus
258 1432 388 1466 eandem
402 1432 458 1467 esse
469 1433 741 1468 Observationem
752 1435 826 1467 X11.
841 1446 873 1467 ac
885 1435 1020 1467 XVIII.
1033 1456 1043 1472 ‚

43 1481 79 1504 ln
115 1473 174 1507 hac
209 1485 295 1509 certe
326 1477 443 1511 eaedem
479 1477 551 1511 sunt
574 1486 645 1519 quae
678 1478 711 1509 in
736 1478 782 1511 II.
807 1476 1047 1511 Observatione

44 1519 75 1564 ‚5-
102 1525 149 1549 ιο.
172 1519 203 1550 &
225 1520 253 1559 §.
280 1530 331 1553 20.
356 1520 564 1561 indicantur,
586 1522 730 1561 itemque
753 1521 817 1553 IV.
842 1533 875 1555 ac
907 1532 977 1563 quae
1011 1522 1046 1552 in

44 1559 105 1593 XI.
131 1563 159 1595 §-
185 1570 218 1603 4.
244 1565 276 1595 &
299 1573 370 1605 quae
392 1565 426 1596 in
451 1564 602 1606 proximo
625 1568 654 1598 §.
680 1563 709 1595 8.
733 1575 767 1597 ac
790 1575 860 1606 quae
884 1565 917 1596 in
944 1564 989 1595 II.
1014 1565 1044 1603 §.

48 1611 124 1644 15.,
147 1606 179 1635 &
201 1606 234 1638 in
256 1605 366 1639 eadem
387 1607 446 1642 illa
472 1607 531 1639 XI.
555 1617 627 1648 quae
651 1611 680 1641 ς.
706 1617 734 1638 2.
772 1618 806 1640 ac
830 1618 900 1649 quae
924 1611 950 1642 §·
975 1608 1005 1637 6·
1031 1629 1042 1643 2

44 1657 84 1679 ne
116 1647 195 1688 quid
230 1648 268 1681 de
304 1646 415 1683 iisdem
449 1649 593 1682 dicamus
616 1660 686 1692 quae
710 1650 849 1683 totidem
885 1651 1046 1683 iterantur

44 1689 150 1738 verbis
175 1692 208 1724 in
232 1690 370 1725 Scholiis
395 1692 433 1726 ad
456 1693 552 1725 XVI.
591 1695 621 1725 &
654 1691 692 1725 ad
715 1694 851 1727 XVIII.
878 1693 1044 1726 Observa-

43 1741 171 1766 tionem
195 1758 202 1765 .
237 1734 310 1768 Nos
344 1745 449 1769 autem
485 1735 568 1769 nihil
593 1746 630 1768 ex
653 1736 691 1768 iis
724 1748 794 1778 quae
819 1748 894 1770 tunc
922 1736 1046 1777 scripsi-

43 1787 135 1813 mus,
161 1776 214 1812 hic
237 1787 433 1820 repetentes,
455 1780 519 1813 tria
541 1779 710 1813 dumtaxat
734 1780 772 1815 acl
795 1780 866 1815 illas
888 1780 1049 1816 valsalvae

46 1819 197 1854 historias
219 1821 429 1864 adjiciemus.

89 1863 120 1896 8,
137 1865 188 1914 'Et
211 1867 353 1907 primum
377 1866 417 1900 ad
438 1877 507 1900 earn
530 1877 603 1910 quae
626 1866 673 1900 ibi
696 1877 784 1901 uum.
809 1870 837 1901 8.
883 1867 1047 1911 proposita

43 1906 109 1947 est,
133 1908 214 1942 illud
237 1909 324 1951 quod
347 1922 387 1942 eo
411 1910 484 1943 loco
509 1909 627 1944 necesse
650 1921 715 1942 non
739 1920 827 1951 erat,
854 1910 967 1944 addere
990 1910 1045 1944 hic

42 1950 139 1983 decet
165 1962 174 1983 .·
202 1952 311 1986 'serum
342 1964 410 1995 quo
443 1961 558 1986 venter
592 1953 791 1988 redundabat
814 1979 823 1995 ‚
856 1953 1045 1988 nidorosum

41 1992 184 2043 halitum
207 1994 339 2030 emi-sisse
359 1995 428 2038 ejus
452 1995 591 2029 fimilem
613 1997 669 2039 qui
695 1995 774 2038 saepe
796 2009 837 2031 ex
857 1997 1047 2031 febricitan-

43 2038 133 2071 tibus
150 2063 158 2075 ‚
179 2048 236 2073 nec
261 2050 334 2072 raro
356 2040 453 2072 etiam
487 2051 528 2073 ex
563 2051 676 2073 eorum
710 2041 802 2074 urina
835 2042 1017 2084 percipitur
1038 2053 1046 2074 :

41 2082 111 2123 igni
135 2091 239 2115 autern
264 2083 455 2125 impositum
474 2108 483 2122 ‚
508 2084 600 2116 brevi
623 2095 662 2116 ex
686 2080 826 2126 limpido
849 2085 894 2117 ita
920 2083 1046 2118 fastum

41 2123 104 2158 effe
127 2126 318 2165 turbidum,
342 2135 378 2159 ut
402 2127 571 2160 vaccinum
595 2125 697 2159 serum
730 2137 795 2159 non
828 2128 913 2160 reEte
946 2127 1047 2168 depu-

41 2178 152 2202 ratum
177 2168 327 2201 referret:
354 2169 483 2202 tandem
507 2169 540 2201 vi
574 2170 690 2203 caloris
724 2172 831 2202 tot'um
876 2170 910 2201 in
956 2179 1047 2201 auras

44 2211 173 2246 abiisse.
200 2213 318 2254 Neque
341 2211 404 2245 hoc
427 2212 651 2245 omittendum
678 2212 719 2245 est
740 2234 749 2248 ,
778 2213 862 2245 circa
887 2211 1048 2245 lumbares

42 2256 211 2298 glandulas
232 2256 300 2288 leve
325 2255 353 2289 se
377 2255 548 2297 prodidisse
581 2255 744 2287 indicium
778 2254 926 2288 vasorum
959 2255 1048 2297 lym—

43 2299 252 2341 phaticorum
267 2322 275 2338 ‚
295 2309 369 2341 quae
394 2298 536 2331 multum
559 2308 647 2331 erant
672 2298 859 2331 exinanita.

89 2354 121 2382 9.
147 2342 199 2375 Ad
220 2353 290 2375 eam
317 2351 423 2375 autem
448 2352 545 2384 quam
578 2341 760 2383 proximam
795 2341 845 2374 illi
877 2340 1047 2376 historiam

40 2383 241 2427 subjecimus
264 2389 277 2425 (
300 2384 318 2417 b
341 2387 355 2424 )
380 2411 388 2422 ‚
421 2384 505 2418 nihil
528 2385 661 2427 quidem
704 2384 743 2417 ad
789 2382 855 2427 ejus
900 2385 1046 2426 comple-

37 2439 187 2463 mentum
211 2440 249 2462 ex
271 2428 429 2461 Valsalvae
463 2426 690 2461 observatione
726 2426 904 2462 addendum
939 2427 1048 2468 super-

35 2472 79 2506 est
102 2473 270 2515 postquam
292 2471 354 2504 hoc
378 2472 440 2504 tibi
475 2472 508 2503 in
543 2470 602 2504 alia
649 2470 794 2513 Epistola
842 2474 926 2510 (c)
971 2470 1047 2504 satis

33 2515 257 2557 descripsimus
282 2539 290 2547 .
338 2514 424 2548 Illud
447 2515 558 2556 potius
582 2526 598 2547 a
625 2525 674 2547 me
699 2513 829 2548 fortasse
865 2516 1009 2556 expeoms
1032 2536 1044 2552 ‚

36 2569 74 2593 ut
97 2560 254 2602 quoniam
278 2555 445 2596 vesiculae,
471 2559 504 2590 in
527 2569 562 2591 ea
585 2557 723 2591 historia
755 2557 957 2601 descriptae',
993 2559 1045 2590 in-

37 2611 87 2636 tra
113 2614 209 2636 unam
234 2602 430 2640 maximam,
454 2600 540 2644 quasi
565 2602 650 2634 intra
675 2602 872 2643 marsupium
896 2602 1047 2645 contine-

36 2647 177 2685 bantur,
202 2645 363 2679 Valsalvae
387 2645 424 2678 de
448 2646 488 2677 iis
510 2644 671 2686 judicium
694 2644 839 2679 adversus
862 2645 1048 2687 complures

41 2701 151 2728 tuear,
174 2701 314 2733 quorum
338 2689 478 2722 abannis
504 2688 678 2731 praesertim
703 2688 830 2732 aliquot
853 2690 962 2731 augeri
986 2699 1046 2721 nu-

42 2744 169 2768 merum
191 2733 286 2766 video
301 2758 308 2771 ‚
332 2732 553 2771 censentium,
577 2732 725 2765 veficulas
747 2731 876 2773 cysticis
907 2732 1047 2765 tumori-

41 2779 123 2818 bus,
147 2777 204 2820 qui
227 2779 261 2809 in
284 2776 427 2818 jecinore
446 2800 455 2815 ,
479 2774 613 2816 aliisque
657 2775 835 2809 visceribus
879 2775 1046 2808 interdum

43 2829 241 2858 occurrunt,
267 2817 532 2860 comprehensas,
558 2818 649 2851 nullo
673 2819 771 2852 modo
795 2818 833 2852 ad
868 2817 1045 2860 amplifica-

42 2874 96 2899 tos
120 2861 323 2907 glandulosos
346 2858 508 2896 folliculos
532 2863 688 2895 attinere.
714 2861 804 2895 Mihi
838 2874 914 2896 vero
944 2872 1046 2904 neque

44 2909 149 2952 placet
160 2921 174 2945 ,f
196 2918 298 2949 neque
321 2905 437 2939 necesse
461 2905 502 2938 est
526 2907 560 2938 in
590 2916 664 2938 eum
698 2906 796 2938 relabi
831 2905 1010 2939 sermonem
1033 2914 1046 2942 5

43 2951 175 2994 quando
199 2948 359 2984 Valsalvae
383 2948 539 2991 judicium
564 2960 626 2982 non
652 2961 686 2981 ea
709 2948 879 2982 dumtaxat
890 2948 1046 2987 historia,

44 3007 104 3030 nec
128 2995 403 3037 qualiumcunque
427 2992 636 3026 vesicularum
660 2992 886 3026 observatione
918 2992 1046 3025 niteba-

42 3047 115 3073 tur.
140 3037 261 3072 Videre
284 3038 382 3069 etiam
405 3045 518 3078 potes,
543 3045 578 3069 ut
602 3035 835 3075 Vallisnerius,
869 3037 926 3077 qui
961 3035 1046 3078 pari-

42 3092 94 3116 ter
115 3081 171 3115 diu
196 3090 269 3114 ante
292 3080 365 3112 illos
391 3078 524 3119 vesicas,
546 3079 689 3113 vesiculis
713 3079 784 3112 aliis
808 3077 903 3113 faetas
923 3102 932 3116 ,
964 3089 1043 3112 con-

44 3128 170 3171 spexit,
194 3126 228 3157 in
251 3136 288 3157 eo
311 3121 382 3165 ipso
406 3123 532 3165 Scripto
554 3123 642 3165 quod
668 3133 745 3156 tunc
776 3123 945 3160 indicavi,
979 3132 1044 3155 non

45 3169 198 3206 vesiculas
221 3166 455 3210 qualescunque
479 3178 536 3208 pro
558 3166 752 3208 glandulosis
775 3165 933 3200 folliculis
966 3165 1046 3198 dila-

42 3217 122 3250 tatis
144 3213 323 3255 acceperit.
350 3209 420 3242 Nec
444 3220 519 3242 vero
541 3210 575 3241 in
600 3209 726 3253 cysticis
755 3208 924 3243 dumtaxat
957 3207 1047 3250 jeco-

43 3261 89 3294 ris
112 3255 297 3292 tumoribus
320 3252 471 3286 vesiculas
493 3251 642 3286 Valsalva
666 3251 828 3294 offendit‚·
849 3264 990 3294 namque
1012 3252 1047 3285 in

44 3315 81 3338 ea
105 3310 190 3335 certe
205 3326 214 3340 ,
237 3309 335 3342 quam
359 3295 421 3329 tibi
445 3295 541 3338 paulo
565 3306 638 3330 ante
670 3296 831 3339 complevi
857 3323 865 3334 ,
908 3294 1042 3330 historia

44 3347 143 3389 hepar
164 3352 274 3377 totum
296 3352 337 3375 ex
358 3338 505 3373 veficulis
527 3341 732 3383 compactum
756 3338 1006 3381 deprehenderat
1031 3350 1042 3371 .·

42 3399 229 3435 quanquatn
252 3396 290 3419 ne
314 3387 348 3419 in
370 3382 443 3425 ipfis
465 3381 594 3425 quidem
618 3383 745 3426 cysticis
766 3381 908 3425 ejusdem
940 3381 1039 3415 visce-

41 3436 88 3468 ris
111 3430 293 3467 tumoribus
315 3438 405 3463 extra
442 3436 571 3459 omnem
616 3427 853 3461 dubitationem
900 3425 1044 3471 pofiturn

43 3478 106 3515 est,
131 3475 170 3510 ad
194 3472 397 3517 glandulosos
419 3467 582 3504 folliculos
605 3471 694 3503 nullo
717 3469 815 3503 modo
825 3474 961 3504 attinere
974 3469 1044 3511 pos-

41 3521 74 3556 se
96 3517 258 3555 conclusas
281 3513 451 3552 vesiculas.
477 3512 568 3550 Quid
591 3516 698 3551 enirn,
725 3514 749 3546 fi
771 3511 885 3547 harum
908 3523 972 3548 non
983 3511 1050 3547 dis-

126 3561 290 3605 Morgagni
302 3560 336 3594 de
350 3557 417 3592 Sed.
432 3555 473 3589 Θ
484 3555 568 3599 Caus.
579 3555 681 3591 Morb.
697 3557 795 3589 Tom.
810 3559 856 3591 II.

1961 234 2022 293 65

1094 309 1212 345 similes
1232 309 1405 352 aliquando
1427 311 1551 344 externi
1575 308 1687 351 cystici
1710 317 1853 343 tumores
1863 308 2065 343 ostenderunt
2080 309 2096 341 ἔ

1096 355 1188 388 Num
1211 355 1287 395 quia
1312 363 1416 394 partes
1439 364 1575 386 externae
1601 351 1693 392 sunt,
1725 353 1851 386 idcirco
1897 351 2092 395 glandulosis

1096 404 1205 430 carent
1230 394 1410 429 folliculis?
1434 397 1492 430 Sed
1516 399 1622 432 enim,
1647 405 1682 428 ut
1704 395 1801 436 dixi,
1824 397 1874 430 his
1908 396 1985 428 nolo
2032 395 2093 427 ite-

1095 451 1168 475 rum
1191 438 1468 481 disputationibus
1491 439 1680 472 immorari.

1138 494 1187 516 10.
1212 480 1341 515 Praestat
1364 491 1398 515 ut
1424 483 1456 515 in
1484 484 1598 515 ultima
1622 493 1659 515 ex
1681 481 1746 515 illis
1768 481 1928 515 Valsalvae
1951 479 2094 514 historiis

1091 527 1147 570 (d
1169 529 1180 564 )
1203 525 1237 559 id
1258 536 1391 567 quoque
1414 525 1614 559 attendamus
1636 524 1724 567 quod
1748 525 1781 558 in
1826 537 1860 558 ea
1893 522 2095 566 Malpighius

1093 569 1209 602 diserte
1233 568 1405 607 laudabat,
1428 569 1579 602 bilarium
1613 568 1762 601 videlicet
1795 567 1929 601 duetum
1966 566 2096 608 ingenti

1094 612 1226 645 orificio
1248 623 1322 644 cum
1345 610 1482 644 abscessu
1507 611 1630 652 hepatis
1653 613 1948 645 communicantem
1973 633 1984 650 ,
2017 610 2095 642 reli-

1094 667 1158 698 qua
1180 665 1286 689 autem
1311 664 1380 688 tota
1403 664 1492 697 parte
1515 655 1710 693 dilatatum,
1734 662 1770 687 ut
1794 652 1960 687 manifesto
1995 663 2094 694 appa-

1094 707 1178 731 reret
1201 699 1368 740 quomodo
1391 697 1544 731 vesiculas
1568 709 1607 730 ex
1630 696 1768 730 abscessu
1792 698 1944 738 potuisset
1969 698 2098 736 excip..-

1093 752 1149 780 re,
1171 744 1202 775 δι
1223 743 1255 773 in
1279 741 1476 776 Duodenum
1500 741 1685 774 intestinum
1709 738 1893 773 traducere.
1921 740 1999 780 Qo
2034 740 2098 771 mi-

1095 795 1153 818 nus
1175 784 1388 818 dubitandum
1413 784 1479 825 est,
1500 786 1579 827 quin
1606 783 1718 826 saepius
1743 795 1797 825 per
1817 781 1964 816 corrosos
1989 791 2099 814 ramos

1094 828 1300 869 sanguinem,
1323 830 1353 860 δι
1379 839 1436 869 pus
1456 852 1465 867 ‚
1498 839 1536 861 ex
1581 826 1703 868 hepatis
1749 827 1883 860 vomicis
1927 834 2099 866 exceptum

1097 870 1282 905 transvehat
1306 871 1343 904 ad
1367 870 1518 905 intestina
1534 895 1542 910 ,
1565 868 1854 915 quemadmodum·
1874 868 1965 911 supra
2011 867 2059 910 (e
2079 866 2105 909 ),

1094 923 1386 948 commemoratum
1409 914 1470 953 est,
1494 917 1525 947 &
1557 914 1667 947 bilarii
1700 913 1813 947 duetus
1843 911 1925 954 justo
1959 911 2104 953 amplio-

1094 968 1144 990 res
1167 980 1180 997 ‚
1212 956 1357 990 osculum
1380 968 1458 990 vero
1482 968 1537 999 per
1560 956 1647 998 quod
1670 956 1745 990 bilis
1769 958 1801 990 in
1824 955 2024 990 Duodenum
2050 955 2103 986 in-

1093 1000 1200 1039 fluit,
1224 1002 1354 1033 minimi
1378 1000 1476 1042 digiti
1500 999 1591 1034 facile
1614 1011 1717 1041 capax
1740 1024 1748 1038 ‚
1777 1000 1945 1034 evidenter
1980 995 2104 1039 confir-

1094 1052 1227 1077 marunt
1251 1045 1286 1076 in
1309 1043 1447 1086 quadam
1472 1044 1576 1086 puella
1600 1041 1680 1085 (f)
1704 1054 1775 1085 quae
1799 1054 1874 1076 cum
1900 1053 1955 1083 per
1991 1042 2103 1075 alvum

1095 1087 1202 1129 plures
1226 1086 1325 1119 libras
1349 1087 1437 1128 puris
1462 1097 1517 1127 per
1540 1088 1623 1119 vices
1646 1084 1853 1121 excrevisset,
1880 1096 1938 1126 pus
1959 1085 1994 1117 in
2027 1084 2107 1127 plu-0,

1096 1130 1187 1164 ribus
1210 1129 1334 1170 hepatis
1358 1129 1544 1163 absceffibus
1559 1154 1568 1168 ‚
1591 1131 1624 1161 in
1648 1129 1750 1171 iisque
1773 1127 1944 1165 ductibus,
1991 1130 2021 1160 &
2068 1127 2105 1158 in

1097 1174 1158 1207 illo
1181 1173 1334 1206 intestino
1357 1173 1499 1206 multum
1523 1172 1639 1206 habuit
1657 1196 1664 1203 .
1701 1172 1786 1213 Qae
1818 1182 1892 1204 cum
1925 1171 1972 1203 ita
2006 1169 2069 1203 sint
2091 1190 2103 1205 ι

1098 1218 1211 1259 reique
1234 1215 1412 1249 consimilis
1437 1215 1667 1250 manifestum,
1693 1216 1724 1248 δι
1747 1214 1892 1248 crebrius
1914 1215 1948 1246 in
1974 1213 2106 1246 renibus

1099 1259 1257 1295 habeatur
1279 1261 1484 1302 exemplum,
1508 1259 1590 1292 unde
1614 1267 1751 1293 ureteres
1775 1269 1857 1301 pus,
1901 1260 1932 1290 &
1977 1256 2109 1299 sangui-

1100 1315 1174 1337 nem
1196 1301 1391 1336 transferunt
1417 1303 1454 1337 ad
1477 1303 1639 1342 vesicam5
1664 1303 1773 1335 mirari
1798 1300 1884 1334 subit
1906 1322 1915 1337 ,
1950 1297 2110 1333 1)οᾶὶῶ-

1100 1358 1173 1380 mos
1198 1355 1306 1379 tamen
1329 1346 1429 1380 Viros
1452 1346 1617 1381 interdum
1641 1346 1739 1388 usque
1772 1345 1849 1378 adeo
1885 1342 1988 1376 videri
2019 1342 2109 1376 obli-

1101 1391 1318 1432 cospatentis
1340 1389 1428 1423 illius
1453 1401 1491 1423 ex
1516 1389 1633 1432 hepate
1658 1390 1740 1425 viae.
1765 1396 1799 1421 ut
1824 1387 1882 1421 alii
1907 1397 2007 1433 ‘venas
2040 1397 2111 1431 me-

1100 1433 1296 1470 sentericas,
1320 1432 1406 1475 quasi
1430 1432 1479 1467 hae
1503 1444 1569 1467 non
1592 1433 1631 1466 ab
1655 1432 1816 1466 intestinis
1842 1430 1878 1464 ad
1903 1441 1990 1472 jecur
2009 1453 2022 1470 ‚
2055 1427 2114 1463 sed.

1099 1478 1141 1511 ab
1183 1476 1291 1518 jecore
1334 1475 1373 1510 ad
1396 1477 1544 1510 intestina
1569 1475 1720 1510 humores
1742 1474 1978 1510 conveherent,
2011 1483 2115 1515 puru-

1098 1520 1204 1554 ‚lentas
1228 1518 1399 1552 diarrhoeas
1413 1518 1493 1562 saepe
1511 1518 1608 1563 fieri,
1644 1527 1737 1561 atque
1780 1517 1881 1560 ipsum
1925 1523 2113 1557 corruptum.

1099 1562 1196 1605 hepar
1218 1563 1331 1605 egeri,
1348 1563 1508 1600 doceant3
1534 1563 1589 1595 alii
1613 1571 1721 1595 autem
1745 1560 1926 1601 intelligere
1950 1558 1979 1591 se
2003 1557 2113 1600 poffe,

1098 1615 1217 1649 negent
1232 1630 1241 1645 ,
1263 1606 1433 1648 quomodo
1458 1604 1557 1639 illaeso
1580 1606 1765 1638 ventriculo
1790 1603 1974 1644 sanguinem
1999 1613 2114 1634 vome-

1098 1661 1155 1690 re,
1180 1653 1210 1683 &
1233 1648 1368 1691 dejicere
1392 1647 1546 1691 potuisset
1571 1650 1596 1682 is
1619 1649 1652 1681 in
1676 1646 1768 1690 cujus
1791 1646 2114 1689 singulislongeam-

1099 1692 1239 1737 plificati
1261 1692 1415 1734 jecinoris
1438 1691 1522 1725 lobis
1547 1690 1668 1733 singula
1695 1701 1810 1734 magna
1835 1689 2027 1732 apostemata
2060 1691 2115 1722 in·-

1101 1746 1198 1770 venta
1222 1735 1313 1769 fuisse
1332 1759 1342 1774 ,
1378 1747 1442 1769 non
1489 1737 1640 1777 ignorent
1662 1760 1672 1768 .
1803 1734 1932 1768 Verum
1979 1733 2019 1766 ad
2062 1743 2115 1765 eas

1103 1792 1184 1823 quas
1227 1779 1366 1813 necdum
1411 1777 1601 1818 edidimus,
1648 1778 1809 1812 Valsalvae
1854 1777 2112 1810 Observationes

1074 1842 1079 1845 -
1102 1823 1293 1860 redeuntes,
1316 1823 1440 1857 duabus
1467 1844 1477 1860 ,
1509 1832 1586 1864 quas
1611 1820 1703 1863 supra
1727 1818 1970 1862 descripfimus,
1994 1819 2033 1853 ad
2056 1818 2113 1854 he-

1105 1878 1165 1910 par
1189 1866 1426 1907 att-inentibus,
1449 1864 1588 1901 totidem
1612 1865 1652 1900 ad
1675 1865 1793 1900 lienem
1817 1863 1992 1909 speetantes
2014 1862 2113 1900 adda-

1098 1921 1170 1946 mus
1190 1937 1200 1945 .

1146 1964 1196 1987 11.
1217 1954 1425 1997 JUVENIS
1450 1965 1608 1989 annorum
1630 1955 1760 1990 circiter
1783 1954 1904 1997 viginti
1927 1979 1938 1996 ,
1962 1952 2049 2001 quod
2073 1964 2112 1992 ex

1099 1999 1212 2032 nativa
1236 2001 1384 2040 corporis
1409 1997 1594 2033 salubritate
1619 2000 1872 2033 valetudinarius
1895 2000 1961 2043 jam
1982 2001 2069 2044 quasi
2093 2013 2113 2035 a

1101 2042 1237 2076 biennio
1260 2041 1330 2074 fieri
1355 2042 1502 2084 coepisset
1517 2065 1526 2079 ‚
1547 2042 1672 2077 causam
1697 2043 1864 2085 rejiciebat
1887 2056 1961 2079 cum
1985 2047 2018 2077 in
2054 2055 2116 2078 ve*

1101 2087 1296 2124 nationem,
1320 2083 1549 2126 saltationem,
1572 2087 1699 2130 aliaque
1725 2085 1884 2129 ejusmodi
1907 2089 2026 2132 quibus
2059 2089 2114 2123 ina

1101 2127 1243 2162 dulserat
1267 2128 1466 2170 plurimum,
1488 2139 1559 2163 tum
1583 2132 1616 2163 in
1642 2132 1810 2173 proprium
1833 2132 2037 2173 artificium,-
2067 2134 2118 2167 li·-

1102 2181 1182 2205 num
1206 2172 1293 2204 enim
1316 2173 1518 2206 carminabat
1533 2197 1540 2205 .
1566 2173 1706 2208 Pallidus
1731 2185 1838 2208 autem
1864 2173 1966 2210 faetus
2010 2187 2075 2210 erat
2099 2202 2111 2219 ,

1100 2217 1134 2248 &
1158 2213 1522 2256 hypochondriacorum
1545 2227 1633 2250 more
1656 2243 1665 2257 ,
1694 2217 1733 2251 de
1777 2218 1904 2252 levibus
1950 2223 2073 2254 ventris
2095 2243 2110 2262 s

1100 2256 1307 2300 thoracisque
1331 2253 1556 2293 affetffionibus
1579 2260 1757 2294 identidem
1778 2262 1992 2303 querebatur.
2017 2265 2113 2297 Tan-

1099 2302 1174 2335 dem
1196 2300 1300 2334 aestate
1324 2302 1365 2333 A.
1394 2302 1483 2336 1688.
1511 2313 1663 2345 magnus,
1694 2304 1857 2348 durusque
1902 2308 1936 2340 in
1985 2307 2113 2342 sinistro

1100 2342 1354 2387 hypochondrio
1378 2343 1407 2378 se
1431 2344 1459 2379 se
1483 2346 1628 2388 prodidit
1652 2356 1762 2380 tumor
1786 2374 1796 2388 ,
1840 2360 1914 2383 cum
1960 2352 2112 2393 ponderis

1099 2387 1212 2423 sensu,
1235 2386 1423 2431 difficilique
1457 2390 1543 2423 inter
1589 2389 1819 2425 ambulandum
1862 2392 2075 2435 respiratione
2099 2421 2114 2430 .

1100 2431 1166 2464 His
1190 2440 1320 2472 repente
1340 2430 1466 2477 „acceffit
1489 2433 1595 2474 largus
1619 2432 1781 2477 sanguinis
1795 2438 1939 2470 vomitus
1951 2449 2025 2471 cum
2040 2450 2112 2473 ma.-

1101 2485 1165 2516 gna
1189 2475 1309 2507 virium
1334 2475 1480 2515 Jastura,
1504 2479 1643 2510 tumoris
1666 2480 1893 2517 incremento,
1919 2482 1950 2513 &
1983 2479 2073 2515 febre
2096 2507 2110 2518 ,Α

1099 2516 1335 2568 ξὶεῐῃεάἱοτιιῐη
1358 2529 1420 2567 ope
1444 2519 1555 2560 primis
1578 2520 1691 2554 diebus
1715 2533 1732 2554 a
1756 2523 1907 2562 vomitu,
1922 2525 2045 2558 >deinde
2058 2535 2110 2559 et·-

1100 2572 1166 2594 iam
1191 2572 1206 2592 a
1232 2559 1321 2594 febre
1343 2560 1520 2599 liberatus,
1543 2574 1616 2597 cum
1641 2575 1695 2605 per
1717 2574 1781 2598 tres
1805 2566 1926 2600 menses
1937 2571 2107 2610 proximos

1098 2603 1296 2645 chalybeatis
1311 2603 1391 2651 'usus
1415 2604 1511 2645 esset,
1533 2608 1672 2640 tumoris
1695 2619 1825 2651 quoque
1846 2606 1982 2657 djcsrities
2005 2611 2116 2646 subla-'

1100 2656 1133 2681 ta
1180 2647 1255 2680 est:
1289 2646 1427 2689 ejusdem
1461 2657 1569 2683 tamen
1603 2651 1795 2694 magnitudo
1829 2652 1966 2695 perstitit
1988 2678 2000 2695 ‚
2033 2668 2114 2692 cunt

1099 2690 1242 2734 pallido,
1264 2692 1295 2723 δι
1320 2690 1407 2733 quafi
1430 2693 1552 2726 citrino
1573 2691 1668 2727 faciei
1691 2695 1821 2729 colore.
1947 2698 2113 2742 januario

1099 2743 1206 2768 autem
1229 2733 1333 2768 mense
1358 2734 1406 2768 bis
1429 2744 1516 2770 terve
1539 2736 1689 2771 redeunte
1711 2738 1872 2780 sanguinis
1895 2743 2046 2782 vomitu,
2070 2747 2110 2777 in

1102 2777 1325 2811 vehementem
1349 2777 1466 2812 incidit
1490 2780 1612 2814 febrem
1633 2792 1706 2814 cum
1731 2781 1825 2822 pulsu
1849 2783 1963 2821 celeri,
1985 2784 2068 2819 duro
2092 2810 2106 2824 ,

1100 2832 1137 2854 ac
1162 2832 1285 2863 parvo,
1311 2822 1477 2865 utriusque
1500 2822 1745 2864 hypochondrii
1769 2824 1903 2862 dolore,
1937 2828 2115 2871 pondere-‚³

1100 2864 1265 2904 tensione,
1297 2864 1413 2907 sitique
1437 2865 1710 2909 inextinguibili.
1736 2866 1948 2903 Placidiffimo
1992 2880 2105 2908 tamen

1098 2907 1193 2942 obitu
1217 2907 1359 2941 sublatus
1381 2908 1423 2941 est
1447 2919 1554 2945 nono,
1579 2921 1616 2942 an
1652 2909 1825 2944 undecimo
1871 2910 1974 2948 febris
2015 2917 2068 2950 die
2092 2939 2108 2952 a

1227 2951 1493 2984 CADAVERE
1535 2952 1669 2986 dissefio
1694 2977 1707 2994 ‚
1750 2957 1870 2988 mirum
1893 2954 1979 2996 fuit,
2001 2971 2103 3001 quam

1099 2994 1225 3028 modica
1249 2996 1284 3026 in
1309 2992 1385 3027 vasis
1408 2994 1558 3028 omnibus
1582 2995 1742 3038 sanguinis
1765 2999 1873 3039 portio
1906 2999 2076 3042 superesset
2091 3028 2106 3037 ω

1099 3040 1214 3081 Itaque
1236 3038 1372 3070 Ventris
1396 3037 1517 3071 viscera
1540 3039 1665 3073 insueto
1712 3041 1831 3078 allore,
1853 3044 1885 3075 &
1907 3046 1999 3086 quasi
2023 3041 2107 3081 can..¹

1097 3082 1177 3116 dore
1202 3080 1240 3114 ad
1265 3079 1295 3113 se
1317 3080 1429 3114 oculos
1454 3081 1656 3120 alliciebant;
1682 3052 1708 3117 si
1737 3085 1875 3127 splenem
1908 3089 2068 3130 exciperes
2088 3116 2100 3132 ,

1098 3126 1157 3168 qui
1180 3123 1357 3157 naturalem
1389 3121 1533 3158 servabat
1564 3126 1740 3166 colorem3
1774 3127 1825 3162 sed
1871 3130 1978 3164 aufitus
2023 3134 2104 3169 adeo

1099 3177 1192 3204 erat,
1219 3177 1254 3201 ut
1276 3166 1375 3208 hepar
1409 3168 1493 3202 mole
1523 3168 1685 3211 superaret
1705 3194 1715 3209 ‚
1752 3171 1966 3214 penderetque
1999 3174 2099 3210 libras

1098 3221 1240 3254 quatuor
1263 3220 1338 3243 curn
1361 3209 1482 3245 semisse
1497 3237 1505 3245 .
1529 3213 1601 3246 Nec
1623 3223 1690 3248 erat
1716 3225 1809 3257 aequo
1843 3215 1956 3249 durior
1983 3242 1992 3257 ‚
2036 3219 2099 3254 nisi

1097 3255 1187 3297 quod
1211 3253 1250 3288 ad
1272 3264 1448 3288 convexam
1472 3254 1588 3291 faciem
1613 3267 1678 3291 uno
1701 3266 1756 3290 aut
1780 3258 1883 3291 altero
1905 3260 1939 3291 in
1962 3260 2036 3294 loco
2049 3262 2100 3296 so-

1093 3296 1247 3332 lidiorem
1271 3297 1334 3329 alte
1364 3298 1557 3333 recondebat
1592 3300 1800 3334 substantiam
1839 3300 1972 3343 majoris
2007 3308 2099 3340 nucis

1093 3341 1317 3384 magnitudine
1337 3364 1344 3373 .
1378 3342 1415 3374 In
1439 3342 1593 3383 Splenicae
1639 3354 1725 3377 venae
1773 3353 1889 3377 trunco
1932 3348 2099 3391 polyposae

1094 3385 1314 3418 concretiones
1358 3384 1501 3419 latebant
1524 3407 1534 3423 ‚
1577 3398 1648 3428 quae
1692 3397 1767 3420 curn
1810 3387 1879 3430 ejus
1913 3400 1998 3424 venae
2046 3404 2101 3427 ra-

1097 3429 1158 3460 mis
1204 3427 1340 3469 perbelle
1386 3426 1415 3461 se
1458 3428 1510 3462 vel
1553 3430 1638 3463 intra
1684 3429 1824 3471 splenem
1869 3431 2061 3469 dividebant
2086 3462 2099 3471 .

1100 3471 1212 3513 Hepar
1257 3470 1349 3504 valde
1380 3471 1536 3513 pallidum
1558 3495 1567 3511 ‚
1600 3472 1704 3506 rubris
1735 3473 1903 3507 dumtaxat
1935 3476 1988 3510 hic
2024 3480 2097 3514 illic

1100 3514 1237 3549 maculis
1268 3512 1523 3557 distinguebatur
1545 3540 1554 3550 .
1587 3516 1682 3550 Fellis
1719 3515 1856 3552 vesicula
1888 3517 2003 3560 hepate
2026 3523 2096 3566 pal-

1642 3559 1659 3592 Ῑ
1923 3563 2023 3598 lidior
2035 3589 2046 3605 ,

50 3662 2095 3684 ffl—ffl--m———m

97 3750 140 3780 (j
154 3750 169 3778 3
184 3757 221 3777 ⁴4·
239 3749 261 3772 ει
277 3755 313 3778 45.
330 3748 354 3771 S.
371 3754 394 3774 7.
455 3745 500 3775 (z
514 3744 528 3773 )
544 3743 604 3772 Eph.
621 3746 655 3768 N.
672 3745 700 3769 C.
715 3743 773 3766 Dee.
791 3749 813 3771 3.
830 3744 859 3767 Α.
878 3751 902 3773 ς.
918 3742 979 3770 0bs.
991 3749 1032 3770 ²2:

100 3780 136 3809 (ε
151 3780 165 3809 )
181 3788 207 3805 n.
224 3781 248 3804 6.
309 3775 374 3807 (f)
392 3775 453 3805 Eph.
471 3777 503 3800 N.
520 3777 549 3801 c.
567 3777 625 3800 Dec.
642 3783 664 3805 3.
681 3777 712 3800 A.
729 3780 752 3804 4.
770 3773 829 3801 Obs.
844 3781 884 3805 73.

1091 3744 1332 3774 (a2n.8-9·10·

1389 3742 1428 3775 (fi
1452 3741 1546 3775 )n.9.
1608 3744 1862 3779 (c)xx1.n,53.
1925 3751 2034 3783 (ἅμ,
2054 3761 2092 3779 10,
