2498 4075
331 173 488 241 Epist.
527 175 937 227 Anat..Medica
970 171 1235 225 XXXIV.-
1272 171 1393 222 Art.
1422 170 1496 224 16.
1525 173 1581 225 &
1613 187 1688 233 17.

78 253 290 291 recenserem,
314 252 440 295 gavisus
462 253 531 287 sum
564 252 645 286 hanc
670 251 940 285 Observationem
973 250 1070 284 raris-

76 299 186 333 simam
208 295 360 340 quidem,
386 296 437 330 sed
461 307 525 329 non
551 298 677 329 unicam
697 319 706 333 ,
728 307 745 328 a
768 306 817 328 me
840 294 929 337 supra
951 294 1072 328 diffiam

79 340 192 375 fuisse.
218 340 309 373 Nam
334 340 460 372 tandem
484 341 568 372 inter
592 348 643 372 tot
667 338 741 372 illas
764 363 773 377 ,
796 342 827 371 ὅ(
849 347 915 372 tam
939 340 1041 371 varias
1063 358 1073 373 ‚

78 395 156 425 quas
188 394 262 417 cum
287 383 487 425 Praeceptore
520 380 750 416 Caffebohmio
782 381 907 416 habitas
929 405 940 421 ,
972 379 1075 414 edidit

78 428 131 460 Cl.
151 427 206 471 Jo.
231 424 400 468 Zacharias
424 424 556 458 Petsche
577 425 669 467 (x),
691 425 724 457 in
734 424 894 468 quandam
917 423 1018 458 incidi
1032 423 1077 456 al-

79 470 180 503 terius
203 468 371 509 foeminae,
394 469 485 509 cujus
507 468 622 501 arteria
641 467 833 509 pulmonalis
855 476 986 509 quatuor
1005 464 1075 499 val-

78 512 172 545 malas
193 511 345 551 habebat,
368 522 473 553 nempe
495 518 560 543 tres
581 512 731 552 majores,
754 518 898 553 quartam
919 520 994 543 vero
1014 509 1073 542 mi-

78 566 199 589 norem.
223 555 304 596 EJ‘us
328 556 466 588 Aortam
488 553 631 586 soeminae
653 553 733 586 duos
757 577 765 591 ‚
792 553 878 587 haud
901 553 1039 594 amplius
1060 574 1073 591 ‚

77 608 184 631 ramos
208 598 330 631 sursum
355 595 490 636 misisse,
513 597 648 638 legimus
669 610 678 633 ;
711 596 759 630 sed
784 606 865 638 quot
890 607 988 630 annos
1010 620 1020 636 ,
1043 597 1075 627 &

77 651 156 674 num
181 641 250 674 sana
276 641 414 678 vixerit,
437 641 467 672 &
491 651 557 681 quo
579 651 617 673 ex
641 641 756 673 morbo
783 640 948 674 decesserit
969 662 982 680 ‚
1010 648 1076 671 non

76 682 119 717 est
145 685 312 718 additum.

125 730 177 760 16.
198 727 298 761 Nunc
322 736 388 759 rem
412 724 490 758 alibi
515 737 611 767 quam
637 727 670 758 in
694 727 808 764 corde,
831 726 1013 759 ubinatura
1036 723 1074 757 fi-

77 770 112 804 bi
137 772 214 804 adeo
235 769 377 803 constare
400 769 503 806 solet,
524 779 589 801 non
614 780 804 812 magnopere
827 768 1052 803 attendendam
1066 789 1076 805 ,

78 815 281 856 relinquens,
308 811 346 845 ad
370 811 516 845 herniam
539 811 632 846 redeo
642 824 773 855 parvam
797 812 950 854 quidem,
973 811 1079 845 sedle-

78 857 200 891 thalem
215 881 223 888 .
248 858 289 888 Et
314 856 388 888 sane
410 866 533 897 quanto
557 856 597 888 ab
620 856 713 898 aegris
734 856 779 889 ob
803 856 997 898 parvitatem
1011 865 1078 887 ma·-

77 902 127 943 gis
151 900 269 933 herniae
293 899 522 941 negliguntur,
546 908 637 933 tanto
659 899 739 941 saepe
762 898 845 932 fiunt
867 898 999 933 demum
1024 909 1078 939 pe-

77 942 303 981 riculosiores,
327 951 362 975 ut
386 941 442 974 illa
465 940 529 974 fuit
539 942 632 984 cujus
654 941 794 975 sacculus
813 942 870 975 vix
890 941 1076 976 extremita-

77 995 141 1020 tem
164 985 258 1028 digiti
280 983 393 1018 indicis
414 984 582 1026 recipiebat
603 986 672 1027 (y)
693 1009 701 1018 .
723 985 812 1018 Cum
838 985 964 1018 saeculo
987 984 1075 1016 enim

75 1030 194 1070 exiguo
216 1027 343 1061 facilius
367 1029 615 1069 conglutinatur
633 1050 643 1065 ‚
676 1027 855 1070 arffiusque
877 1029 911 1060 in
934 1039 975 1060 eo
996 1036 1074 1059 con-

73 1072 244 1113 stringitur
264 1072 452 1104 intestinum
476 1097 482 1103 .
507 1072 643 1105 Accedit
665 1071 710 1105 ob
732 1072 908 1113 negleetam
931 1072 1075 1113 parvita-

74 1124 158 1151 tem,
188 1125 349 1157 :egrorurn
371 1114 531 1147 filentiurn
555 1124 632 1148 tunc
655 1116 754 1148 etiam
777 1125 851 1148 cum
874 1114 995 1147 ventris
1017 1113 1076 1146 do-

73 1158 198 1192 loribus
221 1158 368 1200 torqueri
391 1158 553 1197 incipiunt
575 1171 586 1196 3
618 1166 654 1191 ut
679 1157 759 1192 scite
782 1158 852 1192 Cel.
877 1155 1076 1191 Werlhofius

72 1203 93 1245 (
108 1213 135 1244 -z
159 1205 168 1239 )
194 1201 352 1234 medentes
376 1200 568 1242 admoneat,
591 1212 627 1234 ne
646 1202 894 1242 praetermittant
914 1201 946 1234 in
969 1199 1076 1233 colicis

71 1243 308 1287 pathematibus
334 1243 488 1286 inquirere
510 1245 542 1277 in
566 1243 689 1278 hernias
712 1267 723 1283 ,
756 1254 820 1286 quae
836 1244 913 1286 saepe
936 1242 988 1277 vel
1008 1244 1075 1276 exi-

69 1298 138 1330 guae
153 1286 250 1329 sunt,
275 1288 318 1321 &⁰
340 1286 378 1320 ab
401 1288 525 1329 aegrotis
546 1286 668 1330 insuper
690 1286 841 1321 habentur
858 1310 867 1325 ‚
892 1286 943 1320 vel
960 1288 1076 1328 pudore

71 1331 287 1368 occultantur;
310 1332 342 1363 δι
362 1329 422 1363 fibi
444 1340 548 1370 certe,
571 1331 868 1373 quamvisiterurn‚
893 1332 1075 1370 iterumque

72 1375 275 1416 inquirenti,
300 1371 447 1407 accidisse
471 1384 535 1406 nou
558 1372 797 1411 semel‚'refert
817 1399 827 1414 ,
860 1382 895 1408 ut
916 1374 949 1407 id
973 1383 1075 1415 aegro—

72 1427 178 1451 tantes
202 1417 241 1451 ad
275 1427 454 1451 extremum
478 1416 542 1449 fere
577 1416 676 1460 usque
707 1416 950 1451 inficiarentur.
985 1414 1074 1448 Mihi

71 1471 149 1494 vero
174 1462 207 1494 in
231 1472 320 1503 aeque
344 1462 423 1502 pio,
446 1472 481 1493 ac
504 1460 630 1501 nobili,
652 1461 965 1504 doetoqueJuvene‚
989 1470 1073 1491 nunc

71 1513 183 1538 autem
218 1504 423 1546 Ampliffimo
458 1504 537 1536 Viro
561 1503 678 1537 accidit
701 1527 713 1543 ,
745 1513 781 1538 ut
803 1515 878 1538 curn
912 1516 929 1536 a
952 1504 1075 1536 caeteris

69 1547 230 1587 Medicis,
254 1550 285 1580 δι
309 1560 326 1580 a
348 1559 397 1581 me
421 1547 540 1589 pariter
563 1559 630 1588 quo
653 1548 756 1588 magis
768 1547 1011 1589 inquirebatur,
1036 1557 1074 1578 eo

73 1591 183 1625 minus
204 1590 270 1624 ulla
293 1589 487 1633 deprehendi
511 1591 611 1632 posset
625 1590 716 1623 causa
739 1592 973 1624 recurrentium
986 1588 1076 1623 iden-

71 1635 178 1668 tidem
203 1634 323 1666 ventris
346 1634 518 1669 dolorum,
542 1632 685 1670 accidit,
711 1635 868 1674 inquam,
892 1642 932 1668 ut
954 1644 992 1666 ex
1015 1632 1076 1665 hac

69 1677 138 1720 ipsa
161 1686 348 1711 caeterarum
372 1675 538 1709 causarum
562 1675 702 1710 absentia
714 1676 907 1719 suspicarer,
930 1688 998 1710 eam
1012 1687 1083 1722 qua(

70 1724 113 1755 de
137 1721 282 1763 agimus,
307 1718 390 1754 forte
416 1717 536 1752 subesse
552 1743 559 1749 .
584 1719 914 1764 Quamsuspicionem
940 1721 1074 1753 minime

69 1775 186 1798 vanarn
209 1762 288 1802 ess‘e,
310 1763 452 1810 cognovi
475 1784 484 1799 ,
508 1763 712 1806 interrogans
732 1787 744 1804 ‚
779 1776 817 1797 an
841 1764 925 1798 forte
948 1763 1075 1806 juvaret

68 1807 202 1850 supinus
224 1807 370 1850 corporis
394 1806 492 1839 snus.
517 1806 710 1841 Affirmante
732 1809 817 1841 enim
840 1820 946 1850 aegro,
969 1810 1000 1840 &
1024 1816 1077 1839 tu-

69 1861 160 1885 more
181 1862 279 1894 quem
300 1848 367 1893 ipse
380 1849 425 1882 ob
447 1849 637 1890 parvitatem
659 1861 699 1884 ne
723 1851 992 1885 animadverterat
1002 1851 1077 1893 qui-

68 1895 167 1932 dem,
192 1903 322 1936 reperto
343 1917 352 1932 ,
384 1903 528 1934 moxque
551 1893 703 1928 intestino
724 1893 815 1929 suam
839 1896 873 1928 in
898 1894 1000 1928 sedem
1026 1905 1076 1926 re-

68 1937 197 1981 posito,
221 1939 255 1970 in
278 1948 376 1979 eaque
398 1936 579 1969 constanter
603 1935 748 1974 servato,
772 1939 854 1971 nulli
866 1939 1002 1980 amplius
1027 1948 1076 1969 re-

67 1983 196 2015 dierunt
220 1980 365 2014 dolores.
391 1978 447 2013 Sed
471 1978 505 2012 hi
531 1980 656 2013 molesti
681 1981 788 2022 potius
812 1993 909 2024 quam
934 1992 1044 2023 graves
1065 2002 1076 2016 ‚

67 2022 217 2059 fuerant.
243 2024 377 2057 Colicos
399 2031 521 2060 autem,
551 2032 587 2056 ut
610 2022 715 2057 dicere
738 2025 957 2066 inceperamus
980 2047 992 2063 ,
1034 2023 1076 2056 ab

66 2066 188 2103 herniis
212 2066 291 2109 saepe
314 2066 441 2100 dolores
465 2065 535 2099 fieri
556 2088 565 2102 ‚
597 2078 671 2100 cum
695 2065 844 2109 frequens
877 2069 1075 2110 experientia

50 2110 208 2145 .0stendit
222 2132 232 2148 ‚
254 2119 326 2143 turn
338 2109 476 2143 foemina
500 2108 675 2152 confirmat
696 2123 713 2144 a
738 2111 847 2144 Praecl.
862 2111 996 2145 Weiffio
1009 2111 1075 2152 (a)

66 2153 197 2188 disseeta
211 2178 220 2193 ‚
243 2154 285 2187 iis
307 2153 477 2187 doloribus
502 2153 582 2194 saepe
603 2163 718 2187 vexata
740 2154 784 2187 ob
794 2155 939 2187 herniam
965 2155 1000 2185 in
1023 2165 1075 2185 ea·-

66 2196 139 2232 dem
163 2196 234 2231 sede
257 2197 292 2229 in
314 2207 378 2238 qua
402 2195 515 2230 nostrae
537 2207 667 2238 quoque
691 2197 820 2230 mulieri
844 2194 937 2228 fuisse
955 2196 1075 2233 ,dixi-

66 2252 158 2278 mus,
184 2239 235 2274 sed
258 2250 324 2272 non
347 2239 426 2272 Coli
449 2239 548 2272 modo
570 2260 579 2275 ,
603 2250 716 2272 verum
740 2240 836 2272 etiam
861 2238 922 2271 Ilei
946 2241 1071 2280 portio.

66 2296 165 2321 nem,
189 2282 377 2324 omentique
400 2281 669 2321 concludentem,
693 2281 775 2315 fellis
800 2283 920 2325 pariter
936 2281 1069 2316 vesicula

66 2328 198 2362 calculis
213 2352 221 2365 ,
246 2324 297 2358 sed
322 2323 425 2359 multo
449 2324 616 2370 pluribus,
640 2327 752 2359 onusta
775 2337 871 2368 quam
895 2326 929 2358 in
953 2327 1070 2359 mulie-

65 2382 99 2405 re
122 2383 139 2405 a
162 2370 257 2403 nobis
281 2367 439 2410 descripta
460 2394 467 2401 .
502 2369 606 2408 Cujus
628 2367 899 2402 herniamraram
922 2394 932 2409 ,
964 2378 1000 2401 ut
1023 2372 1070 2403 ait

67 2415 208 2447 Littrius
230 2415 244 2452 (
265 2410 284 2444 h
306 2415 341 2450 )‚
364 2422 478 2444 vocare
501 2410 684 2452 possumus,
708 2413 730 2445 fi
754 2424 827 2445 cum
851 2411 1070 2454 frequentiffi-

64 2461 127 2490 mis
150 2467 229 2499 quas
252 2454 378 2488 Tenuia
400 2453 525 2486 faciunt
546 2454 718 2494 intestina,
743 2465 946 2497 comparetur
969 2480 975 2487 .
1001 2457 1070 2489 Den

57 2500 176 2542 ¹scribit
209 2497 273 2541 ipse
297 2500 331 2530 in
368 2497 472 2530 nobili
496 2496 630 2530 foemina
651 2498 727 2531 huic
761 2499 873 2532 nostrae
895 2498 1030 2534 similem
1055 2522 1068 2538 5

65 2543 129 2577 sive
152 2542 184 2575 id
208 2541 329 2583 speeies
352 2540 441 2581 quod
464 2542 498 2572 in
523 2550 652 2574 mortua
677 2542 810 2576 secando
829 2544 976 2580 invenit,
1001 2542 1067 2576 {ive

64 2585 237 2629 dejiciendi
262 2582 451 2617 facultatem
474 2594 571 2630 quam
594 2586 626 2616 in
653 2586 781 2619 vivente
803 2584 1031 2619 observaverat
1056 2610 1065 2617 .

64 2631 160 2665 Sedes
182 2628 350 2663 dumtaxat
375 2627 472 2659 altior
495 2629 560 2659 suit
582 2653 590 2660 .
625 2628 829 2663 Memoratur
851 2630 950 2663 altera
982 2628 1067 2671 ejus-

65 2674 138 2707 dem
164 2671 287 2714 generis
310 2670 392 2711 apud
418 2669 589 2704 Palfinium
608 2672 622 2709 (
644 2682 660 2703 c
683 2674 720 2712 ),
742 2674 798 2715 qui
821 2674 914 2706 istam
928 2673 1065 2709 Littrii,

66 2717 180 2753 istam,
204 2717 358 2756 inquam,
382 2715 455 2746 anni
486 2724 579 2757 ¹714·
604 2725 667 2747 non
692 2714 819 2749 videtur
841 2716 949 2759 legisse
970 2742 980 2749 .
1004 2717 1066 2747 Le-

65 2769 155 2803 gerat
181 2768 284 2791 autem
307 2757 444 2791 Hildani
471 2761 480 2796 ζ
503 2757 523 2789 d
543 2760 557 2794 )
580 2758 874 2799 observationem,
898 2770 995 2802 quam
1009 2770 1066 2792 au-

66 2804 137 2836 ἂοι-
161 2802 226 2844 ipse
249 2812 321 2833 curn
346 2802 502 2834 attentius
534 2801 744 2843 perpendisset
764 2825 774 2839 ,
808 2805 846 2836 ad
870 2804 1004 2836 eundem
1029 2813 1064 2836 ac

65 2848 231 2879 Πιτύας,
255 2844 386 2877 modum
409 2845 622 2885 explicaverat
647 2846 695 2887 (e
719 2849 729 2883 )
752 2858 761 2877 :
784 2848 852 2879 imo
874 2847 991 2885 aliam,
1016 2855 1065 2877 et-

67 2890 134 2922 iam
158 2886 283 2920 Parisiis
309 2886 371 2927 jam
393 2887 435 2920 A.
464 2892 556 2929 1671.
583 2887 625 2920 ric
647 2889 814 2930 explicasse
835 2891 967 2922 invenio
992 2889 1066 2921 Bie-

66 2930 204 2966 naisium
225 2954 235 2969 ‚
269 2939 304 2962 ut
328 2930 354 2963 is
376 2931 433 2971 qui
455 2931 562 2964 aderat
583 2954 592 2970 ‚
625 2930 809 2973 insequente
835 2943 918 2966 anno
942 2931 1069 2973 scriptis

66 2973 206 3008 tradidit
226 2973 258 3017 J.
281 2973 327 3005 H.
353 2973 525 3007 Lavaterus
551 2971 655 3015 (f).
679 2975 749 3007 Cur
761 2978 844 3009 enim
869 2976 1068 3009 bubonocele

67 3018 214 3052 laborans
227 3026 307 3057 aegra
331 3024 519 3050 excrementa
542 3017 660 3058 liquida
671 3025 737 3050 toto
758 3018 1067 3061 compreffionistem-

64 3070 139 3103 pore
162 3060 180 3102 (
197 3061 235 3092 ad
256 3059 336 3091 diem
359 3058 449 3100 usque
466 3059 633 3101 septimum
650 3061 668 3102 )
687 3070 745 3102 per
764 3061 872 3095 alvum
894 3059 1065 3105 dejeciffet,

67 3104 135 3147 ejus
156 3103 224 3142 rei,
248 3103 356 3143 inquit
370 3125 379 3139 ,
401 3102 523 3144 causam
545 3102 692 3136 laudatus
723 3108 871 3145 operator
891 3104 1067 3143 intestinum

69 3158 108 3182 ex
124 3153 217 3189 parte
238 3144 433 3183 consiriffum
455 3170 463 3184 ‚
486 3147 599 3186 reperit
617 3170 624 3179 .
651 3148 711 3181 Sed
734 3151 764 3179 &
788 3148 973 3181 Ballonium
995 3146 1064 3189 (g)

69 3188 285 3223 animadverti
308 3213 318 3225 ‚
348 3199 422 3220 cum
447 3188 566 3229 scripsit
590 3215 599 3227 ‚
635 3191 667 3222 in
689 3201 800 3232 inguen
831 3190 973 3233 prolapsa
994 3190 1065 3223 caeci

67 3231 205 3272 intestini
224 3230 387 3273 apophysi,
413 3230 468 3264 etfi
491 3230 558 3265 haec
580 3233 836 3275 computrescat,
860 3244 918 3265 non
941 3231 994 3276 effe
1016 3243 1068 3266 ne-

69 3275 142 3321 cesse
165 3286 198 3308 ea
215 3274 306 3316 sequi
322 3275 555 3316 symptomata,
579 3285 641 3316 quae
663 3276 801 3319 consequi
806 3276 909 3319 solent
932 3277 964 3310 in
986 3277 1066 3309 alio-

69 3330 139 3352 rum
161 3325 215 3350 aut
238 3319 413 3350 tenuiorum
427 3339 435 3354 ‚
460 3324 513 3349 aut
523 3316 686 3361 crassorum
709 3320 918 3360 intestinorum
932 3317 1062 3363 affe-fin,

68 3374 140 3396 cum
165 3361 232 3394 haec
249 3383 257 3398 ,
281 3361 434 3402 inquam,
459 3359 579 3402 scripsit
604 3383 614 3398 ‚
639 3373 702 3395 non
725 3363 859 3397 obscure
883 3361 1033 3396 indicasse
1056 3388 1066 3403 ,

156 3405 320 3446 Morgagni
330 3404 365 3436 de
375 3404 440 3436 Sed.
457 3406 498 3438 Θ
508 3406 593 3444 saul.
606 3405 707 3438 Morb.
721 3408 820 3440 Tom.
835 3408 881 3439 II.

1996 188 2061 236 49

1121 249 1184 284 five
1206 259 1246 282 ex
1267 247 1384 281 Crassis
1405 274 1415 289 ‚
1447 250 1509 283 live
1532 261 1571 282 ex
1594 248 1763 282 Tenuibus
1798 248 1959 282 intestinis
1981 259 2101 291 propen
2115 266 2131 276 -

1122 293 1199 327 dens
1221 300 1292 333 pars
1314 293 1478 333 quaepiam
1502 292 1599 325 instar
1622 292 1809 333 appendicis
1834 293 1942 329 illius,
1967 293 2000 324 in
2015 289 2130 325 hernia

1125 336 1233 377 aliqua
1256 335 1503 376 intercipiatur,
1527 334 1613 378 posse
1637 337 1746 368 alvum
1771 334 1959 377 respondere
1984 336 2068 368 secus
2092 345 2128 368 ac

1125 390 1200 413 cum
1220 386 1309 410 totus
1332 378 1538 419 intercipitur
1561 377 1704 411 intestini
1727 377 1906 420 cujuspiam
1930 379 2048 412 tubus.
2070 377 2130 411 Es-

1127 423 1157 456 se
1180 430 1287 455 autem
1309 421 1472 455 interdum
1508 431 1622 462 praeter
1645 423 1825 454 naturalem
1858 421 1947 454 illam
1970 421 2046 455 alias
2071 422 2129 454 ali-

1127 476 1205 509 quas
1230 462 1441 506 appendices,
1466 475 1543 506 quas
1568 467 1599 496 δε
1624 465 1815 498 diverticula
1829 473 1966 504 vocant,
1989 463 2131 499 herniae-

1126 519 1190 546 (ωε
1214 506 1374 540 sacculum
1385 507 1508 546 subire,
1531 507 1732 548 certumest‚
1753 505 1890 540 liveillae
1915 505 2024 541 sensim
2037 518 2129 549 prae-

1125 547 1174 585 ter
1197 559 1343 583 naturam
1369 550 1589 591 producantur
1606 573 1616 588 ,
1649 550 1713 584 five
1736 562 1753 584 a
1776 552 1878 593 prima
1904 553 2031 592 origine
2053 548 2130 592 qui-

1125 593 1259 628 busdam
1281 593 1472 635 corporibus
1494 592 1555 626 sint
1578 592 1682 627 datae.
1707 594 1798 628 Cave
1821 594 1908 626 enim
1927 594 2032 627 credas
2048 616 2056 630 ‚
2080 591 2128 626 es-

1128 639 1156 672 se
1178 647 1289 670 omnes
1314 645 1428 677 praeter
1451 645 1597 670 naturam
1614 659 1623 673 ‚
1649 636 1827 678 praesertim
1852 648 1925 670 vero
1947 649 1986 669 ex
2009 635 2129 669 intesti-

1128 683 1161 714 ni
1193 680 1291 713 latere
1314 680 1347 711 in
1379 679 1501 713 herniae
1524 678 1683 714 sacculum
1715 679 1862 721 prolapso
1893 690 2008 712 omnes
2031 678 2124 713 fuisse

1128 723 1328 759 efformatas;
1352 733 1429 756 nam
1464 722 1628 756 interdum
1647 748 1656 762 ,
1690 734 1725 756 ut
1756 723 1836 756 infra
1861 721 1916 765 (h
1937 726 1952 762 )
1975 722 2128 757 dicetur,

1129 768 1165 801 ad
1191 779 1225 800 ea
1258 766 1422 808 pertinent
1444 766 1590 800 intestina
1622 778 1693 809 quae
1728 767 1766 799 ab
1800 766 1924 800 sedibus
1948 765 2061 798 absunt
2092 765 2128 796 in

1128 811 1245 853 quibus
1269 809 1389 842 herniae
1413 810 1630 850 contingunt.
1654 810 1769 851 Itaque
1791 821 1864 843 cum
1879 810 2001 842 Littrio
2021 811 2035 847 (
2058 810 2070 840 i
2093 809 2129 846 >,

1129 858 1158 886 δέ
1183 853 1298 894 Meryo
1321 852 1374 894 (lq
1396 854 1410 892 )
1431 852 1571 885 censebis
1594 851 1723 894 quidem
1743 877 1752 891 ,
1773 864 1821 886 eas
1845 852 2031 894 appendices
2053 860 2132 892 quas

1127 895 1186 938 ipsi
1209 897 1358 929 viderunt
1381 920 1390 935 ‚
1419 896 1478 928 illo
1503 894 1593 928 fuisse
1627 896 1726 929 modo
1751 895 1904 929 formatas
1931 922 1939 937 ‚
1966 905 2020 929 aut
2043 901 2130 926 certe

1127 940 1254 975 autfias:
1279 941 1358 979 quin
1383 937 1404 971 fi
1428 948 1490 972 tres
1513 939 1583 971 illas
1618 951 1696 981 quas
1718 939 1915 973 Schrockius
1941 943 1951 978 (
1975 939 1987 972 l
2012 942 2021 976 )
2047 936 2131 969 vidit

1125 986 1159 1018 in
1184 981 1444 1022 adolescentulo,
1469 983 1588 1015 ventris
1611 982 1802 1019 doloribus,
1829 983 1879 1016 sed
1904 993 1969 1015 non
1990 983 2035 1015 ob
2057 980 2132 1014 her-

1126 1029 1216 1062 nias,
1239 1036 1310 1068 quae
1334 1023 1492 1067 nusquam
1517 1034 1628 1064 erant,
1654 1025 1767 1067 saepius
1789 1027 1954 1064 cruciato,
1978 1037 2028 1058 eas
2047 1036 2134 1065 quo-

1125 1082 1188 1114 que
1212 1080 1228 1101 a
1251 1067 1399 1101 morbosa
1424 1068 1532 1110 aliqua
1556 1067 1648 1100 causa
1673 1078 1782 1109 ortas,
1817 1068 2002 1102 adauftasve
2036 1066 2095 1101 esse
2119 1087 2131 1102 ‚

1126 1112 1285 1148 voluerim
1311 1122 1374 1143 non
1398 1112 1536 1144 multum
1560 1110 1688 1143 fortasse
1701 1112 1914 1145 adversabor.
1939 1114 1983 1143 At
2009 1110 2030 1144 fi
2057 1111 2134 1142 alias

1126 1155 1280 1201 quasdam
1297 1176 1305 1191 ‚
1331 1163 1367 1187 ut
1392 1164 1468 1196 puta
1490 1166 1562 1196 quae
1587 1165 1602 1186 a
1624 1154 1854 1188 Weitbrechto
1878 1159 1887 1193 (
1912 1165 1943 1187 m
1967 1158 1978 1192 )
2003 1156 2035 1186 in
2060 1165 2134 1186 rnu-

1125 1203 1203 1236 liere
1225 1198 1441 1236 describitur,
1466 1197 1553 1230 fibris
1576 1196 1689 1231 eodem
1716 1198 1814 1231 modo
1837 1209 1871 1231 ac
1897 1198 1929 1230 in
1955 1198 2025 1230 aliis
2049 1198 2133 1228 inte-

1126 1245 1215 1278 stinis
1231 1269 1239 1281 ,
1263 1240 1443 1283 conspicuis
1468 1239 1624 1282 praedita,
1647 1252 1711 1274 non
1739 1253 1753 1273 a
1777 1242 1878 1284 prima
1901 1242 2029 1282 origine
2053 1235 2134 1272 fuis-

1127 1287 1178 1326 se,
1201 1286 1419 1324 dicas;,certe
1444 1294 1508 1317 non
1532 1293 1648 1326 potero
1666 1284 1854 1326 adstipulari
1870 1310 1879 1315 .
1902 1284 2011 1323 Hujus
2024 1292 2133 1316 autem

1127 1326 1364 1374 generis‘ilsam
1387 1326 1501 1367 fuisse,
1525 1338 1590 1360 non
1602 1325 1720 1360 dubito
1736 1350 1744 1364 ‚
1769 1339 1865 1369 quam
1890 1328 1923 1359 in
1937 1328 2056 1362 Vetula
2079 1326 2134 1359 de-

1127 1372 1305 1416 prehendi,
1328 1373 1447 1414 quippe
1460 1369 1569 1404 eadem
1594 1372 1754 1411 parietum
1767 1370 1943 1404 substantia
1961 1394 1969 1408 ,
1993 1373 2023 1404 &
2047 1368 2134 1403 cras-

1125 1417 1263 1452 fitudine
1287 1427 1328 1449 ex
1351 1415 1422 1448 lleo
1444 1425 1505 1457 qua
1531 1414 1663 1457 propius
1684 1415 1773 1448 Colo
1793 1423 1862 1448 erat
1886 1413 2134 1458 quamJejuno,

1127 1460 1164 1494 ad
1200 1458 1462 1502 perpendiculum
1497 1456 1685 1498 pendentem
1708 1471 1720 1490 .-
1749 1470 1820 1500 quae
1845 1457 1938 1491 addas
1973 1458 2071 1491 velim
2096 1456 2136 1490 ad.

1129 1503 1344 1537 brevissimam
1365 1500 1461 1543 ipsius
1486 1502 1518 1532 in
1542 1500 1745 1534 Adversariis
1768 1506 1837 1542 (n).
1859 1500 2134 1544 descriptionem,

1126 1548 1256 1590 quando
1280 1542 1487 1579 Hunauldius
1511 1548 1521 1583 (
1543 1555 1560 1576 ο
1585 1547 1595 1581 )
1620 1545 1736 1583 aliam,
1760 1556 1777 1577 a
1800 1545 1830 1577 se
1856 1544 1958 1578 visam
1983 1567 1992 1581 ‚
2015 1544 2138 1577 descri-

1126 1593 1224 1630 bens,
1249 1589 1281 1623 id
1305 1588 1410 1631 cupiit
1434 1588 1567 1621 minime
1604 1588 1830 1628 praetermitti.
1857 1588 1977 1630 Neque
2000 1587 2134 1621 alterius

1125 1635 1253 1678 generis
1276 1630 1405 1666 sortasse
1427 1639 1497 1663 erat
1520 1641 1617 1673 quam
1642 1631 1674 1663 in
1701 1632 1840 1664 Lanario
1864 1635 1918 1673 (p
1942 1636 1951 1669 )
1976 1630 2070 1668 vidi,
2094 1630 2136 1664 ab

1125 1679 1180 1711 illa
1204 1679 1237 1710 in
1262 1675 1312 1708 his
1334 1674 1569 1715 discrepantem
1592 1700 1601 1714 ,
1633 1674 1722 1717 quod
1746 1675 1877 1708 brevio-r
1914 1684 2005 1712 erat,
2029 1676 2063 1709 δέ·
2083 1678 2136 1707 he.

1126 1720 1348 1763 misphaerica,
1381 1721 1411 1750 &
1434 1727 1545 1764 contra
1581 1718 1761 1751 mesenterii
1786 1718 1997 1752 insertionem
2031 1718 2135 1760 posita

1126 1766 1182 1799 ubi
1208 1765 1312 1797 Ileum
1336 1762 1363 1795 se
1387 1763 1431 1794 ita
1456 1761 1607 1793 fleetebat
1628 1784 1637 1798 ,
1660 1770 1697 1794 ut
1720 1762 1876 1804 angulum
1899 1760 2018 1796 faceret
2039 1784 2053 1799 5
2085 1762 2135 1795 vel

1127 1806 1264 1842 abscisso
1298 1805 1492 1839 mesenterio
1525 1805 1752 1846 perstantem3
1784 1807 1818 1839 in
1848 1807 1904 1839 illa
1941 1808 2031 1840 enim
2065 1804 2135 1847 ipsa

1128 1851 1345 1894 prominentia
1373 1848 1479 1889 anguli
1504 1848 1714 1882 extuberabat
1739 1849 1822 1883 haud
1846 1850 1939 1883 aliter
1966 1874 1976 1890 ,
2002 1848 2022 1882 li
2049 1848 2133 1889 poli«

1126 1905 1197 1929 tum
1232 1894 1400 1928 dumtaxat
1424 1891 1542 1932 speetes
1558 1913 1570 1930 ‚
1604 1903 1639 1925 ac
1661 1904 1732 1935 quae
1766 1894 1805 1926 ab
1830 1892 2005 1936 Kuyschio
2034 1892 2076 1926 est
2099 1894 2136 1925 in-

1127 1938 1253 1971 Musaeo
1267 1936 1465 1971 Anatomico
1490 1935 1543 1977 (q
1566 1939 1577 1972 )
1600 1936 1777 1970 delineata.
1804 1937 1894 1979 Qas
1918 1947 2069 1978 praeterea
2083 1937 2136 1967 vi-

1126 1983 1160 2015 di
1183 2004 1192 2018 ‚
1225 1978 1401 2022 descriptas
1424 1989 1487 2011 non
1523 1979 1624 2012 habeo
1649 1993 1658 2016 3
1691 1991 1861 2022 perpaucas
1885 1991 1993 2014 autem
2026 1982 2134 2013 omni-

1128 2036 1171 2058 no
1195 2025 1264 2058 vidi
1278 2049 1285 2061 .
1306 2035 1382 2057 cum
1404 2031 1455 2055 tot
1475 2021 1669 2056 cadaverum
1683 2024 1832 2057 intestina
1856 2025 2109 2057 examinaverim
2123 2048 2135 2055 .

1175 2079 1222 2109 17.
1248 2068 1337 2101 Hinc
1360 2066 1399 2099 fit
1419 2087 1431 2104 ,
1466 2075 1502 2098 ut
1522 2077 1591 2108 quo
1615 2068 1718 2107 magis
1749 2066 1914 2101 considero
1938 2092 1947 2107 ‚
1972 2079 2010 2101 eo
2033 2069 2134 2110 magis

1127 2111 1271 2146 censeam
1295 2134 1304 2148 ‚
1340 2106 1500 2151 Ruyschii
1526 2110 1622 2144 verba
1656 2112 1689 2142 in
1713 2110 1881 2145 Thesauro
1906 2112 1988 2145 VII.
2014 2115 2024 2150 <
2049 2123 2064 2143 r
2086 2115 2097 2150 )
2122 2125 2131 2142 ε

1127 2153 1277 2194 ejufinodi
1298 2152 1503 2191 diverticula,
1527 2161 1564 2185 ut
1580 2153 1776 2194 plurimum,
1794 2153 1822 2196 si
1844 2165 1903 2188 non
1919 2154 2042 2197 semper
2065 2177 2074 2191 ‚
2099 2157 2132 2188 in

1125 2195 1189 2229 Ileo
1211 2204 1374 2229 occurrunt
1393 2222 1401 2236 ,
1434 2195 1528 2228 aliter
1551 2196 1608 2229 else
1639 2208 1675 2229 ac
1698 2209 1714 2229 a
1739 2198 1846 2240 primo
1870 2199 2002 2232 videtur
2017 2223 2024 2237 ‚
2047 2199 2131 2231 acci-

1121 2239 1261 2281 pienda,
1285 2240 1441 2272 nimirum
1465 2250 1538 2271 curn
1563 2240 1634 2272 sunt
1656 2262 1665 2277 ,
1691 2241 1724 2272 in
1749 2253 1786 2273 eo
1811 2251 1846 2274 ut
1871 2242 2050 2284 plurimum
2073 2240 2132 2275 esse

1121 2283 1294 2316 intestino.
1319 2283 1417 2315 Certe
1441 2283 1474 2314 in
1498 2294 1535 2314 eo
1558 2282 1706 2316 viderunt
1730 2285 1787 2325 qui
1812 2296 1827 2316 a
1853 2296 1904 2317 me
1929 2296 1985 2318 aut
2009 2296 2093 2318 nunc
2120 2309 2130 2324 ,

1122 2337 1177 2359 aut
1202 2328 1278 2360 alias
1302 2326 1383 2368 (s)
1408 2326 1578 2358 memorati
1602 2325 1699 2367 sunt,
1724 2330 1756 2359 δε
1780 2336 1896 2369 pra-:ter
1920 2329 1993 2361 illos
2005 2330 2130 2361 l-Ienri-

1121 2381 1176 2403 cus
1201 2369 1399 2403 Meibomius
1422 2373 1431 2408 (
1456 2376 1470 2400 t
1494 2372 1504 2407 )
1527 2369 1605 2402 olim
1621 2394 1630 2408 ,
1652 2370 1765 2403 deinde
1788 2382 1894 2404 autem
1916 2371 1970 2405 alii
1994 2394 2002 2408 ,
2038 2375 2068 2405 δε
2093 2374 2128 2405 in

1122 2411 1172 2446 his
1196 2412 1470 2455 Experientiffimi
1505 2413 1579 2445 Viri
1605 2412 1790 2447 Waltherus
1815 2419 1825 2453 (
1850 2427 1870 2448 u
1894 2419 1903 2454 )
1926 2439 1935 2453 ‚
1968 2418 1998 2449 &
2023 2414 2130 2449 Schli-

1122 2456 1287 2498 chtingius
1308 2459 1322 2495 (
1342 2466 1363 2488 x
1384 2458 1398 2493 )
1418 2478 1448 2501 ,ἢ
1463 2456 1492 2486 &
1516 2456 1570 2489 Cl.
1597 2456 1790 2490 Bonazolius
1814 2463 1866 2498 (y
1891 2463 1900 2497 )
1925 2471 2024 2501 nuper
2046 2471 2056 2498 ς
2092 2470 2128 2494 ut

1120 2501 1159 2532 de
1184 2512 1232 2532 me
1256 2502 1288 2531 in
1314 2507 1403 2540 parte
1427 2499 1555 2534 illeam,
1579 2500 1635 2540 qui
1661 2508 1766 2532 tamen
1790 2513 1799 2536 ς
1824 2513 1860 2534 ne
1886 2503 1947 2536 hoc
1971 2505 2125 2538 omittam

1121 2541 1160 2575 ad
1183 2543 1280 2584 ipsius
1305 2542 1444 2574 attinens
1466 2541 1744 2581 Observatione53
1767 2545 1800 2576 in
1823 2545 1942 2587 quibus
1965 2546 2033 2580 vidi
2057 2570 2066 2584 ‚
2102 2549 2126 2580 ii

1120 2587 1262 2619 maniaci
1282 2597 1346 2618 non
1371 2584 1522 2622 fuerant,
1547 2596 1647 2628 neque
1670 2587 1703 2618 in
1730 2590 1882 2621 maniacis
1894 2601 1975 2632 quos
2000 2591 2125 2629 incidi.

1120 2629 1232 2664 vidisse
1257 2630 1418 2662 memini.
1457 2628 1617 2671 Conspexi
1643 2632 1742 2663 etiam
1768 2631 1861 2665 semel
1886 2645 1982 2676 atque
2005 2636 2124 2670 iterum

1118 2676 1154 2706 in
1179 2672 1367 2719 anseribus,
1390 2673 1424 2705 in
1448 2682 1514 2705 uno
1539 2671 1766 2714 praesertimea
1792 2676 1987 2718 latitudine,
2015 2687 2051 2710 ut
2065 2690 2124 2720 pro

1117 2717 1265 2759 reliquiis
1298 2727 1365 2758 ejus
1389 2715 1502 2749 duetus
1534 2715 1644 2750 haberi
1667 2729 1732 2751 non
1765 2718 1865 2760 posset
1888 2721 1945 2763 qui
1979 2721 2059 2754 olim
2085 2722 2125 2756 ad

1117 2760 1267 2793 vitellum
1290 2761 1468 2793 attinuerat
1489 2784 1497 2792 .
1523 2761 1562 2793 In
1586 2759 1635 2793 his
1656 2772 1787 2804 quoque
1810 2774 1883 2796 cum
1907 2775 1946 2796 eo
1970 2765 2127 2799 intestino

1118 2804 1381 2836 communicabat
1405 2803 1493 2844 quod
1517 2804 1585 2835 Ileo
1609 2805 1795 2845 respondet,
1820 2807 1886 2838 imo
1897 2818 1970 2840 cum
1995 2807 2124 2841 illabu-

1116 2847 1164 2888 jus
1189 2856 1277 2889 parte
1300 2859 1371 2889 quae
1394 2845 1506 2878 Craffo
1525 2845 1679 2890 intestino
1711 2849 1842 2890 propior
1867 2849 1910 2882 est
1935 2865 1942 2887 3
1976 2850 2009 2884 id
2033 2851 2122 2894 quod

1115 2892 1150 2922 in
1176 2890 1307 2923 homine
1329 2893 1360 2922 &
1383 2888 1486 2926 mihi,
1512 2892 1543 2922 &
1566 2891 1688 2923 caeteris
1712 2891 1860 2925 accidisse
1885 2893 1979 2927 video
2003 2898 2057 2936 qui
2073 2895 2122 2928 lo-

1119 2944 1195 2966 cum
1218 2933 1349 2975 quidem
1373 2933 1429 2965 llei
1453 2933 1490 2965 ad
1514 2943 1608 2974 quem
1631 2935 1806 2974 attineret,
1829 2935 2121 2979 diser-tesignifica-

1120 2985 1198 3009 runt
1219 3001 1226 3008 .
1265 2975 1359 3008 Unde
1381 2975 1588 3008 confirmatio
1612 2979 1734 3011 accedit
1757 2981 1858 3012 causae
1882 2992 1897 3012 a
1923 2981 2032 3015 Praecl.
2058 2983 2121 3014 Fa-

1120 3020 1225 3053 bricio
1248 3022 1318 3062 (z)
1343 3018 1510 3058 indicatae,
1534 3030 1591 3052 cur
1610 3022 1767 3055 morbosae
1778 3024 1983 3064 Appendices
2007 3027 2038 3058 in
2051 3025 2120 3058 ilco

1119 3063 1317 3104 potiffimum
1330 3060 1481 3095 intestino
1492 3064 1703 3105 contingant.
1727 3067 1757 3097 Si
1771 3068 1858 3099 enim
1881 3079 1952 3109 quae
1965 3067 2001 3100 ad
2016 3070 2119 3102 lleum

1118 3117 1157 3140 ex
1194 3106 1409 3147 superioribus
1432 3105 1587 3138 intestinis
1619 3107 1816 3142 descendunt
1837 3136 1844 3148 ‚
1876 3111 1920 3143 ob
1944 3114 2117 3146 maximam

1117 3150 1207 3191 chyli
1231 3159 1351 3195 parte-m
1377 3152 1410 3180 in
1434 3148 1505 3181 vasa
1530 3149 1647 3194 Latftea
1671 3164 1735 3193 jam
1757 3152 1939 3189 dimissam,
1963 3155 2118 3197 eamspts-

1109 3193 1223 3236 fiorem
1245 3191 1463 3232 consistentiam
1485 3194 1626 3226 nancisci
1650 3196 1812 3237 incipiunt
1835 3209 1905 3239 quae
1930 3207 2037 3230 tenues
2062 3210 2117 3231 ur-

1120 3248 1191 3279 gere
1216 3236 1338 3267 tunicas
1361 3234 1453 3277 poffit
1472 3258 1484 3274 ,
1505 3244 1614 3279 ‘atque
1636 3238 1812 3272 distendere
1834 3253 1842 3275 3
1876 3252 1909 3273 ea
1933 3250 2018 3274 certe
2054 3243 2116 3275 erit

1118 3278 1263 3322 spiffior‚
1290 3289 1355 3320 quo
1379 3279 1475 3319 magis
1498 3290 1555 3321 per
1581 3280 1680 3313 ileum
1707 3281 1865 3324 progressa
1890 3283 2033 3322 fuerint,
2059 3284 2117 3317 fic-

1117 3334 1179 3364 que
1212 3322 1281 3363 plus
1303 3320 1395 3363 chyli
1414 3343 1426 3360 ,
1457 3324 1488 3353 &
1511 3322 1644 3363 reliquae
1668 3323 1829 3358 fiuidmris
1862 3329 1961 3369 partis
1984 3328 2117 3361 dimise..

1117 3367 1202 3398 rint.
1231 3366 1345 3407 Itaque
1358 3364 1584 3399 diverticulum
1597 3388 1606 3403 ,
1630 3366 1836 3409 quod&ipsc
1849 3369 1932 3403 vidit
1947 3370 2003 3409 ,ad
2015 3371 2117 3412 duos,

1990 3412 2078 3448 haud

74 3483 2122 3505 m———ssss-——w-

127 3534 142 3563 (
187 3535 201 3562 )
218 3533 313 3560 Differt.
331 3543 376 3565 qua
392 3535 491 3566 sylloge
506 3537 580 3561 Anat.
597 3536 656 3561 obs.
673 3538 717 3565 διο.
737 3540 761 3570 §.
777 3548 816 3570 47·

126 3564 135 3592 (
186 3565 200 3593 )
215 3567 353 3591 Commerc.
370 3567 455 3591 Litter.
474 3569 504 3590 A.
525 3574 589 3597 1735.
607 3568 685 3593 Hebd.
704 3577 724 3594 1.
741 3579 765 3595 n.
783 3581 808 3602 3.

123 3594 140 3622 (
190 3597 196 3623 )
212 3597 291 3620 Mem.
307 3596 336 3620 de
352 3597 447 3621 l'Acad.
464 3598 494 3621 R.
512 3596 552 3622 des
568 3600 607 3622 Sc.
623 3601 655 3623 A.
675 3606 740 3629 ¹7¹4-

125 3626 135 3651 (
159 3655 166 3660 .
186 3626 193 3654 )
212 3628 281 3650 Cent.
297 3630 320 3650 6.
337 3627 363 3651 in
380 3627 440 3651 Obs.
455 3635 495 3656 71.

125 3654 142 3683 (
179 3659 190 3683 )
206 3658 285 3680 Mem.
300 3658 329 3681 de
347 3658 445 3681 l'Acad.
464 3660 493 3682 R.
509 3656 550 3682 des
566 3660 605 3683 Sc.
624 3661 652 3683 A.
672 3668 741 3688 1700.

125 3690 133 3712 s
193 3685 201 3712 )
217 3688 357 3711 comment.
374 3688 445 3712 Acad.
463 3689 527 3716 Imp.
545 3692 665 3718 Petu-opor.
682 3693 714 3715 T.
732 3701 757 3721 4.

127 3715 142 3743 (
190 3715 241 3744 >de
256 3725 304 3746 quo
323 3718 392 3746 Epist.
411 3721 447 3747 36.
467 3725 487 3741 n.
507 3726 542 3742 22.

130 3749 139 3774 (
183 3747 197 3775 )
213 3748 284 3776 Epist.
300 3749 328 3771 de
348 3749 397 3772 Vas,
416 3748 527 3777 Palpebr.
591 3753 604 3778 (
621 3758 638 3773 u
654 3754 663 3780 )
680 3753 759 3781 progr.
777 3753 806 3778 de
823 3756 910 3778 Aneur.

131 3777 148 3806 (
185 3778 198 3806 )
215 3780 353 3807 Comment.
371 3779 400 3803 de
418 3781 508 3803 Borion.
526 3780 562 3804 Sc.
580 3782 655 3805 Acad.
671 3784 702 3807 T.
718 3790 739 3806 2.
758 3786 784 3808 P.
805 3791 823 3808 1.
840 3785 902 3809 inter
920 3788 1034 3812 Anatom.

717 3723 721 3726 ,
818 3694 832 3721 (
848 3702 863 3716 n
880 3694 893 3722 )
911 3697 959 3719 111.
978 3695 1092 3719 Animad.
1112 3705 1132 3726 ς.

603 3722 616 3748 (
636 3729 651 3749 (ἶ
668 3721 745 3753 >1³¹3-
764 3731 785 3752 3·
801 3723 830 3747 ad
847 3723 923 3749 Thec.
942 3728 962 3749 C
980 3726 1065 3754 Repos.
1083 3734 1104 3754 3.
1123 3735 1148 3750 n.
1167 3728 1201 3751 ll.

976 3758 989 3784 C
1005 3765 1020 3778 r
1037 3759 1045 3785 ›
1061 3756 1114 3780 Ast.
1132 3759 1163 3780 N.
1184 3760 1212 3781 c.
1230 3758 1261 3780 τ.
1279 3758 1302 3779 6.
1322 3753 1381 3776 Obs.
1398 3761 1433 3777 20.

877 3542 922 3572 (y
936 3542 951 3571 )
966 3543 1023 3568 Vid.
1042 3542 1095 3568 Ast.
1111 3544 1174 3573 Lips.
1194 3545 1275 3573 Suppl.
1292 3543 1325 3566 T.
1343 3547 1364 3564 ι.
1382 3542 1406 3565 S.
1423 3549 1458 3566 12.
1476 3541 1501 3566 in
1522 3543 1601 3566 Relat.
1619 3541 1698 3567 libelli
1716 3544 1826 3573 Launny.

869 3573 882 3602 (
898 3581 913 3596 a
929 3574 942 3602 )
958 3576 1097 3599 Commere.
1114 3576 1155 3599 cit.

662 3629 667 3633 ,
800 3601 815 3630 (
829 3610 841 3625 c
857 3604 866 3633 )
883 3605 959 3628 Anat.
975 3605 1006 3629 du
1024 3612 1094 3632 corps
1111 3606 1177 3630 hum.
1194 3612 1224 3630 tr.
1244 3612 1263 3628 1.
1283 3602 1321 3626 th.
1341 3604 1363 3626 8-

557 3627 621 3658 (I)
638 3629 695 3654 Duff.
709 3630 738 3655 de
757 3633 890 3657 lnteffinor.
910 3635 1040 3665 Compress.
1058 3635 1114 3659 thes.
1130 3640 1153 3660 6.

802 3664 817 3692 (
832 3663 849 3687 k
867 3666 880 3691 )
896 3666 975 3690 Mem.
992 3667 1023 3689 A.
1046 3673 1110 3693 1701.
1128 3666 1186 3691 obs.
1208 3675 1226 3690 ι,

1173 3575 1202 3597 Α.
1223 3582 1289 3603 1745.
1308 3571 1386 3596 Hehd.
1403 3580 1441 3600 2⁴·
1461 3580 1484 3596 n.
1503 3579 1524 3596 ι.

1426 3604 1434 3630 (
1452 3602 1468 3625 d
1483 3604 1496 3630 )
1513 3605 1585 3627 Cent.
1605 3610 1626 3627 r.
1643 3602 1703 3628 Obs.
1719 3603 1787 3628 Chir.
1806 3612 1844 3633 55.

1288 3666 1293 3686 ι
1315 3664 1324 3685 ι
1342 3663 1351 3692 J
1369 3663 1428 3691 εριι.
1448 3665 1479 3686 Ν.
1498 3666 1527 3688 c.
1547 3666 1617 3687 cent.
1636 3666 1659 3687 8.
1679 3635 1818 3694 ogtl'ssff
1839 3642 1874 3664 '⁷'

1194 3697 1207 3725 ζ
1224 3705 1236 3719 0
1253 3695 1261 3723 3
1280 3693 1338 3718 Hist.
1357 3693 1386 3717 de
1403 3693 1500 3717 l'Acad.
1521 3696 1549 3717 R.
1566 3695 1607 3718 des
1625 3696 1661 3718 Sc.
1678 3698 1705 3718 A.
1725 3702 1793 3724 173²·
1810 3694 1865 3718 Obs.
1884 3697 1959 3720 Anat.
1980 3703 2002 3722 ι.

1269 3725 1283 3752 (
1296 3733 1306 3747 ›-
1326 3722 1332 3749 )
1350 3731 1373 3746 n.
1391 3725 1443 3746 XV.
1463 3732 1485 3753 3.
1547 3725 1616 3753 (J)
1632 3724 1729 3749 advers.
1749 3727 1794 3750 Ili.
1813 3726 1926 3752 Animad.
1949 3735 1973 3757 5-

1220 3636 1260 3664 (g
1279 3634 1287 3662 )
1303 3634 1321 3657 l.
1340 3639 1357 3656 1.
1375 3633 1463 3656 confir.
1484 3634 1574 3657 Medic.
1593 3642 1644 3662 103.

1097 3788 1110 3816 (
1126 3796 1143 3816 z
1159 3788 1171 3816 )
1190 3790 1270 3816 Progr.
1291 3784 1420 3811 Helmstad.
1436 3785 1527 3809 editum
1548 3788 1610 3816 Janu
1638 3793 1705 3816 1750.
