2498 4075
343 212 495 246 vertebrae
519 209 670 247 lumbaris
693 209 848 252 processus
870 211 911 243 ali
937 219 1035 244 uanto
1057 210 1240 254 longiorem
1264 221 1349 250 non,

345 265 459 298 praeter
483 256 564 294 hos,
587 264 674 286 veras
695 253 851 294 costulas,
875 266 928 287 mo
951 254 988 286 ili
1009 275 1019 290 ‚
1053 262 1089 287 ut
1111 266 1172 297 ego
1194 254 1314 288 ostendi
1337 277 1348 293 ,

345 298 490 343 junstura
513 307 669 330 connexas
689 320 696 328 .
732 326 741 331 ,
833 299 955 330 Verum
988 296 1027 329 ad
1049 308 1083 330 ea
1113 309 1184 342 quae
1215 299 1349 331 omnino

342 352 457 385 praeter
480 349 626 374 naturam
651 339 745 380 sunt,
769 339 926 374 redeamus
941 364 949 371 .

389 395 435 416 11.
460 384 649 417 SARTOR
670 406 683 423 ,
714 384 770 425 qui
800 383 827 416 se
851 384 926 416 vino
948 384 1081 425 implere
1112 382 1315 418 consueverat
1336 407 1350 424 ‚

343 427 482 469 aphonia
505 434 668 467 correptus
683 447 693 462 ‚
715 427 799 458 intra
822 425 957 459 biduum
981 436 1125 463 mortuus
1149 426 1190 460 est
1218 453 1225 459 .
1257 427 1350 461 Plura

342 471 381 503 de
405 482 441 503 eo
466 470 543 504 scire
565 468 746 502 Alexander
770 470 894 509 Bonis,
917 481 1011 512 quem
1034 470 1094 504 tibi
1119 471 1193 503 alias
1205 470 1349 508 laudavi,

340 515 444 549 Docti
470 525 506 548 ue
530 514 584 546 alii
610 512 733 546 Medici
758 514 872 545 Veneti
894 536 907 553 ‚
931 524 965 545 ac
983 514 1121 558 Juvenes
1143 514 1205 548 Rei
1228 513 1350 547 Anato-

341 558 434 590 micae
484 555 586 591 udiosi
611 567 673 588 non
698 565 867 597 potuerant
884 579 896 596 ,
931 559 988 599 qui
1010 556 1190 591 concessum
1214 555 1272 589 sibi
1296 569 1349 589 ca-

339 600 434 633 daver
457 610 491 635 ut
516 599 580 641 ipse
604 597 784 633 diss'ecarem
805 623 817 639 ,
851 599 1030 642 cerebrique
1053 600 1241 635 struciuram
1272 599 1347 633 dili-

339 654 450 686 genter
473 642 666 677 ostenderem
689 666 701 683 ,
734 654 749 676 a
774 654 824 675 me
847 643 1000 688 petierant
1025 643 1080 677 sub
1112 642 1208 675 finem
1230 643 1346 677 Martii

339 689 382 722 A.
413 688 503 730 1708.
636 687 846 720 VENTRIS
872 686 987 719 viscera
1002 686 1029 719 se
1052 687 1134 719 reete
1145 684 1320 720 habuerunt
1335 713 1342 720 .

472 733 510 763 In
537 730 699 763 Thoracis
721 741 812 762 cavea
835 728 952 761 sinistra
987 741 1075 773 aquae
1099 729 1344 771 sanguinolentae

339 772 489 807 nonnihil
515 773 578 806 fuit
600 797 608 805 .
643 774 811 806 I'ulmones
834 773 993 814 graviores
1014 796 1026 813 ‚
1060 775 1093 805 &
1117 771 1258 815 spumam
1277 796 1290 813 ,
1322 773 1343 807 si

335 828 490 859 premeres
505 840 518 856 ,
541 818 720 849 emittentes
741 827 752 853 ,-
786 814 856 847 sana
880 824 984 848 tamen
1008 827 1118 849 eorum
1143 815 1311 849 substantia
1335 844 1343 852 .

334 862 403 892 Cor
426 860 614 895 flaccidum,
638 860 671 891 in
694 856 821 900 ejusque
844 858 1023 892 ventriculo
1034 857 1187 900 dextero,
1208 862 1239 891 &
1266 871 1343 902 pro-

336 905 422 936 xima
447 903 604 940 auricula,
629 902 803 943 arteriaque
829 901 1013 935 Pulmonari
1045 903 1261 936 concretiones
1285 915 1343 947 po-

337 946 478 988 lyposae3
502 947 597 979 nullae
622 959 637 979 a
662 944 815 984 sinistris,
841 942 893 976 sed
915 946 948 977 in
971 956 1010 978 eo
1032 947 1211 980 ventriculo
1223 958 1342 988 paucus

334 989 559 1023 tantummodo
582 989 705 1032 sanguis
730 989 993 1021 semiconcretus.
1017 991 1178 1031 Aggeres,
1202 999 1237 1023 ut
1262 992 1341 1024 Val-

334 1032 419 1067 salva
444 1030 530 1074 (f)
567 1033 670 1075 postea
695 1032 866 1074 appellavit
888 1055 900 1072 ,
929 1033 1175 1067 Semilunarium
1201 1033 1339 1067 valvula-

326 1087 408 1113 ‚rum
431 1077 626 1110 extantiores
648 1100 661 1117 ,
695 1079 726 1109 &
748 1075 866 1109 duritie
889 1074 1040 1108 firmioris
1062 1076 1147 1118 quasi
1172 1078 1339 1119 cartilagi-

336 1121 403 1154 nis,
431 1122 467 1153 In
493 1120 605 1152 arteria
629 1121 772 1162 Magna,
797 1121 828 1151 &
851 1118 1061 1152 Carotidibus
1084 1119 1210 1161 sanguis
1222 1121 1340 1155 fluidus

332 1163 454 1196 nonita
468 1175 584 1205 paucus
596 1175 606 1201 3
630 1164 750 1197 multus
763 1173 837 1194 vero
849 1161 1076 1204 ejusdemmodi
1088 1163 1122 1195 in
1135 1164 1320 1197 Pulmonari
1331 1190 1339 1197 .

467 1208 574 1248 Caput
584 1218 656 1239 cum
669 1218 681 1237 a
694 1204 872 1239 cervicibus
885 1214 1114 1247 amputaretur3
1126 1218 1203 1250 aqua
1214 1219 1229 1240 e
1241 1217 1340 1240 verte-

331 1249 463 1284 brarum
487 1250 566 1283 tubo
590 1250 715 1281 exivit.-
738 1261 808 1291 quae
831 1260 907 1282 mox
930 1249 988 1283 sub
1000 1251 1107 1284 Tenui
1132 1250 1251 1284 cerebri
1273 1262 1340 1284 me-

331 1294 427 1334 ninge
449 1292 616 1336 conspefita
640 1291 680 1325 est
702 1293 803 1325 multa
823 1314 832 1328 ‚
864 1303 928 1324 non
952 1292 1013 1325 sine
1044 1291 1144 1335 specie
1172 1294 1336 1336 gelatinae.

330 1336 389 1369 Sed
413 1339 572 1380 praecipue
594 1339 627 1368 in
651 1337 763 1369 oculos
787 1336 969 1368 incurrebat
992 1335 1060 1369 alba
1094 1338 1237 1380 quaedam
1260 1349 1338 1380 qua-

328 1379 350 1412 si
376 1378 473 1413 sanies
498 1391 552 1422 per
575 1381 773 1412 anteriorum
806 1377 925 1411 cerebri
959 1380 1107 1413 loborum
1141 1379 1336 1423 superficiem

329 1422 470 1456 extensa:
496 1435 566 1466 quae
591 1424 720 1455 materia
743 1423 913 1463 diligenter
935 1424 1113 1457 examinata
1127 1447 1139 1463 ¹,
1162 1436 1266 1457 revera
1289 1424 1337 1457 sa-

328 1468 420 1506 nies,
445 1465 494 1499 sed
517 1466 674 1503 inodora,
697 1465 763 1499 visa
787 1465 829 1499 est
853 1489 859 1502 ‚
884 1467 918 1499 in
941 1465 1006 1509 ipsa
1030 1467 1154 1500 Tenuis
1179 1468 1335 1509 meningis

330 1509 503 1555 substantia
528 1510 706 1545 inhaerens,
732 1508 894 1552 superficie
916 1510 1037 1543 cerebri
1058 1532 1067 1547 ‚
1090 1520 1246 1552 quantum
1270 1510 1336 1543 sen-

329 1554 377 1587 sus
401 1553 541 1594 judicare
565 1563 732 1596 poterant,
757 1554 891 1586 omuino
913 1552 1010 1587 illaesa
1031 1577 1039 1585 .
1072 1553 1120 1585 Ea
1144 1564 1249 1588 autem
1271 1566 1336 1587 me-

329 1597 408 1630 ninx
431 1606 499 1630 tota
525 1597 680 1630 trahentis
703 1607 833 1631 manum
858 1596 951 1629 facile
968 1595 1152 1639 sequebatur
1173 1611 1183 1629 .-
1207 1601 1333 1631 &cere-

327 1639 442 1679 brum,
468 1641 657 1674 cei-<bellum
671 1664 683 1681 ,
707 1651 740 1672 ac
765 1641 850 1673 nervi
865 1640 985 1674 summa
1007 1648 1094 1672 erant
1116 1640 1331 1674 flacciditate.

328 1683 411 1717 Vasa
435 1686 541 1719 omnia
563 1710 570 1723 ,
596 1694 694 1718 etam
717 1686 883 1724 tenuiora,
906 1693 1000 1726 atque
1024 1684 1139 1716 intima
1164 1708 1176 1724 ‚
1209 1683 1336 1727 sangui-

328 1739 365 1761 ne
390 1728 543 1771 turgida:
569 1729 695 1761 Sinibus
707 1737 837 1767 autem,
861 1727 1035 1770 praesertim
1046 1725 1219 1769 majoribus
1235 1751 1244 1766 ‚
1268 1730 1336 1760 ine-

325 1781 397 1804 rant
423 1771 587 1814 polyposoe
610 1773 833 1805 concretiones
855 1795 861 1801 .
897 1773 935 1803 In
958 1770 1147 1804 ventriculis
1181 1772 1336 1804 Laterali-

326 1814 385 1848 bus
413 1814 536 1858 aliquid
561 1827 647 1856 aquae
673 1813 895 1848 adnotavimus
917 1837 929 1855 ‚
963 1818 995 1849 δε
1019 1814 1160 1848 dilutum
1184 1816 1336 1856 plexuum

325 1857 532 1893 Clioroidum
558 1859 722 1892 colorem:
748 1858 883 1903 denique
907 1860 940 1891 in
955 1858 1075 1893 Pineali
1099 1857 1248 1900 glandula
1272 1859 1336 1891 mi-

312 1904 455 1937 nimum
477 1901 668 1936 duriuscuiae
693 1904 830 1937 marei-{ae
854 1901 1043 1936 frustulum.

375 1958 424 1979 12.
448 1948 506 1986 ¹Ne
531 1947 563 1979 in
589 1945 724 1980 frustulo
748 1946 810 1979 hoc
835 1945 950 1979 haereas
974 1972 982 1985 ‚
1018 1946 1065 1978 vel
1090 1945 1193 1979 nostra
1216 1946 1335 1980 facient

325 1991 517 2028 Adversaria
542 1993 595 2032 (g
616 1994 629 2030 )
647 2014 660 2030 2
694 1992 727 2023 iu
753 1990 867 2032 quibus
905 1988 1134 2032 ejusdemmodi
1158 1990 1190 2022 in
1215 1991 1336 2023 Pineali

324 2033 476 2079 glandula
501 2034 668 2067 materiam
701 2033 779 2075 saepe
802 2034 895 2066 nobis
931 2034 1063 2077 aliisque
1088 2033 1336 2067 animadversam

325 2080 597 2116 memoravimus,
623 2077 804 2119 facientque
829 2076 982 2118 Epistolae
994 2076 1031 2110 ad
1056 2086 1087 2109 te
1110 2074 1221 2109 nostrae
1245 2077 1335 2117 (h),

331 2124 449 2170 quibus
474 2122 506 2155 id
531 2120 758 2154 confirmatum
772 2120 894 2153 videbis
909 2144 916 2150 .
942 2121 1013 2153 Nec
1035 2129 1139 2152 tamen
1153 2129 1253 2162 puta,
1279 2131 1336 2161 pro

328 2167 444 2202 morbo
467 2177 481 2197 a
505 2164 597 2197 nobis
621 2176 684 2198 non
709 2162 818 2196 haberi
841 2187 848 2192 -
874 2163 1021 2197 Habetur
1045 2164 1131 2195 enim
1157 2177 1166 2200 3
1201 2162 1252 2196 sed
1277 2174 1337 2206 pro

327 2210 442 2245 morbo
456 2232 466 2248 s
488 2207 579 2251 cujus
595 2206 726 2241 effeetus
736 2206 913 2247 pei-obscuri
927 2230 938 2246 ‚
962 2210 995 2240 &
1018 2205 1202 2239 incertisint
1217 2231 1224 2244 ,
1249 2205 1337 2249 quod

331 2257 406 2287 alias
430 2253 528 2285 nullis
548 2274 557 2288 ,
590 2252 668 2284 alias
693 2251 762 2283 aliis
786 2250 999 2292 praeeuntibus
1031 2249 1303 2292 symptomatibus
1327 2270 1336 2285 ‚

331 2297 469 2339 aliasque
495 2296 564 2328 aliis
587 2294 770 2336 conjunetis
793 2293 911 2325 cerebri
937 2294 1053 2331 vitiis,
1091 2301 1237 2326 occurrat
1254 2316 1261 2323 .
1289 2293 1333 2325 Et

326 2344 468 2389 Joannes
491 2336 622 2380 quidem
647 2337 872 2371 Saizmannus.
899 2335 1046 2370 Medicus
1061 2360 1072 2376 ‚
1095 2335 1172 2368 dum
1194 2337 1338 2376 viveret,

334 2382 542 2422 Doe'iiffimus
566 2382 598 2412 in
625 2379 851 2413 Disiertatione
874 2379 909 2412 cle
933 2379 1086 2412 Glandula
1110 2378 1236 2411 vineali
1258 2377 1339 2419 lapi-

332 2428 489 2471 defiente,
513 2423 679 2467 postquam
703 2422 890 2464 diligentius
912 2445 923 2461 ,
955 2432 1051 2464 quam
1075 2420 1225 2454 haetenus
1259 2421 1344 2461 quis-

333 2483 454 2516 quam>
479 2468 577 2502 ferme
601 2467 707 2500 omnia
733 2492 739 2505 ‚
772 2477 840 2507 quae
865 2475 940 2498 tunc
964 2464 1113 2497 extabant
1135 2487 1147 2503 ,
1177 2463 1343 2497 calculosae

333 2515 399 2559 ejus
410 2512 567 2553 glandulae
591 2511 724 2552 collegit
736 2508 901 2551 exempla,
922 2509 1055 2541 minime
1078 2507 1238 2541 dubitavit
1259 2508 1343 2546 (i),

334 2552 423 2593 cuin*
436 2556 589 2589 dolorum
625 2555 738 2596 capitis
772 2551 1026 2585 intolerabilium
1055 2576 1063 2590 ,
1095 2561 1148 2583 aut
1182 2549 1344 2584 fatuitatis

333 2593 422 2637 causa
446 2599 512 2642 ipsa
537 2597 634 2632 fuerit
674 2606 742 2630 tota
765 2594 888 2638 lapidea
920 2594 1002 2628 facta
1028 2595 1060 2627 in
1092 2595 1161 2626 viro
1184 2606 1199 2626 a
1224 2593 1341 2626 Pseilio

340 2645 421 2689 apud
461 2640 706 2681 Schenckium,
738 2642 769 2673 in
804 2641 928 2680 virgine
963 2649 977 2670 a
1003 2638 1227 2672 Drelincurtio
1258 2636 1341 2678 apud

335 2691 548 2727 Manatum,
571 2686 604 2717 in
630 2684 695 2717 sene
721 2696 735 2716 a
762 2684 909 2725 Kingio,
934 2691 969 2723 ut
982 2681 1023 2715 est
1046 2682 1079 2714 in
1103 2680 1339 2727 AffisAnglic.

337 2725 524 2775 deprehensa
541 2753 548 2761 .
573 2730 699 2762 Verum
724 2726 831 2760 Pfeilii
855 2726 937 2768 lapis
960 2736 999 2757 an
1022 2723 1170 2767 glandula
1193 2723 1250 2757 ista
1275 2724 1342 2756 iue-

337 2787 378 2810 rit
394 2799 405 2816 ³
429 2784 491 2806 non
514 2771 655 2809 constat,
681 2773 712 2804 Sc
737 2771 879 2812 Kingius
903 2771 1046 2812 graviora
1064 2770 1103 2801 in
1126 2768 1253 2813 cerebro
1278 2778 1343 2799 ma-

337 2820 367 2852 la
393 2817 483 2850 fimul
507 2817 652 2856 invenit,
678 2814 917 2848 Dreliucurtius
940 2823 1045 2846 autem
1068 2812 1263 2845 nonsaxeam
1276 2822 1344 2843 rno-

339 2863 383 2895 do
407 2859 614 2899 glandulam,
638 2856 687 2890 sed
711 2856 749 2889 ad
771 2858 824 2889 ovi
847 2856 1014 2898 gallinacei
1032 2855 1276 2897 amplitudinem
1288 2865 1342 2887 au-

339 2899 447 2942 unffi,
473 2913 507 2936 ut
532 2901 553 2935 fi
576 2902 624 2933 vel
650 2899 779 2942 hydatis
800 2923 813 2939 ,
835 2900 883 2932 vel
910 2899 1066 2942 quidquid
1091 2898 1179 2932 aliud
1205 2895 1310 2930 fuisset
1333 2920 1345 2936 ‚

340 2948 391 2981 sua
415 2947 481 2990 ipsa
505 2945 589 2979 mole
613 2941 764 2976 debuisset
778 2944 951 2976 maximum
977 2942 1084 2975 afferre
1094 2942 1342 2986 detrimentum.

341 2991 444 3032 Qod
466 3001 542 3022 vero
568 2987 604 3020 ad
629 2997 775 3020 naturam
799 2988 912 3019 attinet
936 2984 1066 3029 hujusce
1091 2986 1222 3026 morbi,
1244 2986 1345 3017 visum

341 3034 382 3067 est
404 3034 509 3067 dofris
532 3030 719 3073 quibusdam
744 3031 855 3067 Viris,
879 3034 910 3063 ὅ(
935 3031 1127 3063 nominatim
1147 3030 1203 3074 Jo.
1230 3028 1346 3061 Valen-

341 3079 413 3111 tino
438 3076 588 3110 Scheidio
613 3076 645 3106 in
668 3086 700 3106 ea
727 3072 955 3107 Differ-tatione
978 3076 990 3111 (
1013 3073 1031 3113 k
1052 3077 1086 3113 ),
1110 3076 1143 3105 in
1166 3084 1228 3115 qua
1252 3081 1344 3103 caete-

344 3123 460 3163 roquin
486 3120 609 3162 egregie
633 3120 735 3160 ipsum
759 3115 911 3163 praeiyiss‘e
937 3116 1029 3149 video
1050 3116 1261 3149 celeberrimis
1272 3114 1345 3146 Ob-

344 3164 575 3198 scrvatoribus,
598 3164 653 3206 qui
678 3161 842 3194 cerebrum
858 3186 868 3201 ,
892 3162 924 3192 in
949 3159 1089 3201 lapidem
1108 3183 1120 3199 ,
1143 3168 1177 3192 ut
1201 3157 1345 3191 credeba-

344 3219 421 3247 tur,
442 3206 623 3240 conversum
646 3229 658 3245 ‚
680 3203 794 3238 osseam
817 3205 1057 3237 concretionem
1080 3201 1136 3236 esse
1158 3226 1170 3243 ‚
1203 3200 1343 3233 tradide-

346 3261 443 3289 runt3
467 3249 570 3282 visum
594 3247 654 3286 est,
680 3251 813 3290 inquam
836 3270 845 3286 ‚
870 3247 959 3281 illam
983 3257 1111 3290 quoque
1135 3247 1168 3278 in
1191 3243 1341 3286 glandula

347 3295 467 3327 Pineali
493 3291 706 3326 duriusculam
729 3292 891 3324 inventam
916 3291 1078 3323 materiam
1103 3288 1140 3323 ad
1159 3289 1268 3321 offium
1291 3298 1348 3329 po-

350 3341 413 3371 tius
429 3364 437 3376 ‚
462 3348 557 3380 quam
582 3334 619 3367 ad
643 3334 840 3368 calculorum
864 3344 1007 3367 naturam
1029 3332 1120 3367 fuisse
1133 3331 1344 3365 referendam.

353 3381 453 3417 Quod
478 3390 512 3415 ut
536 3378 573 3413 de
596 3378 636 3411 iis
659 3389 770 3420 negare
794 3390 856 3411 nou
880 3377 976 3411 ausim
997 3376 1214 3419 corpusculis,
1237 3385 1305 3416 quae
1318 3372 1355 3406 ab

963 135 1116 194 Liber
1150 133 1185 185 I.
1220 131 1303 185 De
1340 133 1544 186 Morbis
1577 122 1781 198 Capitis

1398 217 1511 242 neutro
1533 209 1672 243 nostrum
1694 206 1858 252 conspeeta
1881 206 1951 246 sunt
1963 232 1975 249 ‚
1997 208 2044 241 ita
2066 206 2252 242 confirmare
2274 207 2397 252 possum

1399 264 1470 295 quae
1493 253 1558 295 ipse
1580 249 1797 295 deprehendi,
1820 261 1854 283 ea
1875 260 1957 284 certe
1980 253 2065 285 inter
2089 250 2213 294 digitos
2237 252 2398 295 compres-

1399 296 1451 334 sa,
1473 297 1506 327 in
1531 296 1686 338 asperulas
1706 294 1792 338 quasi
1826 295 1965 328 arenulas
1996 294 2108 338 saepius
2139 294 2246 329 abiisse
2261 320 2274 336 ‚
2297 307 2395 338 eoque

1398 338 1564 378 friabilia3
1589 338 1676 382 quod
1699 337 1765 380 ipse
1787 337 1957 371 discrimen
1981 337 2020 372 ad
2052 338 2193 372 calculos
2217 339 2257 372 ab
2280 338 2395 372 offibus

1399 381 1657 415 internoscendos
1693 382 1799 424 primo
1827 380 1901 414 Ioco
1934 380 2053 419 affert3
2086 381 2247 415 evidenter
2270 380 2360 416 fuisse
2386 389 2399 417 .’

1399 427 1475 460 Huc
1499 424 1581 459 illud
1604 425 1724 458 accedit
1747 422 1834 468 quod
1857 425 1934 458 alias
1954 428 1970 464 (
1991 424 2003 458 l
2024 429 2038 465 )
2062 424 2222 464 scribam,
2247 424 2397 460 invenisse

1400 481 1448 503 me
1471 479 1698 510 nonnunquam
1720 469 1804 500 intra
1827 467 1907 514 bane
1931 468 2115 511 glandulam
2138 469 2303 502 materiam
2327 480 2398 503 mu-

1398 512 1504 547 cosam
1518 537 1527 552 ‚
1550 514 1583 545 &
1606 511 1801 551 subflavam‚
1823 512 1904 552 iaepe
1925 520 2030 545 autem
2063 511 2216 552 eandem,
2239 511 2397 553 ejusdem.

1399 568 1460 600 que
1490 554 1608 589 coloris
1641 556 1806 588 materiam
1839 562 1925 586 extra
1956 554 2139 597 glandulam
2169 557 2203 588 in
2239 556 2396 588 anteriore

1397 600 1463 642 ejus
1485 598 1565 631 facie
1585 621 1595 637 ,
1631 601 1664 631 δε
1687 597 1859 640 praesertim
1891 597 1931 630 ad
1952 596 2031 632 basis
2063 600 2222 633 anteriora
2254 602 2268 638 ζ
2291 609 2322 633 m
2344 601 2357 637 )
2383 620 2397 638 ‚

1396 655 1467 686 quae
1489 644 1618 675 materia
1641 652 1704 674 non
1729 641 1808 675 dura
1832 640 2002 687 aliquando
2022 665 2036 682 ,
2068 651 2121 676 aut
2145 644 2200 676 vix
2225 641 2362 676 subdura
2386 663 2396 679 ‚

1396 688 1491 722 alias,
1514 687 1596 718 inter
1618 684 1739 726 digitos
1761 683 1934 726 compressa
1953 707 1965 724 ,
1998 684 2203 728 asperasjam
2235 687 2398 718 continere

1394 730 1530 763 arenulas
1553 740 1616 762 non
1639 727 1767 761 obscure
1791 725 1970 761 ostendebat
1998 739 2007 760 .·
2040 728 2154 763 iisdem
2178 738 2283 763 autem
2314 729 2397 761 locis

1394 775 1428 806 in
1451 774 1522 806 aliis
1544 771 1753 805 cadaveribus
1777 777 1830 804 aut
1853 779 1920 803 erat
1942 771 2105 804 evidenter
2127 774 2161 806 in
2176 775 2300 807 minuta
2324 782 2396 815 gra-

1394 818 1466 851 nula
1489 814 1691 850 conformata
1713 817 1727 852 (
1749 826 1768 847 n
1791 819 1827 855 ),
1850 822 1903 846 aut
1927 813 1992 856 ipsa
2016 816 2147 858 quidem
2171 816 2278 850 aberat
2301 828 2311 854 ,-
2344 813 2398 849 sed-

1395 861 1440 893 ibi
1465 869 1553 893 erant
1578 857 1714 892 subduta
1736 857 1921 901 corpuscula
1944 860 2030 897 (o).
2054 860 2134 893 Haec
2149 868 2258 893 antem
2279 870 2397 900 cmpu-

1394 905 1476 938 scula
1499 903 1558 936 sive
1584 899 1779 942 extr-assive
1803 902 1885 933 intra
1898 900 2082 942 glandularia
2104 914 2178 937 cum
2192 902 2255 936 fere
2278 902 2396 935 eodem

1392 960 1458 991 quo
1481 947 1535 980 illa
1561 944 1689 978 arenosa
1712 944 1847 988 denique
1870 945 2003 976 materia
2026 946 2157 986 colore,
2181 945 2322 980 subflavo
2341 946 2393 977 ni-

1393 994 1531 1030 mirum,
1555 997 1608 1023 aut
1633 988 1736 1026 flavo,
1763 987 1791 1020 se
1814 988 1907 1020 nobis
1930 986 2084 1022 obtulerit
2112 1014 2119 1028 ‚
2157 990 2225 1023 imo
2250 986 2397 1022 Vieusse-

1390 1037 1448 1068 nio
1470 1044 1597 1077 quoque
1620 1034 1675 1073 (p
1699 1035 1730 1070 ),
1757 1030 1881 1065 Laubio
1905 1033 1918 1069 (
1941 1041 1959 1072 q
1981 1034 1995 1070 >
2014 1055 2027 1071 ,
2061 1033 2251 1066 Salzmanno
2274 1034 2287 1070 ζ
2310 1042 2325 1064 r
2349 1035 2361 1071 )
2384 1042 2397 1071 ;

1391 1089 1496 1113 nonne
1519 1078 1583 1109 veri
1607 1074 1743 1108 similius
1766 1074 1808 1108 est
1826 1098 1835 1113 ‚
1871 1073 2010 1107 calculos
2033 1073 2091 1108 esse
2109 1100 2123 1116 ‚
2158 1078 2214 1119 qui
2238 1075 2397 1118 paulatim

1392 1133 1430 1154 ex
1452 1121 1561 1153 terreis
1585 1119 1727 1151 materiae
1751 1119 1839 1151 illius
1861 1118 2026 1160 particulis
2040 1141 2048 1155 ‚
2074 1120 2181 1162 aqueis
2204 1120 2306 1162 magis
2328 1129 2396 1151 ma-

1393 1163 1501 1207 gisque
1524 1162 1725 1207 absumptis)
1745 1162 1960 1194 concreverint
1974 1186 1983 1200 ‚
2005 1172 2101 1203 quam
2124 1162 2250 1196 officula
2273 1161 2286 1195 ,Ρ
2313 1172 2397 1204 prae-

1391 1203 1498 1242 sertim
1522 1204 1669 1250 quando,
1693 1206 1713 1236 ii
1740 1214 1915 1246 perpaucos
1938 1207 2120 1246 exceperis,
2141 1208 2246 1240 caeteri
2263 1206 2320 1248 qui
2343 1206 2395 1236 vi..

1389 1251 1525 1288 derunt,
1549 1259 1680 1287 arenas,
1704 1250 1736 1280 ὃς
1760 1246 1884 1290 lapillos
1896 1250 2125 1288 nominarunt,
2148 1260 2202 1282 nec
2226 1248 2326 1283 modo
2337 1249 2394 1290 qui

1389 1295 1461 1329 sunt
1485 1307 1500 1327 a
1524 1293 1715 1326 Salzmanno
1739 1289 1882 1330 laudati,
1913 1289 1965 1323 sed
1988 1292 2020 1322 &
2044 1291 2099 1324 alii
2122 1293 2179 1334 qui
2203 1302 2296 1326 antea
2320 1290 2399 1324 scri-

1389 1338 1511 1381 pserant
1526 1360 1538 1376 ‚
1561 1338 1593 1368 &
1617 1337 1650 1368 in
1674 1332 1724 1367 his
1747 1333 1836 1373 duo,
1858 1345 1939 1376 quos
1961 1333 2032 1366 Cel.
2058 1334 2210 1368 Hallerus
2233 1336 2319 1378 (f)
2343 1334 2396 1367 in-

1387 1381 1497 1421 dicat,
1525 1378 1692 1413 Pechlinus
1717 1401 1728 1417 ,
1752 1380 1785 1410 &
1809 1378 1990 1423 Brutinerus
2010 1401 2019 1414 ‚
2052 1380 2084 1411 δε
2105 1379 2163 1421 qui
2187 1378 2293 1421 postea
2311 1401 2324 1418 ,
2358 1386 2398 1411 ut

1388 1434 1465 1468 puta
1487 1421 1610 1465 legendi
1637 1423 1669 1453 in
1693 1421 1787 1454 Aeris
1809 1422 1959 1453 Caelareae
1984 1420 2030 1453 N.
2043 1422 2083 1453 C.
2096 1421 2282 1457 Academiae
2305 1424 2398 1461 (t),

1388 1471 1421 1502 &
1444 1477 1590 1511 praeterea
1615 1466 1678 1498 Vir
1700 1464 1753 1496 CI.
1781 1463 1865 1496 Phil.
1890 1463 2059 1500 Conradus
2084 1465 2249 1501 Fabricius
2270 1468 2284 1505 (
2306 1475 2326 1497 u
2347 1466 2361 1504 )
2383 1487 2398 1505 ,

1387 1514 1420 1545 &
1442 1512 1595 1554 quoniam
1619 1507 1811 1551 singillatim
1833 1505 1987 1550 designari
2010 1508 2119 1541 cunsti
2144 1520 2210 1543 non
2235 1509 2363 1553 possunt
2383 1529 2397 1548 ‚

1385 1556 1414 1588 is
1438 1554 1547 1588 saltem
1570 1564 1664 1596 quem
1688 1550 1849 1584 noviffime
1872 1550 2035 1593 legimus,
2057 1551 2280 1587 Solertiffimus
2303 1552 2400 1585 Mar-

1384 1600 1521 1631 tinettus
1544 1600 1557 1636 (
1580 1607 1601 1630 x
1621 1599 1635 1636 >
1654 1618 1664 1635 ‚
1698 1606 1715 1627 a
1747 1606 1813 1636 quo
1846 1595 1881 1626 in
1913 1595 2108 1628 Ravennatis
2142 1594 2398 1638 Archiepiscopi

1385 1641 1571 1676 diffefflone
1595 1649 1657 1672 tres
1682 1637 1812 1671 fuerunt
1835 1636 2018 1679 hujusmodi
2044 1636 2158 1672 calculi
2182 1637 2364 1682 deprehensi
2383 1661 2392 1669 .

1386 1686 1434 1719 At
1458 1685 1544 1717 enirn
1567 1684 1593 1715 is
1616 1682 1673 1725 qui
1698 1707 1706 1721 ‚
1740 1691 1812 1713 curn
1837 1691 1917 1713 meas
1951 1680 2066 1713 horum
2089 1692 2174 1715 extra
2208 1681 2395 1724 glandulam

1386 1728 1624 1763 occurrentium
1650 1723 1819 1767 peculiares
1851 1723 2086 1757 observationes
2111 1726 2241 1759 attendo
2260 1749 2269 1762 ‚
2305 1726 2399 1767 longe

1387 1773 1510 1815 primus
1533 1771 1681 1803 omnium
1703 1766 1830 1801 videtur
1851 1778 1963 1801 eorum
1986 1768 2181 1801 mentionem
2204 1768 2309 1803 feciss‘e
2329 1791 2340 1808 ‚
2373 1767 2397 1801 {i

1387 1827 1403 1848 a
1427 1825 1457 1848 te
1480 1814 1689 1856 inspiciatur3
1713 1812 1844 1845 Veteres
1869 1811 2018 1851 Medici,
2040 1811 2187 1854 inquies,
2214 1823 2273 1854 pro
2284 1811 2399 1850 osseis,

1387 1869 1441 1892 aut
1463 1857 1677 1900 cartilagineis
1700 1854 1895 1896 corpusculis
1920 1853 2078 1888 habuere·
2106 1856 2235 1888 Scilicet
2258 1856 2400 1889 Galenus

1387 1903 1421 1935 in
1445 1914 1483 1934 eo
1506 1900 1544 1934 de
1575 1898 1777 1933 Anatomicis
1810 1896 2155 1932 Administrationibus
2188 1899 2274 1932 libro
2307 1901 2400 1943 (Q)

1386 1944 1475 1988 cujus
1499 1952 1724 1987 argumentum
1749 1940 1833 1974 nihil
1857 1940 2013 1984 ejusmodi
2037 1941 2207 1984 pollicetur
2231 1945 2324 1984 (quo
2348 1944 2400 1974 ia·-

1387 1990 1475 2023 Gtum
1501 1997 1581 2031 puto
1600 2012 1609 2026 ,
1639 1995 1674 2019 ut
1700 1985 1766 2029 ejus
1797 1984 1889 2017 verba
1916 1985 1953 2017 ab
1976 1986 2100 2018 nemine
2122 1983 2245 2019 fuerint
2265 2008 2278 2025 ,
2310 1983 2401 2028 quod

1387 2033 1509 2071 sciam,
1531 2029 1668 2064 iuliane
1693 2040 1758 2062 rem
1779 2027 1959 2071 produ8ca;
1983 2027 2040 2061 nisi
2064 2027 2150 2061 forte
2173 2031 2218 2061 ita
2233 2052 2242 2067 ,
2268 2029 2317 2062 uti
2333 2030 2403 2062 Ve-

1387 2076 1481 2109 salius
1505 2078 1518 2113 (
1542 2086 1567 2117 z
1587 2075 1600 2111 )
1623 2096 1635 2112 ,
1666 2072 1708 2105 ob
1731 2070 1764 2104 id
1799 2069 1998 2113 reprehensus
2035 2071 2075 2105 ab
2098 2072 2242 2107 Riolano
2275 2075 2289 2111 <
2312 2083 2330 2105 a
2353 2076 2366 2110 )
2390 2094 2403 2111 ‚

1389 2120 1529 2163 plerique
1553 2116 1771 2151 intellexerint
1794 2117 1807 2153 >
1830 2114 2086 2158 Galenusigitur
2110 2115 2171 2150 suis
2198 2115 2403 2157 temporibus

1389 2160 1557 2206 quaesitum
1579 2157 1637 2194 esse
1651 2183 1659 2195 ‚
1686 2157 1797 2191 scribit
1818 2179 1827 2194 ,
1860 2168 1935 2190 num
1958 2158 2214 2201 cartilaginosum
2237 2158 2405 2201 quippiam

1384 2216 1479 2248 penes
1502 2202 1618 2237 cerebri
1637 2200 1802 2243 glandem,
1829 2211 1893 2242 quae
1915 2211 1933 2233 a
1957 2200 2094 2234 turbinis
2113 2201 2171 2244 seu
2193 2202 2289 2243 pineae
2312 2202 2403 2234 nucis

1381 2247 1593 2291 fimilitudine
1626 2245 1740 2277 Graecis
1772 2249 1900 2286 κωνοίριον
1934 2244 2114 2286 appellatur
2143 2270 2152 2285 ‚
2199 2243 2253 2277 'vel
2285 2243 2402 2289 osseum

1388 2287 1558 2325 inhaereat?
1575 2288 1649 2330 pari
1671 2287 1758 2320 modo
1782 2286 1878 2318 etiam
1889 2309 1901 2325 ,
1925 2286 1957 2319 in
1980 2285 2159 2329 quola-'berne
2182 2290 2269 2321 corde
2298 2309 2307 2323 ‚
2333 2296 2408 2319 car--¹

1389 2334 1573 2376 tilagineam
1593 2330 1645 2363 vel
1667 2327 1775 2372 osseam
1798 2328 1952 2370 quandam
1970 2329 2167 2370 particulam
2172 2331 2217 2372 fit
2240 2330 2406 2365 invenire,

1393 2387 1432 2409 an
1455 2377 1488 2409 in
1510 2373 1631 2417 magnis
1653 2373 1809 2405 duntaxat
1829 2370 1844 2403 ,ἕ
1878 2371 1949 2403 Nec
1973 2380 2005 2404 te
2039 2371 2122 2405 illud
2156 2382 2280 2405 moveat
2313 2373 2404 2415 quod

1394 2428 1560 2460 utramque
1583 2416 1663 2449 hanc
1687 2414 1890 2458 quaestionem
1914 2415 1962 2447 ibi
1989 2416 2074 2447 inter
2088 2411 2232 2457 frivolas
2267 2425 2403 2457 reponat

1394 2462 1556 2495 Galenus.
1583 2460 1652 2501 Ipse
1677 2460 1763 2491 enim
1786 2456 2031 2492 secundamtum
2055 2457 2167 2490 eodem
2180 2460 2289 2500 Opere
2314 2456 2405 2499 (b),

1396 2508 1468 2538 tu‘m
1491 2516 1529 2536 eo
1552 2502 1640 2547 quod
1663 2499 1821 2544 inscripsit
1844 2499 1882 2534 de
1918 2500 1989 2535 Usu
2015 2501 2159 2534 Partium
2180 2509 2192 2539 (
2216 2513 2232 2534 c
2255 2505 2268 2541 )
2291 2524 2304 2541 ‚
2336 2504 2406 2535 uti-

1397 2549 1460 2582 lem
1480 2545 1559 2587 eise,
1581 2545 1743 2585 ostendit,
1765 2555 1840 2577 cum
1861 2544 1964 2577 verbis
1988 2555 2052 2577 non
2077 2545 2123 2577 ita
2148 2545 2258 2588 paucis
2282 2545 2406 2578 traeta-

1392 2594 1440 2625 vit
1454 2618 1461 2627 .
1484 2603 1522 2623 ex
1544 2589 1660 2633 quibus
1676 2586 1832 2631 frivolam
1853 2598 1915 2629 qua
1938 2597 2043 2620 mente
2068 2586 2187 2620 dixerit
2211 2613 2221 2628 ,
2256 2589 2408 2631 praeclare

1392 2636 1573 2676 intelliges.
1600 2633 1739 2665 Primam
1764 2640 1869 2669 autem
1893 2642 1949 2664 cur
1974 2630 2170 2671 redarguerit
2196 2654 2208 2670 ,
2230 2643 2269 2664 ex
2287 2632 2409 2665 Riola·

1394 2691 1436 2712 no
1460 2682 1473 2719 (
1496 2679 1515 2710 d
1536 2682 1549 2718 )
1571 2675 1763 2718 cognosces.
1789 2675 1863 2707 Nos
1878 2684 1985 2711 autem
2007 2683 2180 2717 utrumque
2191 2686 2229 2708 os
2243 2698 2255 2715 ,
2278 2685 2342 2707 non
2365 2684 2404 2709 ut

1394 2720 1564 2756 secundum
1599 2729 1745 2752 naturam
1777 2728 1918 2751 creatum
1939 2740 1948 2755 ‚
1983 2717 2033 2750 sed
2057 2727 2092 2750 ut
2117 2728 2231 2760 praeter
2256 2727 2407 2754 naturam

1395 2765 1540 2804 fmftum,
1563 2763 1623 2796 hoc
1633 2772 1778 2804 tempore
1801 2760 1998 2802 speetamus:
2022 2761 2092 2793 imo
2103 2760 2192 2804 quod
2217 2761 2300 2804 apud
2314 2762 2406 2803 glan-

1394 2809 1502 2842 dulam
1526 2818 1583 2840 nos
1606 2805 1735 2849 quidem
1759 2804 1906 2838 haeftenus
1930 2803 2145 2845 offendimus,
2170 2816 2234 2838 non
2258 2804 2344 2839 secus
2369 2816 2406 2838 ac

1394 2851 1480 2896 quod
1505 2852 1537 2883 in
1564 2849 1737 2892 glandula,
1761 2848 1865 2882 multo
1888 2849 1992 2880 minus
2016 2858 2075 2888 os,
2098 2859 2196 2892 quam
2221 2849 2409 2881 concretio-

1394 2907 1465 2928 nem
1489 2894 1603 2927 calculi
1627 2892 1784 2933 similem,
1808 2891 1910 2924 visum
1934 2890 1990 2925 effe
2014 2899 2050 2924 ut
2074 2892 2250 2934 plurimum
2273 2892 2369 2925 nobis
2396 2913 2408 2929 ,

1394 2938 1531 2971 fatemur
1553 2937 1595 2971 ob
1619 2948 1667 2970 eas
1681 2961 1694 2977 ‚
1716 2947 1786 2978 quae
1809 2933 1957 2968 indicatae
1982 2934 2078 2974 sunt,
2097 2935 2224 2969 causas:
2249 2935 2409 2977 quibus&

1397 2981 1479 3016 hanc
1515 2979 1607 3013 addes
1627 3004 1640 3021 ,
1673 2991 1712 3012 ex
1744 2979 1874 3010 materia
1908 2977 2005 3011 viridi
2038 2980 2256 3012 concretiones
2289 2978 2408 3012 virides

1399 3030 1408 3065 (
1433 3026 1495 3058 hoc
1518 3025 1692 3066 enimquo
1717 3033 1752 3055 ue
1776 3021 1885 3053 colore
1908 3020 1961 3053 hic
1985 3021 2112 3063 lapillos
2135 3022 2252 3063 reperit
2278 3022 2408 3055 Vestius

1398 3073 1412 3108 (
1435 3080 1449 3101 e
1472 3072 1486 3108 )
1508 3072 1520 3108 )
1543 3067 1670 3101 existere
1711 3065 1823 3097 acilius
1848 3062 1931 3106 posse
1963 3090 1972 3104 ‚
2007 3077 2101 3107 quam
2125 3064 2242 3098 viridia
2275 3065 2409 3108 usquam

1396 3110 1458 3145 ossa
1482 3111 1645 3154 pronasci-
1673 3111 1888 3143 Veruntamen
1912 3107 2065 3150 siquando
2087 3107 2276 3142 craffiuscula
2302 3109 2409 3152 aliqua

1398 3154 1454 3188 sub
1477 3166 1606 3187 manum
1629 3152 1776 3189 redeant3
1800 3162 1863 3183 non
1887 3150 2039 3185 duritiem
2061 3150 2185 3192 modo,
2209 3160 2262 3183 aut
2276 3152 2410 3186 combu-

1397 3197 1537 3232 storum,
1562 3207 1597 3231 ut
1620 3194 1790 3239 aliquando
1805 3220 1814 3233 ‚
1838 3193 1982 3227 nidorem
1997 3195 2180 3234 attendere,
2203 3193 2254 3227 sed
2278 3206 2333 3237 per
2346 3197 2407 3228 alia

1397 3240 1525 3284 insuper
1548 3241 1762 3283 experimenta
1796 3239 1957 3280 inquirere
1979 3251 2091 3274 eorum
2114 3242 2260 3271 naturam
2292 3238 2410 3272 consti-

1401 3286 1474 3324 tui:
1497 3286 1678 3325 intereaque
1702 3293 1766 3315 rem
1785 3305 1799 3322 ‚
1821 3290 1857 3314 ut
1884 3283 1959 3316 alias
1983 3281 2076 3322 feci,
2106 3283 2141 3314 in
2174 3280 2280 3315 medio
2312 3282 2411 3315 relin-

1428 3339 1517 3362 uere.

1405 3341 1425 3370 q
1452 3382 1499 3413 13.
1525 3369 1625 3412 Qod
1648 3368 1732 3402 mihi
1755 3368 1802 3402 vel
1829 3369 1928 3411 magis
1950 3367 1987 3403 de
2011 3380 2081 3402 vera
2107 3367 2202 3401 saniei
2230 3367 2318 3410 illius
2340 3367 2406 3418 sca-

2284 3421 2365 3445 turi-

355 3495 2408 3515 W

500 3562 594 3586 Differt.
614 3565 684 3586 Anat.
704 3564 725 3587 1.
744 3571 768 3586 n.
787 3570 825 3586 io.
887 3562 901 3590 (
914 3570 932 3592 g
948 3562 963 3590 >
980 3562 1025 3585 Vl.
1043 3561 1125 3585 Anim.
1141 3568 1161 3590 9.

508 3592 535 3615 de
552 3592 624 3616 duob.
641 3593 712 3617 offic.
731 3594 755 3616 in
773 3592 869 3617 cerebro
886 3595 967 3621 apopl.
985 3596 1063 3620 quaen.
1083 3600 1105 3615 2.
1124 3594 1145 3615 8³
1163 3599 1182 3619 3·

504 3654 622 3680 Neurogr.
639 3654 654 3676 l.
675 3661 692 3676 1.
711 3662 730 3677 c.
751 3662 785 3677 ιι.

500 3684 533 3706 Τ.
553 3692 572 3712 5.
591 3682 647 3706 Obs.
664 3685 701 3706 68.
721 3684 741 3706 δι
759 3686 790 3707 T.
806 3686 829 3706 6.
849 3684 905 3707 Obs.
925 3691 962 3712 14.

480 3713 494 3742 )
510 3714 546 3736 De
563 3720 630 3740 corp.
649 3712 714 3736 hum.
730 3712 788 3737 fabr.
807 3713 824 3736 l.
846 3722 861 3737 1.
881 3722 901 3737 c.
918 3717 940 3737 6.

409 3747 423 3776 ί,
441 3745 479 3773 e')
498 3743 557 3772 apud
576 3745 717 3767 Salzmann.
733 3743 805 3768 Thes.
824 3743 863 3768 eit.
882 3751 916 3773 13.

1222 3560 1237 3589 (
1253 3559 1266 3582 b
1281 3558 1295 3587 2
1312 3558 1570 3585 V1.n.12.X.n.17.
1589 3555 1635 3579 x1.
1651 3561 1720 3580 mu.

1246 3592 1250 3614 (
1271 3590 1280 3613 l
1299 3592 1306 3619 )
1324 3587 1395 3616 Epist.
1413 3595 1448 3611 21.
1466 3595 1489 3610 n.
1506 3596 1543 3615 2⁴·

516 3622 580 3650 Epist
606 3630 627 3646 1.
647 3631 671 3646 n.
691 3632 727 3648 ie.
745 3623 818 3652 Epist.
836 3631 858 3652 3.
878 3631 903 3647 n.
924 3631 959 3649 Μ.
976 3623 1040 3651 Epist
1068 3624 1090 3646 8.
1110 3630 1133 3646 n.
1152 3629 1172 3649 9.
1190 3620 1263 3650 Epist.
1284 3627 1318 3647 14.
1337 3626 1358 3642 n.
1379 3626 1414 3649 33.

848 3654 862 3683 (
879 3662 893 3683 q
910 3653 923 3682 )
941 3652 1001 3682 Eph.
1021 3656 1054 3678 N.
1071 3654 1099 3676 C.
1117 3654 1188 3677 Ceut.
1207 3659 1228 3678 9.
1245 3649 1305 3673 obs.
1320 3653 1357 3676 63.

1026 3684 1040 3712 (
1056 3691 1071 3706 u
1087 3683 1100 3711 )
1118 3682 1171 3708 Idea
1190 3684 1263 3705 Anat.
1283 3679 1364 3712 Prarfb
1377 3680 1436 3703 Sect.
1453 3688 1477 3707 4·

1002 3715 1015 3743 (
1030 3721 1046 3738 a
1061 3713 1075 3742 )
1092 3713 1115 3738 in
1134 3715 1150 3737 1.
1169 3713 1255 3737 Galen.
1271 3711 1298 3735 de
1316 3710 1389 3735 Oflib.
1406 3708 1455 3739 post
1471 3717 1492 3734 c.
1513 3716 1548 3739 3².

1782 3555 1797 3583 (
1812 3555 1822 3578 a·
1836 3553 1850 3583 )
1866 3553 1935 3580 Thes.
1954 3561 1990 3582 ις.

1477 3620 1482 3645 [
1502 3626 1516 3640 n
1536 3619 1542 3645 )
1560 3616 1631 3645 Epist.
1649 3618 1672 3641 8.
1692 3624 1715 3640 n.
1733 3619 1756 3639 6.
1817 3616 1832 3645 ζ
1847 3624 1860 3640 a
1876 3615 1890 3644 )
1906 3615 1979 3644 Epist.
1997 3623 2022 3644 7.
2040 3622 2063 3638 n.
2081 3621 2120 3644 ις.
2138 3613 2213 3643 Epist.
2229 3616 2254 3638 8.
2272 3621 2296 3637 n.
2316 3620 2351 3643 ις.

1418 3649 1431 3678 (
1448 3657 1459 3672 r
1474 3649 1488 3677 )
1504 3647 1560 3672 Diff.
1578 3647 1612 3670 cit
1636 3647 1708 3671 Thes.
1728 3654 1763 3675 13.
1828 3646 1896 3675 (s)
1913 3646 1941 3670 ad
1959 3646 2065 3670 Praelee't.
2082 3646 2171 3678 Boerh.
2191 3645 2214 3674 §.
2232 3647 2288 3673 ²96·
2306 3648 2358 3668 not.
2375 3651 2399 3673 p.

1539 3679 1553 3708 (
1570 3687 1583 3702 x
1600 3678 1614 3706 )
1632 3680 1728 3702 Lettera
1744 3676 1806 3701 della
1824 3678 1935 3706 Separat.
1952 3676 2016 3705 degli
2035 3683 2114 3700 umorl
2125 3691 2131 3698 .
2197 3676 2211 3705 (
2224 3684 2241 3705 y
2257 3675 2271 3703 )
2287 3683 2308 3703 4.
2325 3681 2348 3698 c.
2366 3683 2387 3699 1.

1913 3707 2153 3736 (c)1.⁶.c.19.
2215 3705 2392 3735 (d)c.cit.

1611 3707 1851 3737 (b)l.7.c.1o.
