2498 4075
435 276 657 342 Epistola
696 276 856 328 Anat.
892 275 1108 330 Medica
1143 275 1238 326 ix.
1274 275 1398 327 Art.
1420 277 1481 334 ’ςρ’
1518 276 1573 329 &
1607 277 1653 327 6.

67 353 124 385 ciae
148 351 217 389 diue
241 353 402 395 sanguinis
435 350 598 385 mittendae
622 349 741 384 fuerint
757 361 774 393 ·,
811 363 887 386 mox
907 376 919 393 ‚
952 352 990 385 ab
1013 351 1063 386 his

68 394 150 428 liber
169 417 183 435 ,
213 396 378 438 epileptici
404 395 524 439 aliquid
549 394 592 427 ob
624 394 836 430 dentitionem
860 394 982 438 passus,
1006 407 1064 428 no-

69 438 184 471 viffime
228 437 326 472 dum*
350 440 427 472 alter
460 451 475 471 e
506 438 622 471 caninis
656 437 804 474 dentibus
850 439 1061 481 superioribus

13 511 15 513 .
69 481 199 525 prodire
221 483 395 524 inciperet,
419 493 523 515 verum
546 480 603 514 esl‘e
625 480 759 515 ostendit
783 483 994 525 Hippocratis
1028 494 1061 514 a-

69 524 272 567 phorismum
295 528 310 565 (
331 537 346 559 c
367 529 402 565 ),
416 522 525 565 febres
549 525 650 566 pueris
672 549 685 565 ‚
716 528 748 558 &
771 525 977 567 convulfiones
998 526 1060 557 mi—

70 570 174 601 nantis
199 571 332 602 maxime
353 578 422 600 cum
445 568 569 600 caninos
592 569 685 601 edunt
708 571 811 603 dentes
833 593 840 600 .
865 570 953 602 Nam
977 567 1061 600 febre

68 613 208 654 primum
232 634 244 651 ,
275 620 343 643 tum
368 611 530 652 repentina
567 611 740 652 gravissima
763 610 906 655 epilepsia
930 610 1062 654 prehen-

66 654 139 691 sus,
163 653 230 698 jam
252 654 404 693 stertens,
426 656 457 686 &
478 652 540 685 sine
563 652 629 687 ullo
642 655 871 697 propemodum
895 653 1063 697 pulsusin-

69 697 158 731 dicio
182 698 220 730 ab
244 695 397 731 accersitis
422 696 563 730 Medicis
586 698 730 731 inventus
754 697 815 732 est.
841 699 909 739 Qi
932 709 1004 731 cum
1027 698 1062 730 in

69 740 224 784 ejusmodi
249 738 397 781 angustiis
421 738 537 773 succini
562 741 633 773 oleo
644 741 797 781 nucham,
819 750 986 781 tempora,
1009 751 1062 782 ηειτ

70 796 117 818 res
141 780 358 823 inuiixiffent',
381 782 432 816 his
455 782 527 816 salis
539 785 732 817 ammoniaci
742 795 803 817 non
820 785 966 826 spiritum
991 784 1063 827 qui-

69 829 163 868 dem,
187 825 237 859 sed
262 826 360 859 levem
386 826 515 868 spiritus
538 826 665 860 odorem
689 826 884 871 subjecissent
911 853 920 868 ‚
952 826 989 860 ad
1012 838 1066 869 pe-

70 871 122 905 des
146 868 310 903 columbas
332 867 473 902 dissectas
489 869 706 912 applicuissent
721 896 729 910 ,
753 872 882 913 paulum
897 872 1065 904 remitten-

70 924 101 947 te
125 914 153 947 se
176 912 317 953 morbo,
341 911 524 956 arteriisque
549 914 739 948 micantibus
759 937 772 954 ‚
807 914 989 956 sanguinem
1010 912 1063 946 de-

69 957 192 992 trahere
218 956 255 989 ad
279 965 339 989 tres
362 957 470 988 uncias
495 968 556 990 non
579 957 764 991 dubitarunt
785 982 791 989 .
817 958 911 990 Unde
936 957 1065 999 respira-

69 1001 118 1034 tio
141 1001 270 1042 quidem
293 1001 398 1032 minus
422 997 562 1033 difficilis
588 1000 671 1034 fasta
694 1001 735 1036 est
750 1023 759 1039 ‚
787 1012 921 1043 puerque
945 1023 953 1036 ,
977 1000 1062 1042 quasi

70 1043 107 1077 ad
133 1043 161 1076 se
187 1043 309 1075 rediens
325 1065 335 1082 ‚
359 1041 483 1076 sublato
506 1042 673 1078 brachiolo
696 1043 834 1077 frontem
867 1042 1033 1086 perfricuit
1058 1068 1065 1076 .

70 1085 129 1120 Sed
153 1085 385 1125 nihilominus,
407 1097 479 1120 cum
500 1087 530 1118 vi
557 1086 660 1120 morbi
684 1084 862 1130 oppressum
885 1095 980 1128 caput
1005 1087 1066 1119 mi-

69 1130 153 1163 nime
177 1130 386 1167 relevaretur3
409 1130 486 1172 quin
510 1130 713 1164 Medicorum
737 1130 849 1172 digitis
869 1153 881 1170 ,
904 1132 1064 1172 experien-

69 1173 102 1206 di
125 1172 241 1213 causa,
264 1174 395 1214 propius
418 1172 528 1206 oculos
552 1174 688 1207 admotis
709 1198 722 1215 ,
759 1172 793 1206 hi
814 1197 826 1214 ,
859 1175 977 1216 quippe
999 1173 1064 1217 jam

68 1215 155 1258 nihil
176 1224 357 1256 cernentes,
381 1216 547 1259 perstarent
559 1218 683 1259 aperti3
707 1217 905 1251 intellefturn
917 1217 978 1254 est,
1003 1217 1066 1250 ser-

67 1260 133 1292 vari
158 1270 288 1302 puerum
311 1270 373 1291 non
397 1257 479 1302 poffe
502 1272 512 1290 .·
543 1261 599 1301 qui
624 1260 709 1295 sexta
741 1261 779 1294 ab
803 1260 936 1294 insultus
967 1261 1066 1294 initio

68 1301 148 1336 hora
171 1304 275 1335 vivere
297 1301 389 1335 desiit
403 1328 410 1335 .
544 1305 734 1338 CRANIO
756 1315 773 1338 a
796 1302 928 1337 Medico
948 1304 1068 1337 doetis-

70 1344 151 1379 fimo
177 1348 270 1378 Petro
296 1346 482 1380 Molinellio
506 1347 646 1388 recluso,
674 1358 738 1380 non
762 1347 833 1390 plus
858 1348 1068 1390 aquaeinven-

70 1398 143 1423 tum
165 1390 207 1423 est
231 1400 327 1431 quam
349 1399 420 1423 ante
443 1390 535 1430 dixi,
559 1389 685 1435 ejusque
708 1416 717 1431 ‚
752 1402 767 1423 a
792 1390 929 1423 sectione
953 1389 1068 1423 fortas-

69 1433 124 1473 se,
149 1431 343 1477 subcruentae
369 1443 438 1467 tum
461 1436 493 1467 in
518 1433 643 1467 cerebro
664 1457 674 1472 ,
707 1432 792 1477 quod
816 1441 881 1465 erat
904 1433 1035 1467 mollius
1058 1457 1070 1474 ,

68 1486 139 1511 tum
163 1477 245 1509 circa
270 1477 375 1519 ipsum
397 1477 536 1518 undique
565 1492 587 1517 ,s
612 1476 660 1511 sed
684 1476 856 1520 praesertim
881 1475 917 1509 ad
940 1475 1036 1509 basim
1060 1501 1068 1509 .

198 1518 338 1552 Thorax
361 1532 393 1553 ea
417 1522 450 1553 i'n
475 1529 563 1562 parte
586 1532 646 1563 qua
672 1520 834 1562 angustior
854 1519 955 1553 fuerat
976 1543 988 1560 ,
1012 1520 1070 1552 ali-

68 1561 147 1606 quid
169 1560 392 1607 habuiteffusi
418 1564 596 1604 sanguinis:
623 1563 766 1607 sedesque
779 1562 860 1596 unde
883 1561 936 1596 hic
959 1575 974 1595 e
997 1566 1068 1606 pul-

69 1618 163 1640 mone
193 1608 312 1639 exierat
349 1630 363 1647 ,
405 1605 488 1649 quasi
521 1606 605 1639 erosa
628 1630 641 1646 ‚
692 1609 724 1639 &
754 1616 905 1649 corrupta
941 1606 1070 1641 videba-

67 1658 140 1684 tur.

114 1703 140 1727 s.
167 1692 320 1734 Qaeres,
348 1702 385 1725 an
410 1693 576 1726 tantillum
599 1704 685 1736 aquae
708 1692 834 1726 credam
860 1689 943 1735 posse
966 1701 1070 1726 tantas

68 1735 176 1769 tin-bas
198 1737 279 1767 ciere
304 1758 317 1775 ,
347 1735 477 1778 quando
501 1737 547 1768 vel
582 1748 620 1770 ex
645 1736 853 1779 Sepulchreto
891 1735 960 1776 ipso
985 1734 1069 1779 (f)

67 1778 247 1821 intelligis,
270 1779 450 1820 Fernelium
473 1802 481 1817 ‚
506 1782 538 1812 δε
564 1779 710 1813 Erastum
737 1777 927 1814 admonuisse
951 1802 959 1816 ,
992 1790 1030 1813 ne
1052 1791 1068 1812 a

66 1821 166 1856 multa
191 1820 319 1865 quidem
341 1821 420 1864 saepe
442 1822 511 1855 fieri
524 1822 704 1866 epilepsiam
718 1846 730 1862 ,
755 1823 807 1856 sed
829 1821 996 1865 soporosos
1010 1834 1067 1865 po-

65 1867 133 1906 tius
156 1864 286 1899 affedtus
305 1888 317 1905 ,
350 1864 437 1908 quod
461 1868 493 1899 ἃ
526 1866 637 1900 nostrae
670 1865 843 1908 superiores
874 1865 1066 1899 confirmant

64 1908 98 1943 'E
123 1907 244 1943 istolae:
267 1909 346 1950 quin
372 1908 548 1942 Willisium
569 1912 623 1952 (g
644 1913 677 1950 ),
701 1912 733 1942 &
756 1910 861 1944 multo
885 1918 956 1943 ante
980 1910 1067 1941 Wil-

69 1952 92 1985 li
109 1963 177 1985 ium
207 1951 387 1996 Henricum
412 1953 566 1986 Petraeum
592 1956 612 1993 .(
634 1952 654 1986 h
675 1957 690 1994 )
723 1964 740 1986 a
775 1953 880 1987 subita
916 1951 1070 1995 epilepfiae

68 2005 140 2030 tum
162 1993 339 2035 invasione,
365 2003 434 2029 tum
453 1996 612 2030 solutione
636 2007 820 2039 argumenta
832 1994 1009 2038 repetiisse,
1033 2007 1071 2029 ex

67 2038 185 2087 quibus
208 2049 354 2081 apparere
375 2038 541 2072 censebant
565 2065 573 2078 ,
604 2050 640 2072 ne
666 2039 749 2082 posse
772 2040 902 2083 quidem
927 2040 965 2072 ab
993 2050 1070 2081 aqua

70 2083 158 2116 fieri.-
182 2080 270 2125 quod
295 2083 328 2114 in
352 2083 393 2115 iis
415 2081 534 2115 casibus
558 2094 620 2115 non
644 2082 770 2117 videtur
793 2082 971 2125 negandum
994 2107 1002 2121 ,
1038 2084 1071 2114 in

70 2125 185 2169 quibus
210 2124 291 2158 nihil
316 2127 451 2159 omnino
475 2125 668 2168 invasionem
693 2126 869 2168 praecedit,
893 2124 1072 2159 &solutio-

70 2180 145 2202 nem
169 2165 371 2212 subsequitur
402 2168 490 2212 quod
512 2169 674 2203 cerebrum
709 2171 812 2203 minus
836 2170 937 2201 valere
972 2167 1073 2201 osten-

68 2212 146 2247 dat.
281 2213 363 2246 Non
395 2211 449 2244 hic
473 2221 576 2244 tamen
602 2212 743 2254 sequitur
768 2235 780 2251 ,
804 2211 888 2244 haud
912 2211 995 2253 posse
1017 2222 1073 2243 co-

70 2255 209 2289 mitiales
232 2254 371 2289 insultus
393 2255 426 2286 in
450 2254 523 2287 aliis
548 2252 666 2287 casibus
692 2253 731 2286 ab
754 2266 831 2296 aqua
856 2253 922 2286 sieri
942 2277 956 2294 ‚
979 2265 1074 2295 eaque

72 2300 170 2333 etiam
194 2297 322 2331 modica
338 2321 347 2337 ‚
371 2306 406 2330 ut
430 2295 515 2329 infra
538 2297 792 2337 declarabimus,
813 2296 835 2329 fi
860 2298 947 2339 prius
970 2308 1075 2330 exem-

72 2342 127 2385 pla
152 2341 273 2382 aliquot
297 2340 431 2375 illorum
455 2340 654 2373 attulerimus
671 2363 682 2380 ,
705 2351 803 2381 neque
816 2351 880 2372 uno
905 2340 1001 2373 modo
1024 2341 1075 2372 in-

71 2396 119 2420 ter
142 2384 171 2418 se
194 2383 441 2426 discrepantium
464 2405 473 2420 ‚
504 2385 537 2415 in
560 2383 674 2426 quibus
698 2382 780 2416 nihil
814 2382 907 2416 facile
930 2381 1020 2416 fuisse
1045 2394 1076 2416 a-

73 2439 144 2473 quae
157 2451 170 2468 ,
193 2437 251 2461 nos
261 2439 386 2470 quoque
397 2426 483 2460 ultro
495 2450 507 2466 ,
531 2427 725 2468 libenterque
737 2425 959 2468 agnoscamus.
985 2426 1074 2459 Nam

73 2473 215 2516 primum
247 2470 284 2504 de
306 2471 464 2503 Patavino
486 2471 570 2502 Viro
604 2470 747 2503 Patricio
769 2479 868 2503 annos
891 2479 967 2502 nato
991 2469 1075 2502 sexa-

75 2516 167 2558 ginta
189 2522 329 2555 quatuor
351 2514 431 2545 olim
455 2512 654 2550 audivimus,
680 2512 707 2545 se
730 2524 803 2546 curn
827 2524 944 2546 annum
969 2521 1073 2555 ageret

72 2558 209 2592 alterurn
231 2559 263 2590 ὃς
286 2554 558 2599 quadragesimum
580 2580 591 2596 ‚
616 2555 794 2591 vehementi
819 2557 864 2588 ira
886 2580 899 2596 ,
929 2559 961 2589 ὃ(
984 2555 1076 2589 simul

74 2599 332 2645 propemodum,
357 2601 460 2642 prima
484 2599 629 2642 epilepsia
654 2608 836 2645 correptum
857 2611 896 2632 ex
919 2600 1076 2641 improvi-

74 2644 109 2678 so
129 2667 142 2684 ,
171 2641 314 2676 cecidisse
334 2665 345 2683 ,
379 2642 449 2685 post
472 2644 672 2687 multumque
705 2643 908 2684 interiectum
951 2653 1076 2685 teinpus

76 2698 152 2721 cum
185 2685 319 2720 eundem
343 2686 437 2719 illum
471 2688 646 2729 cui-iratus
679 2695 746 2719 erat
771 2708 780 2724 ‚
814 2685 900 2718 forte
923 2685 1075 2726 vidisset,

75 2732 197 2764 iterum
218 2728 385 2770 cecidisse,
408 2729 523 2763 deinde
538 2739 644 2766 autem
665 2729 711 2762 vel
725 2741 763 2761 eo
786 2739 850 2761 non
874 2728 967 2769 viso,
990 2728 1077 2763 idem

75 2773 155 2811 fibi,
180 2776 211 2806 &
236 2772 313 2815 saepe
336 2772 465 2816 quidem
489 2774 633 2807 accidisse
661 2773 763 2806 donec
774 2771 900 2806 duobus
924 2773 1013 2813 illis,
1039 2784 1076 2805 ari

75 2817 180 2852 tribus
203 2814 366 2859 postremis
390 2817 479 2850 annis
503 2816 636 2850 nonnisi
661 2815 851 2859 quibusdam
875 2819 990 2849 mentis
1001 2826 1079 2859 qua-

77 2860 101 2894 fi
123 2859 397 2893 obscurationibus
420 2870 650 2904 nonnunquam
674 2868 874 2899 tentaretur,
897 2858 957 2892 sive
974 2859 1079 2893 morbi

77 2905 145 2937 vim
169 2903 300 2944 longum
324 2912 446 2946 tempus
469 2902 533 2947 jam
557 2915 670 2945 magna
693 2914 731 2935 ex
743 2913 831 2945 parte
855 2901 1016 2946 fregisset,
1039 2902 1079 2935 si-

78 2959 116 2981 ve
140 2945 245 2979 morbi
270 2946 375 2980 causas
398 2948 573 2980 nicotionae
599 2945 703 2980 herbae
729 2946 833 2988 pulvis
848 2971 855 2983 ‚
879 2957 973 2988 quem
996 2948 1079 2979 nari-

83 2991 163 3027 bus,
188 2998 225 3022 ut
250 2987 286 3021 fit
310 3011 322 3029 ,
344 2989 501 3024 attrahere
527 2999 693 3032 coeperat,
717 2987 877 3022 minuisset
899 3011 907 3025 ,
930 2988 970 3023 sic
993 2991 1078 3022 enim

80 3034 222 3069 multum
246 3032 314 3064 sane
337 3032 480 3067 humoris
503 3044 556 3076 per
579 3045 646 3066 eam
670 3033 756 3065 viam
774 3030 925 3065 effluebat
940 3057 948 3064 .
975 3033 1082 3075 Qeni

82 3087 120 3112 ut
142 3076 249 3110 credas
272 3074 310 3107 ad
333 3078 468 3117 primam
491 3075 647 3120 epilepsiae
670 3075 797 3110 causam
820 3075 986 3114 accessisse,
1019 3087 1083 3109 non

83 3130 176 3164 putes
201 3127 285 3151 certe
309 3127 385 3152 tunc
409 3118 512 3154 fecisse
535 3132 607 3153 cum
632 3119 725 3154 semel
748 3129 841 3162 atque
863 3121 980 3153 iterum
997 3121 1080 3153 invi-

82 3164 107 3198 fi
140 3162 284 3197 hominis
315 3162 497 3205 conspectus
530 3173 656 3207 repente
692 3161 861 3206 prostravit
893 3162 1082 3197 saniffimum

84 3208 206 3242 Virum
218 3228 226 3238 .
603 3235 607 3241 .
623 3219 626 3223 ·

125 3253 157 3282 6.
182 3252 268 3283 Cum
292 3256 396 3282 autem
419 3260 490 3290 eum
510 3262 604 3294 quem
629 3250 719 3293 supra
742 3249 891 3291 laudavi,
913 3250 1034 3283 clarum
1050 3251 1084 3283 in

85 3292 243 3328 medendo
275 3291 467 3334 Magistrum
497 3293 625 3327 seiffarer
644 3295 781 3336 Hippol.
807 3296 917 3327 Franc.
940 3294 1085 3326 Alberti-

87 3348 188 3377 num,
210 3337 342 3369 memini
366 3335 629 3378 generosissimum
651 3339 735 3369 inter
759 3336 972 3371 Bononienses
993 3337 1085 3370 Ado-

89 3379 296 3414 lescentulum
308 3403 321 3420 ,
345 3390 428 3413 nunc
451 3381 632 3414 Senatorem
654 3380 893 3422 Ampliffimum
917 3404 929 3420 ‚
962 3392 1001 3413 ex
1021 3389 1084 3412 ter.

88 3435 161 3457 rore
183 3421 329 3466 epilepsia
353 3422 538 3465 prehensum
552 3446 562 3462 ,
585 3435 655 3467 quae
678 3423 839 3465 saepiffime
852 3423 1085 3467 revertebatur,

90 3467 133 3500 ob
158 3477 287 3509 eamque
312 3478 389 3509 aqua
414 3476 557 3500 utentem
579 3468 613 3499 in
635 3478 695 3510 qua
719 3467 976 3501 herbaebetonica
987 3491 999 3507 ‚
1022 3470 1087 3510 pri-

89 3511 279 3550 mulaveris‚
305 3508 422 3544 melissa
443 3533 455 3551 ,
485 3513 516 3543 δε
539 3510 669 3544 carduus
693 3510 873 3545 benedictus
895 3510 993 3543 coetae
1017 3510 1088 3544 fue-

89 3564 162 3586 rant
184 3575 193 3590 ‚
226 3552 356 3596 adjeffis
378 3554 514 3596 guttulis
538 3552 666 3596 spiritus
690 3553 849 3597 sanguinis
880 3555 1009 3587 humani
1032 3555 1088 3589 ad-

91 3596 224 3630 modum
246 3598 353 3640 paucis
373 3620 386 3637 ‚
423 3599 547 3631 urinam
569 3607 631 3629 non
664 3595 765 3631 solum
788 3597 880 3641 supra
918 3600 1088 3639 potionum

92 3638 224 3674 modum
243 3663 257 3681 ,
290 3639 341 3674 sed
365 3639 402 3673 ad
435 3642 543 3675 uncias
573 3641 747 3682 nonaginta
778 3641 927 3685 quotidie
960 3641 1087 3677 reddere

1977 278 2046 341 69

1112 349 1257 393 coepisse.
1283 351 1371 385 Cum
1391 363 1466 384 vero
1488 361 1586 393 neque
1609 353 1697 383 tanta
1720 352 1818 385 urinae
1840 351 1888 384 vis
1908 373 1921 390 ,
1943 360 2042 394 neque
2064 353 2107 385 al-

1109 406 1164 427 vus
1188 394 1299 435 saepius
1322 405 1374 435 per
1398 394 1426 428 se
1449 394 1546 428 fusior
1567 417 1580 434 ,
1610 392 1786 427 insultuum
1819 405 1986 428 numerum
2005 418 2018 436 ,
2051 402 2108 428 aut

1111 437 1342 471 vehementiam
1367 438 1567 476 minuerent3
1589 435 1755 470 conversus
1778 436 1816 470 ad
1842 449 1890 470 me
1900 436 2112 477 Albertinus‚

1112 482 1210 519 huic,
1231 481 1362 523 inquit,
1386 479 1408 513 fi
1433 481 1597 514 vel-omne
1621 479 1720 513 serum
1745 491 1792 513 ars
1815 479 2018 519 exhauriret,
2040 479 2111 515 fru-

1109 523 1167 557 stra
1191 522 1273 556 foret
1284 547 1296 563 ‚
1317 523 1494 566 quandosic
1518 524 1602 558 nihil
1619 521 1748 565 proficit
1771 522 1837 566 ipsa
1848 532 1981 557 natura.

1112 568 1219 609 Igitur
1242 565 1295 600 hic
1317 566 1495 608 intelligis,
1519 567 1621 601 serum
1635 576 1734 608 neque
1758 577 1774 599 a
1789 567 1914 608 primo,
1939 576 2037 609 neque
2052 577 2112 609 po-

1110 611 1172 644 stea
1195 609 1279 643 hunc
1303 609 1454 643 morbum
1477 609 1600 644 fecisse.
1627 608 1730 648 Qod
1753 611 1785 643 ὅτ.
1806 610 1932 644 curatio
1943 608 2115 643 confirma-

1111 655 1159 687 vit
1182 677 1188 684 .
1228 653 1340 695 Neque
1365 654 1451 686 enim
1485 664 1597 697 aquam
1619 651 1783 687 educendo
1800 675 1814 693 ,
1845 652 1933 695 quod
1957 663 1993 684 ne
2015 653 2114 686 initio

1135 696 1242 730 uidem
1266 696 1439 738 spe&atum
1460 695 1562 730 fuerat
1579 720 1591 737 ,
1614 694 1664 728 sed
1688 695 1913 732 tumultuarius
1945 704 2048 729 motus
2071 695 2116 729 se-

1136 738 1217 772 ando
1239 762 1252 779 ,
1283 741 1366 772 intra
1388 739 1475 772 diem
1496 738 1767 786 quadragefimum
1790 737 1933 771 absoluta
1955 737 1996 771 est
2017 762 2024 770 .
2060 737 2116 773 Bis
2142 740 2146 743 ’

1114 783 1246 822 quidem
1268 782 1397 825 singulis
1419 781 1527 816 diebus
1548 794 1602 825 per
1621 783 1727 815 alvum
1749 779 2116 823 oleuminfundebatur‚

1115 826 1164 859 sed
1187 825 1339 868 simplex,
1361 835 1398 860 ut
1421 825 1504 859 nihil
1528 825 1585 859 nisi
1611 825 1762 858 distentos
1784 836 1895 859 nervos
1920 825 2080 859 remittere
2103 848 2116 865 ,

1114 868 1262 911 laxosque
1286 869 1402 902 servare
1425 868 1546 912 posset.
1571 870 1660 902 Nam
1683 880 1736 910 per
1759 880 1807 902 eas
1833 867 2011 902 acceffiones
2034 868 2117 902 mul·

1115 922 1150 945 to
1173 914 1272 953 magis
1293 924 1387 954 quam
1409 913 1573 947 cerebrum
1594 934 1603 949 ‚
1638 912 1756 946 interni
1779 912 1972 945 vexabantur
1994 912 2080 944 nervi
2104 933 2118 952 ,

1115 966 1208 998 atque
1230 957 1375 996 externi,
1397 965 1658 998 compertumque
1683 954 1784 989 fuerat
1804 976 1815 994 ‚
1837 954 1938 998 juvari
1963 965 2083 996 aegrum
2105 976 2117 993 ,

1112 998 1188 1032 dum
1211 998 1324 1031 morbo
1345 999 1587 1033 concutiebatur
1607 1022 1618 1039 ‚
1651 999 1672 1031 fi
1696 1000 1792 1041 Spina
1824 998 1966 1032 universa
1993 997 2120 1033 fricare-

1117 1052 1172 1076 tur
1194 1042 1285 1075 molli
1310 1043 1411 1083 palma
1427 1065 1435 1079 ‚
1462 1043 1594 1084 oleoque
1617 1042 1710 1075 aneta
1735 1054 1773 1075 ex
1794 1040 1940 1075 dulcibus
1964 1040 2117 1083 amygda-

1117 1087 1155 1118 lis
1182 1096 1285 1118 recens
1308 1084 1468 1127 expresso,
1492 1087 1524 1117 in
1549 1096 1614 1126 quo
1637 1083 1953 1117 terrestreslumbrici
1977 1084 2120 1122 incocti,

1117 1127 1337 1170 adje6himque
1362 1126 1432 1161 esset
1456 1128 1571 1161 succini
1596 1127 1702 1161 oleum
1724 1151 1732 1158 .
1764 1127 1817 1160 Ad
1842 1139 1875 1160 ea
1908 1134 2016 1160 autem
2050 1137 2121 1168 quae

1116 1183 1197 1213 aeger
1221 1171 1360 1204 sumebat
1382 1194 1395 1211 ,
1428 1170 1562 1204 remedia
1585 1171 1698 1212 opium
1723 1170 1845 1206 utiliter
1873 1167 2021 1203 additum
2043 1169 2086 1203 est
2108 1190 2117 1201 .

1117 1217 1218 1248 Erant
1242 1215 1298 1248 illa
1323 1226 1360 1246 ex
1382 1215 1423 1247 iis
1446 1226 1515 1257 quae
1539 1217 1670 1257 propria
1681 1212 1825 1247 adversus
1847 1224 2015 1247 nervorum
2034 1223 2121 1246 mor-

1116 1259 1173 1293 bos
1195 1257 1359 1291 censentur
1378 1280 1390 1297 ,
1420 1258 1453 1290 in
1477 1258 1588 1300 vulgus
1612 1257 1698 1290 notis
1722 1267 1729 1288 :
1763 1268 1863 1299 neque
1886 1257 1970 1289 enirn
2002 1256 2122 1289 arcanis

1120 1302 1256 1335 multum
1280 1300 1439 1334 tribuebat
1462 1301 1671 1334 Albeitinus:
1693 1310 1832 1343 quorum
1845 1301 1971 1334 utinam
1993 1299 2125 1342 paucio-

1122 1356 1177 1384 ra,
1201 1344 1250 1378 sed
1273 1346 1433 1384 certiora,
1455 1342 1737 1377 circumferrentur
1758 1368 1765 1375 .
1793 1346 1831 1376 In
1855 1343 1970 1386 quibus
1992 1344 2042 1377 vel
2064 1353 2124 1375 nu-

1123 1399 1175 1430 per
1197 1389 1309 1421 extolli
1334 1388 1440 1421 audivi
1465 1387 1614 1429 lapillum
1646 1389 1702 1429 qui
1730 1387 1763 1419 in
1797 1398 1834 1420 eo
1856 1386 2033 1420 innascitur
2054 1386 2126 1418 ani-

1122 1431 1284 1471 malculo,
1306 1433 1357 1465 cui
1382 1442 1496 1464 nomen
1519 1430 1560 1464 est
1584 1430 1665 1473 apud
1689 1430 1789 1464 Italos
1810 1430 1966 1464 lumacone
1990 1429 2125 1471 igmdo,

1120 1475 1160 1507 fic
1183 1473 1313 1517 quidem
1336 1483 1371 1508 ut
1394 1485 1457 1507 non
1469 1485 1576 1506 omnes
1600 1474 1789 1516 epilepticos
1810 1472 1944 1506 liberet:
1969 1473 2049 1515 quin
2072 1481 2127 1505 eos

1119 1517 1253 1551 insultus
1277 1518 1332 1561 qui
1356 1529 1371 1550 a
1395 1528 1534 1553 terrore,
1558 1518 1643 1550 velut
1666 1517 1690 1548 ii
1715 1516 1753 1550 de
1777 1515 1893 1558 quibus
1917 1525 2001 1548 nunc
2025 1514 2128 1548 sermo

1120 1561 1161 1594 cst
1172 1586 1184 1602 ,
1207 1562 1366 1604 originem
1389 1560 1582 1598 habuerant,
1609 1559 1714 1594 multo
1737 1561 1871 1593 rariores
1894 1556 1996 1591 fac‘tos
2019 1557 2128 1600 accepi

1123 1617 1160 1638 ex
1182 1616 1248 1647 quo
1280 1603 1385 1637 calida
1409 1604 1528 1637 sorberi
1551 1612 1658 1646 coepta
1682 1602 1724 1636 est
1750 1625 1760 1641 ‚
1791 1600 1930 1634 verbasci
1961 1601 2091 1636 floribus
2114 1622 2125 1639 ,

1123 1649 1224 1681 Gallo
1248 1647 1380 1681 homine
1404 1647 1595 1681 monstrante
1613 1670 1625 1687 ‚
1663 1645 1746 1679 tlieae
1770 1644 1866 1680 instat
1885 1667 1898 1684 ,
1933 1644 2092 1678 medicata
2117 1657 2128 1682 ς

1123 1691 1256 1733 persaepe
1287 1701 1391 1724 tamen
1413 1702 1484 1734 quae
1518 1689 1751 1733 sympathicam
1775 1690 1914 1732 aliquam
1946 1686 2128 1731 epilepsiam

1122 1734 1306 1768 sustulerunt
1335 1760 1343 1774 ,
1376 1734 1412 1767 acl
1437 1732 1672 1776 idiopathicam
1703 1744 1830 1777 quoque
1855 1731 2032 1765 tollendam
2064 1742 2129 1774 non

1121 1779 1226 1814 minus
1250 1776 1360 1811 frustra
1383 1801 1395 1818 ,
1432 1789 1526 1820 quam
1551 1787 1665 1811 temere
1689 1779 1721 1810 ὃς
1746 1777 1857 1809 inscite
1879 1773 2095 1819 praedicantur
2118 1797 2129 1813 ,

1120 1820 1259 1863 hincque
1283 1821 1444 1854 inutiliter
1459 1831 1647 1855 arcanorum
1669 1819 1818 1853 excrescit
1832 1829 1998 1853 numerus.

1119 1864 1177 1897 Sed
1201 1864 1363 1896 Albertini
1399 1864 1538 1898 remedia
1561 1866 1594 1896 in
1618 1863 1784 1907 proposito
1818 1862 1890 1897 casu
1911 1886 1923 1904 ‚
1957 1863 2018 1896 illo
2040 1860 2130 1906 quod

1121 1908 1240 1940 lotium
1264 1908 1359 1940 nimis
1383 1908 1487 1940 ciebat
1510 1932 1523 1948 ,
1554 1906 1731 1942 intermisso
1751 1931 1764 1948 ‚
1798 1906 1837 1940 ad
1860 1906 2036 1941 humanum
2058 1916 2132 1940 cra-

1121 1953 1212 1984 nium
1236 1961 1301 1983 non
1325 1950 1482 1985 vetustum
1505 1949 1648 1984 redibant
1668 1975 1680 1991 ‚
1711 1950 1800 1994 cujus
1825 1950 1893 1983 radi
1917 1950 2093 1993 particulas
2115 1973 2129 1990 ,

1122 1996 1156 2028 in
1180 1995 1338 2027 mortario
1363 1996 1446 2034 teri,
1470 2007 1548 2037 aqua
1572 1995 1751 2028 cerasorum
1775 1995 1941 2035 nigrorum
1963 1993 2130 2028 humecta-

1124 2040 1174 2076 ri,
1197 2036 1333 2080 denique
1356 2035 1462 2070 siccari
1487 2038 1644 2071 inumbra
1666 2037 1818 2081 jubebat,
1842 2037 1941 2081 idque
1965 2039 2062 2071 toties
2073 2037 2131 2071 do·

1125 2092 1180 2113 nec
1205 2082 1238 2113 in
1262 2081 1418 2123 pollinem
1430 2081 1576 2121 abirent;
1598 2082 1775 2123 magisteria
1798 2083 1882 2115 enim
1897 2093 1967 2124 quae
1988 2089 2130 2122 vocant,

1125 2126 1243 2157 merito
1268 2125 1492 2167 improbabat.-
1516 2137 1555 2158 ex
1577 2136 1616 2158 eo
1639 2134 1745 2159 autem
1770 2125 1891 2168 polline
1903 2125 2026 2159 tabellae
2048 2135 2127 2158 con-

1126 2167 1340 2207 ficiebantur,
1363 2169 1445 2211 opio
1470 2180 1503 2201 ea
1526 2180 1599 2202 cura
1625 2168 1761 2209 addito,
1785 2180 1819 2201 ac
1843 2168 2018 2204 distributo
2041 2192 2054 2209 ‚
2090 2176 2127 2201 ut

1125 2213 1180 2244 vix
1202 2212 1339 2253 amplius
1373 2222 1474 2254 grano
1496 2223 1559 2244 uno
1596 2211 1703 2245 iness'et
1726 2210 1876 2246 universis
1897 2224 1966 2255 quae
2002 2223 2055 2256 per
2079 2212 2131 2244 in-

1125 2254 1254 2286 tervalla
1277 2266 1375 2287 unum
1401 2256 1484 2288 intra
1496 2254 1580 2287 diem
1603 2254 1900 2297 capiendaeforent.
2029 2256 2131 2296 Qae-

1127 2308 1174 2343 res
1197 2295 1348 2337 fortasse,
1372 2309 1409 2330 ari
1434 2298 1618 2340 sanguinem
1643 2297 1790 2332 miserit?
1814 2299 1875 2332 Ille
1896 2298 2047 2344 verojam
2070 2299 2135 2332 mi-

1128 2340 1333 2387 serat-statim
1366 2353 1400 2374 ac
1425 2345 1544 2382 primus
1577 2341 1712 2376 insultus
1736 2341 1848 2376 finitus
1880 2341 1953 2384 est,
1985 2341 2133 2377 missurus

1127 2384 1176 2429 vel
1201 2384 1222 2416 si
1248 2395 1374 2426 gravem
1398 2385 1493 2418 illum
1517 2395 1669 2419 terrorem
1694 2386 1779 2418 nulla
1803 2385 1878 2419 esl‘et
1888 2386 2033 2429 epilepsia
2057 2397 2133 2419 con-

1127 2428 1250 2460 secuta.
1277 2428 1328 2459 Sic
1352 2429 1438 2460 enim
1461 2428 1600 2466 solebat,
1624 2428 1718 2462 credo
1730 2430 1805 2471 quia
1829 2428 1899 2472 post
1910 2428 2133 2473 Malpigliium

1126 2471 1217 2503 suum
1247 2472 1261 2508 (
1284 2471 1296 2502 i
1317 2474 1330 2509 )
1363 2471 1449 2504 idern
1471 2471 1560 2514 quod
1583 2483 1638 2505 nos
1671 2484 1800 2515 quoque
1824 2473 1996 2516 aliquando
2018 2497 2031 2514 ,
2064 2475 2133 2507 ani-

1129 2514 1343 2546 madverterat
1366 2538 1374 2553 ,
1408 2515 1447 2546 ab
1478 2514 1635 2556 ejusmodi
1665 2511 1912 2556 ranimi'affedm
1946 2517 2132 2560 sanguinem

1129 2567 1266 2600 pronum
1290 2555 1356 2588 fieri
1381 2557 1420 2590 ad
1444 2557 1709 2592 concrescendum
1724 2582 1737 2599 ,
1760 2571 1821 2602 qua
1845 2571 1885 2592 ex
1906 2571 1941 2593 re
1963 2562 2043 2594 vai-ii
2061 2585 2074 2602 ‚
2098 2565 2132 2595 &

1129 2600 1326 2646 multiplices
1349 2600 1580 2643 pronascuntur
1603 2602 1709 2636 morbi
1730 2625 1739 2640 ‚
1773 2612 1843 2637 tum
1868 2604 1966 2638 etiam
1993 2606 2068 2648 quia
2091 2603 2132 2640 fi·

1129 2656 1191 2686 qua
1217 2646 1328 2690 sorteq,
1352 2653 1387 2677 ut
1412 2644 1492 2687 saepe
1505 2645 1560 2682 fit,
1584 2656 1747 2688 conceptae
1773 2646 1892 2680 indein
1915 2648 2047 2682 cerebro
2058 2659 2137 2692 pra-

1129 2698 1174 2720 vae
1198 2685 1416 2728 dispositionis
1439 2687 1551 2721 restent
1575 2688 1704 2731 vestigia
1727 2713 1739 2730 ‚
1762 2701 1833 2733 quae
1857 2691 2028 2726 timoribus
2051 2703 2132 2735 prae-

1129 2738 1179 2762 ter
1203 2731 1362 2764 rationem
1384 2754 1393 2770 ,
1428 2730 1634 2776 terrificisque
1657 2733 1826 2766 insomniis
1850 2734 2031 2776 produntur
2048 2758 2061 2775 ,
2096 2744 2135 2770 ut

1129 2774 1178 2806 illi
1203 2773 1365 2816 sanguinis
1396 2778 1596 2808 concretioni
1618 2800 1631 2817 ,
1663 2778 1708 2809 ita
1733 2776 1785 2809 his
1842 2776 1904 2810 uasi
1938 2776 2135 2813 convulfivis-

1129 2816 1248 2849 cerebri
1283 2818 1499 2852 incommodis
1541 2830 1626 2853 venae
1658 2819 1756 2852 sectio
1798 2831 1813 2852 a
1840 2819 1999 2856 versatur.

1130 2861 1316 2895 Mirabatur
1339 2871 1444 2895 autem
1467 2861 1620 2905 siquando
1642 2861 1790 2897 audiebat
1806 2885 1819 2903 ,
1850 2862 1908 2897 esse
1929 2865 1986 2907 qui
2016 2875 2131 2902 contra

1130 2905 1227 2937 Caelii
1251 2907 1265 2944 <
1286 2904 1305 2944 l<
1326 2907 1340 2944 )
1362 2906 1509 2945 monita,
1532 2906 1712 2948 epilepticis
1734 2904 1994 2942 sternutationem
2020 2919 2135 2943 move-

1131 2956 1200 2980 rent
1225 2946 1374 2988 ambigua
1408 2948 1459 2990 spe
1484 2958 1537 2982 aut
1575 2949 1750 2991 spirituum
1773 2958 1882 2983 motus
1903 2952 1937 2983 in
1962 2952 2132 2987 meliorem

1132 2991 1300 3031 mutandi,
1324 3000 1376 3024 aut
1401 2991 1569 3025 restitantis
1594 2993 1627 3025 in
1650 2992 1772 3027 cerebri
1783 2992 1859 3026 vasis
1879 2993 2042 3038 sanguinis
2056 3006 2131 3039 pro-

1132 3034 1301 3080 movendi.
1328 3035 1425 3067 Illum
1440 3036 1525 3068 enim
1548 3045 1695 3077 motum,
1718 3035 1923 3080 quem-sedari
1945 3038 2130 3081 praestaret,

1132 3079 1203 3121 quis
1228 3076 1468 3125 spondeam-sic
1493 3078 1633 3123 pejorem
1658 3091 1721 3114 non
1745 3077 1840 3113 fieri?
1863 3082 2055 3125 Sanguinem
2078 3093 2134 3115 ve-

1133 3133 1194 3162 i·0,
1216 3132 1311 3164 quem
1334 3123 1366 3154 in
1388 3123 1580 3163 ejuscemodi
1605 3125 1720 3158 morbo
1740 3136 1757 3157 a
1780 3125 1935 3159 convulsis
1967 3125 2057 3160 fibris
2081 3136 2132 3159 re-

1134 3163 1272 3201 tardari,
1295 3164 1460 3210 verisimile
1483 3166 1546 3207 est,
1568 3179 1645 3201 num
1669 3167 1718 3202 his
1741 3168 1842 3210 magis
1855 3168 2013 3208 irritatis,
2035 3179 2132 3212 expe-

1135 3208 1199 3242 diri
1223 3207 1409 3241 credemus?
1432 3211 1544 3253 Itaque
1568 3210 1606 3244 acl
1630 3212 1812 3254 apoplexias
1835 3213 1942 3253 potius
1964 3211 2035 3246 illas
2056 3236 2070 3254 ,
2092 3208 2129 3246 in

1134 3252 1250 3294 quibus
1272 3252 1316 3284 ob
1339 3252 1488 3286 resolutas
1510 3253 1605 3288 fibras
1628 3255 1752 3297 sanguis
1777 3253 1910 3287 subsistit
1929 3278 1943 3295 ,
1966 3257 2072 3298 aptius
2095 3255 2130 3291 id

1135 3295 1291 3330 auxilium
1314 3295 1531 3336 existimabat3
1554 3309 1732 3342 quanquam
1752 3296 1814 3330 hoc
1836 3294 1992 3340 ejusmodi
2013 3297 2070 3333 esse
2094 3301 2131 3334 iri

1134 3339 1314 3373 universum
1336 3338 1476 3373 censebat
1494 3364 1505 3380 ,
1527 3351 1563 3374 ut
1587 3353 1658 3375 raro
1681 3342 1720 3374 ad
1743 3338 1846 3382 ipsum
1871 3352 1887 3373 a
1910 3343 2022 3385 peritis
2054 3345 2130 3386 qui-

1133 3383 1203 3416 dem
1228 3383 1363 3415 Medicis
1387 3382 1423 3414 sit
1448 3382 1692 3418 decurrendum.
1719 3385 1789 3418 Nec
1813 3381 1910 3417 facile
1930 3385 1995 3428 ipse
2015 3409 2029 3428 ,
2051 3397 2132 3428 prae-

1135 3436 1185 3459 ter
1208 3426 1313 3459 oleum
1338 3425 1454 3470 succini
1476 3452 1484 3466 ‚
1515 3428 1689 3470 quidquam
1719 3426 1966 3469 epilepticorum
2000 3429 2128 3462 naribus

1137 3469 1324 3511 subjiciebat
1338 3482 1348 3501 .·
1371 3470 1500 3511 spiritus
1525 3481 1627 3504 autem
1650 3471 1705 3512 qui
1727 3470 1925 3512 appellantur
1944 3494 1955 3510 ‚
1979 3471 2018 3505 ad
2040 3472 2130 3505 illius

1139 3515 1260 3555 generis
1282 3511 1370 3556 cujus
1394 3513 1492 3546 modo
1513 3513 1677 3553 dicebam,
1699 3513 1885 3556 apoplexias
1903 3538 1917 3555 ,
1940 3514 2077 3557 aliasque
2098 3526 2131 3548 e-

1138 3556 1312 3600 juscemodi
1336 3554 1518 3591 affeetiones
1538 3556 1717 3600 rejiciebat,
1742 3556 1787 3589 ob
1807 3556 1882 3591 inde
1903 3557 2134 3594 animadversas

1139 3611 1237 3634 noxas
1259 3601 1292 3632 in
1315 3599 1426 3633 calidis
1459 3612 1528 3643 quae
1553 3602 1682 3635 Veteres
1704 3598 1851 3634 dicebant
1874 3624 1887 3642 ,
1918 3602 2132 3646 corporibus,

1139 3646 1171 3677 δί
1193 3654 1232 3677 ex
1254 3643 1343 3677 causa
1361 3643 1463 3677 calida
1486 3644 1727 3684 laborantibus,
1750 3641 1979 3685 hystericarum
1999 3647 2129 3690 praeser-

2010 3699 2071 3724 tim
2081 3714 2092 3729 ,

95 3773 2139 3790 *mmm-w

155 3833 357 3894 {532534
418 3833 462 3863 (s

234 3864 328 3889 Diffeit.
345 3866 375 3889 de
391 3867 485 3895 Polypo
499 3864 566 3889 cord.
627 3865 641 3895 (
657 3864 674 3889 k
690 3864 700 3895 )
717 3865 829 3891 Morbor.
846 3864 934 3891 Chion.
951 3867 970 3892 1.
987 3872 1008 3891 ι.
1024 3872 1047 3890 e.
1063 3873 1087 3895 ιιι

473 3833 486 3862 )
501 3834 562 3858 sedi.
577 3833 622 3858 hae
640 3841 676 3859 ιι.
692 3832 754 3858 obs.
771 3841 794 3858 κ
811 3836 836 3859 in
855 3833 936 3861 schor.
952 3834 975 3859 δε
991 3834 1051 3859 Obs.
1071 3842 1106 3866 ¹4-
1124 3835 1151 3869 5.
1165 3843 1189 3862 2.

1250 3838 1264 3867 (
1277 3845 1295 3868 g
1311 3837 1325 3866 2
1341 3836 1398 3864 Obs.
1414 3845 1436 3864 a.
1452 3837 1478 3862 in
1493 3837 1574 3863 schol.
1637 3839 1651 3868 ί
1665 3838 1682 3870 ¹¹,
1693 3838 1708 3868 9
1726 3837 1785 3863 Obs.
1803 3845 1838 3869 ιι.
1856 3839 1882 3864 in
1897 3838 1979 3865 fichol.
