2498 4075
337 230 488 295 Epist.
526 229 688 282 Anat:
707 225 948 297 ‘Medica'
972 225 1066 279 XI:
1099 224 1220 276 Art.
1264 230 1335 281 ι’ς.
1358 220 1526 283 16.'1'7.
1551 220 1626 275 18.
1646 221 1699 273 ὃ(
1724 233 1798 284 19.

85 303 385 350 SepulchrffibXVa
411 302 606 346 (,.l21„)avides
627 308 639 343 ¹(
655 301 720 336 vnisi
742 303 820 345 quid
837 302 924 340 ,sorte
948 300 1078 343 Lugdu-

64 346 205 392 ''p'enfis.
231 347 345 381 nedum
369 347 554 383 Ge'n'evensis
587 346 781 389 typographi
815 346 933 382 incuria
964 343 1078 384 deest)

82 390 151 430 non
172 390 354 432 attendill'e3
378 388 476 428 neone
500 392 585 423 enim
608 390 645 423 ab
665 390 775 429 ‚illuvie
788 388 883 422 sei-osa
909 392 938 422 δι’
953 388 1077 428 sangui-

65 428 138 478 '‘ijea
151 432 336 476 anteriorem
351 430 471 473 cerebri
487 436 657 475 cavitatem
669 433 843 474 implente,
855 433 946 466 unius
960 432 1078 475 potius,

53 479 74 491 ¹*
86 489 180 521 quam
204 475 498 519 alterius'c01·poris
522 477 636 517 Striati.
654 475 909 516 compreffionem
924 498 935 513 ,
958 475 1078 519 lateris-

66 526 145 563 ''que
182 519 404 558 resolutionem
429 518 613 559 'deduxiss‘et
637 543 643 549 .
679 518 769 560 ‹Qid
795 530 870 560 ergo
904 517 946 553 est
968 519 987 553 ff
1005 516 1088 549 Mox

62 558 251 607 “postquam
284 564 377 596 aliam
409 561 565 605 subjecero
590 561 855 597 Observationem
878 587 887 603 ‚
919 558 1088 603 conjiciam

69 606 134 647 “sc
151 606 184 649 )',
210 603 322 649 Neque
346 607 430 641 enim
454 615 517 646 tam
538 604 669 640 difficile
690 604 724 637 rid
750 614 828 647 puto
847 628 859 645 ³
881 614 976 648 quam
999 602 1020 635 fi
1045 614 1083 635 ex

65 651 135 691 “v-me
159 660 311 692 quaereres
331 674 338 685 ,
362 659 434 681 cum
457 647 713 687 Generosiffimus
737 649 834 683 Senex
867 651 880 686 (
903 648 923 679 d
943 650 956 686 )
991 645 1081 681 simul

79 692 299 735 'hemiplexia,
322 691 413 727 fimul
437 692 537 727 iniero
555 702 721 732 »corrept-us
743 689 838 731 esset,
861 691 914 733 qui
940 689 1003 722 ficri
1028 700 1083 731 po-

84 738 206 775 tuerit,
228 742 263 773 ut
287 737 369 767 intra
393 736 478 767 idem
501 735 583 768 latus
606 734 769 773 dexterum
792 757 805 775 ,
837 733 923 776 quod
947 742 1010 765 erat
1036 743 1083 766 re-

66 779 244 817 ‘solutu‘rm
269 778 296 810 se
319 787 462 812 accurate
486 778 560 813 adeo
583 778 759 814 contineret
783 778 916 818 amigo,
940 785 975 809 ιιῑ
987 775 1083 809 etiam

85 822 148 866 nafi
170 822 312 859 dextrum
336 821 421 857 latus
445 821 615 859 isteritium
639 820 710 866 'esset
737 843 747 858 ‚
767 819 920 862 sinistrum
944 830 1014 852 vero
1036 829 1085 850 co-

86 866 180 909 lo'rem
204 863 378 909 naturalem
403 865 548 907 retinerer
566 888 578 904 ‚
612 862 739 907 quando
759 862 843 899 idem
878 863 993 896 slavum
1018 861 1086 894 san-

67 906 190 950 ‘guin'is
214 911 314 943 lerum
338 917 401 939 non
426 907 530 940 minus
565 906 754 942 circumibat
778 918 832 949 per
863 904 1019 939 finisti-um
1044 906 1087 937 la-

76 958 162 994 tus,
185 962 280 992 quam
302 960 359 992 ‚per
381 950 542 985 dexterum
567 963 576 989 3
610 949 667 984 nifi
691 949 773 982 forte
795 948 900 984 credas
923 972 931 986 ,
965 959 1019 988 per
1043 948 1086 981 la-

74 992 305 1069 'xioresffhujus
329 992 421 1028 fibras
446 994 563 1029 lentius
585 1003 769 1037 promotum
791 1016 804 1033 ,
836 992 937 1039 magis
956 989 1087 1027 'inficere

109 1046 179 1072 otm
208 1048 223 1073 C
239 1062 245 1070 ,

74 1049 105 1085 'p
134 1090 183 1120 15.
205 1080 424 1117 ANICULA
446 1091 484 1115 ex
509 1080 675 1121 apoplexia
700 1079 762 1122 jam
786 1087 849 1114 tres
866 1089 964 1111 annos
988 1076 1087 1111 hemi-

69 1123 220 1169 Jpleffica
248 1121 287 1154 sic
311 1132 438 1162 tamen,
464 1132 498 1155 ut
521 1122 673 1159 sentiendi
700 1122 883 1159 facultatem
908 1121 1054 1154 retineret
1078 1146 1086 1160 ‚

75 1165 250 1209 ¹accedente
275 1165 319 1200 ob
343 1166 529 1203 decubitum
554 1188 562 1203 ‚
595 1177 632 1199 an
656 1167 751 1199 aliam
775 1164 817 1198 ob
839 1164 961 1200 causam
984 1164 1088 1197 clunis

80 1207 251 1252 gangraena
273 1231 286 1249 ³
317 1211 392 1243 octo
414 1219 486 1243 ante
507 1209 618 1245 diebus
648 1207 680 1243 in
704 1209 790 1242 idem
814 1207 914 1243 fuerat
938 1209 970 1239 in
1002 1206 1089 1249 quod

76 1250 200 1293 “Senem
225 1251 368 1289 diximus
390 1277 398 1291 ,
435 1253 674 1290 Nosocomiurn
705 1261 834 1294 excepta
855 1276 862 1284 .
903 1249 970 1286 Ubi
1004 1252 1088 1284 intra

74 1300 204 1337 ‘paucos
227 1294 294 1330 dies
329 1295 507 1333 vehementi
533 1296 643 1329 dolore
674 1304 818 1339 correpta
842 1295 884 1330 est
908 1319 915 1332 ,
950 1295 1089 1335 primum

80 1339 213 1375 ‘resoluti
240 1338 365 1372 humeri
390 1364 397 1377 ,
431 1351 508 1374 mox
533 1341 629 1376 etiarn
661 1340 777 1380 linguae
808 1354 815 1372 ε
849 1350 918 1381 quae
942 1335 1088 1378 inspectae

82 1385 188 1425 'partes
212 1382 293 1419 nihil
308 1404 315 1417 ‚
339 1381 424 1424 quod
447 1383 502 1420 sub
528 1382 645 1417 sensum
665 1382 787 1417 caderet
811 1407 819 1421 ,
851 1382 926 1414 vitii
949 1378 1089 1416 ostende-

82 1423 193 1470 bant,
229 1426 388 1471 Dolorem
412 1425 547 1468 aphonia
570 1427 693 1468 excepit
719 1449 732 1465 ,
763 1425 844 1461 hanc
869 1435 952 1457 mors
972 1447 983 1463 ,
1018 1434 1087 1464 quae

78 1467 194 1505 'sensim
218 1478 323 1504 tamen
339 1496 346 1505 ,
370 1471 403 1503 &
427 1468 487 1501 sine
511 1470 578 1503 ullo
601 1469 803 1503 resolutionis
828 1469 1023 1502 incremento
1036 1475 1086 1498 ac·-

85 1512 186 1551 cessit.
319 1513 499 1550 CAPUT,
523 1516 551 1545 δε
578 1513 696 1547 collum
722 1511 888 1545 dumtaxat
914 1509 1086 1552 hujusmu-

85 1553 174 1599 lieris
197 1554 322 1600 disseeta
347 1554 417 1591 sunt
439 1579 445 1586 .
471 1558 510 1589 In
531 1556 620 1588 collo
642 1555 673 1590 id
696 1555 854 1597 glandulae
879 1551 1086 1595 Thyroidaeae

80 1600 205 1642 'vitium
228 1598 440 1639 deprehendi,
462 1597 548 1640 quod
575 1598 650 1632 alibi
675 1601 689 1639 (
710 1609 725 1631 e
745 1601 759 1638 )
781 1597 975 1639 descriptum
997 1619 1010 1636 ,
1034 1594 1086 1628 hic

82 1644 201 1686 *iterare
235 1643 339 1674 minus
364 1642 478 1674 attinet
506 1654 514 1674 :
548 1650 694 1683 praeterea
728 1642 759 1673 in
794 1640 935 1683 quodam
964 1641 1087 1672 arteriae

84 1683 198 1726 vicinae
221 1681 374 1717 trunc'ulo
406 1685 643 1718 concretionem
668 1686 751 1718 inter
784 1685 905 1718 tunicas
937 1694 975 1716 ex
1011 1682 1088 1716 flava

82 1728 215 1774 {nater-ia
239 1726 342 1765 media
367 1729 449 1759 inter
473 1729 602 1763 mollem
630 1755 637 1767 ‚
670 1737 764 1772 atque
790 1726 948 1761 friabilem
975 1750 986 1767 ,
1019 1736 1090 1767 par-

84 1771 156 1807 vam
178 1770 267 1807 illam
291 1769 420 1814 quidem
444 1793 451 1806 ‚
486 1771 533 1805 led
557 1773 602 1805 ita
626 1773 797 1805 introrsum
819 1771 1056 1804 extiil)“1·antem
1079 1790 1089 1804 9

85 1823 121 1857 ut
145 1815 286 1847 trunculi
311 1825 423 1849 ,cavum
447 1814 605 1856 angustius
630 1814 744 1849 faceret
770 1827 777 1846 .·
802 1814 934 1857 denique
957 1815 991 1845 in
1017 1812 1092 1844 alte-

85 1870 119 1894 ra
144 1857 293 1892 Paron-de
327 1868 420 1898 parva
445 1857 541 1893 frusta
574 1871 611 1891 ex
637 1858 768 1893 materia
803 1857 887 1900 quasi
921 1866 1056 1890 tartarea
1081 1877 1090 1893 ‚

79 1901 154 1942 'quae
179 1911 265 1937 mora
289 1900 391 1942 postea
415 1901 447 1934 in
480 1899 592 1935 osseam
614 1900 765 1934 duritiem
797 1900 959 1934 transivit.

82 1945 216 1986 ‘Verum
240 1952 407 1986 antequam
430 1944 547 1979 collum
568 1968 576 1983 ,
603 1948 635 1980 δεῖ
659 1953 754 1987 caput
777 1946 967 1988 attingerem
983 1970 992 1985 ,
1015 1943 1092 1977 dum

84 1986 165 2023 illud
191 1998 206 2019 a
231 1987 360 2022 thorace
383 1986 588 2028 dividerent,
610 1998 734 2022 tantam
756 1990 821 2021 vim
846 1999 931 2031 aquae
963 2000 1001 2021 ex
1023 1997 1091 2018 ver-

85 2031 249 2074 tebrarum
273 2030 374 2065 canali
400 2039 471 2064 tum
496 2031 680 2074 superiore,
703 2041 773 2065 tum
797 2030 949 2065 inferiore
972 2029 1093 2073 erupis-

87 2074 142 2114 se,
164 2072 268 2109 testati
294 2073 401 2110 sunts
418 2084 574 2117 quantum
598 2076 755 2109 vinarium
780 2085 851 2115 vas,
875 2074 961 2117 quod
987 2073 1093 2107 hocca-

81 2117 115 2151 ·le
135 2118 303 2156 vocitant,
328 2117 455 2159 impleri
481 2118 586 2161 posse,
610 2118 822 2153 existimarent
848 2142 854 2148 .
880 2120 993 2161 Itaque
1017 2127 1093 2157 pau-

83 2171 119 2204 ca
141 2161 225 2194 circa
247 2159 430 2200 cerebrum,
455 2171 551 2201 pauca
574 2162 608 2194 in
631 2160 696 2204 ejus
708 2161 892 2194 ventriculis
915 2158 1091 2203 superfuit.-

87 2215 202 2251 pr-aeter
225 2215 320 2246 quarn
339 2227 353 2244 ‚
388 2203 471 2237 nihil
495 2204 582 2239 aliud
604 2204 690 2247 quod
715 2203 922 2238 adnotatione
956 2203 1093 2245 dignum

82 2247 157 2282 esset
169 2270 181 2286 ‚
204 2247 402 2280 invenimus„

132 2293 181 2322 16.
204 2291 257 2333 Ex
281 2300 449 2331 gangraena
472 2289 602 2335 quidem
620 2312 632 2329 ,
667 2289 783 2333 pessimi
807 2290 929 2331 generis
954 2290 1092 2331 particu-

87 2334 132 2367 las
157 2333 189 2366 in
214 2333 336 2366 alveum
361 2331 519 2375 sanguinis
543 2333 654 2366 relatas
674 2355 685 2372 ,
709 2344 780 2367 cum
802 2333 919 2374 linguae
944 2342 1055 2365 nervos
1080 2354 1093 2371 ‚

85 2386 159 2410 tum
184 2375 264 2408 alios
299 2375 421 2418 aliquos
444 2374 583 2409 invasisse
619 2387 725 2415 eorum
751 2375 946 2416 potiffimum
969 2375 1025 2416 qui
1049 2374 1092 2407 ob

86 2421 242 2453 triennem
267 2417 390 2454 humeri
423 2420 561 2462 quietem
587 2420 690 2451 minus
725 2417 848 2451 fortasse
879 2417 1056 2452 resistebant
1078 2440 1092 2458 ‚

85 2461 276 2506 doloresque
297 2462 373 2495 ili-,as
397 2459 557 2501 intulisse,
582 2473 644 2494 non
668 2460 797 2495 difficile
821 2460 863 2494 est
894 2461 1053 2502 explicatu
1079 2484 1086 2493 .

85 2504 146 2538 Sed
170 2516 232 2538 non
256 2514 423 2546 propterea
446 2505 641 2548 intelligitur
665 2527 679 2545 ,
701 2503 865 2547 quomodo
888 2514 978 2537 tanta
1002 2515 1088 2546 aquae

84 2549 177 2591 copia
193 2549 282 2580 intra
307 2549 451 2582 cranium
471 2572 483 2587 ,
517 2550 547 2581 δε
573 2548 784 2581 vertebrarum
808 2547 922 2580 tubum
944 2546 1088 2589 congesta

84 2589 147 2628 sit,
170 2594 202 2624 ὃς
224 2602 296 2625 curn
319 2590 381 2629 fit,
405 2590 576 2632 aphoniam
601 2593 730 2633 quidem
745 2613 752 2624 .
777 2593 808 2625 δι’
832 2600 968 2624 mortem
990 2614 1001 2630 ,
1035 2589 1085 2623 sed

86 2645 150 2668 non
186 2632 277 2668 simul
312 2634 433 2677 reliqua
465 2634 639 2677 apoplexiae
684 2635 835 2676 legitimae
871 2633 1085 2675 symptomata

84 2678 266 2711 invexerit.
298 2677 389 2711 Num
413 2678 499 2719 quod
523 2676 678 2720 paulatim
704 2678 741 2711 ad
765 2686 886 2710 tantam
920 2678 1009 2711 illam
1030 2688 1084 2710 co-

86 2722 172 2766 piam
195 2719 394 2764 pervenerit?
417 2719 500 2763 (f)
524 2722 568 2754 Et
591 2721 713 2754 credere
738 2721 867 2763 quidem
891 2719 1084 2763 possumus„

88 2764 247 2810 jamtum
279 2762 317 2797 ab
342 2762 543 2806 hemiplexiae
575 2765 675 2798 initio
699 2765 835 2797 multum
869 2775 955 2805 aquae
979 2765 1011 2796 in
1046 2776 1084 2796 eo

87 2807 191 2845 tubo,
215 2808 295 2845 sive,
320 2816 355 2841 ut
378 2817 513 2845 vocant,
537 2809 569 2840 in
596 2808 683 2841 Sacra
707 2807 807 2841 fistula
831 2805 921 2841 fuisse
945 2831 950 2837 .
978 2808 1029 2840 Sic
1052 2819 1082 2840 e-

86 2851 154 2885 nim
177 2848 254 2890 saepe
277 2851 310 2883 in
335 2850 518 2892 paralyticis
541 2853 705 2884 invenitur
724 2876 732 2888 ,
763 2860 798 2885 ut
821 2852 972 2883 Coiterus
1006 2862 1083 2890 prae-

86 2892 298 2932 monstravit,
319 2892 406 2934 cuius
431 2892 524 2927 habes
548 2895 581 2926 in
607 2893 812 2937 Sepulchreto
837 2893 1082 2927 Observationes

86 2939 141 2979 (g
162 2940 196 2976 ),
220 2945 289 2970 turn
313 2935 424 2971 deinde
450 2936 639 2980 Wepferus‚
663 2938 716 2980 qui
743 2937 779 2970 ad
805 2935 836 2969 id
860 2936 953 2970 facile
976 2937 1081 2979 inqui-

85 2978 240 3018 rendum,
263 2978 408 3014 omnibus
428 2979 490 3022 jam
515 2992 529 3013 e
552 2980 661 3021 cranio
679 2979 854 3018 detra<5tis‚
878 2990 945 3012 turn
968 2978 1081 3014 statue-

86 3033 118 3055 re
141 3022 204 3056 hoc
227 3021 546 3060 humiliusiiolebat,
570 3034 605 3057 ut
632 3034 685 3066 per
710 3025 808 3057 Sacrae
832 3021 941 3058 fistulae
965 3022 1080 3057 ostium

84 3066 240 3100 declivem
265 3064 303 3097 ab
326 3077 358 3098 ea
382 3065 533 3108 egressum
556 3065 682 3101 haberet
707 3064 846 3100 humor:
874 3065 989 3109 quoda
1014 3067 1080 3108 ple-

85 3110 188 3153 risque
213 3109 285 3142 aliis
308 3109 340 3140 in
364 3109 742 3152 certorum‘quorundam
767 3108 954 3144 cadaverum
967 3109 1079 3143 scetio-

86 3153 180 3185 nibus
204 3151 403 3194 negletfffim,
428 3163 483 3186 nos
505 3164 589 3187 certe
613 3164 665 3188 aut
690 3152 798 3187 eadem
826 3178 835 3193 ‚
869 3161 924 3186 aut
950 3154 1009 3186 alia
1033 3165 1079 3185 ra-

86 3197 173 3229 tione
197 3195 276 3236 saepe
300 3196 458 3236 inquirere
481 3206 543 3230 non
565 3195 728 3231 omisimus
749 3220 757 3234 ‚
789 3205 825 3231 ut
848 3208 885 3230 ex
921 3196 1080 3238 superiore

86 3241 181 3272 etiam
205 3236 347 3285 Epistola
369 3240 382 3278 (
404 3237 424 3271 h
445 3242 459 3278 )
481 3240 657 3282 intelligere
681 3240 833 3283 potuisti.
860 3239 1003 3281 Wepseri
1026 3252 1079 3275 au-

88 3291 153 3315 tem
175 3282 412 3316 observationes
435 3292 499 3314 non
524 3285 556 3316 in
579 3282 636 3317 hac
671 3283 770 3317 modo
794 3284 939 3316 Sestione
963 3285 977 3322 (
997 3285 1044 3321 ι’.)
1067 3306 1079 3322 ,

85 3324 137 3359 sed
163 3327 197 3357 in
222 3327 264 3358 II.
290 3335 415 3366 quoque
438 3327 452 3365 (
476 3325 527 3365 le)
549 3327 653 3361 videas
676 3349 685 3365 ,
709 3326 881 3368 praesertim
904 3327 936 3357 in
961 3325 1077 3368 quibus

86 3369 246 3408 multum,
271 3377 322 3404 aut
342 3368 515 3410 plurimum
540 3368 595 3401 seri
623 3382 660 3403 ex
683 3370 764 3402 ostio
789 3371 848 3402 illo
870 3370 978 3408 exire,
1001 3380 1078 3401 con-

85 3413 207 3453 spexit.
232 3412 319 3443 Nam
345 3412 375 3443 in
398 3421 458 3455 qua
480 3411 519 3456 qd
540 3412 659 3446 unciam
684 3413 766 3446 vidit
789 3413 939 3452 effluere,
963 3423 996 3444 ea
1019 3413 1080 3444 mi-

85 3457 173 3499 noris
200 3453 340 3488 facienda
364 3453 404 3488 est
424 3476 435 3492 ,
461 3454 598 3498 ‘siquod
621 3454 677 3499 ipsi
696 3480 703 3492 ,
743 3460 774 3489 &
798 3458 932 3489 Coitero
955 3455 1079 3488 videtur

85 3497 426 3543 suisle'incognitum,
450 3496 615 3530 secundum
641 3509 781 3532 naturam
803 3499 934 3541 quidem
958 3498 1074 3531 humo-

54 3565 57 3567 ·
84 3543 126 3577 ris
151 3540 256 3586 ahqua
279 3541 373 3584 copia
396 3541 429 3573 in
453 3540 516 3573 ima
540 3540 630 3573 Sacra
651 3541 751 3576 fistula
783 3542 824 3575 est
845 3541 1038 3583 agnoscenda
1063 3553 1075 3580 3

1996 217 2055 277 85

1126 310 1187 344 qua
1210 297 1248 330 de
1271 308 1302 331 re
1325 296 1405 340 quid
1438 297 1528 332 nobis
1552 296 1754 337 exploratum
1776 293 1814 330 fit
1833 317 1846 338 ,
1874 292 1937 325 erit
1958 291 2037 324 alibi
2071 292 2122 325 di-

1126 341 1215 377 cendi
1240 342 1347 378 locu55
1371 352 1469 385 neque
1491 341 1576 374 enim
1598 337 1727 374 difficile
1749 337 1791 374 est
1813 360 1824 377 ,
1846 344 1883 370 ut
1908 337 1940 370 in
1962 334 2121 370 cadaveris

1126 385 1322 427 gestatione,
1346 393 1399 416 aut
1423 383 1620 424 multiplici,
1643 391 1679 418 ut
1702 381 1813 424 saepius
1837 378 1897 416 fit,
1922 378 2121 412 volutatione

1127 440 1193 472 ejus
1219 427 1369 462 naturalis
1394 425 1538 461 humoris
1561 425 1669 468 portio
1692 423 1730 456 ab
1758 425 1824 458 imo
1847 421 1885 456 ad
1908 421 2062 465 summum
2085 419 2121 452 fi-

1136 471 1220 507 stulae
1243 469 1396 502 transeat.
1421 471 1541 502 Verum
1565 479 1637 501 cum
1659 476 1713 504 aut
1736 467 1831 508 copia
1856 465 1959 500 multo
1974 464 2123 512 major-it,

1137 524 1188 551 aut
1214 513 1273 546 alia
1298 523 1332 546 ac
1355 510 1487 549 debeat,
1511 519 1620 549 natura
1644 509 1708 551 est,
1731 509 1909 550 intelligere
1932 508 2060 550 quidem
2082 506 2123 540 11„

1137 568 1208 598 cet,
1232 553 1502 599 quemadmodum
1526 564 1578 588 aut
1604 554 1662 590 hac
1686 554 1746 588 alia
1768 562 1881 587 natura
1904 551 1995 584 laedat
2023 573 2031 587 ‚
2067 558 2124 583 aut

1131 614 1164 636 ea
1189 601 1293 638 multo
1317 597 1432 641 majori
1455 599 1547 640 copia
1571 608 1634 633 non
1657 595 1720 640 jam
1745 604 1855 631 nervos
1892 594 1965 630 illos
1997 592 2125 627 infimos

1132 644 1252 679 Caudae
1278 643 1413 684 Equinae
1431 664 1444 682 ,
1466 641 1518 674 sed
1541 641 1646 682 ipsum
1668 641 1761 682 longe
1783 638 1973 672 teneriorem
1993 659 2005 676 ,
2034 645 2130 683 quem

1137 684 1370 721 circumfundat
1397 707 1409 723 ,
1444 685 1584 726 Spinalis
1607 683 1752 720 medullae
1775 692 1930 726 truncum*
1950 689 2002 713 aut
2026 688 2127 719 magis

1138 728 1330 774 premendo,
1353 727 1573 765 autlaxando‚
1597 726 1712 760 inferat
1735 735 1861 761 artuum
1882 723 2127 759 resolutionem:

1137 775 1188 807 scd
1212 773 1268 818 qui
1291 770 1345 804 fiat
1365 795 1378 811 .,
1410 779 1446 804 ut
1470 781 1542 804 cum
1575 770 1668 803 illurn
1690 769 1829 812 undique
1862 764 2093 814 circumfundit
2118 773 2129 804 3

1136 827 1239 850 tamen
1264 827 1279 848 a
1304 815 1433 848 dextero
1456 815 1557 855 magis
1579 814 1671 847 latere
1692 836 1703 852 ‚
1733 823 1829 855 quam
1852 824 1867 843 a
1892 808 2014 845 sinistro
2034 831 2046 847 ,
2078 811 2132 840 aut

1136 872 1153 893 a
1177 858 1297 893 sinistro
1321 860 1420 895 magis
1443 882 1455 899 ,
1486 868 1581 900 quarn
1605 869 1620 889 a
1641 855 1774 889 dextero
1793 878 1805 895 ,
1838 862 1954 902 premat
1978 852 2099 901 laxetve
2124 873 2132 888 ‚

1138 914 1172 936 ut
1198 903 1304 934 lateris
1328 902 1417 934 illius
1433 923 1442 938 ,
1467 912 1531 934 non
1555 899 1650 941 hujus
1670 923 1682 939 ,
1718 908 1771 932 aut
1795 898 1889 941 hujus
1911 920 1923 936 ,
1953 906 2018 929 non
2043 894 2131 929 illius

1139 944 1307 990 paralyfim
1331 945 1427 980 faciat
1446 967 1463 983 ,.
1491 944 1669 985 intelligere
1691 952 1756 975 non
1776 942 1864 976 nicet
1889 965 1896 971 .
1933 941 2039 981 Igitur
2061 948 2132 981 quae

1140 1001 1198 1024 nos
1220 987 1392 1022 difficultas
1426 988 1508 1021 circa
1535 999 1647 1029 aquarn
1679 987 1712 1018 in
1736 986 1844 1020 cranio
1868 982 1992 1016 tenebat
2015 980 2063 1030 (l
2082 983 2132 1029 )·,

1139 1032 1244 1065 eadem
1277 1031 1309 1063 in
1334 1033 1422 1064 Sacra
1455 1041 1581 1073 quoque
1605 1028 1703 1064 fistula
1737 1027 1860 1063 detinet
1880 1050 1892 1069 ,
1923 1025 1979 1060 nisi
2013 1020 2135 1067 aliquid

1138 1084 1287 1120 praeterea
1311 1074 1373 1106 huc
1398 1072 1606 1116 adjiciamus.

1186 1129 1233 1160 17.
1257 1115 1293 1150 ld
1318 1127 1422 1151 autem
1445 1115 1646 1156 repetendum
1668 1113 1793 1148 videtur
1817 1125 1831 1147 a
1846 1109 2037 1154 praecedente
2060 1108 2138 1142 alte-

1140 1163 1204 1198 rius
1230 1160 1327 1203 partis
1350 1169 1403 1192 aut
1426 1159 1566 1195 cerebri,
1593 1166 1646 1190 aut
1671 1157 1808 1199 Spinalis
1832 1153 1976 1190 medullae
2001 1150 2136 1195 disposi-

1128 1208 1253 1244 ¹tione,
1277 1202 1337 1235 five
1361 1203 1428 1236 haec
1454 1213 1468 1233 a
1492 1212 1604 1235 natura
1629 1198 1666 1234 sit
1688 1224 1696 1238 ‚
1733 1199 1793 1234 five
1818 1211 1832 1231 a
1866 1197 1982 1231 morbo
2009 1208 2017 1228 :
2053 1203 2089 1228 ut
2114 1191 2137 1226 si

1139 1250 1245 1282 minus
1271 1245 1393 1282 firmam
1417 1256 1511 1287 quam
1534 1245 1651 1283 altera,
1674 1244 1824 1277 intimam
1861 1241 1973 1275 habeat
1997 1238 2135 1273 struem-

1140 1303 1206 1327 ram
1222 1315 1234 1331 ,
1258 1299 1310 1324 aut
1334 1288 1380 1330 fi,
1404 1289 1489 1321 velut
1512 1289 1545 1322 in
1570 1298 1603 1319 ea
1628 1287 1791 1329 apoplexia
1815 1296 1911 1328 quam
1935 1285 2010 1317 alias
2033 1285 2047 1321 <
2070 1291 2100 1313 m
2121 1283 2136 1319 J

1142 1349 1157 1369 a
1177 1335 1360 1373 meningum
1382 1330 1586 1365 convulsione
1611 1329 1701 1371 fieri,
1724 1328 1949 1374 proposuimus
1967 1351 1979 1368 ,
2004 1325 2138 1374 alterum

1139 1378 1256 1414 cerebri
1288 1373 1545 1417 hemisphaerium
1578 1385 1594 1407 a
1624 1372 1853 1407 vehementiori
1888 1372 1948 1405 suae
1982 1377 2141 1410 meningas

1139 1419 1338 1455 convulsione
1363 1420 1463 1462 magis
1485 1429 1581 1462 quam
1605 1417 1738 1451 alterum
1755 1442 1763 1455 ,
1786 1416 1994 1450 εοιιίὶιῚέὶωιι
2019 1412 2138 1445 fuerit.

1135 1467 1210 1511 Jam
1233 1474 1308 1496 vero
1331 1461 1352 1495 si
1377 1462 1414 1495 ad
1439 1465 1579 1494 nativam
1600 1481 1611 1501 ,
1635 1469 1687 1493 aut
1712 1459 1794 1504 si1ad
1819 1459 1962 1493 reliftam
1986 1468 2002 1489 a
2025 1453 2142 1489 morbo

1141 1512 1174 1542 in
1198 1508 1297 1540 altero
1320 1507 1415 1541 latere
1439 1505 1694 1538 imbecillitatem
1717 1501 1871 1545 eiusmodi
1894 1524 1906 1541 ,
1939 1511 2009 1543 quae
2033 1509 2087 1540 per
2110 1496 2138 1545 se

1137 1551 1267 1595 quidem
1290 1548 1390 1584 obesse
1413 1550 1468 1581 vix
1490 1546 1589 1589 posset
1604 1571 1615 1586 ,
1639 1545 1660 1579 si
1674 1545 1793 1580 adeam
1816 1569 1827 1585 ,
1862 1546 2019 1587 inquam,
2042 1539 2139 1591 undi-

1138 1606 1196 1638 que
1220 1591 1432 1635 circumjeetae
1454 1593 1500 1624 vis
1524 1603 1613 1634 aquae
1627 1589 1772 1627 accedam
1798 1585 2138 1626 nimirumintelligis‚

1139 1640 1190 1671 cui
1224 1638 1256 1670 vi
1281 1635 1405 1669 firmius
1428 1635 1510 1668 latus
1542 1634 1661 1667 cerebri
1689 1632 1837 1674 resistat,
1869 1641 1925 1667 aut
1957 1628 2108 1665 Medullae
2129 1650 2143 1671 ‚

1140 1680 1243 1715 eidem
1266 1679 1424 1713 infirmius
1449 1689 1511 1711 non
1536 1676 1618 1720 posse
1643 1675 1793 1711 resistere.

1187 1727 1234 1757 18.
1262 1723 1359 1762 Quod
1386 1732 1490 1755 autem
1513 1720 1550 1752 de
1573 1720 1724 1760 cerebro,
1747 1718 1872 1763 ejusque
1895 1715 2066 1761 appendice
2079 1726 2145 1749 me-

1143 1768 1228 1802 dulla
1250 1766 1369 1809 Spinali
1396 1776 1449 1808 per
1469 1764 1591 1798 suarum
1617 1765 1802 1806 meningum
1825 1761 2043 1795 convulfiones
2067 1759 2144 1794 Iaefis

1144 1811 1307 1849 dicebam,
1331 1808 1416 1843 idem
1439 1819 1568 1850 quoque
1592 1807 1630 1840 de
1653 1808 1756 1842 nervis
1780 1806 1818 1839 ab
1840 1806 1918 1844 illo,
1946 1813 1999 1838 aut
2024 1804 2061 1836 ab
2080 1801 2143 1853 *hac

1146 1852 1417 1898 proficiscentibus
1452 1856 1481 1884 &c
1519 1852 1595 1883 alias
1626 1853 1717 1891 (n)
1751 1849 1846 1889 dixi,
1878 1852 1910 1883 δε
1938 1858 2019 1881 nunc
2043 1856 2143 1888 etiam

1145 1907 1235 1931 tanto
1256 1896 1408 1929 libentius
1430 1893 1506 1927 dico
1529 1919 1537 1933 ‚
1572 1903 1693 1936 quanto
1716 1892 1843 1928 facilius
1865 1891 1908 1925 est
1930 1891 2110 1933 intelligere
2134 1912 2144 1927 ‚

1145 1952 1210 1975 non
1235 1942 1379 1974 Tenuem
1404 1937 1523 1974 mod0‚
1550 1936 1598 1970 scd
1613 1935 1797 1971 &Crassam
1820 1937 2001 1977 meningem
2023 1936 2145 1967 circum

1146 1997 1198 2019 eos
1220 1995 1298 2026 quos
1321 1980 1545 2020 convestiunt,
1568 1991 1681 2013 nervos
1705 1980 1842 2024 undique
1866 1979 1948 2021 posse
1972 1977 2118 2011 contrahi
2133 2001 2145 2017 ,

1144 2039 1239 2071 quam
1262 2028 1346 2059 circa
1369 2026 1502 2059 alterum
1525 2024 1667 2063 cerebri,
1691 2032 1745 2057 aut
1769 2024 1905 2066 Spinalis
1929 2021 2075 2055 medullae
2099 2021 2145 2053 la-

1144 2082 1215 2105 tus.
1243 2070 1293 2101 Sic
1317 2070 1349 2100 in
1374 2066 1568 2101 adolescente
1592 2070 1605 2107 (
1627 2078 1643 2099 o
1665 2070 1678 2105 )
1702 2067 1758 2109 qui
1782 2078 1820 2100 ex
1841 2065 1999 2099 vermibus
2023 2063 2146 2098 intesti-

1144 2125 1181 2147 na
1208 2112 1432 2152 irritantibus,
1458 2111 1574 2151 linguae
1606 2109 1737 2153 paralysi
1760 2110 1997 2152 corripiebatur
2015 2132 2027 2149 ‚
2062 2110 2148 2142 intra

1145 2159 1268 2199 aliquot
1292 2155 1359 2188 dies
1384 2153 1550 2194 solvenda,
1574 2152 1623 2186 sed
1648 2164 1721 2186 curn
1745 2155 1862 2188 ventris
1876 2153 2073 2186 torminibus
2097 2163 2146 2185 re-

1144 2210 1287 2233 currente
1310 2198 1440 2241 singulis
1473 2196 1626 2230 mensibus
1646 2220 1658 2237 ‚
1691 2208 1755 2230 rem
1778 2208 1837 2239 ego
1870 2209 1907 2230 ex
1942 2194 2146 2230 convulsione

1144 2243 1310 2284 explicabo
1345 2253 1398 2283 per
1421 2239 1606 2274 consensum
1638 2241 1796 2282 quendam
1819 2240 1857 2274 ad
1890 2241 2051 2282 meninges
2074 2251 2146 2282 quae

1143 2287 1260 2327 linguae
1285 2296 1394 2318 nervos
1418 2285 1553 2325 cingunt
1578 2308 1588 2321 ,
1612 2282 1764 2325 proclum
1785 2307 1798 2324 ,
1831 2284 1891 2317 levi
1917 2283 2045 2326 quidem
2069 2304 2078 2320 ‚
2110 2290 2157 2323 ut!

1142 2330 1237 2364 facile
1262 2328 1408 2372 paralysis
1432 2326 1614 2360 solvebatur
1629 2350 1638 2365 ‚
1664 2326 1714 2361 sed
1736 2326 2045 2360 cumintestinorum
2067 2336 2147 2358 con-
2186 2335 2190 2336 ⁷

1143 2371 1295 2405 vulsiones
1320 2371 1464 2404 redibant
1485 2392 1494 2408 ,
1531 2369 1599 2411 ipsa
1622 2381 1751 2414 quoque
1775 2370 1920 2404 redeunte
1938 2394 1945 2401 .
1984 2370 2091 2412 Igitur
2121 2368 2146 2402 fi

1148 2427 1257 2448 nervos
1281 2414 1461 2458 quoslibet,
1485 2424 1548 2446 non
1573 2424 1611 2446 ex
1634 2412 1819 2447 durioribus
1834 2423 1962 2454 tamen,
1985 2412 2144 2446 convulsae

1147 2468 1200 2491 aut
1226 2460 1385 2500 meninges
1410 2458 1494 2495 suae,
1519 2466 1572 2489 aut
1596 2458 1755 2498 contiguae
1767 2457 1949 2490 musculosae
1974 2456 2059 2490 fibrae
2070 2467 2147 2489 con-

1145 2501 1320 2543 stringant,
1345 2510 1398 2535 aut
1423 2499 1445 2532 fi
1470 2510 1532 2531 non
1559 2499 1646 2532 valde
1668 2499 1880 2540 constrffitos,
1904 2503 2023 2534 &mox
2045 2499 2085 2533 fic
2099 2499 2142 2532 sa-

1139 2546 1180 2579 tis
1205 2544 1365 2579 restitutos
1387 2540 1576 2576 circumfusa
1600 2554 1676 2585 aqua
1701 2553 1846 2584 premat,
1872 2553 1924 2576 aut
1948 2544 2030 2576 laxet
2055 2555 2066 2582 3
2091 2554 2138 2576 re-

1138 2589 1297 2621 solventur
1330 2597 1431 2630 partes
1463 2585 1578 2628 quibus
1600 2587 1623 2618 ii
1659 2587 1743 2618 nervi
1779 2586 2010 2629 prospiciunt:
2050 2596 2141 2630 atque

1135 2631 1211 2665 hinc
1234 2642 1362 2673 quoque
1386 2629 1516 2663 habebis
1539 2629 1621 2662 unde
1646 2629 1806 2671 intelligas
1818 2628 2010 2673 quibusdam
2033 2631 2067 2663 in
2090 2642 2143 2663 ca-

1134 2674 1234 2712 sibus,
1261 2684 1356 2717 quare
1378 2685 1450 2707 cum
1473 2672 1578 2706 eadem
1602 2684 1679 2715 aqua
1692 2684 1801 2707 omnes
1825 2673 1990 2707 interdum
2002 2675 2141 2707 circum-

1136 2717 1249 2751 fundat
1282 2719 1339 2760 qui
1364 2726 1417 2751 aut
1453 2727 1491 2749 ex
1515 2716 1643 2749 cerebro
1666 2738 1678 2755 ,
1707 2726 1762 2749 aut
1785 2728 1824 2749 ex
1857 2718 1983 2758 Spinali
2015 2717 2142 2750 medul-

1134 2761 1162 2795 la
1197 2763 1389 2804 proveniunt
1408 2785 1417 2802 ,
1459 2770 1568 2793 nervos
1591 2771 1602 2798 3
1642 2769 1707 2791 non
1740 2770 1847 2794 omnes
1891 2769 1997 2793 tamen
2037 2761 2141 2793 laxen-

1138 2815 1210 2839 tur.

1185 2858 1233 2889 19.
1259 2847 1363 2881 Facile
1395 2856 1500 2880 autem
1524 2844 1561 2879 ad
1594 2845 1735 2888 Spina-les
1768 2847 1896 2881 alterius
1927 2846 2035 2880 lateris
2068 2857 2137 2880 ner-

1137 2903 1192 2925 vos
1213 2915 1225 2931 ‚
1258 2890 1384 2931 suflrum
1409 2892 1591 2930 meningum
1615 2887 1816 2935 convulfione
1847 2898 1936 2922 certo
1959 2899 2101 2933 tempore
2123 2914 2138 2931 ,

1132 2946 1187 2969 nee
1211 2944 1316 2966 tamen
1341 2935 1479 2972 arc‘tius,
1500 2931 1761 2973 circumpressos,
1785 2932 1940 2966 attinebat
1964 2933 2049 2967 casus
2072 2944 2137 2967 non

1131 2979 1267 3020 vulgaris
1292 2999 1300 3015 ‚
1335 2979 1390 3020 qui
1416 2977 1570 3009 Bononia>
1595 2977 1635 3007 A.
1666 2985 1756 3017 1705.
1782 2976 1816 3008 in
1848 2975 1960 3009 eodem
1981 2976 2067 3019 quod
2090 2976 2136 3010 se-

1131 3022 1190 3056 mel
1217 3031 1309 3064 atque
1333 3022 1449 3053 iterum
1473 3019 1563 3061 supra
1585 3019 1779 3057 memoravi,
1806 3018 2133 3055 Nosocomiodiebus

1130 3066 1258 3099 circiter
1283 3066 1359 3096 octo
1383 3063 1537 3105 {perrarus
1563 3061 1603 3095 est
1623 3086 1628 3092 .
1657 3062 1763 3104 Virgo
1786 3072 1851 3095 erat
1875 3073 2030 3097 annorum
2053 3089 2064 3104 ‚
2097 3072 2133 3097 ut

1133 3108 1213 3141 mihi
1240 3108 1304 3140 visa
1327 3107 1389 3146 est,
1414 3105 1621 3148 quadraginta
1644 3127 1652 3141 ‚
1676 3116 1745 3147 quae
1769 3105 1838 3148 post
1860 3106 2050 3140 diuturnum
2073 3106 2133 3139 do-

1132 3153 1231 3185 lorem
1256 3151 1371 3192 capitis
1388 3173 1399 3189 ,
1424 3150 1523 3182 altero
1546 3147 1654 3181 sensim
1679 3147 1815 3183 resoluta
1840 3159 1905 3183 erat
1928 3150 2133 3192 corpor-isla-

1132 3205 1194 3228 tere
1216 3193 1256 3228 sic
1279 3203 1314 3226 ut
1348 3193 1472 3226 tandem
1499 3203 1595 3234 neque
1628 3192 1665 3224 ad
1689 3202 1812 3226 motum
1834 3215 1842 3229 ‚
1875 3204 1974 3236 neque
1996 3192 2034 3225 ad
2066 3192 2132 3226 sen-

1131 3238 1199 3273 sum
1224 3238 1284 3271 hoc
1309 3238 1356 3269 uti
1382 3234 1481 3279 posset
1502 3259 1510 3267 .
1548 3238 1597 3267 lta
1615 3233 1740 3269 *affeetae
1763 3235 1870 3269 sanum
1901 3246 2028 3280 quoque
2051 3236 2130 3269 alte-

1131 3293 1202 3316 rum
1227 3282 1307 3314 latus
1329 3279 1441 3313 similis
1465 3278 1612 3321 paralysis
1634 3277 1780 3322 quotidie
1802 3277 1979 3320 vespertino
2002 3289 2129 3322 tempo-

1129 3337 1160 3358 re
1184 3323 1395 3366 corripiebat,
1419 3324 1579 3356 matutino
1604 3332 1707 3356 autem
1731 3321 1917 3354 adventante
1939 3342 1948 3357 ‚
1970 3324 2127 3364 integram

1130 3369 1264 3401 omnino
1287 3365 1502 3408 relinquebat.
1530 3366 1629 3404 Qoa
1653 3364 1813 3407 postquam
1837 3364 1950 3406 septies
1968 3389 1981 3406 ‚
2014 3376 2065 3398 aut
2088 3377 2125 3397 o-

1132 3414 1209 3445 &ies
1232 3411 1371 3452 contigit
1394 3408 1497 3441 eadem
1521 3408 1659 3450 semper,
1682 3406 1898 3450 autfiquando
1921 3419 1984 3441 non
1995 3408 2126 3449 eadem,

1131 3466 1212 3494 una,
1237 3463 1271 3487 ut
1296 3453 1472 3488 summum,
1497 3451 1576 3484 hora
1598 3454 1718 3489 citius,
1742 3459 1794 3483 aut
1818 3450 1934 3489 serius3
1958 3459 2028 3484 tum
2047 3462 2123 3485 vero

1131 3499 1271 3531 thoracis
1296 3495 1508 3529 inflammatio
1530 3497 1686 3527 continuo
1709 3493 1827 3527 acceffit
1847 3516 1859 3534 ,
1891 3505 1986 3536 eaque
2009 3494 2123 3537 Virgi-

1130 3551 1201 3574 nem
1224 3539 1369 3579 sustulit,
1391 3536 1481 3580 cujus
1503 3536 1646 3571 disseffio
1669 3536 1846 3576 cadaveris,
1870 3537 1982 3569 invitis
2005 3537 2098 3614 nobsis
2113 3562 2126 3580 ‚

1993 3590 2060 3613 orm
2075 3601 2089 3609 -

2094 3634 2099 3648 l

142 3760 156 3788 (
171 3757 184 3782 b
199 3758 213 3785 3
231 3756 289 3781 Obs.
309 3765 329 3786 9.
348 3765 403 3784 cum
423 3757 504 3783 schol.
567 3757 581 3787 (
596 3765 606 3782 c
622 3757 635 3785 )
653 3765 676 3783 n.
696 3765 731 3787 ¹7-
794 3760 808 3789 (
824 3759 841 3784 d
856 3760 870 3789 )
886 3759 947 3789 Eph.
965 3762 999 3785 N.
1017 3761 1044 3784 C.
1061 3761 1133 3785 Cent-
1150 3767 1172 3789 3.
1190 3758 1248 3783 obsv
1265 3763 1303 3788 64.

143 3790 158 3818 (
173 3797 192 3818 g
207 3789 220 3817 )
237 3788 297 3812 Se&
315 3788 358 3813 hac
375 3796 411 3818 15.
428 3788 486 3823 Qbs.
503 3791 526 3812 6.
543 3788 565 3812 81
581 3797 605 3817 7.
668 3788 712 3817 (h
727 3789 742 3818 )
757 3797 784 3814 n.
802 3797 838 3820 ¹3·
898 3791 913 3820 (
928 3791 939 3815 i
954 3792 967 3820 )
984 3791 1042 3816 Obs-
1061 3797 1083 3819 3.

151 3819 164 3851 ζ
180 3826 203 3845 m
220 3817 233 3848 )
250 3818 343 3846 Advers.
362 3822 385 3843 6.
401 3821 486 3846 Amin.
504 3821 541 3850 84.
557 3818 581 3842 δι’.
597 3818 669 3852 Episti¹
688 3820 759 3844 Anat·
776 3827 812 3850 13.
830 3828 853 3845 n.
871 3828 907 3850 ²7.
972 3823 979 3853 l
998 3829 1012 3846 n
1030 3821 1042 3849 )
1061 3819 1122 3846 lbid.

1365 3758 1401 3787 (e
1419 3761 1427 3789 ,⁸
1445 3761 1520 3791 Epist.
1531 3764 1599 3785 Anat.
1610 3769 1631 3789 9.
1646 3768 1672 3784 n.
1684 3761 1719 3789 38.
1782 3759 1850 3790 (s)
1868 3759 1920 3785 Vid.
1932 3753 2121 3790 Episi.4.u.29.

1146 3790 1441 3820 (k)0bs,4o.&a7.
1506 3793 1671 3822 (l)n.14.

1187 3823 1226 3847 <o
1241 3821 1256 3851 )
1270 3822 1325 3847 Ast.
1344 3823 1377 3845 N.
1394 3823 1422 3846 C.
1439 3824 1513 3849 Tom.
1531 3830 1551 3846 ².
1572 3821 1630 3847 Obs·
1650 3823 1701 3846 160,
