2498 4075
475 273 628 331 Epist.
666 276 828 326 Anat.
864 272 1081 328 Medica
1096 314 1099 317 »
1116 273 1280 328 LXII.
1315 274 1438 327 Art.
1457 277 1501 327 6.
1511 290 1556 337 7-
1576 275 1623 328 8.
1642 277 1698 329 &
1715 293 1758 340 9.

122 350 300 384 extraffinn
323 351 428 385 fuerat
440 373 449 388 ‚
472 350 817 393 lentecomprimerem
831 365 839 388 3
852 350 1039 396 sanguinem
1052 354 1120 387 ani.

119 392 279 427 madverti
305 398 368 427 no'n
403 394 505 427 solum
536 406 574 427 ex
609 394 676 437 ejus
710 395 855 429 medullae
878 398 984 436 rima,
1009 407 1120 432 verum

117 438 218 469 etiam
230 450 267 470 ex
281 437 417 470 sec‘tione
428 436 608 472 substantiae
620 439 716 480 ipsius
726 450 797 480 quae
810 441 897 472 rima:
911 442 1042 482 propior
1054 451 1120 474 erat

119 481 270 521 prodire.
288 483 325 513 In
352 482 492 514 Laterali
513 481 693 514 ventriculo
713 492 852 524 utroque
871 485 996 523 copiam
1033 495 1122 526 aquae

117 523 261 566 limpidae
286 536 349 557 non
372 525 418 557 ita
442 523 630 565 modicam3
654 526 804 558 rubentes
837 535 943 560 tamen
978 527 1122 561 Cheroi-

116 565 170 601 des
193 568 321 610 plexus,
346 570 375 601 δι
400 569 432 600 in
457 567 505 600 his
529 578 592 600 non
619 568 789 606 vesiculas,
823 578 858 603 ut
895 568 1006 613 saepius
1026 596 1034 610 ,
1072 569 1123 604 sed

117 612 267 643 minimas
291 612 463 652 particulas
488 611 598 644 rubras
622 611 795 654 conspexi,
827 612 937 655 easque
972 613 1087 648 solidas
1111 637 1123 653 ,

116 663 153 687 ut
178 653 372 695 glandulofae
395 654 598 687 viderentur.
624 656 801 688 Cerebrum
823 678 832 692 ,
867 659 899 689 &
930 657 1121 690 cerebellum

116 698 257 729 naturali
282 706 370 729 erant
394 695 569 735 firmitate3
594 697 643 731 sed
667 698 757 731 laxus
793 700 914 734 Fornix
935 723 944 737 ‚
978 701 1121 742 laxaeque

119 740 270 774 medullae
294 740 490 782 Oblongatae
514 751 603 774 crura
620 764 632 780 ,
655 745 686 775 &
710 753 786 775 mox
809 752 962 781 truncus3
988 743 1037 776 sed
1052 742 1119 777 haec

116 783 200 817 facie
223 783 393 816 dumtaxat
416 785 592 817 interiore.
617 785 690 818 Nec
725 797 801 817 vero
836 785 898 819 hoc
929 788 1121 828 praetermit-

115 836 184 860 tam
209 844 219 866 ¹,
248 826 357 869 quod,
383 836 418 861 ut
441 826 588 870 quaedam
611 828 670 861 alia
695 839 733 861 ex
748 828 815 903 pac
839 829 1023 864 diffeffione
1057 830 1121 863 tibi

118 870 297 914 descripta,
320 870 358 903 ad
391 882 425 903 ea
457 871 587 911 quidem
621 873 744 913 pertine
795 883 866 914 quae
903 873 1009 907 minus
1048 873 1121 906 sunt

114 913 287 952 consueta,
313 913 362 946 sed
387 915 426 946 ab
448 922 524 946 ortu
549 923 681 954 tamen,
704 925 768 947 non
792 927 808 947 a
832 916 947 949 morbo
978 926 1122 958 repeten-

113 962 177 994 da;
199 956 319 990 cerebri
343 957 515 990 anteriores
539 957 607 991 lobi
629 969 692 1000 qua
718 959 800 991 inter
824 958 854 992 se
884 960 1081 1002 contingunt
1106 982 1116 996 ,

114 1000 154 1034 ad
175 999 319 1034 medium
345 999 446 1034 ferme
468 1000 652 1034 altitudinis
686 1011 810 1044 partem
844 1002 985 1045 aliquam
1018 1003 1115 1036 habe-

115 1044 195 1078 bant
232 1042 412 1088 superficiei
437 1066 446 1081 ‚
494 1044 617 1086 alioqui
651 1044 913 1079 intestiniformis
938 1071 947 1086 ‚
991 1048 1037 1080 ita
1068 1044 1116 1080 fa-

113 1089 198 1121 &am
225 1095 260 1122 ut
284 1098 399 1121 eorum
432 1087 511 1121 alter
543 1088 590 1121 ibi
614 1089 816 1131 exciperetur
842 1112 852 1128 ‚
885 1091 967 1124 alter
990 1089 1116 1132 excipe-

113 1141 183 1166 ret·
625 1150 628 1166 l

156 1177 189 1207 6.
224 1173 314 1211 Quid
347 1182 450 1209 terror
471 1197 481 1212 ‚
509 1176 608 1209 etiam
641 1186 739 1209 vanus
764 1198 773 1213 ,
809 1175 927 1218 possit,
959 1176 1115 1218 produfta

115 1217 274 1251 monstrat
297 1216 452 1251 historia.
479 1218 602 1255 Vides,
625 1228 660 1253 ut
693 1219 784 1253 illico
818 1222 850 1252 &
884 1220 1021 1264 clonicae
1046 1245 1055 1259 ,
1085 1223 1115 1253 δι

111 1262 257 1300 tonicae,
285 1269 321 1294 ut
333 1262 371 1295 ad
395 1273 454 1299 os,
477 1261 931 1304 con-vulfionesaperturbato
945 1262 1116 1307 spirituum

108 1303 205 1338 'rnotu
229 1304 356 1338 obortae
379 1303 464 1344 sint,
485 1317 557 1348 quae
580 1305 766 1348 sanguinem
789 1307 823 1339 in
848 1306 927 1339 vasis
943 1331 951 1345 ‚
985 1307 1116 1340 cerebro

108 1347 360 1381 inservientibus
382 1369 392 1384 ,
423 1350 618 1382 remorando
642 1371 650 1387 ‚
697 1349 802 1392 sicque
835 1349 1020 1384 effusionem
1055 1348 1114 1383 seri

110 1391 317 1430 inducendo,
343 1402 442 1425 novas
478 1391 573 1426 facile
606 1393 777 1426 ⁴attulerint
815 1393 920 1427 causas
957 1395 1000 1427 ob
1035 1404 1114 1436 quas

107 1434 331 1469 convulsiones
352 1433 427 1478 ipsae
451 1436 489 1469 ad
515 1445 657 1469 mortem
682 1436 778 1479 usque
813 1434 988 1479 perstarent
1010 1450 1019 1474 ;
1055 1434 1112 1469 nisi

107 1477 194 1512 forte
217 1479 318 1512 mavis
341 1478 510 1521 limpidam
534 1478 623 1512 illam
647 1491 761 1522 aquam
784 1480 817 1512 in
843 1480 1007 1514 Laterales
1037 1492 1114 1513 ven-

107 1522 246 1560 triculos
268 1520 325 1555 esse
347 1521 479 1556 effusam
512 1533 529 1555 e
560 1522 739 1565 compreffis
772 1522 913 1565 insuper·
933 1523 1077 1557 vesiculis
1102 1548 1113 1563 ,

106 1577 181 1608 quae
205 1566 239 1598 in
261 1565 486 1599 Choroidibus
509 1565 678 1608 plexibus,
704 1577 738 1599 ut
763 1567 843 1608 saepe
869 1567 1013 1600 videmus
1030 1590 1039 1604 ,
1055 1578 1110 1599 an-

105 1620 154 1644 tea
178 1607 376 1646 extitissent„
403 1620 539 1652 quarum
570 1609 791 1651 disruptarum
826 1610 859 1642 in
885 1611 913 1644 se
937 1610 1112 1644 contractae

105 1653 252 1693 reliquiae
277 1652 333 1684 illa
358 1650 487 1686 fortasse
509 1651 596 1694 quasi
621 1652 811 1695 glandulosa
835 1654 1024 1695 corpuscula
1060 1664 1110 1686 re·-

103 1695 388 1739 praesentaverint,
410 1695 543 1737 qualia,
567 1706 624 1728 nec
646 1694 808 1730 diffimiles
829 1697 874 1729 ob
897 1696 1005 1731 causas
1028 1719 1038 1734 ‚
1071 1696 1111 1728 iis

103 1749 235 1782 quoque
258 1739 466 1771 Anatomicis
490 1750 640 1780 apparere
663 1739 743 1772 olim
768 1742 957 1781 potuerint,
982 1752 998 1773 a
1036 1739 1111 1782 qui-

102 1783 164 1816 bus.
183 1780 338 1822 ejusmodi
363 1781 520 1823 glandulae
543 1781 655 1820 iisdem
680 1784 714 1815 in
740 1784 1014 1824 plexibusagnitae
1025 1782 1107 1815 sunt.

102 1825 234 1865 Qubus
257 1835 317 1867 ego
339 1823 377 1858 de
402 1824 516 1864 rebus,
542 1835 577 1858 ut
601 1836 674 1867 quae
699 1825 779 1859 mihi
804 1828 925 1867 pariter
949 1834 1108 1860 venerunt

104 1866 281 1910 aliquando
305 1869 338 1900 in
359 1878 522 1905 mentem,
547 1867 601 1901 etsi
629 1869 693 1901 tibi
717 1867 853 1902 fortaslis
877 1880 942 1902 non
981 1869 1111 1911 prorsus

104 1922 341 1954 repugnarem;
363 1911 444 1945 illud
469 1920 575 1944 tamen
599 1911 686 1953 quod
711 1911 749 1945 de
771 1921 935 1946 remorato
960 1912 1111 1955 sanguine

103 1956 196 1992 dixi,
222 1963 314 1987 tanto
337 1954 524 1989 credibilius
545 1953 609 1993 est,
632 1962 757 1997 quanto
781 1958 806 1988 is
830 1955 945 1998 majori
967 1979 980 1997 ‚
1012 1957 1108 1998 quip-

105 2011 144 2043 pe
168 2001 202 2031 in
226 1997 355 2035 bibaci,
380 2001 412 2031 &c
435 1997 640 2039 plethoric0‚
665 2008 732 2031 erat
768 2001 861 2040 copia
883 2025 891 2039 ,
920 2002 951 2032 &
983 2008 1109 2042 quanto

103 2046 139 2077 in
165 2050 342 2083 aegrotante
376 2040 555 2074 evidentius
588 2040 652 2074 fuit
686 2042 829 2076 levamen
853 2067 863 2083 ,
899 2043 1109 2086 quantumvis

104 2087 222 2122 breve;
248 2084 336 2127 quod
360 2095 397 2117 ex
421 2083 553 2125 singulis
576 2095 663 2118 venae
687 2085 880 2120 sectionibus
905 2087 1040 2124 relatum
1052 2084 1110 2126 est,

104 2131 138 2164 in
166 2136 295 2161 mortuo
319 2137 425 2161 autem
450 2127 599 2160 vasorum
624 2150 634 2165 ,
668 2130 764 2161 etiam
790 2131 999 2162 minimorum
1019 2153 1029 2168 ‚
1061 2141 1112 2163 ce-

102 2173 189 2209 rebri
219 2171 417 2204 manifestior
439 2170 592 2204 distentio
615 2194 628 2211 ,
662 2182 696 2207 ut
722 2173 769 2205 vel
794 2184 831 2205 ex
865 2172 961 2214 hujus
992 2183 1113 2215 appen-

102 2217 208 2256 dicis,
233 2213 381 2248 medullae
407 2214 545 2257 Spinalis
568 2214 798 2257 compreffione
822 2216 1022 2249 intelletiurn
1046 2217 1104 2252 est;

104 2270 238 2304 perraro
261 2260 347 2291 enim
370 2270 407 2291 ex
438 2258 506 2300 ipsa
541 2257 607 2298 ejus
642 2258 788 2292 medullae
824 2259 998 2293 substantia
1033 2259 1108 2293 licet

104 2305 291 2345 sanguinem
315 2303 496 2344 exprimere
512 2326 520 2334 .
542 2301 634 2335 Adde
657 2301 718 2336 huc
743 2312 826 2336 acres
850 2315 889 2336 ex
913 2313 979 2337 tam
1003 2302 1107 2336 sordi-

104 2348 141 2381 da
168 2356 235 2379 arte
258 2347 290 2379 in
324 2346 466 2379 hominis
502 2344 654 2386 sanguine
688 2347 861 2388 particulas
887 2369 896 2383 ‚
930 2356 967 2380 ut
1000 2345 1103 2388 posita

103 2389 201 2433 hujus
224 2401 312 2423 mora
336 2398 506 2425 exeuntes,
529 2389 656 2421 irritare
680 2391 802 2432 magis,
826 2393 857 2423 δι
881 2391 1031 2424 vellicare
1045 2401 1104 2431 po-

101 2435 246 2468 tuerint.
380 2433 504 2466 Verum
527 2432 565 2466 de
588 2432 748 2475 Epilepsia
772 2456 782 2473 ,
813 2436 843 2466 ἀ
876 2432 1108 2467 Convulfioni-

101 2479 161 2512 bus
183 2475 278 2514 satis,
301 2476 473 2519 praesertim
499 2487 573 2509 cum
595 2476 633 2523 de
657 2476 812 2520 oppofito
835 2478 941 2515 malo,
969 2475 1106 2520 Paralyfi

104 2522 195 2565 plura
221 2519 372 2561 supersint
396 2531 467 2561 quae
493 2519 554 2552 huc
579 2519 790 2560 adjiciamus.

145 2576 175 2607 7.
201 2563 444 2597 VETULAM
469 2563 640 2605 octoginta
664 2565 754 2597 annis
779 2565 1020 2604 minorem‚sed
1037 2576 1103 2598 ma-

102 2609 205 2651 jorem
239 2607 440 2648 septuaginta
465 2629 474 2643 ‚
521 2617 647 2649 repente
699 2608 869 2651 apoplexia
920 2608 1101 2649 graviffima

100 2654 302 2692 corripuerat
327 2675 336 2684 .
370 2651 541 2693 Continuo
575 2651 608 2683 in
649 2650 890 2684 Nosocomium
923 2653 1104 2685 intulerunt

101 2699 284 2729 stertentem
309 2716 318 2731 ‚
351 2692 444 2734 pulsu
485 2692 623 2734 debili,
655 2696 686 2727 δι
730 2695 818 2737 quod
863 2694 923 2728 huc
965 2697 1103 2729 maxime

103 2743 221 2772 attinet
244 2761 255 2777 ‚
290 2745 361 2769 artu
395 2747 533 2779 utroque
564 2737 696 2771 dextero
729 2738 870 2771 resoluto
892 2763 900 2770 .
936 2739 985 2772 lbi
1018 2739 1101 2772 intra

101 2783 238 2815 biduum
262 2779 372 2812 eadem
393 2791 456 2821 qua
479 2782 620 2822 primum
645 2782 811 2823 apoplexia
844 2783 1009 2824 ingruerat
1043 2784 1103 2816 ho·

101 2837 136 2858 ra
160 2832 287 2857 mortua
312 2821 353 2855 est
376 2823 443 2863 post
468 2822 609 2857 medium
635 2825 793 2858 Martium
818 2826 863 2859 A.
892 2836 982 2868 1750.

103 2866 278 2901 CRANII
305 2864 429 2898 fornice
453 2866 602 2907 postridie
627 2867 750 2901 ibidem
773 2869 1005 2908 circumiecto,
1027 2868 1105 2902 cum*

104 2907 276 2946 effluxisset
310 2908 425 2945 nihil3
460 2909 646 2952 priusquam
682 2911 735 2943 ille
769 2912 968 2946 attolleretur
994 2937 1003 2952 ‚
1034 2924 1101 2945 ma-

104 2966 167 2998 gna
191 2951 337 2987 audiente
368 2950 581 2985 studiosorum
609 2953 775 2998 Juvenum
808 2967 926 2990 corona
948 2979 958 2993 ‚
991 2955 1060 2989 dixi
1093 2977 1103 2993 ‚

105 2999 164 3033 etfi
188 2997 232 3030 ob
256 2998 405 3038 ignotum
429 2994 510 3029 mihi
534 2995 600 3037 ejus
625 2998 754 3030 Vetulae
779 3008 1066 3042 temperamentum
1090 3022 1103 3039 ‚

105 3045 136 3076 &
161 3051 258 3083 genus
281 3048 352 3072 tum
376 3039 499 3078 vietus,
520 3048 589 3073 tum
622 3039 810 3075 morborum
844 3044 962 3084 quibus
997 3041 1103 3076 fuisset

104 3084 245 3119 obnoxia
261 3107 270 3122 ‚
292 3092 357 3114 non
381 3082 545 3121 auderem,
568 3094 664 3125 quam
687 3085 854 3119 inventuri
877 3085 1007 3120 essemus
1029 3097 1104 3128 apo-

107 3129 224 3171 plexiae
248 3124 373 3159 causam
399 3137 457 3168 pro
479 3135 567 3159 certo
590 3127 723 3161 definire
747 3140 757 3167 ς
791 3138 898 3163 tamen
931 3141 996 3162 non
1027 3130 1104 3163 infi-

104 3174 288 3207 ciaturum‚
314 3169 364 3201 vel
387 3171 422 3202 in
450 3169 582 3203 muliere
607 3171 640 3204 id
663 3173 766 3205 aetatis
789 3170 849 3213 effe
873 3172 958 3215 posse
985 3186 1000 3206 a
1033 3173 1102 3206 san-

105 3217 226 3259 guine,
250 3212 424 3256 praesertitn
448 3224 522 3246 cum
569 3214 609 3247 ab
654 3214 715 3249 hoc
749 3215 838 3249 valde
872 3226 1031 3250 tumerent
1067 3219 1102 3250 in

105 3259 193 3294 collo
217 3267 304 3290 venae
328 3277 336 3292 ‚
373 3258 403 3288 &
428 3254 524 3289 fortis
546 3254 652 3291 fuisset
685 3261 853 3300 apoplexia
876 3273 883 3293 :
916 3269 1069 3294 caeterum
1094 3282 1104 3297 ‚

107 3311 309 3344 quaecunque
334 3296 441 3332 fuisset
464 3298 574 3338 causa,
597 3302 775 3335 dummodo
798 3305 831 3335 in
854 3306 1003 3345 organica
1027 3316 1105 3338 con-

105 3346 213 3387 spicua
238 3342 362 3376 laefione
384 3341 590 3382 confisteret3
612 3357 651 3378 ex
677 3345 812 3387 paralysi
836 3346 1040 3381 dexterorum
1054 3360 1102 3382 ar-

104 3398 199 3422 tuum
229 3385 347 3427 conjici
381 3385 579 3428 probabilius
612 3388 694 3429 posse
731 3389 823 3431 juxta
856 3390 1017 3424 Valsalvae
1050 3400 1101 3425 tot

105 3430 359 3465 Observationes
384 3452 393 3466 ‚
425 3433 455 3463 &
478 3440 586 3466 meas,
620 3433 653 3464 in
687 3432 810 3465 sinistro
845 3434 968 3467 cerebri
1000 3433 1098 3468 hemi-

91 3474 245 3517 isphaerio
268 3473 505 3514 apparituram.
540 3475 637 3507 Tunc
671 3476 781 3509 avulso
815 3489 829 3509 a
866 3475 1002 3519 subjecta
1035 3490 1101 3512 me-

106 3520 205 3560 ninge
228 3519 326 3551 cranii
352 3515 476 3549 fornice
491 3540 500 3555 ‚
521 3527 592 3550 cum
617 3519 649 3550 in
673 3530 706 3551 ea
727 3519 863 3553 morbosi
889 3522 988 3559 nihil,
1027 3534 1104 3555 mox

108 3571 217 3596 autem
241 3571 297 3602 per
320 3561 500 3602 meningem
535 3561 685 3594 Tenuem
721 3566 865 3604 repentia
897 3564 968 3598 vasa
1003 3566 1105 3604 plera-

107 3617 169 3649 que
202 3601 346 3637 vidissem
389 3604 484 3645 nigro
518 3603 669 3645 sanguine
705 3608 834 3646 turgida
856 3629 866 3644 ,
907 3610 937 3641 &
982 3609 1103 3651 aliquid

107 3658 247 3686 cruentae
284 3658 374 3688 aquae
406 3649 490 3680 circa
524 3646 692 3680 inferiores
725 3649 925 3691 Oblongatae
961 3651 1106 3686 medullae

195 3690 358 3733 Morgagni
370 3690 404 3723 dr
416 3692 482 3724 Sed.
494 3691 536 3724 Θ
546 3689 633 3734 Caus.
646 3691 748 3724 Morb.
763 3694 861 3727 Tom.
873 3695 919 3727 ΙΙ.

2015 296 2104 339 411

1171 352 1252 386 fines
1278 349 1601 390 animadvertissem3
1634 352 1673 387 ad
1704 354 1859 394 cerebri,
1891 356 1979 398 quod
2015 366 2080 391 crat
2116 359 2174 392 firs

1171 405 1260 428 mum
1283 416 1296 432 ‚
1329 404 1402 426 cum
1436 396 1629 429 cerebellum
1664 397 1738 431 esset
1771 398 1880 432 laxum
1904 421 1915 438 ‚
1949 398 2171 435 dissectionem

1173 446 1305 471 ventum
1328 438 1373 469 est
1396 461 1405 470 .
1436 440 1581 473 Primum
1604 449 1710 474 autern
1734 451 1845 483 aperto
1871 443 2009 476 Laterali
2044 446 2166 476 ventri-

1173 481 1247 514 culo
1269 479 1401 513 dextero
1424 505 1433 520 ,
1469 493 1532 515 non
1557 494 1653 524 pauca
1676 494 1808 518 cruenta
1833 496 1912 527 aqua
1946 484 1977 519 se
2012 485 2134 521 obtulit
2157 496 2176 526 ,·
2224 496 2228 498 Δ

1173 535 1245 566 quae
1268 534 1314 556 res
1338 523 1439 558 videri
1477 535 1605 568 poterat
1629 527 1751 570 aliquid
1775 528 1917 562 indicare
1950 529 2038 572 quod
2070 530 2170 571 paulo

1174 576 1245 600 ante
1278 569 1463 601 memoratis
1495 569 1790 604 Observationibus
1831 582 1896 604 non
1930 571 2136 615 responderet
2157 597 2167 607 .

1172 611 1231 643 S'ed
1253 620 1325 643 cum
1347 612 1380 643 in
1405 620 1478 644 toto
1501 624 1538 645 eo
1562 614 1744 647 ventriculo
1766 614 1848 648 nihil
1871 615 2078 658 disruptum,
2114 624 2178 650 aut>

1173 655 1345 687 laceratum
1372 678 1381 693 ,
1413 653 1471 687 nisi
1498 656 1612 689 Lucidi
1638 656 1718 698 septi
1741 657 1901 699 quandam
1933 666 2057 700 partem
2089 671 2171 693 con-

1173 697 1327 738 spicerem
1355 712 1364 734 ς
1397 697 1435 731 ad
1474 697 1634 732 sinistrum
1676 701 1894 735 ventriculum
1940 703 2170 736 recludendum

1174 742 1352 782 perrectum
1387 741 1431 774 est
1457 766 1465 774 .
1509 742 1579 783 Qi
1612 751 1702 776 totus
1733 746 1852 785 partim
1896 746 2003 778 eadem
2036 755 2170 779 cruenta

1172 796 1254 826 aqua
1277 806 1286 822 ‚
1325 785 1443 827 partim
1468 795 1543 819 vero
1567 807 1577 822 ‚
1611 786 1786 828 praesertim
1822 788 1995 829 posteriora
2030 790 2134 822 versus
2156 810 2170 827 ,

1172 829 1267 868 nigro
1298 839 1362 860 non
1396 839 1499 870 pauco
1533 829 1683 871 sanguine
1705 852 1717 869 ‚
1749 841 1850 872 eoque
1883 840 2039 865 concreto
2059 856 2068 871 ‚
2101 840 2171 864 era—t

1173 871 1282 913 plenus
1307 894 1314 902 .
1348 871 1465 912 Sicque
1488 872 1691 906 intellestum
1714 871 1781 910 est,
1806 885 1922 916 aquam
1946 875 2034 909 illam
2057 885 2172 908 cruen-

1172 925 1238 947 tam
1263 913 1367 947 serum
1390 913 1480 947 fnisse
1511 927 1527 949 e
1550 916 1770 950 concrescente
1793 929 1832 949 eo
1858 919 2009 961 sanguine
2043 918 2170 961 expres-

1166 956 1235 991 sum
1257 978 1268 995 ‚
1300 958 1387 999 quod
1411 958 1470 991 sibi
1495 970 1548 1000 per
1583 959 1705 1000 septum
1730 982 1739 997 ‚
1783 963 1970 995 ventriculis
1999 960 2171 1003 interposi-

1166 1010 1236 1033 tum
1248 1023 1257 1038 ‚
1283 1000 1323 1034 ab
1338 1000 1462 1035 sinistro
1473 1003 1558 1034 viam
1569 1001 1730 1036 feceratin
1743 1002 1910 1039 dexterum
1923 1027 1934 1043 ‚
1947 1007 2004 1047 qui
2017 1005 2099 1038 nihil
2112 1003 2169 1038 ha-

1166 1044 1262 1077 bebat
1286 1044 1515 1084 adnotandum,
1529 1045 1585 1078 nifi
1598 1046 1799 1080 Choroidem
1815 1048 1942 1088 plexum
1955 1049 2144 1089 pallidulum
2160 1073 2171 1088 ‚

1168 1087 1344 1129 multisque
1367 1111 1375 1124 ‚
1412 1087 1463 1122 sed
1488 1091 1616 1130 parvis,
1639 1088 1852 1132 hydatidibus
1867 1115 1878 1131 ,
1901 1104 1962 1135 qua
1986 1092 2171 1126 antrorsum

1169 1129 1401 1164 infleetebatur
1424 1154 1433 1168 ,
1468 1131 1657 1167 distinetur-n
1683 1158 1689 1166 .
1728 1136 1775 1167 At
1799 1135 1833 1167 in
1859 1134 1982 1169 sinistro
2005 1137 2044 1169 ab
2063 1146 2171 1176 erum-

1169 1183 1263 1216 pente
1287 1173 1439 1215 sanguine
1461 1173 1550 1209 laesus
1574 1176 1653 1209 adeo
1677 1177 1785 1211 fuerat
1807 1176 1989 1212 Choroides
2028 1179 2138 1222 plexus
2161 1202 2173 1218 ‚

1167 1226 1204 1251 ut
1227 1217 1500 1260 quemadmodum
1531 1219 1560 1252 se
1590 1218 1722 1253 haberet
1744 1242 1753 1256 ‚
1788 1220 1862 1253 satis
1896 1222 2071 1264 perspicere
2105 1232 2172 1255 non

1168 1261 1296 1297 licuerit
1321 1283 1329 1292 .
1366 1262 1523 1301 Eruperat
1558 1271 1664 1296 autem
1699 1263 1826 1305 sanguis
1864 1275 1903 1297 ex
1934 1265 2037 1306 ampla
2062 1288 2071 1303 ‚
2117 1266 2171 1297 cui

1169 1304 1350 1337 adhaerebat
1375 1329 1384 1343 ,
1430 1304 1526 1338 fovea
1559 1330 1568 1345 ,
1621 1316 1771 1340 excavata
1803 1309 1837 1340 in
1879 1308 2050 1342 dilacerata
2083 1317 2173 1351 parte

1169 1346 1269 1381 ferme
1292 1357 1362 1381 tota
1384 1348 1500 1380 Striatii
1520 1351 1665 1392 corporis
1689 1361 1760 1392 quae
1791 1350 1831 1383 ab
1863 1349 1960 1393 hujus
1991 1351 2173 1394 longitudi-

1166 1392 1216 1424 nis
1239 1390 1347 1425 medio
1372 1391 1410 1424 ad
1435 1393 1610 1433 posteriora
1634 1393 1818 1427 extenditur
1842 1416 1853 1433 ,
1887 1397 1918 1428 &
1942 1399 1975 1428 in
1998 1395 2089 1429 simul
2127 1397 2173 1428 la-

1166 1443 1276 1468 cerato
1297 1436 1458 1476 contiguo
1481 1437 1570 1469 nervi
1593 1438 1709 1479 Optici
1736 1437 1901 1471 Thalamo
1936 1438 2172 1482 propemodum

1167 1488 1273 1514 τοῖος
1308 1478 1363 1510 vix
1401 1479 1487 1511 enim
1520 1491 1617 1520 parva
1652 1479 1748 1521 huius
1781 1482 1891 1522 portio
1914 1505 1926 1522 ,
1959 1494 2057 1524 eaque
2091 1482 2176 1515 luri-

1164 1521 1204 1555 da
1227 1544 1240 1561 ,
1271 1521 1393 1563 reliqua
1417 1531 1483 1554 erat
1508 1535 1580 1565 quae
1606 1524 1643 1557 ad
1668 1535 1759 1557 oram
1782 1524 1826 1558 est
1851 1527 2026 1559 ventriculi
2060 1526 2176 1562 tertii,

1164 1565 1250 1606 pleni
1277 1564 1386 1598 eadem
1410 1565 1465 1597 illa
1491 1577 1570 1607 aqua
1603 1567 1844 1608 sanguinolenta
1870 1581 1878 1602 .-
1912 1569 1951 1602 ab
1985 1569 2085 1604 altero
2120 1580 2177 1603 au-

1164 1619 1228 1640 tem
1252 1606 1405 1640 Thalami
1429 1607 1569 1649 ejusdem
1593 1610 1692 1642 latere
1726 1620 1790 1643 non
1825 1612 1930 1654 ipsum
1968 1613 2139 1646 dumtaxat
2162 1633 2174 1649 ‚

1166 1651 1217 1684 sed
1242 1654 1272 1683 &
1298 1652 1439 1693 aliquam
1464 1654 1627 1695 attiguarn
1651 1661 1774 1696 partem
1809 1653 2027 1696 hemisphaerii
2057 1656 2175 1689 sinistri

1163 1705 1334 1736 erumpens
1370 1693 1496 1737 sanguis
1525 1696 1757 1730 dilaceraverat
1782 1721 1789 1728 .
1809 1699 1951 1730 'Caetera
1985 1710 2056 1742 quae
2089 1701 2177 1733 intra.

1165 1739 1312 1771 cranium
1337 1748 1427 1771 erant
1452 1761 1462 1777 ‚
1495 1751 1571 1773 cum
1593 1741 1766 1782 diligenter
1791 1740 2031 1781 persecuissem‚
2064 1745 2175 1776 omnia

1162 1783 1245 1814 intra
1289 1790 1413 1825 natura:
1458 1782 1593 1816 modum
1634 1783 1829 1826 deprehendi
1861 1807 1874 1824 ,
1933 1794 1968 1817 ut
2014 1797 2052 1819 ne
2092 1795 2177 1819 arte—

1163 1828 1218 1857 tiae
1242 1824 1374 1867 quidem
1419 1824 1493 1858 duri
1538 1827 1718 1869 quidquam
1751 1826 1905 1861 haberent
1928 1851 1938 1866 ‚
1974 1841 2048 1864 cum
2080 1839 2178 1863 caete«

1163 1878 1205 1900 rae
1229 1879 1307 1909 pene
1331 1878 1465 1907 omnes,
1500 1871 1531 1902 &
1568 1870 1617 1903 vel
1651 1870 1727 1912 ipsae
1763 1882 1817 1912 per
1848 1873 1971 1906 collum
2003 1872 2177 1907 Carotides

1164 1921 1229 1944 non
1253 1909 1316 1944 fine
1339 1911 1476 1946 lamellis
1498 1910 1592 1946 osseis
1614 1914 1648 1946 in
1672 1913 1732 1948 hac
1758 1914 1880 1949 Vetula
1919 1917 2142 1951 invenirentur
2167 1941 2177 1949 .

1165 1954 1223 1987 Sed
1248 1965 1350 1997 neque
1373 1957 1407 1988 in
1440 1955 1634 1990 ostendenda
1656 1981 1665 1997 ,
1700 1955 1945 2002 diffecandaque
1977 1959 2092 1994 diebus
2125 1961 2176 1993 in-

1161 1997 1366 2039 sequentibus
1398 1999 1431 2031 in
1465 1998 1519 2033 sua
1553 1999 1623 2034 sede
1669 2001 1792 2044 Spinali
1826 2003 1964 2037 medulla
1997 2003 2176 2047 quidquam

1162 2041 1284 2075 offendi
1316 2042 1403 2085 quod
1436 2041 1509 2076 esset
1547 2053 1661 2086 praeter
1695 2055 1842 2078 naturam
1866 2071 1874 2079 .
2010 2045 2176 2081 Thoracis

1163 2096 1317 2127 quoque,
1341 2089 1372 2119 δε
1398 2086 1532 2120 Ventris
1557 2087 1676 2122 viscera
1700 2088 1784 2122 nihil
1817 2090 2006 2124 obtulerant
2040 2090 2175 2125 adnota-

1165 2130 1255 2161 tione
1277 2129 1412 2171 dignum
1437 2151 1447 2167 ,
1481 2129 1503 2162 fi
1528 2131 1638 2165 Colon
1663 2133 1828 2174 excipias,
1850 2135 1939 2177 quod
1964 2135 2004 2168 ab
2029 2133 2083 2168 sua
2117 2134 2177 2169 sub

1168 2173 1347 2206 ventriculo
1372 2172 1440 2206 sede
1463 2172 1658 2208 infleetebat
1681 2176 1711 2209 se
1733 2176 1881 2211 deorsum
1913 2179 1947 2211 in
1980 2188 2071 2213 arcus
2103 2190 2178 2213 mo-

1167 2216 1243 2248 dum
1266 2238 1276 2254 ‚
1310 2228 1367 2249 nec
1392 2216 1487 2250 breve
1510 2218 1548 2251 ad
1574 2219 1715 2261 spatium
1740 2232 1750 2252 ε
1783 2230 1915 2264 eratque
1936 2247 1945 2262 ‚
1980 2231 2015 2255 ut
2052 2226 2175 2258 ventri-

1161 2261 1251 2293 culus
1286 2261 1404 2302 pariter
1429 2286 1439 2301 ,
1481 2261 1575 2295 valde
1619 2264 1822 2298 contrafium
1846 2289 1855 2297 .
1902 2263 2173 2301 Animadversum

1162 2304 1258 2336 etiam
1282 2303 1325 2336 est
1349 2304 1387 2337 ad
1411 2304 1546 2338 alteram
1572 2305 1705 2339 axillam
1728 2307 1957 2350 corpusculum
1980 2309 2107 2347 forma,
2141 2313 2174 2344 &

1162 2347 1385 2389 magnitudine
1409 2348 1539 2389 lupini,
1565 2349 1716 2392 ambigua
1740 2352 1826 2386 inter
1859 2363 1894 2384 os
1916 2375 1926 2390 ,
1966 2353 2171 2396 lapidemque

1161 2400 1298 2428 natura,
1322 2391 1410 2434 quod
1436 2390 1493 2425 nisi
1518 2392 1637 2434 pleurae
1673 2395 1775 2436 magis
1795 2417 1808 2434 ‚
1843 2406 1940 2437 quam
1976 2397 2168 2431 axillaribus

1161 2433 1343 2481 glandulis,
1368 2436 1511 2469 vicinum
1535 2435 1666 2476 fuisset;
1688 2437 1816 2473 fortasse
1840 2449 1879 2472 ex
1917 2446 2025 2473 earum
2061 2440 2169 2484 aliqua

1157 2479 1279 2511 saetam
1303 2479 1386 2516 elle,
1408 2478 1635 2514 existimasses.

1201 2523 1230 2554 8.
1257 2520 1414 2556 Disseetio
1438 2521 1530 2563 haec,
1554 2533 1589 2558 ut
1613 2532 1665 2559 tot
1689 2525 1760 2560 aliae
1782 2549 1792 2566 ,
1823 2526 1915 2562 simul
1949 2527 2166 2573 Hippocratis

1156 2565 1375 2608 aphorismum
1399 2567 1416 2608 ζ
1435 2567 1450 2584 '‘
1473 2570 1484 2606 )
1502 2567 1623 2610 solvere
1645 2569 1844 2611 apoplexiam
1857 2571 1976 2614 fortem
2001 2573 2167 2617 impoffibi-

1155 2609 1183 2643 le
1208 2632 1217 2647 ,
1263 2608 1355 2643 simul
1395 2610 1559 2645 Valsalvae
1581 2609 1700 2654 dogma
1722 2611 1761 2646 de
1784 2625 1850 2656 quo
1875 2617 1974 2658 saepe,
2007 2620 2037 2651 δι
2073 2618 2163 2660 supra

1154 2653 1320 2690 diximus,
1344 2655 1571 2696 comprobavit
1595 2676 1607 2693 ,
1640 2665 1710 2688 tum
1734 2656 1864 2699 insuper
1887 2670 1984 2702 quam
2020 2662 2179 2695 exitialis‘

1153 2696 1192 2729 fit
1215 2697 1331 2731 effufio
1355 2696 1516 2739 sanguinis
1541 2710 1595 2741 per
1635 2699 1755 2733 Striata
1788 2712 1924 2745 corpora
1952 2728 1961 2742 ,
1996 2715 2050 2738 aut
2086 2716 2163 2746 pro-

1154 2742 1260 2774 ximos
1285 2740 1487 2780 Thalamos,
1511 2753 1565 2776 aut
1595 2753 1708 2775 eorum
1733 2743 1842 2777 saltem
1876 2747 2050 2780 viciniam.
2075 2749 2162 2792 Quae

1153 2786 1263 2818 omnia
1288 2787 1436 2822 proxima
1459 2797 1589 2827 quoque
1614 2785 1820 2819 confirmabit
1843 2787 1995 2826 historia.

1197 2842 1227 2870 9.
1253 2828 1462 2871 FOEMLNA
1489 2828 1554 2870 jam
1577 2840 1654 2861 cana
1679 2853 1688 2868 ,
1734 2829 1856 2864 ibidem
1889 2833 1973 2867 cirea
2019 2833 2161 2870 medium

1154 2870 1370 2905 Decembrem
1394 2872 1436 2904 A.
1473 2875 1566 2914 1756.
1599 2883 1638 2905 ex
1671 2872 1782 2907 eodem
1814 2875 1930 2909 morbo
1964 2879 2048 2911 intra
2081 2888 2160 2921 pau-

1154 2927 1205 2949 cas
1227 2914 1321 2947 horas
1345 2924 1472 2949 mortua
1496 2925 1564 2949 erat
1585 2940 1592 2952 ,
1644 2916 1778 2958 paralysi
1824 2919 1856 2951 in
1897 2920 2036 2953 dexteris
2069 2929 2160 2955 artu-

1155 2960 1214 2993 bus
1238 2958 1411 2992 adnotata.
1537 2959 1811 2993 CEREBRUM
1856 2963 1889 2994 in
1919 2962 1973 2998 sua
2008 2964 2076 2998 sede
2108 2967 2157 2997 in-

1155 3002 1294 3037 cisurus2
1319 3002 1358 3033 iis
1373 3027 1382 3040 ‚
1405 3004 1557 3045 quipost
1581 3014 1594 3035 a
1621 3013 1672 3035 me
1695 3002 1841 3037 habitam
1863 3005 1902 3039 de
1925 3009 2075 3041 universis
2108 3006 2159 3041 os-

1155 3046 1238 3080 sibus
1264 3045 1538 3079 Exercitationem
1561 3045 1666 3087 plures
1689 3045 1893 3082 substiterant
1913 3073 1924 3089 ‚
1958 3049 2157 3085 studiosiori..

1155 3090 1215 3123 bus
1239 3087 1504 3123 Adolescentibus
1526 3100 1601 3124 cum
1626 3088 1712 3124 idem
1735 3092 1822 3133 quod
1846 3093 1878 3125 in
1903 3094 2061 3135 superiore
2085 3106 2158 3129 rnu-

1157 3134 1231 3166 liere
1255 3131 1491 3173 praedixissem,
1513 3143 1583 3168 tum
1606 3132 1716 3167 Crassa
1742 3136 1890 3178 meninge
1914 3147 2020 3170 amota
2042 3160 2055 3174 ,
2087 3136 2156 3171 vasa

1158 3187 1213 3219 per
1237 3177 1384 3209 Tenuem
1409 3176 1619 3211 discurrentia
1643 3177 1787 3218 pleniora
1809 3178 1959 3221 sanguine
1982 3192 1997 3212 a
2022 3179 2156 3214 sinistris

1156 3220 1278 3253 ostendi
1304 3241 1313 3257 ‚
1348 3219 1402 3252 ubi
1426 3221 1457 3253 δι
1487 3220 1655 3261 quidpiam
1680 3220 1737 3255 sub
1779 3231 1814 3254 ea
1849 3223 2018 3264 apparebat
2041 3224 2153 3267 *quasi

1153 3263 1295 3307 gelatinae
1316 3261 1417 3296 simile
1441 3288 1448 3295 .
1473 3265 1599 3297 Deinde
1622 3265 1789 3298 cerebrum
1814 3264 1938 3303 secans,
1961 3267 2051 3308 cujus
2085 3276 2152 3300 erat

1158 3307 1332 3340 substantia
1358 3307 1470 3344 firma,
1500 3307 1646 3341 cerebelli
1680 3317 1783 3341 autem
1830 3305 2011 3344 mollissima
2035 3333 2045 3349 ‚
2076 3322 2152 3344 cum

1155 3361 1287 3392 paucam
1307 3362 1421 3391 aquam
1452 3351 1488 3383 in
1517 3350 1717 3385 Lateralibus
1748 3353 1937 3386 ventriculis
1970 3354 2153 3395 conspexis-

1155 3394 1237 3431 sem,
1274 3393 1355 3427 nihil
1381 3404 1487 3427 antem
1519 3396 1553 3427 in
1576 3394 1804 3436 hemisphaerio
1827 3396 1988 3435 dextero:
2023 3409 2059 3431 ut
2095 3408 2153 3431 ne-

1155 3449 1216 3479 que
1241 3437 1303 3470 ulla
1328 3437 1388 3470 alia
1411 3440 1443 3470 in
1470 3448 1558 3479 parte
1581 3449 1618 3471 ex
1643 3439 1691 3471 his
1714 3450 1785 3480 quae
1809 3439 1948 3472 calvaria
1979 3442 2153 3474 continen-

1155 3491 1208 3513 tur
1231 3503 1241 3518 ‚
1273 3479 1471 3514 offendissem
1505 3481 1592 3523 quod
1638 3481 1677 3514 ab
1711 3491 1832 3515 naturae
1869 3493 1980 3517 norma
2026 3485 2154 3518 recede-

1157 3533 1205 3556 ret
1229 3537 1238 3560 3
1281 3524 1404 3558 finistro
1446 3523 1673 3567 hemisphaerio
1718 3524 1780 3558 alte
1825 3524 1996 3560 secundum
2042 3528 2153 3570 longi-

1157 3568 1304 3600 tudinem
1347 3567 1479 3601 disseGlx)
1503 3591 1513 3607 ,
1561 3569 1692 3609 nigrum
1726 3593 1735 3607 ,
1778 3578 2035 3613 concretumque
2084 3570 2151 3605 san-

1157 3612 1286 3652 guinem
1312 3610 1349 3643 ad
1380 3610 1456 3645 duas
1478 3634 1488 3650 ‚
1523 3619 1559 3645 ut
1590 3612 1742 3645 omnibus
1786 3609 1891 3647 visum
1934 3613 1975 3646 est
2001 3635 2011 3651 ,
2044 3617 2155 3649 uncias

1156 3653 1366 3696 deprehendi.
1388 3655 1470 3688 Erat
1494 3655 1520 3687 is
1543 3655 1687 3731 adFlaEu}
1711 3656 1823 3689 Striati
1845 3659 2016 3699 corporis,
2040 3660 2070 3734 <She
2094 3658 2151 3693 sub

1727 3709 1744 3730 2
2072 3713 2110 3735 oc

128 3803 2097 3823 *mmm-*mm*

171 3881 376 3918 (*)42.s.2.
