2498 4075
402 235 498 299 388

328 315 467 351 censebo
484 337 496 354 ,
519 324 584 348 non
609 324 709 356 pauca
733 313 820 356 apud
841 324 893 348 eos
915 313 973 355 qui
1005 311 1186 356 periculum
1229 311 1344 355 saepius

328 355 500 398 fecerunt,
521 357 664 399 exempla
687 368 854 392 occurrere
876 357 1046 390 bestiarum
1068 364 1141 400 quae
1164 355 1255 389 nullo
1288 355 1345 389 da-

329 410 390 440 to,
416 402 590 436 admotove
613 399 778 437 remedio,
804 409 860 433 aut
885 401 990 439 levia,
1014 407 1069 433 aut
1092 398 1179 433 nulla
1205 411 1220 432 a
1254 401 1344 441 vipe-

328 456 436 479 rarum
462 442 623 479 morsibus
648 443 729 477 mala
753 442 923 487 perpessae,
947 451 1001 477 aut
1027 442 1137 483 gravia
1149 442 1270 482 etiam,
1295 442 1344 475 ni-

327 487 509 524 hilominus
534 487 635 521 vitam
659 485 880 520 servaverint.
906 487 956 519 Sic
980 487 1087 521 Redio
1130 487 1144 527 (
1165 497 1180 519 r
1203 487 1213 525 )
1259 486 1344 521 acci-

329 530 431 572 disse,
453 540 511 567 nec
534 539 607 563 rato
624 553 633 567 ‚
657 529 762 572 leges.
787 530 840 563 Sic
873 528 1098 564 Parisiensium
1142 538 1213 562 tum
1261 540 1343 570 quos

329 575 412 609 olim
436 572 608 610 Hamelius
631 571 733 615 (s),
760 582 830 607 tum
854 584 937 617 quos
959 582 1022 615 ego
1046 572 1139 614 supra
1163 574 1177 613 (
1198 579 1213 604 t
1234 574 1251 614 )
1273 572 1342 605 lau-

326 618 429 657 davi,
449 618 522 652 aliae
546 615 619 650 sunt
641 614 706 652 huc
730 618 924 658 pertinentes
947 614 1205 651 Observationes
1219 614 1341 652 ‚Quod

326 661 350 696 si
374 660 490 697 horum
514 659 742 696 discriminum
766 659 893 694 causam
916 669 1040 702 quaeras
1062 670 1074 697 3
1121 659 1341 700 multiplicem

326 702 386 739 esse
412 702 576 746 potuisse,
597 701 727 743 dicam,
751 702 803 739 seu
848 703 1030 736 mordentes
1075 703 1198 743 viperas
1230 721 1243 741 ,
1287 701 1340 736 seu

328 749 434 783 morsa
459 747 612 782 animalia
637 746 779 789 spe&es‚
802 744 866 780 five
891 756 1050 789 utraque.
1073 746 1339 789 Utrisquecom-

328 792 440 826 munia
465 790 539 825 sunt
564 799 663 826 aetas,
685 789 879 824 constitutio
903 790 1077 832 corporis,
1101 790 1183 822 vires
1206 811 1216 826 ‚
1262 791 1338 822 aurii

324 841 472 875 tempus,
498 833 620 870 vietus,
645 835 677 868 &
702 835 814 875 regio,
840 845 857 868 a
882 843 1022 875 quorum
1050 833 1208 867 varietate
1231 834 1339 866 varius

323 876 383 913 esse
407 875 507 921 potest
532 877 654 912 illatae,
678 885 732 912 aut
758 885 896 918 acceptae
920 875 1058 912 laesionis
1082 876 1219 919 gradus.
1244 876 1296 910 Sic
1326 889 1335 912 3

323 929 362 956 ut
385 920 424 957 de
447 920 634 963 regionibus
658 919 783 958 dicatus
808 918 897 954 vides
920 930 999 961 quas
1032 921 1200 954 Severinus
1244 923 1258 959 (
1280 929 1300 953 u
1324 921 1335 957 )

323 963 490 1005 excipiat,
515 972 550 998 ut
597 973 737 1005 quarum
783 964 901 1005 viperae
945 963 1083 996 innoxio
1126 962 1189 997 fint
1232 963 1300 997 iem
1325 973 1336 1001 3

322 1017 506 1050 quanquam
530 1007 618 1050 quod
642 1006 681 1043 de
708 1007 858 1050 Anglicis
880 1005 939 1048 ipsi
964 1007 1004 1039 ab
1037 1007 1223 1050 Hougtono
1255 1007 1333 1040 rela-

326 1060 399 1087 tum
425 1048 530 1086 fuerat
553 1055 567 1092 (
588 1061 610 1086 x
630 1052 668 1091 )‚
691 1062 768 1087 cum
795 1051 833 1084 iis
855 1060 928 1093 quae
951 1050 1029 1087 alii,
1053 1052 1085 1084 δι’
1108 1062 1182 1093 quae
1228 1049 1336 1091 passim

321 1095 376 1130 CI.
401 1093 549 1130 Meadius
575 1094 665 1137 (y)
689 1094 803 1129 scribit
820 1116 830 1132 ,
854 1094 991 1129 minime
1013 1092 1177 1128 consentit
1200 1113 1210 1129 ‚
1256 1104 1336 1135 prae-

322 1137 433 1173 sertim
458 1138 514 1172 ubi
540 1137 640 1172 Redii
665 1139 886 1181 experimenta
910 1137 955 1172 ita
979 1137 1041 1173 fibi
1063 1138 1097 1170 in
1121 1136 1244 1178 Anglia
1291 1147 1338 1171 re-

319 1178 502 1224 spondisse,
524 1180 688 1221 ostendit,
712 1191 747 1214 ut
772 1181 927 1222 Verneyo
952 1190 1042 1215 antea
1065 1181 1101 1213 in
1124 1180 1256 1219 Gallia,
1281 1189 1337 1213 aut

320 1224 484 1266 ubisolere
496 1223 629 1264 ubique,
640 1223 814 1260 confirmat
827 1246 836 1263 ,
851 1223 961 1258 eadem
974 1224 1056 1257 mala
1069 1234 1085 1256 a
1097 1224 1216 1267 viperae
1227 1221 1336 1257 morsu

316 1264 489 1311 fimilifetrc
503 1268 587 1302 modo
602 1267 717 1302 oboriri
730 1281 738 1304 ;
750 1267 899 1310 quamvis
910 1290 922 1307 ,
934 1267 967 1300 id
977 1267 1065 1310 quod
1076 1266 1246 1308 proposito
1257 1265 1333 1301 huie

318 1311 428 1345 nostro
452 1310 528 1345 satis
551 1310 613 1349 est,
638 1321 695 1352 pro
707 1311 874 1346 climatum
889 1333 898 1348 ,
922 1309 1103 1344 &aliorum
1115 1309 1237 1349 ferme,
1259 1321 1332 1351 quae

316 1355 482 1392 diximus,
506 1352 708 1398 diverfitate,
732 1353 788 1389 illa
811 1361 869 1387 aut
891 1355 999 1396 augeri
1020 1351 1122 1397 poffe,
1147 1361 1205 1387 aut
1228 1353 1332 1396 depri-

317 1402 384 1438 mi,
407 1395 567 1432 fateatur.
705 1396 794 1432 Posse
817 1407 947 1439 quoque
971 1396 1165 1432 alterutrum
1188 1395 1258 1432 fieri
1271 1406 1332 1437 pro

316 1443 404 1478 varia
428 1439 605 1476 mordentis
628 1440 746 1482 viperee
770 1439 1012 1480 magnitudine,
1036 1442 1109 1481 ira,
1131 1440 1261 1484 ejusque
1277 1450 1332 1473 ve-

316 1486 393 1522 neni
417 1484 613 1520 acrimonia,
635 1481 729 1519 facile
755 1483 938 1526 intelliges,
962 1482 984 1516 fi
1009 1495 1025 1517 a
1051 1483 1189 1527 majori,
1212 1485 1243 1517 ὃ(
1266 1493 1331 1515 ma-

317 1530 366 1563 gis
389 1529 472 1564 irata
496 1527 570 1571 plus
591 1528 707 1562 veneni
731 1529 764 1560 in
789 1528 906 1563 vulnus
928 1528 1091 1564 immitti,
1116 1530 1147 1563 δι
1172 1526 1232 1560 hoc
1258 1537 1331 1568 pro-

316 1559 449 1607 sandius
483 1569 621 1613 infligi,
645 1571 863 1613 cogitaveris‚·
887 1582 961 1605 nam
985 1569 1023 1604 de
1060 1572 1239 1605 acrimonia
1285 1580 1332 1604 res

316 1616 368 1650 vel
390 1615 494 1657 magis
516 1614 558 1649 est
581 1613 773 1653 manifesta,
795 1624 928 1659 eamque
951 1616 985 1648 in
1008 1613 1079 1649 aliis
1103 1616 1222 1657 viperis
1235 1613 1332 1649 aliam

316 1659 398 1697 effe,
422 1658 639 1701 discrepantia
653 1656 815 1695 ostendit,
838 1656 877 1693 de
899 1669 962 1700 qua
975 1657 1066 1702 supra
1090 1662 1101 1698 (
1126 1669 1151 1701 z
1171 1661 1184 1696 )
1208 1656 1331 1691 diffisum

317 1704 361 1737 est
375 1725 383 1738 ,
407 1703 499 1740 inter*
515 1699 662 1737 laudatos
685 1700 847 1734 Auctores
868 1699 908 1735 de
926 1699 1069 1746 sapore,
1092 1703 1123 1734 δι
1157 1700 1329 1736 effectibus

317 1748 351 1780 in
375 1746 499 1782 labris,
523 1746 554 1781 &
577 1743 712 1785 lingua,
737 1745 849 1778 veneni
874 1742 994 1786 huJus;
1016 1754 1119 1786 neque
1140 1742 1328 1786 enimquis-

314 1800 412 1832 quam
437 1790 519 1825 aufit
541 1786 716 1826 dubitare,
739 1787 820 1829 quin
843 1798 877 1821 ea
900 1797 970 1833 quae
994 1797 1054 1828 pro
1085 1786 1264 1821 observatis
1309 1798 1326 1821 a

316 1827 469 1876 quolibet
492 1841 604 1867 eorum
629 1830 795 1872 proposita
819 1829 915 1869 sunt,
940 1840 1046 1865 revera
1072 1829 1194 1865 fuerint
1216 1828 1327 1864 obser-
1342 1828 1349 1835 ⁰

313 1886 409 1912 vata.
433 1876 486 1910 Ad
509 1875 578 1911 haec
601 1872 684 1908 illud
706 1873 795 1916 quod
817 1873 860 1907 est
883 1876 1113 1917 praecipuum,
1146 1873 1327 1909 addendum

315 1920 379 1960 est,
401 1917 550 1955 interesse
574 1917 752 1962 plurimum
776 1917 860 1953 inter
884 1918 1031 1960 viperam
1053 1928 1125 1959 quae
1149 1917 1250 1952 modo
1274 1917 1325 1951 sae.

316 1976 356 2007 pe
378 1962 552 2006 saepiusque
575 1961 814 2002 momorderit,
839 1961 980 1996 &inter
1002 1960 1093 1996 illam
1134 1972 1207 2004 quae
1250 1970 1325 1995 nec-

313 2008 392 2044 dum
415 2006 484 2049 post
506 2004 625 2049 justum
649 2005 807 2046 temporis,
839 2004 1052 2040 intervallum
1097 2003 1130 2038 id
1177 2004 1291 2038 fecerit
1316 2028 1325 2037 .

312 2051 410 2088 Hanc
433 2050 517 2085 enim
543 2052 629 2084 inter
651 2048 864 2092 impostorum
886 2046 1014 2082 fraudes
1034 2048 1100 2090 jam
1120 2048 1202 2082 olim
1216 2057 1327 2082 recen..

314 2095 379 2132 suit
403 2093 529 2130 Ati-§tor
550 2093 627 2128 iibri
651 2091 690 2128 de
713 2089 875 2129 Theti-<ica
900 2092 940 2126 'ad
964 2089 1117 2126 Pisonem
1140 2095 1154 2132 (
1177 2104 1195 2124 a
1217 2094 1262 2130 )‚'
1290 2098 1328 2124 ut

314 2141 432 2181 viperae
457 2146 549 2172 antea
573 2147 671 2179 quam
695 2134 807 2177 ipsos,
829 2135 957 2171 oblatas
981 2145 1091 2168 carnes
1114 2133 1223 2177 affidue
1245 2143 1328 2167 mor-

312 2183 380 2222 dere
401 2181 485 2218 elam
511 2186 713 2223 cogerentur,
736 2177 777 2214 fic
800 2180 887 2215 enim
911 2180 1064 2214 Venenum
1086 2179 1165 2222 quod
1186 2188 1235 2211 ore
1257 2186 1328 2210 con-

313 2226 437 2262 tinent,
459 2223 606 2266 eJicerem
628 2219 738 2266 nectffie
759 2229 850 2257 erat.-
889 2220 971 2256 unde
1015 2231 1052 2258 tu
1099 2234 1117 2255 e
1160 2221 1327 2268 contrario

314 2280 411 2304 unam
435 2268 592 2304 deducere
615 2266 742 2302 causam
766 2274 878 2307 potes,
902 2277 1000 2312 quare
1025 2266 1182 2299 nimirum
1206 2264 1325 2307 jejunae

314 2313 433 2355 viperae
458 2309 669 2355 perniciosius
690 2309 888 2350 mordeant,
911 2308 1073 2352 causisque
1096 2309 1210 2343 addere
1244 2317 1323 2350 quas

315 2358 371 2393 alii
395 2354 639 2398 excogitavere.
663 2354 828 2389 Caeterum
853 2352 942 2397 quod
967 2362 1060 2386 vetus
1095 2352 1151 2387 ille
1196 2352 1324 2386 Auetor

313 2398 470 2437 tradidit,
497 2396 707 2433 confirmavit
731 2395 857 2430 Redius
880 2401 892 2437 (
914 2395 934 2429 b
952 2395 991 2436 )‚
1017 2395 1047 2430 se
1070 2396 1190 2438 pluries
1212 2405 1325 2437 exper-

314 2454 386 2480 tum
409 2442 570 2479 scribens,
593 2439 707 2481 ejicere
730 2440 854 2480 viperas
879 2450 1036 2474 venenum
1059 2451 1177 2476 omne,
1201 2437 1223 2471 fi
1257 2448 1324 2470 non

314 2489 450 2531 primo,
475 2494 507 2519 at
531 2484 643 2518 saltem
665 2483 806 2519 secundo
831 2484 962 2521 morsu,
989 2492 1025 2516 ut
1049 2484 1165 2516 tertius
1187 2479 1322 2520 deinde,

313 2534 345 2565 &
367 2538 501 2576 quartus
524 2538 649 2563 veneno
671 2534 822 2561 careant:
847 2529 879 2560 ἃ
901 2537 1086 2568 quanquam
1119 2525 1205 2561 infra
1237 2523 1326 2558 indi-

314 2583 390 2612 cet,
412 2573 512 2608 tertio
533 2580 664 2614 quoque
687 2568 774 2614 posse
799 2569 974 2612 aliquando
997 2580 1154 2605 venenum
1177 2567 1291 2602 inferri
1315 2591 1328 2607 ,

319 2619 391 2654 imo
414 2616 491 2652 alibi
516 2618 525 2654 (
550 2625 566 2648 c
590 2617 601 2655 )
625 2624 689 2647 non
716 2611 813 2647 modo
835 2615 1095 2655 experimentum
1129 2620 1290 2653 proponat
1315 2635 1326 2651 ,

314 2661 400 2698 unde
423 2659 580 2697 tertium,
602 2656 655 2691 sed
677 2659 709 2691 δι
733 2656 868 2690 alterum
882 2680 894 2696 ,
916 2656 1000 2691 unde
1025 2655 1149 2691 seXturn
1173 2653 1326 2688 lethalem

316 2703 408 2740 fuisse
425 2728 434 2744 ‚
458 2710 613 2746 apparet,
639 2698 826 2734 parisienses
847 2702 861 2741 (
882 2700 902 2732 d
925 2703 936 2738 )
962 2708 1068 2734 autem
1093 2710 1218 2736 unum,
1244 2698 1327 2731 unde

317 2748 512 2791 septimum3
534 2754 642 2783 tamen
665 2744 687 2779 si
711 2742 779 2779 haec
803 2744 899 2778 etiam
924 2742 1002 2776 velis
1023 2754 1096 2785 quae
1117 2745 1221 2775 rarius
1244 2743 1329 2774 acci-

317 2793 423 2830 dunt,
448 2789 614 2832 spectatu
637 2786 747 2824 vides,
771 2787 882 2820 nostro
906 2784 1074 2830 proposito
1100 2796 1165 2819 non
1178 2784 1328 2825 officere,-

316 2846 390 2871 nam
414 2832 545 2870 tandem
568 2832 607 2866 ad
633 2842 708 2866 eum
731 2831 875 2866 morsum
898 2831 956 2873 qui
980 2830 1133 2863 innoxius
1159 2829 1199 2862 fit
1214 2853 1224 2868 ,
1256 2840 1328 2870 per-

320 2879 494 2917 veniatur,
517 2873 637 2911 necesse
661 2875 728 2921 est,
751 2875 875 2915 citius,
902 2882 957 2908 aut
982 2873 1100 2911 serius,
1135 2882 1170 2907 ut
1220 2873 1327 2905 minor

318 2924 362 2956 est
384 2923 519 2963 vipera,
542 2929 598 2954 aut
621 2929 747 2958 major,
767 2918 816 2951 vel
840 2926 925 2952 certe
949 2926 985 2951 ut
1008 2918 1134 2954 minus,
1171 2927 1226 2950 aut
1259 2916 1329 2956 plus

321 2964 495 3000 collectum
520 2961 619 2998 habet
642 2962 791 2996 venenati
814 2960 980 2999 humoris,
1006 2960 1056 2995 vel
1090 2960 1210 2993 lentius
1241 2957 1327 2993 hunc

306 3017 467 3050 preparat,
493 3016 546 3040 aut
571 3006 778 3048 promptius,
801 3006 850 3040 vel
873 3005 1004 3039 uberius
1026 3004 1061 3037 in
1083 3002 1216 3044 singulis
1239 3012 1327 3052 rnor-

319 3052 405 3088 fibus
450 3049 586 3085 effundit
617 3073 642 3099 ,Ο
671 3058 727 3083 aut
771 3050 897 3098 parcius
928 3071 944 3098 ³.
985 3047 1036 3081 vel
1081 3046 1219 3097 denique
1264 3056 1327 3079 mi-

318 3106 380 3132 nus
402 3119 412 3136 ,
455 3102 512 3128 aut
556 3103 659 3134 magis
704 3102 809 3125 acrem
854 3100 962 3134 gignit
985 3113 995 3128 ‚
1042 3098 1080 3125 ut
1114 3101 1252 3124 minima
1275 3098 1328 3122 et-

318 3140 384 3174 iam
406 3145 550 3175 extrema
575 3136 705 3181 guttula
739 3135 774 3171 id
809 3135 903 3178 poffit
946 3133 1036 3179 quod
1081 3132 1235 3179 grandior
1278 3131 1330 3166 so-

317 3184 382 3220 let.

361 3236 414 3271 32.
458 3225 537 3260 Huc
583 3222 661 3258 adde
706 3234 779 3265 quae
822 3222 919 3257 morsi
962 3221 1109 3257 animalis
1152 3220 1327 3266 peculiaria

319 3270 394 3306 sunt
417 3290 428 3308 ‚
471 3277 510 3303 ut
555 3267 815 3308 magnitudinem
861 3266 1006 3308 corporis
1028 3285 1038 3301 ‚
1083 3273 1137 3299 aut
1183 3265 1328 3308 parvita-

318 3323 386 3349 tem
409 3335 424 3353 ‚
465 3312 550 3348 cutis
595 3310 751 3345 duritiem
776 3332 786 3348 ‚
831 3319 886 3344 aut
931 3309 1182 3344 teneritudinem
1207 3331 1217 3346 ‚
1262 3307 1325 3342 hu-

317 3366 448 3392 morum
491 3355 648 3389 inertiam
669 3376 681 3393 ‚
723 3363 778 3390 aut
824 3353 1036 3388 acrimoniam
1060 3372 1071 3390 ,
1116 3351 1230 3387 morsae
1254 3361 1326 3395 par-

319 3402 362 3434 tis
405 3399 558 3444 pauciora
580 3421 593 3439 ,
640 3406 694 3431 aut
742 3397 833 3441 plura
879 3395 1058 3438 {anguifera
1102 3395 1175 3429 vasa
1197 3418 1209 3435 ‚
1253 3405 1325 3428 ner-

322 3454 382 3480 vos
406 3466 418 3486 ,
463 3442 524 3478 alia
546 3439 732 3486 hujusmodi
755 3465 765 3478 .
810 3441 901 3476 Nam
924 3450 1021 3484 parva
1046 3461 1059 3478 ‚
1102 3438 1126 3473 si
1151 3439 1240 3483 paria
1263 3438 1326 3472 sint

633 237 792 291 Liber
802 198 902 291 iv.
919 204 1007 289 De
1024 235 1232 290 Morbis
1248 191 1603 301 enimi-giers,
1637 230 1693 283 δι
1715 228 2104 283 Universalibus

1397 318 1511 343 caetera
1526 333 1537 350 ‚
1561 308 1602 343 ab
1622 306 1735 341 eadem
1758 309 1871 340 veneni
1892 310 2012 350 copia,
2035 310 2067 341 δε
2101 303 2278 340 acrimonia
2310 303 2408 340 citius

1397 354 1554 392 interire,
1577 354 1609 385 δι
1631 351 1716 385 ratio
1739 351 1885 388 indicat,
1907 354 1938 384 δι
1963 350 2062 384 Redii
2084 354 2098 391 (
2119 361 2135 386 e
2155 352 2195 390 )‚
2239 360 2274 383 ac
2317 349 2407 385 Pari-

1398 395 1546 429 fienfium
1571 394 1624 438 (g
1646 397 1657 432 )
1681 395 1900 436 experimenta
1924 395 2143 429 confirmant.
2193 392 2405 436 Quapropter

1396 439 1578 474 mirandum
1602 448 1668 471 non
1692 436 1735 470 est
1759 437 1847 481 quod
1871 437 1955 482 apud
1979 439 2120 479 primum
2143 436 2281 480 legimus
2296 460 2307 476 ‚
2328 447 2404 471 cum

1395 483 1504 517 eadem
1530 483 1638 525 vipera
1665 490 1771 514 anates
1796 481 2018 515 momordisset
2041 482 2210 524 quinque,
2234 482 2264 513 &
2295 480 2405 514 conti-

1395 537 1461 560 nuo
1485 534 1548 559 tres
1571 526 1743 561 columbos
1760 548 1769 563 ,
1790 535 1891 566 neque
1914 534 2022 559 anates
2044 524 2210 566 postremae
2244 530 2309 557 tres
2352 533 2406 565 pe-

1394 567 1541 606 riilsent,
1567 570 1710 610 primum
1734 568 1857 610 periisse
1880 568 2132 607 columborum,
2155 577 2210 601 aut
2232 577 2307 600 cum
2331 575 2405 599 aves

1393 626 1408 647 a
1435 613 1551 654 viperae
1577 611 1682 646 morsu
1707 610 1864 645 facillime
1879 612 2061 651 intereant,
2087 621 2228 653 equum,
2253 619 2403 645 taurum,

1393 656 1518 698 aliaque
1542 654 1683 697 majora,
1709 657 1740 688 δε
1761 654 1895 689 duriore
1918 664 1992 689 cute
2037 654 2189 688 animalia
2237 651 2406 696 saepissfme

1392 711 1457 734 non
1482 700 1636 734 interire;
1660 700 1771 733 minus
1803 699 1891 733 enim
1939 696 2097 740 profunda
2142 697 2274 732 v'ulnera
2320 698 2405 729 acci-

1392 745 1509 787 piant,
1532 741 1650 777 necesse
1674 743 1717 775 est
1732 767 1740 775 .
1765 741 1836 775 Nec
1861 740 1955 776 valde
1980 744 2137 781 mirarer,
2162 741 2184 776 ti
2208 751 2281 783 quae
2303 741 2338 772 in
2351 740 2403 773 Se-

1391 785 1596 830 pulchretum
1619 789 1630 827 (
1651 797 1672 827 g
1689 785 1707 828 )
1733 785 1833 819 relata
1858 783 1932 819 sunt
1955 786 2195 826 experimenta,
2219 782 2332 825 iaepius
2344 793 2403 816 se-

1390 831 1494 873 petita
1517 828 1555 864 ad
1580 831 1718 863 eundem
1741 831 1877 864 modum
1900 828 2126 871 responderent
2149 841 2159 865 s
2196 838 2233 862 ut
2276 825 2403 860 consta-

1389 883 1457 910 ret,
1482 885 1532 907 eas
1556 874 1734 907 animantes
1758 873 1858 908 citius
1881 872 1986 905 necari
2009 883 2081 915 quae
2106 869 2299 907 humoribus
2322 879 2404 912 prae-

1386 918 1463 952 ditae
1489 916 1561 951 sunt
1586 916 1785 955 acrioribus,
1808 919 1839 951 δι
1869 926 1970 958 magis
1992 916 2131 956 vividis,
2158 914 2280 949 tardius
2294 921 2402 946 autem

1386 973 1459 1004 quae
1482 958 1992 1003 aquofioribns‚‘viseidioribus,
2017 961 2048 993 δι
2071 959 2151 993 lenti
2184 967 2294 993 motus
2313 978 2323 995 ‚
2364 964 2402 990 ut

1386 1003 1534 1047 qu‘aedam
1560 1001 1603 1036 sic
1625 1002 1766 1037 interfici
1791 1012 1969 1047 nequeant.
2001 1003 2043 1035 Et
2066 1012 2153 1036 certe
2175 1012 2251 1036 cum
2276 1003 2309 1035 in
2334 1011 2400 1035 una

1387 1047 1562 1088 eademque
1585 1047 1803 1080 animantium
1830 1047 1930 1089 specie
1955 1045 2015 1079 alia
2041 1046 2114 1080 aliis
2137 1047 2195 1080 esse
2219 1043 2314 1087 poffit
2337 1044 2402 1078 hu-

1390 1102 1546 1129 morum,
1570 1090 1639 1123 imo
1664 1092 1695 1123 &
1718 1089 1885 1124 firmarum
1910 1091 2053 1130 partium
2080 1089 2293 1126 constituti&
2336 1099 2401 1131 qua

1389 1136 1517 1169 ratione
1541 1131 1762 1176 accipiendum
1786 1133 1897 1167 censeo
1920 1132 2009 1174 quod
2034 1132 2190 1177 sapienter
2215 1144 2229 1166 a
2245 1130 2401 1165 Parifien-

1389 1177 1475 1211 sibus
1497 1177 1676 1211 indicatum
1700 1175 1764 1216 est,
1788 1175 1941 1210 credibile
1965 1176 2047 1216 esse,
2069 1190 2111 1212 ex
2131 1179 2242 1211 eadem
2273 1178 2402 1210 anima·

1388 1221 1470 1256 lium
1494 1220 1595 1262 specie
1616 1219 1763 1263 quaedam
1787 1223 1910 1263 magis,
1934 1228 1989 1253 aut
2015 1221 2121 1254 minus
2144 1231 2257 1263 graves
2267 1218 2400 1262 effectus

1386 1267 1454 1308 pati
1477 1277 1494 1298 a
1518 1267 1648 1308 vipereo
1671 1274 1792 1299 veneno
1807 1289 1817 1303 ,
1841 1273 1876 1297 ut
1899 1273 2046 1305 quamvis
2071 1263 2132 1299 hoc
2177 1265 2287 1298 eadem
2333 1263 2399 1295 im-

1384 1310 1536 1343 mittatur
1560 1307 1680 1349 copia,
1701 1309 1734 1342 δι
1758 1307 1880 1341 morsus
1902 1305 2072 1341 videantur
2096 1318 2144 1348 pai
2154 1318 2209 1347 es,
2242 1317 2308 1340 non
2341 1318 2400 1349 pa-

1381 1354 1481 1392 riter,
1505 1361 1559 1386 aut
1584 1360 1649 1385 non
1672 1362 1762 1394 aeque
1790 1350 1878 1388 sero,
1904 1359 1959 1384 aut
1983 1351 2053 1384 cito
2077 1351 2284 1388 marimum
2321 1361 2398 1384 cum

1382 1394 1473 1433 haec,
1496 1397 1650 1440 inquam,
1676 1394 1846 1429 credibilia
1870 1394 1952 1430 sint;
1977 1393 2052 1428 hinc
2089 1395 2218 1428 videtur
2266 1393 2397 1427 intelli-

1383 1438 1550 1482 gendum,
1572 1448 1669 1481 quare
1693 1449 1755 1470 non
1781 1437 1902 1480 semper
1926 1449 2055 1480 eoquo
2077 1438 2118 1472 ab
2140 1439 2249 1472 eadem
2284 1438 2398 1479 vipera

1383 1483 1458 1517 sunt
1480 1480 1607 1519 morsa,
1633 1481 1745 1516 ordine
1770 1482 1918 1515 animalia
1944 1483 2038 1514 unius
2062 1479 2176 1523 speciei
2202 1483 2363 1516 intereant
2386 1505 2399 1521 ‚

1382 1526 1438 1560 sed
1463 1527 1659 1569 aliquando.
1686 1536 1720 1558 ut
1744 1524 1783 1559 de
1806 1526 1951 1569 quinque
1976 1524 2125 1558 Charasii
2150 1528 2166 1568 (
2186 1524 2206 1558 h
2229 1529 2241 1564 )
2264 1528 2398 1559 colum-

1383 1570 1432 1604 bis
1456 1592 1465 1607 ,
1499 1570 1580 1604 illud
1606 1570 1748 1610 primum
1771 1568 1858 1612 quod
1907 1568 2048 1602 morsum
2093 1572 2251 1611 exceperit
2297 1570 2396 1611 quin.

1384 1614 1497 1650 (stum,
1521 1616 1551 1646 δι
1574 1612 1613 1646 de
1636 1613 1740 1646 tribus
1766 1609 1985 1647 Parisienfium
2010 1610 2153 1653 ipso'rurn
2179 1614 2275 1653 pullis
2294 1635 2308 1653 ,
2352 1611 2398 1647 il-

1382 1656 1437 1690 lud
1462 1656 1584 1691 tardius
1608 1656 1712 1689 multo
1734 1655 1822 1699 quod
1850 1655 2023 1690 secundum
2046 1666 2054 1688 :
2088 1666 2275 1697 quanquam
2319 1667 2396 1690 cum

1381 1700 1437 1732 ille
1461 1702 1586 1742 prorsus
1611 1698 1755 1738 siluerit,
1779 1700 1887 1733 eadem
1913 1708 2024 1731 omnes
2046 1697 2231 1736 columbae,
2259 1710 2297 1732 an
2331 1699 2395 1733 alia

1379 1751 1469 1784 parte
1493 1743 1639 1784 corporis
1665 1742 1814 1776 sauciatae
1838 1741 1921 1780 sint,
1945 1741 1978 1776 hi
2002 1753 2082 1774 vero
2105 1752 2196 1775 antea
2221 1743 2366 1776 dixerint
2382 1765 2394 1782 ,

1378 1796 1444 1819 non
1467 1797 1601 1823 omnes,
1624 1784 1677 1818 sed
1693 1782 1797 1828 ferme
1818 1795 1923 1818 omnes
1946 1787 1980 1817 in
2003 1784 2122 1827 quibus
2145 1787 2324 1827 periculum
2348 1784 2397 1820 fe·

1380 1839 1514 1866 cerunt,
1538 1829 1644 1872 pullos
1666 1829 1775 1867 eadem
1799 1838 1889 1870 parte
1912 1826 2004 1861 fuisse
2039 1827 2162 1861 morsos
2185 1842 2193 1865 ς
2240 1829 2394 1863 accedere

1379 1873 1452 1906 aliae
1476 1873 1578 1907 causae
1601 1871 1731 1915 possunt
1755 1871 1873 1914 quibus
1898 1872 1987 1904 istam
2010 1871 2044 1904 in
2069 1871 2237 1906 moriendo
2268 1872 2396 1907 ordinis

1380 1918 1601 1963 mutationem
1625 1915 1828 1949 tribuamus.
1855 1915 1983 1949 Morsus
2007 1926 2093 1949 enim
2127 1915 2198 1950 illic
2241 1925 2395 1960 exceptus

1376 1960 1434 1994 ubi
1458 1962 1549 2002 plura
1573 1960 1656 1997 sint,
1680 1960 1711 1992 δε
1734 1957 1880 1994 craffiora
1891 1980 1904 1998 ,
1927 1967 1984 1992 aut
2008 1969 2163 2001 perpauca
2180 1985 2188 1998 ,
2210 1961 2241 1993 δι
2264 1961 2395 1994 tenuio-

1377 2014 1412 2037 ra
1438 2000 1618 2046 sanguifera
1641 2001 1733 2039 vasa,
1757 2011 1812 2037 aut
1836 2003 1948 2042 nervi,
1983 2003 2194 2046 perniciosior
2213 2025 2222 2042 ,
2258 2012 2314 2037 aut
2346 2003 2394 2038 le-

1378 2048 1455 2080 vior
1478 2046 1537 2081 esse
1560 2045 1638 2078 adeo
1662 2045 1790 2087 potest,
1815 2055 1850 2079 ut
1873 2044 1945 2089 ipso
1969 2055 2122 2087 prompto
2155 2048 2187 2079 δι
2219 2048 2395 2083 concitato

1379 2091 1478 2125 multi
1501 2089 1666 2131 sanguinis
1689 2087 1813 2122 effluxu
1835 2099 1994 2124 venenum
2017 2088 2109 2122 firi-iul
2134 2091 2243 2124 eadem
2268 2092 2321 2124 via
2343 2102 2394 2125 rea

1377 2133 1535 2178 jiciatur,
1557 2141 1594 2167 ut
1618 2131 1659 2166 ab
1681 2131 1793 2166 Redio
1813 2132 1829 2171 (
1848 2133 1863 2166 i
1884 2134 1898 2171 )
1922 2132 2179 2170 animadversum
2201 2134 2268 2168 est:
2314 2143 2401 2179 qua¹

1378 2176 1513 2219 rejeffio
1537 2187 1577 2211 an
1601 2173 1689 2209 forte
1713 2176 1819 2219 aliqua
1843 2186 1883 2210 ex
1906 2184 1996 2217 parte
2018 2178 2225 2220 contingeret
2252 2173 2254 2179 ‘
2275 2177 2343 2211 sero
2373 2180 2414 2212 e'

1379 2221 1569 2255 vulneribus
1592 2217 1769 2259 effluente,
1793 2217 1859 2261 ipse
1882 2218 2068 2261 cogitabis;
2092 2220 2149 2254 seri
2172 2223 2258 2255 enim
2282 2231 2393 2265 parem

1378 2262 1538 2299 effluxum
1568 2262 1752 2296 Parifienses
1775 2273 1891 2304 negant
1916 2264 1943 2297 se
1969 2262 2080 2297 vidisse
2104 2266 2138 2297 in
2161 2265 2203 2298 iis
2226 2276 2298 2306 quae
2335 2275 2392 2305 pe-

1374 2309 1520 2348 rierunt,
1544 2305 1758 2346 animalibus,
1782 2318 1817 2341 ac
1841 2310 1874 2341 in
1896 2308 1936 2342 iis
1960 2307 2113 2343 viderunt
2135 2318 2208 2353 qna
2232 2307 2304 2343 sunt
2328 2307 2393 2341 ser-

1377 2362 1471 2385 vata.

1423 2405 1473 2438 33.
1504 2393 1610 2428 Facile
1633 2391 1687 2428 hic
1711 2403 1855 2436 quaereS,
1881 2404 1936 2435 per
1959 2394 2116 2435 venasne,
2158 2404 2195 2429 ut
2240 2394 2389 2438 plerique

1377 2447 1545 2471 autumant
1561 2460 1569 2474 ‚
1593 2447 1630 2469 an
1656 2449 1710 2479 per
1734 2447 1868 2474 nervos,
1892 2447 1929 2471 ut
1953 2439 2005 2470 Cl.
2032 2438 2179 2472 Meadius
2204 2439 2221 2482 (
2241 2439 2293 2479 Ις)
2316 2450 2393 2472 cen·

1376 2481 1445 2520 set,
1468 2482 1583 2524 viperae
1609 2491 1765 2516 venenum
1780 2508 1788 2518 a
1812 2489 1865 2514 aut
1888 2482 1984 2514 noxia
1999 2480 2066 2522 ejus
2078 2484 2125 2516 vis
2136 2483 2169 2516 in
2182 2485 2327 2525 corporis
2338 2483 2390 2514 in-

1378 2526 1460 2557 tima
1474 2523 1653 2559 deducatur
1668 2548 1675 2555 .
1688 2526 1775 2557 Cum
1787 2524 1900 2565 primis
1912 2534 1948 2558 ut
1962 2524 2076 2559 sentias
2088 2549 2097 2562 ‚
2122 2535 2237 2569 praeter
2248 2535 2364 2561 caetera
2378 2551 2390 2567 ,

1380 2566 1509 2600 fortasse
1532 2567 1612 2601 illud
1635 2577 1668 2600 te
1691 2567 1837 2603 movebit
1862 2570 2118 2610 experimentum
2141 2569 2230 2613 quod
2254 2571 2288 2602 in
2334 2570 2390 2603 Se-

1376 2608 1549 2656 pulchreto
1571 2614 1582 2652 (
1606 2610 1618 2643 l
1640 2614 1651 2650 )
1676 2611 1891 2653 proponitur,
1915 2621 1950 2644 ut
1973 2612 2006 2645 in
2031 2613 2162 2646 canibus
2194 2622 2253 2644 non
2289 2611 2390 2654 semel

1379 2654 1528 2689 habitum
1543 2678 1552 2693 ‚
1574 2655 1723 2688 videlicet
1747 2655 1840 2688 succo
1865 2664 2046 2695 venenato,
2068 2667 2084 2689 e
2107 2656 2290 2698 viperarum
2335 2667 2388 2690 ca-

1381 2698 1505 2742 pitibus
1527 2698 1694 2736 extrafto,
1720 2708 1820 2738 pauca
1845 2708 1927 2739 aqua
1951 2698 2054 2731 calida
2086 2701 2172 2733 inter
2204 2699 2390 2740 exprimen-

1380 2742 1458 2776 dum
1482 2742 1625 2780 ablutis,
1650 2743 1683 2773 in
1709 2739 1889 2784 sanguifera
1912 2742 1983 2774 vasa
2007 2740 2154 2783 injefio,
2177 2741 2268 2775 brevi
2312 2742 2389 2776 illos

1381 2785 1528 2828 periisse.
1553 2784 1778 2818 Veruntamen
1804 2783 1860 2818 ubi
1884 2785 2169 2825 animadverteris,
2193 2785 2255 2819 alia
2288 2787 2390 2819 etiam

1378 2829 1568 2870 complura,
1589 2838 1662 2870 quae
1685 2828 1820 2862 minime
1845 2839 1998 2862 venenata
2027 2827 2122 2867 sunt,
2168 2828 2208 2862 ad
2252 2828 2390 2863 eundem

1380 2871 1515 2908 modum
1538 2870 1680 2912 inje&a‚
1703 2871 1792 2905 brevi
1816 2873 1938 2914 pariter
1963 2883 2101 2905 mortem
2125 2869 2236 2906 afferre
2260 2876 2271 2912 (
2294 2883 2325 2906 m
2346 2876 2389 2914 >3

1380 2916 1532 2951 libentius
1555 2914 1724 2957 perpendes
1746 2926 1818 2956 quae
1841 2927 1856 2949 a
1883 2915 2014 2950 Meadio
2037 2927 2097 2958 pro
2123 2916 2174 2950 via
2210 2926 2386 2950 nervorum

1381 2958 1538 3001 producta
1563 2957 1654 2991 sunt.
1685 2958 1776 2992 Nam
1798 2961 1829 2992 δε
1852 2957 1918 3000 ipse
1942 2969 2031 2991 antea
2054 2962 2069 2998 (
2094 2969 2114 2990 n
2135 2962 2150 2999 )
2173 2970 2238 2993 non
2261 2961 2388 3002 impro-

1377 3003 1473 3037 babat
1517 3012 1669 3036 venarum
1692 3003 1776 3036 viam
1802 3028 1811 3040 ‚
1856 3000 2030 3044 praesertim
2076 3002 2132 3037 ubi
2176 3002 2215 3037 de
2258 3004 2388 3037 venenis

1379 3055 1526 3087 ageretur
1550 3043 1695 3080 immiffis
1716 3057 1775 3088 per
1800 3044 1988 3082 animalium
2011 3047 2121 3087 icius,
2144 3056 2196 3080 aut
2228 3045 2353 3080 morsus
2377 3070 2387 3078 .

1382 3091 1441 3124 Sed
1467 3088 1571 3132 postea
1595 3092 1737 3123 mutavit
1772 3087 1958 3123 sententiam
1980 3112 1993 3129 ,
2036 3091 2068 3126 ὃς
2110 3088 2386 3132 quemadmodum

1379 3135 1528 3174 sumpta,
1551 3133 1597 3167 ita
1620 3134 1652 3167 &
1674 3143 1730 3176 per
1774 3131 1889 3166 vulnus
1932 3131 2040 3168 infusa
2084 3143 2203 3168 venena
2247 3133 2383 3176 aggredi

1381 3175 1583 3218 potiffimum
1626 3185 1743 3209 nervos
1766 3200 1775 3216 ,
1818 3175 1957 3215 credidit
1978 3199 1988 3215 ,
2029 3187 2103 3211 cum
2127 3176 2311 3212 attendisset
2334 3188 2388 3211 ee-

1379 3220 1542 3255 leritatem
1586 3216 1676 3254 illam
1721 3217 1893 3253 mirificam
1935 3231 1998 3263 qua
2044 3220 2163 3262 viperae
2207 3220 2387 3254 caudisonae

1377 3262 1501 3299 morsus
1524 3273 1635 3297 canem
1666 3262 1791 3297 occidit
1814 3285 1828 3302 ‚
1858 3273 1917 3297 non
1959 3264 2079 3307 integro
2124 3263 2274 3299 videlieet
2318 3264 2380 3296 mi-

1376 3309 1447 3340 nuti
1490 3306 1639 3349 temporis
1684 3306 1853 3350 quadrante
1872 3329 1880 3339 .
1930 3307 1990 3341 Sed
2035 3310 2069 3341 &
2103 3308 2211 3350 vipera
2236 3306 2380 3349 vulgaris

1375 3361 1452 3383 cum
1475 3348 1619 3383 hominis
1640 3347 1784 3391 digitum
1809 3349 2034 3385 momordisset
2051 3372 2062 3387 ‚
2085 3350 2197 3395 isque,
2221 3360 2257 3385 ut
2292 3352 2385 3392 supra

1377 3394 1422 3435 (o)
1443 3400 1732 3427 commemoratum
1755 3390 1797 3426 est
1810 3415 1819 3430 ,
1840 3404 1877 3427 os
1899 3395 2025 3427 vulneri
2041 3393 2152 3433 statim
2176 3394 2383 3432 admovisset,

1378 3436 1630 3482 sanguinemque
1653 3435 1844 3475 exsuxiffets
1866 3435 1923 3471 hoc
1936 3435 2027 3483 fasso
2074 3446 2198 3484 repente
2241 3445 2382 3486 movim

2112 3490 2113 3493 ’
2241 3488 2343 3517 concl-

335 3587 2371 3611 *mm—ww

464 3694 555 3727 offex-v.
571 3694 612 3719 cit.
627 3701 641 3718 e
657 3695 757 3719 Lettera
771 3693 812 3718 eit.
829 3690 1071 3746 int-*allegtoppofizi

464 3726 587 3777 sesemen.
607 3733 627 3754 3.
643 3731 714 3782 sis)
729 3722 915 3787 cit-(ffipzai'hd.
929 3752 945 3781 ζ
962 3724 1003 3781 2ρό
1019 3720 1160 3787 {essse-ii?-
1177 3729 1198 3750 3·

444 3788 449 3812 i
469 3784 529 3807 Sea.
546 3785 600 3807 ead.
616 3784 674 3808 obs.
691 3787 713 3807 6.
732 3784 755 3814 §.
773 3785 794 3806 8.
858 3783 873 3811 (
887 3790 896 3805 ι
911 3780 1005 3815 χιεη.
1022 3789 1064 3808 cit.
1126 3783 1141 3810 (
1156 3781 1173 3805 k
1190 3780 1203 3810 )
1219 3782 1295 3805 Tent.
1313 3789 1335 3807 1.

449 3816 455 3843 J
473 3814 526 3839 vid.
545 3821 583 3839 ex.
594 3822 627 3843 gr.
644 3814 707 3839 inter
723 3813 806 3841 iniest.
824 3813 948 3837 Courtenn
967 3812 993 3844 5.
1009 3814 1051 3839 eit.
1068 3813 1138 3843 supn
1154 3811 1184 3837 ad
1199 3819 1223 3836 n.
1241 3815 1280 3838 ιο.

376 3693 449 3751 ((2))
1258 3721 1330 3754 (ν.)

380 3754 448 3811 22³

378 3825 391 3843 k

382 3814 389 3818 ⁷
408 3822 430 3838 m

1131 3689 1202 3720 (s)
1218 3691 1278 3720 neg.
1295 3691 1339 3714 Se.

1212 3754 1226 3780 (
1241 3749 1259 3780 f
1274 3752 1282 3779 )
1299 3756 1340 3776 cit-

1357 3688 1432 3714 Acad.
1449 3688 1510 3714 Hisl.
1528 3690 1548 3713 1.
1564 3696 1589 3717 4·
1608 3687 1635 3710 S·
1652 3692 1675 3710 ι.
1691 3693 1717 3711 c.
1733 3693 1754 3712 ι.
1771 3694 1798 3712 n.
1815 3689 1839 3711 6.
1916 3686 1926 3714 (
1944 3693 1956 3712 n
1971 3687 1985 3717 )
2001 3695 2024 3713 n.
2041 3692 2082 3714 ιι.
2243 3713 2253 3721 ,

1345 3722 1420 3744 Tent.
1438 3727 1457 3744 i.
1474 3719 1517 3744 cit.
1577 3716 1585 3748 (
1605 3724 1623 3745 z
1639 3715 1653 3744 )
1670 3724 1693 3740 n·
1712 3723 1750 3746 30·
1812 3719 1827 3746 (
1841 3725 1857 3741 a
1873 3716 1887 3745 3
1902 3723 1923 3741 e.
1941 3726 1975 3742 η.
2042 3722 2047 3743 f
2065 3718 2080 3742 h
2098 3719 2106 3745 )
2122 3717 2213 3744 offeru-
2231 3719 2276 3739 eit.

1359 3750 1442 3781 supra.
1504 3748 1515 3781 (
1530 3754 1550 3779 g
1565 3747 1579 3775 )
1597 3747 1623 3771 in
1640 3747 1726 3772 Addit.
1742 3747 1852 3781 aulaea.
1869 3748 1930 3773 hanc.
1949 3756 1984 3772 ιο.
2001 3749 2085 3776 Setini.
2104 3758 2126 3774 2.
2142 3751 2173 3774 ad
2188 3747 2244 3772 ΟΜ.
2265 3754 2287 3770 2.

1349 3781 1393 3805 eit.
1455 3780 1470 3809 (
1485 3780 1495 3804 Ι
1514 3783 1520 3810 )
1537 3778 1619 3802 schol.
1635 3785 1656 3800 2.
1674 3776 1741 3806 supra
1758 3782 1800 3802 cit.

1341 3812 1350 3841 (
1369 3810 1411 3841 n)
1428 3810 1484 3836 vid.
1506 3808 1602 3838 lntrod.
1619 3809 1648 3833 ad
1664 3809 1781 3833 Teutam.
1840 3807 1855 3837 (
1870 3815 1883 3831 a
1903 3808 1911 3836 J
1928 3815 1952 3834 n.
1970 3816 2009 3839 30„
