2498 4075
415 85 485 152 76

347 157 386 196 ἔνι
435 164 557 208 hepate
600 163 745 198 calculos
786 157 956 196 increvisse
977 179 988 196 ‚
1017 168 1093 205 ‘nee
1134 168 1214 192 vero
1254 157 1355 191 etiam

344 216 483 250 magnos
510 232 520 249 ,
557 207 616 241 nisi
640 207 691 240 ibi
713 205 854 240 haereant
878 202 935 237 ubi
959 211 1096 244 majores
1119 200 1272 243 Hepatici
1295 198 1358 234 du-

341 249 414 286 ἂυε
435 259 544 285 ramos
569 249 757 288 obsideant,
780 251 812 282 δι
837 246 974 282 omnino
996 253 1053 279 aut
1074 241 1322 293 comprimendo
1343 265 1358 283 ‚

342 303 404 328 aut
426 293 625 329 obstruendo
648 292 823 326 occludant
848 315 857 331 ‚
879 289 912 324 id
935 286 1163 332 quod‘panci‚
1186 287 1238 321 sed
1262 296 1360 320 innu-

346 336 455 378 meri,
478 339 511 370 &
534 345 646 370 totum
668 333 755 378 jecur
778 334 1000 376 undequaque,
1022 340 1059 365 ut
1082 331 1231 374 loquitur
1244 328 1368 364 Dodo*

345 389 437 415 meus
458 402 469 418 ,
504 378 670 420 implentes
695 401 705 417 ,
728 389 794 412 non
807 375 943 423 sparsim
970 400 980 415 ,
1013 385 1049 409 ut
1072 374 1216 408 forestus
1238 372 1322 420 vidit
1347 394 1356 410 ‚

374 434 407 456 er
429 421 513 457 illud
535 421 686 465 disjeeffi
708 432 783 455 cum
807 423 842 453 in
866 417 1053 453 minoribus
1073 417 1255 460 quibusque
1290 427 1359 460 ejus

366 465 458 499 naus
479 466 580 500 ramis
602 465 726 500 faciant
751 486 762 502 ,
782 462 871 497 idem
893 473 1009 505 nempe
1031 460 1200 502 efficiunt,
1223 471 1260 494 ac
1282 459 1304 494 si
1327 461 1357 493 i-

350 507 443 551 psum
466 509 660 543 obturarent
686 518 839 543 truncum
853 532 861 539 .

390 561 442 585 12.
466 553 547 586 Dixi
571 561 678 586 autem
698 548 975 594 comprimendo,
997 557 1051 582 aut
1063 545 1262 596 obstr-tiendo
1276 567 1286 585 ‚
1305 546 1358 580 bi-

346 595 372 630 li
396 595 487 629 viam
509 607 526 629 a
548 595 681 630 calculis
714 592 922 628 intercludi.
959 592 1077 634 Neque
1108 600 1196 624 enim
1230 589 1254 623 fi
1283 590 1357 626 quis

344 637 490 673 calculos
514 638 691 683 aliquando
706 637 770 680 ajat
784 639 818 671 in
831 635 906 680 ipsis
915 632 1111 678 glandulosis
1119 633 1243 676 hepatis
1255 633 1356 667 acinis

349 681 579 721 concrescere,
600 694 704 725 eoque
727 681 823 716 facile
846 676 1010 715 attinuisse
1020 678 1156 711 minores
1178 677 1252 711 illos
1274 687 1357 720 quos

347 725 385 762 in
406 732 534 760 externa
556 724 679 767 hepatis
694 723 861 772 superficie
884 722 968 757 vidit
981 720 1150 758 Riedlinus
1171 723 1187 761 (
1207 720 1220 754 l
1242 724 1280 760 >3
1301 718 1359 754 ad-

352 767 475 802 versari
498 768 602 812 veliin
621 781 629 802 :
663 778 852 811 quanquam
884 766 999 810 saeplus
1023 763 1122 798 credo
1143 765 1180 797 in
1212 762 1285 806 ipsis
1308 763 1363 806 gi-

347 812 406 855 gni
428 810 587 853 Hepatici
610 811 726 846 duetus
748 811 846 846 ramis
869 833 879 849 ,
900 819 937 843 ut
960 809 1019 851 qui
1043 807 1236 850 diligentius
1259 807 1364 851 perse-

345 855 416 889 cuti
439 855 539 891 sunt,
572 856 722 889 invenere
744 880 755 889 .
787 851 961 896 Ruyschio
984 856 995 892 (
1018 862 1050 886 m
1074 853 1085 890 )
1108 860 1196 885 certe
1218 859 1255 885 ut
1277 848 1361 885 nihil

348 898 554 940 frequentius
577 919 588 936 ‚
619 900 653 935 in
675 897 782 935 bobus
804 897 939 940 quidem
961 917 972 934 ‚
996 898 1027 929 δε
1050 894 1169 928 ovibus
1192 919 1205 937 ,
1236 894 1363 928 accide-

345 950 414 979 rat,
440 951 539 984 quam
561 942 704 977 calculos
726 942 761 975 in
784 942 873 985 poris
892 939 1017 975 bisatiis
1040 937 1296 980 deprehendere,
1319 936 1363 972 fic

348 982 438 1019 nihil
462 985 567 1019 rarius
588 986 735 1029 contigit
757 1007 768 1025 ,
803 995 901 1027 quam
923 981 1050 1018 eosdem
1072 983 1105 1015 in
1142 980 1208 1024 ipsi)
1241 980 1365 1024 hepatis

341 1026 583 1072 parenchymate
607 1031 771 1072 reperire;
794 1036 832 1062 ut
854 1027 1006 1071 quamvis
1029 1024 1173 1069 jecinora
1197 1024 1267 1067 plus
1289 1035 1365 1059 cen-

348 1080 422 1106 tum
446 1082 604 1115 perquam
629 1082 751 1108 attente
772 1071 991 1107 excarnaverit
1014 1095 1023 1109 ,
1047 1070 1080 1102 in
1105 1079 1171 1103 uno
1194 1067 1363 1103 dumtaxat

349 1114 513 1149 calculum
536 1115 711 1152 offenderit
735 1117 768 1151 in
812 1113 1029 1157 arenchymate
1051 1110 1286 1154 absconditum,
1303 1123 1364 1154 po-

349 1169 385 1192 ro
406 1155 520 1192 hilario
539 1159 627 1194 nullo
650 1160 739 1194 modo
760 1126 904 1204 affixum.
931 1154 1006 1190 Nec
1031 1156 1098 1189 alio
1121 1165 1219 1196 quam
1243 1154 1280 1188 ad
1293 1155 1361 1189 eos·

347 1201 424 1237 dem
460 1202 594 1236 bilarios
625 1214 732 1241 ramos
766 1203 914 1244 antiquas
947 1199 1064 1234 referre
1086 1196 1215 1241 possum
1240 1199 1360 1233 Plateri

346 1248 390 1285 (n
414 1246 426 1283 )
450 1244 706 1280 Observationes
730 1243 931 1280 calculorum
955 1242 1182 1286 hepaticorum
1195 1264 1208 1282 ‚
1232 1242 1361 1285 tophum

342 1286 545 1322 coralloidem
567 1289 721 1332 ramosum
735 1312 748 1330 ‚
772 1314 781 1324 .
797 1314 806 1324 .
819 1312 829 1320 .
844 1311 852 1319 .
875 1298 990 1323 cavum
1025 1285 1212 1329 intrinsecus
1243 1296 1361 1328 reprae-

344 1328 572 1372 sentantium,
595 1332 773 1376 praesertim
796 1343 871 1367 curn
882 1330 1077 1367 Glissonium
1102 1328 1166 1371 (o)
1189 1329 1263 1371 lego
1288 1341 1358 1370 per-

347 1374 466 1410 similes
489 1376 523 1408 in
550 1377 680 1411 bovinis
716 1376 915 1419 jecinoribus
939 1373 1197 1408 Observationes
1231 1371 1359 1407 tubulo-

347 1426 538 1466 ritmtantae
562 1418 767 1463 longitudinis
789 1442 799 1458 ‚
835 1426 872 1452 ut
888 1416 918 1457 fi
939 1418 1026 1464 moda
1048 1415 1165 1458 integri
1186 1415 1282 1450 eximi
1301 1426 1358 1459 po-

343 1461 474 1506 tuifient
487 1483 499 1501 ,
520 1464 678 1506 plurimas
697 1464 768 1506 pori
788 1462 898 1496 hilarii
919 1460 1163 1503 ramifzcattones
1178 1459 1360 1494 continuata

350 1504 473 1548 lapidea
490 1504 594 1549 serie,
618 1507 729 1541 coralli
752 1505 869 1546 instar,
893 1503 1067 1549 retulissent
1090 1528 1099 1543 ‚
1123 1501 1240 1536 diserte
1264 1502 1304 1536 ab
1328 1500 1359 1537 se

345 1548 476 1587 habitas
499 1548 596 1584 fuisse
620 1550 708 1585 intra
729 1549 864 1584 eundem
878 1558 994 1591 porum
1008 1572 1017 1588 ‚
1040 1546 1105 1582 sive
1127 1545 1357 1583 durftumdo-

345 1604 418 1630 cere
432 1617 441 1626 .
464 1592 570 1635 Cujus
594 1604 702 1628 ramos
723 1591 973 1628 Reverhorstius
995 1601 1126 1635 quoque
1146 1588 1215 1634 (p)
1238 1591 1273 1623 in
1294 1588 1357 1625 ho-

347 1637 449 1671 minis
472 1636 625 1671 cadavere
648 1635 807 1671 calculosa
830 1636 936 1670 crusta
960 1636 1047 1669 intus
1076 1634 1215 1669 obsessos
1244 1634 1360 1676 depre-

346 1678 483 1714 hendit.
509 1680 582 1714 Nec
606 1681 673 1724 ipse
696 1680 776 1715 alibi
799 1690 898 1722 quam
923 1679 958 1712 in
981 1679 1023 1711 iis
1056 1678 1153 1711 ramis
1176 1699 1187 1714 ‚
1219 1678 1362 1711 calculos

347 1724 383 1758 in
405 1723 549 1767 jecinore
572 1723 715 1759 humano
737 1726 752 1764 (
772 1734 791 1767 q
815 1726 826 1763 )
850 1722 960 1758 inveni
977 1745 985 1754 .
1011 1718 1074 1754 Sed
1095 1731 1199 1763 neque
1217 1720 1295 1754 alibi
1307 1732 1362 1755 eos

345 1778 480 1810 quoque
503 1764 596 1802 fuisse
619 1768 742 1812 lapides
768 1793 777 1809 ‚
801 1766 925 1810 opinor
948 1790 958 1805 ,
980 1764 1039 1808 qui
1064 1776 1080 1798 a
1103 1764 1274 1800 Columbo
1295 1763 1361 1806 (r)

346 1812 378 1861 βε
401 1812 625 1847 Cameniceno
660 1816 671 1851 (
688 1811 716 1854 s
731 1815 741 1851 )
774 1811 808 1845 in
832 1811 1003 1844 Portarum
1037 1818 1117 1842 vena
1149 1806 1365 1842 credebantur

342 1856 497 1889 inventi:
520 1854 613 1897 cujus
637 1855 804 1898 opinionis
826 1865 903 1887 meae
927 1853 1068 1886 rationes
1091 1865 1102 1889 3
1123 1852 1274 1894 quamvis
1297 1862 1364 1885 non

345 1897 422 1933 satis
446 1911 462 1933 a
486 1899 638 1942 gravibus
661 1899 858 1942 quibusdam
882 1895 1088 1930 Aufioribus
1109 1892 1366 1932 animadversas3

346 1951 424 1979 cum
448 1942 525 1977 alias
546 1945 561 1982 (
584 1950 599 1976 t
619 1946 634 1983 )
657 1941 910 1991 proposuerim,
933 1937 989 1974 hic
1013 1939 1148 1972 minime
1180 1938 1330 1972 interabo
1352 1961 1366 1971 .

346 1985 399 2020 Hi
422 1986 526 2029 igitur
548 1986 666 2021 calculi
690 1997 766 2020 cum
788 1985 928 2027 denique
953 1995 992 2018 ex
1012 1981 1238 2017 canaliculatis
1268 2004 1278 2021 ,
1308 1992 1364 2015 ac-

346 2029 509 2064 crescente
532 2029 654 2072 usque,
676 2031 708 2063 &
731 2028 830 2072 usque
854 2026 951 2062 simili
976 2029 1109 2060 materia
1131 2050 1140 2066 ,
1171 2034 1209 2060 ut
1231 2025 1362 2059 contin-

347 2074 399 2116 git
423 2074 458 2106 in
482 2072 725 2117 aquaeduffibus
740 2096 749 2112 ‚
773 2071 871 2108 solidi
893 2070 995 2108 fieti,
1020 2080 1071 2104 eas
1092 2080 1173 2113 quas
1194 2068 1279 2108 dixi,
1294 2068 1363 2101 vias

347 2117 488 2151 omnino
511 2118 741 2160 occupaverint
763 2139 776 2157 ‚
808 2115 895 2151 nihil
917 2113 1012 2153 dubii
1035 2112 1078 2148 est
1100 2113 1182 2157 quin
1216 2112 1278 2148 bili
1297 2112 1364 2146 iter

348 2160 573 2196 intercludant
590 2186 598 2194 .

395 2214 444 2248 13.
469 2204 555 2240 Illud
579 2205 677 2239 etiam
701 2204 795 2244 dixi,
816 2200 932 2243 iecoris
953 2200 1117 2242 calculos,
1136 2200 1286 2245 quamvis
1298 2211 1366 2234 ma-

350 2259 455 2299 gum,
479 2248 537 2282 nisi
562 2248 610 2282 ibi
634 2249 699 2284 sint
723 2249 780 2284 ubi
802 2259 854 2281 eas
877 2246 947 2280 vias
969 2245 1086 2289 possint
1109 2243 1291 2282 occludere,
1304 2247 1367 2277 mi-

351 2302 426 2328 rum
451 2304 516 2326 non
541 2290 611 2327 fore
634 2315 648 2333 ,
681 2291 703 2327 fi
737 2291 892 2327 morbum
922 2291 1051 2332 regium
1085 2299 1151 2322 non
1174 2288 1332 2322 inducant
1355 2310 1364 2319 .

349 2336 463 2375 Quem
486 2335 581 2373 fuisse
605 2336 758 2379 equidem
779 2336 880 2369 credo
906 2345 917 2372 ς
952 2344 1025 2367 nam
1064 2342 1125 2375 pro
1142 2340 1249 2379 ‘certo
1280 2342 1367 2365 nunc

353 2380 435 2414 scire
458 2391 524 2414 non
550 2378 699 2422 possum;
722 2382 756 2413 in
772 2378 918 2421 quodam
940 2375 1072 2411 homine
1093 2385 1187 2417 cujus
1209 2375 1309 2416 hepar
1331 2375 1367 2408 in

355 2422 455 2458 faciei
480 2435 567 2458 cavae
593 2433 705 2458 centro
730 2422 870 2464 lapidem
894 2419 1010 2454 habuit
1035 2418 1145 2454 forma
1175 2421 1208 2451 &
1238 2418 1367 2460 magni-

356 2467 472 2501 tudine
496 2466 553 2500 ovi
585 2467 766 2500 columbini
791 2486 802 2502 ,
832 2461 1110 2507 quemadmodum
1141 2470 1215 2494 ante
1244 2462 1366 2495 multos

355 2521 456 2545 annos
478 2510 616 2544 Amicus
640 2510 678 2543 ad
703 2522 754 2544 me
776 2509 992 2542 Anatomicus
1015 2506 1072 2548 qui
1104 2505 1239 2541 cadaver
1270 2504 1367 2539 diffe-

354 2563 487 2592 cuerat,
511 2553 638 2596 scripsit
663 2577 670 2585 .
696 2554 840 2588 Minime
864 2561 970 2585 autem
995 2551 1097 2585 miror
1117 2547 1207 2590 quod
1229 2549 1256 2584 is
1278 2559 1368 2583 mor-

355 2599 418 2633 bus
441 2608 506 2632 non
530 2597 627 2634 fuerit
653 2599 687 2631 in
712 2596 905 2631 mulieribus
929 2595 1053 2630 tribus,
1075 2603 1146 2635 quae
1169 2592 1228 2627 etsi
1261 2592 1370 2627 multo

353 2641 512 2685 majorem
537 2641 704 2683 lapidem,
727 2649 783 2674 aut
807 2641 934 2683 plures,
959 2636 1184 2680 gravioresque
1205 2636 1290 2670 intra
1313 2635 1370 2670 he-

357 2687 445 2730 patis
469 2686 690 2721 membranam
713 2684 898 2721 habebant,
922 2682 970 2715 ibi
995 2691 1103 2716 tamen
1126 2679 1308 2717 habebant,
1333 2688 1371 2714 ut

355 2730 466 2774 potius
490 2739 579 2764 extra
600 2728 634 2762 id
657 2728 761 2763 viscus
778 2748 788 2765 ‚
809 2737 910 2769 quarn
935 2726 969 2759 in
992 2737 1052 2761 eo,
1076 2721 1138 2757 esse
1160 2722 1372 2772 viderenturi

359 2785 434 2817 quae
456 2773 549 2809 causa
572 2771 660 2814 fuit,
683 2784 740 2806 cur
766 2772 855 2813 supra
879 2780 944 2804 non
969 2777 1217 2803 memoraverim
1242 2792 1250 2800 .
1274 2769 1321 2801 Ea
1342 2779 1375 2801 e-

355 2818 427 2851 nim
450 2816 637 2852 membrana
664 2838 674 2855 ,
698 2815 824 2850 incluso
847 2813 987 2858 pondere
1009 2810 1160 2846 <sistram
1178 2832 1193 2852 ,
1225 2813 1258 2845 δι’
1280 2811 1374 2845 deor-

358 2859 428 2895 sum
450 2860 603 2900 extensa,
626 2859 787 2893 sacculum
811 2860 845 2892 in
868 2857 992 2894 duabus
1014 2854 1164 2889 effecerat
1189 2854 1288 2897 palmi
1302 2856 1374 2888 lon-

358 2903 571 2946 gitudinem·,
595 2913 671 2937 nam
695 2904 728 2935 in
754 2904 851 2937 tertia
862 2912 928 2936 non
953 2898 1012 2933 nisi
1040 2897 1198 2943 pendulus
1220 2896 1374 2932 deorsum

361 2946 534 2983 folliculus
557 2946 736 2990 descriptus
759 2947 803 2980 est
825 2970 833 2979 .
868 2943 1065 2979 Observatio
1088 2942 1155 2977 haec
1191 2940 1308 2976 ultima
1330 2941 1375 2975 est

364 2992 539 3028 Benivenii
564 2991 620 3032 (u
643 2993 654 3029 )
678 2992 814 3025 omnino
839 2988 901 3023 alia
924 3012 933 3027 ‚
959 2997 995 3022 ut
1017 2983 1215 3031 conferendo
1246 2985 1375 3019 intelli-

362 3046 419 3078 ges
441 3058 451 3074 ,
486 3046 521 3068 ac
544 3033 679 3070 secunda
703 3058 712 3076 ‚
745 3045 817 3076 quae
839 3044 878 3066 ex
900 3030 1131 3077 tertio-capite
1154 3039 1221 3071 ejus
1242 3029 1319 3063 libri
1342 3030 1376 3063 in

365 3077 581 3121 Sepulchreto
607 3079 663 3120 (x
684 3080 698 3117 )
724 3077 921 3119 proponitur
945 3100 953 3107 .
978 3076 1057 3117 Ejus
1083 3081 1192 3107 autern
1225 3072 1343 3107 similis
1365 3086 1376 3110 3

361 3122 421 3156 nisi
444 3121 533 3163 quod
556 3121 593 3155 in
619 3120 745 3155 sacculo
769 3131 836 3153 non
868 3120 973 3162 plures
996 3142 1006 3158 ‚
1042 3116 1093 3152 sed
1127 3126 1263 3158 magnus
1295 3127 1377 3150 unus

361 3165 504 3201 calculus
529 3177 604 3202 cum
631 3163 740 3199 multo
764 3162 931 3207 glutinosa
956 3161 1092 3198 humore
1116 3158 1266 3194 conclusa
1281 3170 1349 3194 erat
1364 3184 1374 3199 ,

364 3221 422 3244 nec
446 3209 562 3242 mulier
587 3220 733 3251 unquam
747 3230 755 3245 ‚
780 3206 839 3240 nisi
863 3206 903 3240 de
924 3207 1031 3240 calore
1053 3203 1180 3245 hepatis
1202 3202 1373 3247 conquesta

364 3252 411 3287 est
434 3264 447 3293 ,·
471 3252 675 3286 Observatio
699 3249 873 3293 subjicitur
894 3249 1036 3292 Georgii
1070 3245 1224 3281 Greiselii
1249 3247 1303 3290 (y
1327 3250 1339 3288 )
1363 3271 1373 3280 .

364 3298 521 3339 Qorum
545 3307 606 3337 ego
629 3295 851 3338 exemplorum
877 3305 1019 3331 memor,
1042 3302 1117 3328 cum
1140 3288 1377 3328 animadverte-

368 3352 436 3379 rem
459 3362 469 3380 ,
503 3340 640 3386 pendere
665 3340 767 3383 igitur
789 3336 874 3373 infra
896 3336 984 3381 jecur
1007 3334 1094 3380 posse
1116 3343 1234 3378 praeter
1256 3333 1373 3377 cystim

428 3699 458 3727 (l
481 3698 495 3728 )
512 3699 610 3725 Differ«.
630 3701 660 3725 de
676 3698 775 3727 Lithiesi
793 3699 841 3724 sen.
859 3699 881 3729 ᾗ·
897 3701 936 3723 28.

1354 3546 1369 3575 (
1383 3553 1398 3575 q
1414 3544 1429 3573 )
1445 3544 1520 3574 Epist.
1537 3547 1611 3568 Anat.
1628 3543 1650 3568 1.
1670 3550 1693 3566 n.
1707 3550 1750 3572 43.

423 3516 433 3545 s
450 3518 461 3542 1
476 3517 490 3546 )
507 3516 568 3546 Eph.
585 3518 623 3542 N.
641 3518 671 3542 C.
682 3517 762 3543 ,cem-
779 3523 802 3549 ς.
818 3513 881 3542 Obs·
898 3523 940 3543 45.
1003 3516 1011 3543 s
1030 3524 1054 3539 m
1071 3515 1086 3544 )
1101 3514 1165 3540 ΟΜ.
1181 3513 1241 3540 edit.
1255 3521 1312 3541 eum
1328 3513 1438 3539 Dilucid.
1453 3512 1579 3539 Valvular.
1595 3512 1621 3538 in
1636 3511 1771 3542 Lymphat.
1786 3518 1827 3542 ²4.

427 3548 442 3577 (
457 3549 492 3578 ο)
516 3549 592 3572 Anat.
609 3550 672 3577 Hep.
690 3555 711 3572 e.
730 3555 754 3576 7·
816 3547 831 3575 (
843 3553 861 3579 p
876 3545 930 3576 Μ.
949 3554 986 3577 5²·
1003 3547 1047 3571 οἰκ.
1063 3545 1149 3576 supra,
1165 3546 1196 3570 ad
1211 3553 1237 3570 n.
1254 3552 1291 3572 ii.

433 3578 448 3607 (
465 3585 475 3601 ι
491 3579 504 3607 )
521 3577 595 3607 Epist.
615 3580 635 3603 1.
653 3578 696 3603 eit·
714 3585 743 3611 ij,—
754 3584 795 3607 49.
858 3577 872 3605 (
888 3576 930 3610 ιζ)
947 3579 984 3602 De
999 3577 1072 3603 abdit.
1089 3576 1202 3601 nonnuli.
1218 3576 1264 3600 &c-
1282 3582 1303 3599 e.
1322 3582 1361 3604 94.
1395 3604 1401 3609 ·
1613 3604 1618 3609 ⁴

432 3610 447 3636 (
463 3617 477 3632 a
494 3609 507 3635 )
523 3611 558 3633 De
576 3610 660 3633 Morb.
677 3608 781 3633 Exitial.
800 3607 865 3632 Nob.
884 3608 977 3637 virgin.
1039 3609 1052 3637 (
1068 3607 1083 3633 b
1094 3608 1108 3635 )
1125 3615 1150 3631 n.
1168 3614 1208 3636 43.
1270 3606 1284 3634 (
1299 3613 1311 3629 c
1325 3606 1340 3634 )
1355 3605 1432 3635 Epist.
1448 3607 1479 3630 de
1495 3605 1558 3630 Rad.
1573 3606 1648 3630 Clun.

432 3639 447 3668 (
461 3647 472 3661 e
488 3638 501 3665 3
518 3639 571 3663 Ast
591 3642 624 3664 N.
642 3641 672 3664 C.
690 3640 766 3663 Tom.
785 3644 806 3662 i.
824 3635 881 3663 obs·
899 3639 938 3667 78.
999 3638 1013 3667 (
1027 3637 1069 3667 s)
1085 3639 1166 3662 Mem.
1182 3638 1212 3661 de
1227 3636 1245 3661 l'
1263 3636 1339 3660 Acad.
1357 3638 1390 3660 R.
1404 3637 1445 3661 des
1460 3638 1500 3661 Sc.
1516 3643 1586 3665 1⁷01·

437 3670 453 3698 (
469 3669 482 3690 ἢ
499 3669 510 3695 )
528 3671 670 3694 comment.
688 3668 711 3692 in
730 3669 814 3693 Boerh.
834 3667 895 3697 Aph.
914 3669 937 3698 §.
954 3676 1007 3699 ⁹5⁰·
1025 3670 1047 3693 ἃ
1063 3676 1117 3698 935.

1182 3667 1197 3696 (
1211 3667 1220 3689 ι’
1240 3667 1248 3695 )
1263 3668 1389 3691 Commer.
1405 3667 1493 3692 Lines-0
1508 3669 1540 3692 Α.
1558 3674 1627 3697 ¹733-
1644 3665 1769 3691 Heben.
1786 3673 1845 3692 ma.

999 3700 1012 3728 ί
1029 3707 1053 3723 m
1069 3703 1081 3731 )
1096 3701 1133 3724 Dc
1149 3697 1274 3728 Experim.
1290 3704 1355 3723 circa
1371 3697 1469 3724 Eilem·

942 73 1100 130 Liber
1131 74 1221 130 111.
1256 78 1335 129 De
1371 70 1581 129 Morbis
1594 69 1828 126 :Ventris

1405 149 1509 193 ipsam
1531 148 1616 185 fellis
1636 150 1869 194 amplificatam
1891 174 1905 193 ‚
1938 151 2035 193 aliam
2056 149 2223 187 interdum
2245 150 2334 195 quan
2358 161 2418 198 ey.

1406 194 1505 231 stim,
1525 192 1662 228 hutnore
1685 194 1785 229 etiam
1804 195 1997 235 distentam,
2018 206 2091 238 quae
2112 194 2170 229 etsi
2182 196 2321 230 omnino
2332 209 2415 242 ρης.

1409 244 1632 288 terpaturam
1655 236 1731 272 esset
1752 259 1765 278 ,
1786 238 1878 273 illam
1901 239 2095 273 mentiretur
2116 247 2223 274 tamen
2244 250 2257 280 ,·
2286 240 2418 279 idcirco

1409 289 1445 315 in
1469 280 1603 327 ιᾶεῑιες)
1626 281 1807 316 Laurentio
1828 281 2035 320 Bacchetto,
2057 280 2197 316 Medico
2216 284 2297 318 olim
2322 288 2415 321 Pata.

1409 325 1511 362 vino,
1536 333 1628 374 cujus
1653 325 1784 364 morbi,
1809 328 1842 360 δι
1861 325 2059 360 ἀίῐΐςᾶἰοιιίς
2079 325 2251 360 historiam
2267 330 2336 372 post
2358 331 2418 367 Cl.

1408 369 1626 403 Dominicuin
1649 367 1812 404 Militiam
1833 373 1849 410 (
1869 381 1887 403 a
1911 373 1923 409 )
1945 369 2012 404 duo
2033 369 2091 402 alii
2112 370 2214 405 Doffi
2238 373 2314 406 Viri
2348 373 2419 409 edi-

1408 412 1550 451 derunt,
1573 412 1620 444 ita
1642 421 1695 445 me
1716 412 1791 453 gessi
1814 436 1825 452 ,
1855 423 1891 448 ut
1914 414 2107 457 opinionem
2128 414 2262 456 quidem
2291 417 2421 452 indica-

1408 466 1478 490 rem
1499 464 1627 493 meam;
1651 454 1703 502 sed
1726 453 1808 490 nihil
1834 467 1895 499 pro
1916 468 2009 491 certo
2029 454 2220 491 affirmarem
2246 483 2255 492 .
2292 460 2421 496 Pende-

1406 498 1464 533 bat
1487 498 1540 533 illi
1562 496 1648 532 infra
1670 509 1760 541 jecur
1785 508 1915 540 tumor,
1936 511 2036 544 quem
2062 509 2159 535 manu
2182 501 2348 537 abdomini
2362 504 2420 539 ad-
2468 501 2471 503 ’

1408 550 1500 576 mota
1521 543 1631 576 statim
1653 542 1854 584 perciperes,
1876 544 2050 586 globosus,
2074 543 2208 578 mobilis
2228 569 2237 584 ‚
2261 555 2296 580 ut
2320 557 2420 583 mant

1406 596 1472 663 ¹qua
1494 583 1789 626 comprehendebas
1810 611 1821 627 ‚
1851 585 1947 621 facile
1969 587 2070 631 posses
2093 585 2297 623 dextrorsum
2319 612 2330 628 ,
2364 601 2420 626 aut

1419 627 1620 664 mistrorsum
1644 629 1859 671 compellere.
1882 632 1969 665 Cum
1994 632 2066 664 aliis
2077 631 2186 670 aliud,
2210 632 2421 675 quemadmo-

1406 672 1487 706 dum
1508 672 1591 715 apud
1612 672 1780 707 Militiam
1803 674 1887 715 leges
1910 696 1920 712 ‚
1952 672 2152 718 singulorum
2175 678 2346 717 opiniones
2366 681 2422 713 in-

1408 715 1593 756 dicantem,
1615 715 1676 751 esse
1699 717 1889 757 videretur3
1913 717 1995 751 mihi
2018 719 2110 753 semel
2122 742 2137 760 ,
2158 718 2228 762 post
2250 723 2332 756 alios
2362 724 2420 757 in-

1410 759 1556 801 visenti,
1578 759 1636 793 esse
1657 759 1755 802 cystis
1776 760 1868 796 fellea
1893 760 1979 796 visus
2001 761 2064 802 est,
2088 764 2128 796 ab
2139 760 2277 799 humore
2299 775 2420 809 praeter

1412 803 1548 838 modum
1571 802 1773 838 distendente
1795 805 1993 847 amplificata
2014 829 2029 847 ‚
2060 806 2273 851 deorsumque
2296 809 2421 851 produ·

1418 848 1472 881 &a
1493 869 1504 887 ,
1535 846 1625 892 quod
1648 846 1784 882 Medico
1805 870 1819 889 ,
1840 850 1917 891 aegri
1941 850 2064 884 Amico
2086 872 2097 887 ‚
2130 853 2187 895 qui
2210 863 2261 887 me
2283 853 2422 888 domum

1417 889 1605 925 humaniter
1619 889 1824 940 reducebat,
1846 892 2025 927 Dominico
2049 893 2269 936 Stephanellio
2293 897 2420 933 solicite

1413 934 1593 969 sciscitanti
1614 942 1662 968 ita
1684 933 1772 973 dixi.
1795 944 1832 969 ut
1855 945 1962 977 tamen
1986 947 2046 979 pro
2067 946 2158 971 certo
2182 950 2247 973 non
2280 941 2421 976 affirma.

1413 987 1483 1013 rem
1497 1003 1506 1012 .
1529 978 1629 1017 Quod
1655 976 1697 1012 sic
1718 978 1983 1022 designaveram,
2006 981 2171 1016 evidenter
2194 982 2274 1017 adeo
2297 986 2421 1020 confir-

1414 1022 1520 1057 mavit
1541 1020 1710 1062 disseffio,
1731 1032 1770 1058 ut
1792 1023 1838 1056 rei
1860 1021 2039 1066 designatio
2064 1029 2275 1067 praetermitti
2297 1040 2313 1061 a
2344 1029 2422 1072 qui-

1414 1064 1550 1116 busdam
1571 1087 1585 1106 ,
1602 1076 1663 1116 ‘res
1687 1076 1766 1116 vero
1788 1067 1855 1109 ipsa
1879 1067 1919 1102 ab
1941 1070 2068 1102 nemine
2090 1069 2218 1103 reticeri
2242 1074 2388 1114 potuerit
2410 1095 2423 1106 .

1414 1108 1576 1159 Videram
1596 1109 1633 1143 id
1654 1108 1749 1149 alias,
1773 1111 1804 1143 &
1827 1112 2025 1146 nominatim
2049 1114 2083 1146 in
2109 1113 2211 1154 Seue,
2234 1126 2274 1148 ex
2296 1127 2364 1159 quo
2385 1116 2421 1150 in

1412 1151 1557 1202 Epistola
1579 1153 1607 1185 Ι.
1630 1153 1829 1187 Anatomica
1853 1154 1906 1196 (b
1927 1154 2029 1198 >jam
2051 1154 2278 1199 descripseram
2301 1183 2309 1191 .
2346 1159 2424 1194 Me-

1413 1206 1570 1230 mineram
1595 1205 1703 1231 autem
1727 1198 1835 1230 multo
1859 1197 1972 1241 saepius
1993 1198 2121 1242 legisse,
2143 1211 2205 1234 nec
2224 1202 2324 1236 modo
2336 1202 2423 1244 apud

1414 1238 1550 1290 Veteres
1567 1264 1576 1279 ,
1601 1248 1637 1272 ut
1659 1251 1735 1274 cum
1757 1239 1908 1275 Vesalius
1933 1246 1944 1282 (
1967 1242 2018 1286 c)
2041 1245 2075 1276 in
2099 1244 2258 1279 Martello
2287 1246 2423 1281 eandem

1414 1282 1530 1325 cystim
1565 1285 1692 1332 invenit
1726 1284 1857 1322 duorum
1877 1294 2053 1328 pugnorum
2075 1289 2328 1330 magnitudine,
2365 1298 2422 1324 aut

1412 1337 1488 1361 cum
1520 1327 1700 1376 Fernelius-
1721 1330 1736 1367 (
1757 1327 1778 1360 d
1799 1330 1811 1367 )
1834 1340 1851 1363 a
1885 1329 1949 1363 bile
1983 1339 2176 1374 exuperante
2211 1332 2244 1365 in
2267 1333 2424 1375 ingentem

1410 1381 1643 1413 nonnunquam
1666 1370 1795 1409 distendi
1815 1373 2080 1415 magnitudinem,
2105 1372 2251 1417 scripsit5
2275 1376 2328 1411 sed
2340 1376 2425 1420 apud

1409 1415 1622 1464 Recentiores
1645 1425 1778 1464 quoque
1792 1437 1801 1454 ‚
1825 1425 1863 1449 ut
1885 1425 1963 1459 puta
1987 1419 2195 1461 Zwingerum
2219 1421 2234 1461 <
2256 1429 2272 1453 e
2292 1423 2308 1460 >
2328 1441 2339 1457 ,
2362 1421 2423 1469 qui

1405 1455 1555 1507 sextuplo
1578 1465 1706 1491 circiter
1728 1468 1878 1500 majorem
1902 1460 1984 1495 vidit
2006 1484 2019 1503 ,
2052 1461 2232 1504 praesertim
2268 1474 2347 1498 vero
2369 1473 2425 1507 Ju-

1411 1511 1537 1536 morem
1570 1502 1777 1553 Verneyum⁴
1794 1500 1881 1552 (f)
1904 1529 1914 1545 ,
1948 1507 1980 1538 δε
2012 1506 2183 1549 Yungium
2206 1531 2216 1547 ,
2247 1506 2340 1549 cujus
2372 1507 2424 1543 vel

1410 1543 1653 1579 monstrosioris
1676 1545 1905 1588 amplitudinis
1927 1546 2204 1584 Observationem
2225 1561 2426 1586 commemo.

1411 1597 1462 1622 rat
1485 1589 1569 1623 Abr.
1594 1589 1738 1638 Vaterus
1761 1588 1846 1632 (g);
1870 1600 1907 1626 ut
1931 1591 1999 1633 post
2020 1592 2111 1627 illam
2135 1604 2201 1628 non
2225 1595 2354 1629 credam
2378 1596 2427 1630 es-

1412 1631 1443 1682 se
1463 1643 1568 1682 operae
1594 1643 1736 1674 pretium
1762 1633 1840 1667 alias
1861 1645 1934 1677 quae
1956 1635 2105 1680 deinceps
2128 1636 2293 1679 produffiiae
2318 1638 2393 1673 sunt
2412 1662 2428 1681 ‚

1411 1674 1556 1709 indicare
1567 1697 1581 1725 ³.
1605 1686 1663 1708 nec
1686 1686 1830 1725 quaerere
1853 1679 2013 1721 amplius,
2035 1690 2158 1724 quanta
2181 1682 2277 1724 cystis
2300 1691 2429 1727 reperta

1415 1718 1457 1769 ab
1482 1717 1775 1769 Lancisiofuerit,
1798 1731 1897 1763 quam
1922 1731 2058 1765 propter
2088 1724 2246 1767 insignem
2279 1727 2429 1770 longitu-

1412 1763 1524 1796 dinem
1546 1760 1727 1809 describere
1751 1762 1952 1799 Pacchionus
1975 1768 2009 1798 in
2034 1767 2145 1801 animo
2167 1767 2323 1811 habebat,
2346 1769 2429 1806 sicu-

1413 1807 1443 1839 ti
1464 1804 1509 1839 est
1532 1806 1567 1839 in
1586 1805 1687 1856 ‘hujus
1709 1807 1831 1842 litteris
1857 1809 1902 1842 A.
1934 1818 2027 1852 1710.
2052 1811 2092 1845 ad
2117 1823 2167 1846 me
2190 1811 2276 1848 datis
2291 1826 2302 1848 .-
2325 1825 2429 1857 quan·-

1417 1859 1515 1892 quam
1549 1859 1687 1883 minime
1719 1851 1919 1894 negligendae
1959 1852 2033 1888 sunt
2065 1854 2321 1891 Observationes
2354 1859 2429 1893 due

1417 1903 1497 1936 quas
1520 1903 1630 1936 nuper.
1648 1893 1734 1936 apud
1757 1895 2001 1937 Ampliffimum
2024 1898 2231 1935 Swieteniuin
2255 1903 2270 1941 (
2290 1901 2311 1935 h
2335 1904 2347 1940 )
2381 1902 2428 1936 le-

1415 1936 1555 1986 gebam)
1579 1936 1704 1971 Illustc.
1728 1938 2039 1982 Edimburgenfium
2061 1942 2163 1977 altera
2184 1967 2198 1984 ‚
2231 1946 2288 1988 qui
2312 1945 2430 1988 cystim

1414 1979 1492 2014 οᾶο
1515 1980 1614 2015 libras
1637 1981 1715 2014 bilis
1737 1983 1960 2018 continentem
1983 2008 1993 2025 ‚
2026 1985 2125 2030 idque
2159 1988 2193 2021 in
2225 1988 2428 2024 duodecenni

1413 2033 1538 2073 puero,
1561 2022 1871 2074 deprehenderunt,
1895 2027 1992 2070 ipfius
2016 2029 2154 2064 alteram
2177 2055 2187 2072 ,
2216 2034 2275 2074 qui
2298 2033 2332 2067 in
2355 2043 2433 2068 mu-

1415 2067 1492 2102 liere
1514 2067 1637 2117 cystim·
1653 2067 1787 2103 eandem
1807 2073 1970 2114 comperit
1993 2072 2165 2108 distentam
2188 2076 2268 2110 adeo
2289 2097 2300 2114 ,
2331 2085 2366 2111 ut
2389 2075 2432 2114 ad

1414 2121 1453 2145 os
1474 2109 1573 2153 usque
1596 2111 1697 2162 ilium
1720 2111 1894 2148 dexterum
1915 2117 2097 2157 perveniret
2112 2143 2122 2158 ,
2172 2119 2236 2153 nod
2260 2120 2346 2155 inter
2368 2132 2430 2160 os,

1418 2156 1451 2206 {sc
1472 2156 1575 2205 costas
1596 2166 1676 2189 imas
1699 2156 1750 2206 vel
1774 2166 1946 2201 antequam
1970 2161 2138 2196 macilenti
2165 2174 2269 2198 imum
2292 2163 2431 2199 cadaver

1417 2198 1640 2240 incideretur,
1663 2197 1715 2233 sua
1738 2199 1807 2251 ipsa
1832 2202 1919 2236 mole
1944 2204 2233 2246 protuberaverat.
2259 2207 2319 2242 Sed
2341 2210 2373 2242 δε
2394 2209 2433 2242 in

1417 2240 1547 2276 Polono
1570 2243 1722 2277 Senatore
1747 2249 1757 2283 (
1782 2257 1793 2278 ι
1817 2248 1830 2285 )
1852 2248 1969 2280 mirum
1992 2248 2024 2281 in
2046 2250 2173 2284 modum
2196 2250 2359 2286 extensam
2382 2253 2433 2287 in-

1420 2296 1547 2336 venere·
1561 2310 1571 2325 ‚
1602 2295 1640 2320 ut
1663 2287 1698 2320 in
1722 2290 1801 2323 vivo
1825 2289 1970 2324 manibus
1989 2292 2119 2335 palpari
2149 2293 2247 2340 poffet
2269 2319 2278 2327 .
2301 2296 2433 2330 Verum

1418 2338 1455 2377 ut
1478 2329 1517 2363 ad
1537 2329 1594 2380 illa
1617 2330 1745 2377 redeam
1769 2343 1841 2376 quae
1864 2345 1904 2366 eo
1927 2343 2073 2377 tempore
2097 2361 2107 2377 ,
2136 2337 2175 2373 id
2197 2337 2240 2372 est
2263 2340 2306 2373 A.
2334 2348 2433 2383 1732.

1418 2384 1483 2415 jam
1505 2370 1594 2407 edita
1616 2372 1744 2409 fuerant
1767 2398 1781 2417 ,
1816 2377 1877 2410 etsi
1909 2388 2020 2411 eorum
2053 2380 2155 2422 probe
2189 2382 2398 2416 memineram
2420 2396 2435 2421 a

1418 2427 1488 2467 non
1509 2416 1635 2468 oblitus
1668 2427 1777 2456 tamen
1800 2420 1901 2454 trium
1934 2421 2067 2456 illarum
2099 2435 2179 2467 quas
2212 2428 2321 2467 primo
2356 2426 2435 2461 loco

1416 2460 1564 2512 indicavi
1588 2482 1599 2499 ,
1632 2462 1863 2505 propendentis
1887 2465 1928 2498 ab
1950 2464 2093 2507 jecinore
2126 2467 2243 2502 sacculi
2267 2468 2436 2504 Observa-

1417 2515 1548 2539 tionum
1570 2527 1583 2545 ‚
1616 2515 1719 2554 neque
1752 2508 1872 2541 moniti
1894 2508 1986 2550 quod
2019 2511 2054 2543 in
2088 2520 2238 2546 extremo
2271 2512 2313 2548 est
2345 2513 2436 2548 libro

1418 2547 1547 2599 V.I5de
1572 2549 1706 2599 M.⁰.¹'b¹⁵.
1724 2550 1932 2593 popularibus
1955 2551 2004 2585 vel
2027 2551 2119 2588 bonis
2131 2556 2289 2596 Medicis,
2310 2557 2435 2593 nedum

1421 2592 1518 2632 aliis,
1536 2591 1760 2635 similitudines
1777 2603 1889 2635 parere
1910 2605 2030 2630 errares
2051 2619 2062 2635 ‚
2095 2598 2223 2633 imitari
2254 2600 2432 2639 Banlivum

1421 2636 1538 2687 nolui,
1559 2646 1678 2680 quem,
1705 2637 1730 2671 fi
1754 2638 1901 2675 viveret,
1925 2649 1962 2672 ac
1994 2649 2067 2681 quae
2091 2641 2163 2675 sunt
2199 2643 2283 2685 apud
2303 2637 2436 2679 'Vallis-

1423 2690 1552 2731 nerium
1577 2679 1724 2714 nostrum
1745 2684 1759 2721 (
1784 2680 1803 2720 l<
1825 2684 1858 2720 ),
1882 2684 1913 2715 &
1936 2679 2145 2719 Scheffelium
2167 2685 2215 2726 <l
2237 2690 2248 2727 )
2272 2688 2396 2731 legeret
2418 2712 2434 2731 ,

1424 2732 1602 2767 poeniteret
1625 2721 1696 2757 sane
1712 2745 1723 2762 ‚
1747 2724 1826 2758 dum
1848 2724 2021 2768 quasdam,
2045 2738 2111 2761 non
2134 2740 2247 2764 omnes
2271 2743 2352 2774 quas
2375 2743 2437 2774 po-

1424 2776 1531 2805 terat,
1554 2767 1813 2801 Observationes
1835 2768 1999 2810 attendit,
2022 2781 2226 2815 praepropere
2250 2774 2401 2818 scripfiffe
2424 2799 2437 2814 ‚

1426 2815 1438 2854 (
1461 2821 1493 2860 m
1514 2814 1551 2854 >,
1577 2821 1647 2845 cum
1669 2811 1782 2845 ifleros
1803 2811 1922 2847 videris
1928 2813 2129 2855 pertinaces,
2151 2816 2204 2850 ‘vel
2206 2816 2359 2860 sanatos,
2376 2818 2435 2862 fied

1425 2855 1637 2889 recidi-pantes
1661 2868 1671 2893 ς
1700 2864 1760 2897 pro
1784 2863 1868 2888 certa
1900 2854 2013 2890 habeas
2033 2878 2045 2895 ‚
2078 2867 2129 2892 eos
2149 2872 2168 2892 a
2191 2861 2310 2895 calculo
2329 2863 2435 2906 vesica

1419 2896 1524 2943 felleae
1541 2897 1712 2944 progigni,
1736 2909 1773 2932 ac
1793 2898 1923 2940 proinde
1945 2899 2132 2943 insanabiles
2147 2905 2335 2945 praedicite.

1473 2951 1524 2984 14.
1547 2942 1654 2982 Cujus
1685 2941 1725 2975 de
1756 2940 1864 2976 vesicae
1897 2942 2030 2978 calculis
2055 2969 2066 2986 ‚
2097 2947 2219 2989 quippe
2253 2959 2343 2983 extra
2376 2948 2437 2986 he-

1428 2986 1514 3028 patis
1536 2983 1744 3019 substantiam
1793 2983 1881 3018 ositis
1906 3011 1914 3027 ,
1950 2996 1985 3020 ut
2008 3009 2018 3025 ‚
2050 2991 2325 3031 quemadmodum
2358 3004 2437 3038 pro-

1427 3026 1573 3063 misimus
1595 3050 1609 3069 ,
1631 3028 1728 3063 verba
1767 3029 1909 3063 aciamus
1934 3055 1943 3070 ‚
1975 3029 2120 3073 ipsorum
2144 3035 2275 3076 quidem
2307 3038 2341 3071 in
2372 3036 2437 3074 ho.

1426 3071 1572 3107 minibus
1616 3080 1684 3106 tam
1738 3072 1857 3105 crebrae
1911 3073 2169 3111 Observationes
2225 3078 2390 3119 habentur
2423 3104 2434 3119 ,

1426 3115 1520 3151 nullo
1552 3123 1589 3148 ut
1621 3113 1721 3149 modo
1754 3115 1847 3157 poffit
1870 3114 1986 3150 harum
2010 3129 2161 3155 numerus
2192 3133 2267 3157 cum
2304 3124 2435 3160 illarum

1423 3169 1497 3205 quae·
1542 3158 1582 3192 ad
1625 3158 1769 3192 calculos
1799 3158 1953 3202 jecinoris
1996 3160 2137 3205 speeiant
2174 3190 2186 3206 ,
2229 3169 2435 3212 comparari.

1424 3202 1537 3244 Hujus
1577 3200 1600 3235 si
1635 3201 1833 3236 discriminis
1868 3203 1998 3238 causam
2029 3216 2154 3249 quaeras
2174 3221 2187 3249 ,·
2217 3221 2292 3245 ,non
2335 3222 2433 3247 unam

1425 3246 1571 3279 invenies
1606 3245 1668 3295 ubi.
1697 3244 1805 3280 causas
1837 3247 2013 3283 attenderis
2042 3260 2115 3292 quae
2149 3262 2214 3287 tam
2257 3255 2435 3297 frequentis

1425 3289 1626 3339 calculorum
1658 3300 1692 3322 in
1716 3289 1797 3332 cysti
1831 3292 2050 3331 generationis
2082 3295 2281 3331 redduntur.
2305 3299 2438 3333 Veslin-

1425 3343 1506 3376 gius
1524 3332 1631 3366 noster
1650 3336 1666 3373 a(
1690 3342 1709 3365 n
1731 3337 1743 3372 )
1767 3331 1895 3376 cysticae
1919 3335 1995 3372 bilis
2026 3337 2218 3379 crassitiem,
2239 3343 2271 3375 δι
2300 3341 2433 3377 diutur-

2319 3385 2394 3419 nio-

1592 3454 2429 3474 m*-

1889 3513 1904 3543 (
1919 3521 1937 3539 n
1955 3512 1963 3542 l
1977 3513 2060 3549 schol.
2076 3515 2118 3541 cit.
2134 3517 2165 3541 ad
2181 3516 2239 3542 Obs'.
2256 3523 2297 3549 ¹3.

1815 3544 1830 3574 ζ
1845 3551 1857 3567 ι·
1872 3543 1887 3573 )
1904 3543 1911 3571 (
1924 3543 1968 3573 s)
1986 3545 2046 3570 loeis
2061 3547 2103 3572 eit.
2118 3547 2148 3572 ad
2164 3555 2188 3573 n.
2204 3555 2243 3574 u.

1775 3575 1799 3608 §.
1817 3582 1840 3599 ι.
1903 3575 1946 3605 (y
1964 3575 1971 3603 )
1989 3575 2049 3602 ibid.
2069 3577 2151 3610 §.11-

1421 3575 1435 3604 (
1449 3583 1467 3602 x
1481 3576 1492 3606 J
1507 3574 1571 3600 sest.
1591 3582 1628 3604 17.
1643 3572 1705 3598 ΟΜ.
1722 3581 1757 3604 ¹3·

1708 3603 1723 3633 (
1738 3605 1754 3629 d
1768 3606 1779 3636 )
1798 3603 1891 3630 rathol.
1908 3607 1924 3629 1.
1943 3609 1965 3629 6.
1982 3613 2003 3631 c.
2021 3616 2043 3637 5.

1650 3633 1696 3665 (g
1714 3635 1722 3665 )
1736 3636 1832 3661 Dissert.
1848 3643 1894 3665 qua
1909 3636 2001 3660 Calcul.
2017 3637 2043 3662 in
2060 3638 2105 3663 ves.
2122 3638 2173 3667 fell.
2189 3641 2233 3664 lte.
2250 3640 2306 3665 thes.
2324 3648 2346 3671 ς.

1905 3665 1943 3696 (k
1951 3667 1966 3697 )
1973 3668 2055 3697 oper-e
2063 3670 2094 3698 ἶ,
2101 3676 2124 3699 ³·
2131 3670 2159 3694 Ρ.
2166 3673 2187 3694 6.
2196 3672 2304 3701 Lett.37.
2313 3673 2435 3701 Annonar-

1528 3697 1543 3726 (
1559 3705 1576 3721 η
1593 3702 1602 3729 )
1618 3698 1692 3728 Synt.
1708 3698 1782 3723 Anii.
1800 3703 1824 3723 ε.
1839 3704 1864 3726 4.
