2498 4075
429 146 525 196 1249

372 208 455 249 lores
479 203 571 243 faiss'e
587 203 945 243 reuumaeerbiffimos,
972 201 1276 246 Zacutusscripfit:
1299 212 1380 245 quos

371 251 471 293 etiam
496 252 530 285 in
554 251 687 285 canibus
712 258 868 292 perpetuo
893 245 1089 290 significatos
1113 244 1173 279 effe
1205 247 1346 281 clamore
1369 266 1378 283 ‚

367 294 628 337 Kerckringius2
652 292 856 329 &Boirelius
880 292 894 333 (
910 289 965 332 g)
989 287 1162 327 testantur»,
1187 300 1263 325 cum
1286 297 1380 338 caete-

370 341 401 374 ri
421 349 504 380 quos
524 337 706 375 ,nominavi
730 357 740 373 ‚
775 334 815 373 jd
847 334 1004 367 omittant
1030 355 1038 365 .
1171 333 1270 369 Quod
1305 332 1375 365 reli-

371 392 476 423 quum
499 379 567 419 est,
591 379 632 414 de
653 376 771 413 horum
796 379 954 411 vermium
978 375 1105 417 origine
1128 398 1138 414 ‚
1170 385 1204 409 ut
1241 386 1316 417 puta
1340 385 1379 407 an

372 426 407 459 in
430 423 572 457 'canibus
605 434 645 456 ex
677 422 810 456 rubellis
842 421 882 454 iis
911 418 972 452 fint
1011 429 1094 461 quos
1128 419 1168 450 ini
1204 417 1379 452 tuberculis

366 465 559 509 quibusdam
582 464 667 503 haud
692 465 808 506 procul
831 463 993 498 interdum
1018 474 1033 494 a
1058 461 1186 495 renibus
1209 460 1377 502 alias(h)

367 508 515 552 descripsi
540 530 549 547 ‚
584 511 624 544 ab
656 509 720 547 illis
753 505 847 542 erosis
870 507 904 539 in
927 505 1002 554 hos⁴
1018 515 1248 547 nonnunquam
1266 504 1378 551 tranqs.

365 554 545 595 euntibus,
567 553 601 586 in
624 550 952 593 tantalongitudinis
992 548 1222 589 imparilitate,
1248 561 1311 583 non
1331 549 1379 582 ia-

366 597 428 632 cile
454 595 707 634 affirmaverim,
732 594 790 629 nisi
815 595 904 636 prius
927 593 966 625 de
990 600 1204 634 utrorumque
1227 593 1381 626 strue-“tura

369 641 508 681 certiora
530 640 634 674 nobis*
661 637 866 672 innotescant
892 661 899 669 .
936 633 1059 681 Blasius
1090 635 1226 681 ,quidem
1262 635 1380 672 renales

370 683 445 719 suos
467 683 551 725 quafi
575 693 613 716 ex
637 681 761 714 annulis
779 679 932 722 plurimis
955 676 1069 723 affabre
1090 678 1210 719 junctas
1233 679 1380 715 constan-

367 737 415 763 tes
439 725 604 766 descripsit
619 748 628 763 ‚
653 726 824 767 pinxitque
848 734 859 760 3
885 722 935 755 sed
959 724 988 755 ei
1013 722 1148 763 pieturae
1173 722 1380 771 Setilptorem

369 773 401 805 δι
425 770 592 812 geminum
616 777 711 809 caput
729 792 737 807 ,
772 769 802 800 δι
825 767 938 800 oculos
961 765 999 799 de
1026 764 1083 798 suo
1106 764 1297 801 crediderim
1323 768 1379 801 ad..

370 811 483 850 didisse
499 837 506 846 .
532 811 745 846 Valliinerius
770 809 1028 848 animadvertit,
1050 819 1148 857 quern
1171 809 1236 852 ipse
1260 809 1345 845 vidit
1368 834 1377 850 ‚

368 869 407 893 ex
432 857 590 888 Latorum
614 866 727 899 genere
752 863 817 886 non
841 851 952 892 fuisse,
974 852 1030 893 qui
1055 861 1166 893 potius
1188 852 1262 886 esset
1284 863 1376 894 tereS‚

370 900 423 935 sed
447 910 548 939 neque
571 909 608 931 ex
632 898 699 932 ullo
726 897 793 930 alio
816 907 929 938 genere
954 893 1041 937 quod
1067 895 1144 933 alii,
1168 906 1325 938 quantum
1349 899 1377 930 i-

367 944 421 985 pse
444 941 538 982 sciret
565 964 577 982 ‚
600 940 758 975 intestinis
781 950 924 983 unquam
946 938 1105 972 inclusum
1128 940 1375 981 comperiffent.

368 987 450 1023 Haec
487 985 678 1020 Vallisnerii
711 983 944 1018 animadverfio
987 982 1120 1016 dubiam
1154 982 1237 1018 mihi
1271 984 1376 1018 reddit

365 1030 565 1075 propositam
589 1029 630 1062 ab
653 1028 763 1062 Redin
786 1026 977 1061 strusturam
995 1048 1005 1063 ‚
1028 1027 1150 1067 quippe
1173 1037 1248 1060 cum
1273 1028 1377 1062 Tere,-

366 1073 456 1109 tibus
481 1073 706 1107 intestinorum
730 1071 894 1114 vermibus
916 1092 926 1108 ‚
960 1078 996 1104 ut
1021 1070 1061 1103 ab
1086 1070 1191 1104 Redio
1228 1069 1300 1110 ipso
1320 1071 1377 1105 de·

367 1117 556 1152 scribuntur
578 1141 588 1156 ‚
623 1114 726 1149 ferme
749 1124 955 1150 communem
978 1124 988 1151 3
1034 1121 1071 1147 ut
1105 1113 1162 1147 illa
1186 1122 1376 1154 praeteream

364 1172 435 1205 quae
460 1160 500 1194 ab
523 1156 733 1202 descriptione
757 1157 816 1193 hac
848 1155 1065 1193 dissentientia
1099 1156 1270 1190 adnotavit
1293 1158 1377 1190 Val-

364 1203 516 1238 lisnerius
540 1207 550 1243 (
574 1205 586 1238 i
610 1206 641 1243 )-
668 1203 795 1236 Verum
820 1210 856 1235 ut
879 1202 988 1234 omnia
1012 1198 1051 1233 de
1074 1198 1233 1232 renalibus
1258 1203 1377 1234 vermi..

365 1249 425 1282 bus
451 1245 526 1280 satis
552 1256 660 1282 certa,
684 1247 715 1279 δε
737 1245 918 1280 constantia
949 1243 1045 1277 effent
1069 1257 1078 1280 ς
1111 1251 1220 1277 tamen
1243 1243 1376 1278 illorum

365 1292 506 1336 parvitas
527 1291 583 1332 qui
608 1292 640 1321 in
666 1288 704 1320 iis
729 1288 905 1322 tuberculis
917 1297 1033 1321 canum
1058 1285 1149 1326 sunt,
1172 1286 1375 1321 necessariam

363 1335 491 1368 intimae
516 1331 645 1367 fabricae
668 1333 947 1373 comparationem
972 1329 1190 1372 perdifficilem
1214 1329 1374 1365 redderet.

363 1380 471 1419 Quem
495 1377 636 1411 laborem
661 1374 754 1413 aliis,
780 1376 885 1410 minus
909 1385 1007 1417 quam
1029 1384 1087 1407 nos
1110 1375 1302 1416 occupatis,
1325 1387 1373 1411 re-

364 1422 569 1464 linquentes,
592 1421 711 1454 interea
735 1418 774 1453 ad
797 1419 897 1457 alias,
919 1427 955 1452 ut
982 1416 1186 1460 promisimus
1210 1441 1220 1458 ,
1243 1418 1372 1451 Valsal-

364 1475 411 1499 vae
434 1464 586 1503 historias
610 1461 805 1497 transeamus
828 1485 841 1503 ‚
862 1463 896 1494 in
922 1461 1040 1503 quibus
1064 1462 1253 1495 lumborum
1278 1461 1373 1495 dolo.

363 1519 432 1542 rem
457 1520 473 1544 a
496 1506 595 1542 causis
619 1514 708 1541 extra
731 1515 819 1539 renes
834 1505 956 1548 ¹pofitis
979 1504 1219 1538 observaverit.
1368 1533 1370 1536 .

407 1564 437 1594 9.
461 1550 660 1587 VIRGO
683 1560 842 1586 annorum
865 1549 995 1583 circiter
1020 1549 1307 1593 vigintiquatuor,
1333 1548 1373 1582 ab

363 1597 433 1631 alto
458 1595 572 1631 cadens
586 1616 593 1630 ‚
617 1601 770 1636 gravante
793 1592 832 1626 ad
854 1593 981 1627 lumbos
1003 1590 1140 1633 dolore,
1160 1594 1192 1625 &
1213 1590 1301 1626 febre
1323 1591 1372 1626 af-

363 1640 473 1674 ficitur
489 1664 496 1671 .
522 1639 652 1672 Horum
677 1646 852 1678 utrumque
875 1635 1081 1678 aliquantum
1105 1633 1246 1669 mitescit
1266 1661 1274 1669 .
1303 1636 1371 1669 Ve-

362 1695 437 1720 rum
462 1683 586 1726 aliquot
612 1680 681 1722 post
705 1679 817 1714 diebus
840 1678 1055 1713 recrudescens
1077 1704 1087 1721 ,
1109 1679 1278 1713 accedente
1300 1678 1371 1713 sen-

363 1729 398 1760 su
423 1726 574 1770 ponderis
602 1726 635 1758 in
661 1724 783 1757 ventris
805 1733 886 1756 cavo
912 1744 922 1760 ‚
946 1723 1074 1756 vomitu
1097 1744 1107 1759 ,
1140 1725 1172 1756 &
1193 1722 1371 1764 dejeffione

364 1772 465 1804 modo
488 1767 600 1803 viridis
617 1789 625 1804 ,
649 1766 747 1801 modo
770 1766 963 1810 nigricantis
988 1766 1153 1801 materiae,
1178 1766 1307 1799 tandem
1332 1766 1372 1799 ad

364 1814 540 1850 interitum
574 1811 721 1854 perducit
742 1834 750 1842 .
882 1809 1013 1843 DUM
1047 1807 1297 1843 VENTER
1331 1809 1374 1842 se-

363 1868 456 1892 catur
471 1880 481 1896 ,
507 1857 597 1890 illico
622 1854 720 1888 sanies
743 1851 876 1892 effluit,
898 1863 970 1895 quae
991 1875 1004 1892 ,
1036 1850 1180 1901 spongiis
1203 1852 1339 1901 colleRa
1360 1875 1375 1892 ,

362 1903 439 1937 oeto
461 1901 593 1936 circiter
617 1898 716 1933 libras
739 1895 891 1941 pependit
914 1905 1004 1930 tota,
1031 1895 1185 1930 Intestina
1209 1903 1302 1929 erant
1324 1906 1376 1928 in-

363 1956 412 1979 ter
438 1945 466 1978 se
493 1956 548 1988 per
572 1944 720 1977 tunicam
744 1941 937 1979 exteriorem
962 1950 1106 1973 connexa
1130 1962 1140 1977 ,
1165 1939 1208 1972 fic
1232 1947 1341 1971 tamen
1362 1960 1373 1976 ,

363 1999 401 2025 ut
425 1991 458 2023 in
482 1998 594 2022 eorum
618 1984 801 2021 interstitiis
822 1983 950 2017 craffior
974 1984 1092 2017 lateret
1109 1981 1213 2018 sanies
1235 2006 1244 2016 .
1268 1983 1377 2015 Caete-

365 2045 437 2068 rum
461 2031 612 2066 intestina
637 2029 704 2070 ipsa
730 2052 740 2069 ‚
766 2030 797 2062 &
822 2028 1020 2061 ventriculus
1052 2024 1138 2060 nihil
1171 2027 1206 2059 in
1231 2024 1262 2058 se
1299 2025 1377 2059 vitii

365 2075 574 2112 ostenderunt
599 2097 606 2106 .
628 2072 743 2114 Hepar
765 2071 924 2105 albicabat
948 2094 957 2110 ‚
988 2068 1190 2112 exteriusque
1214 2067 1378 2103 adhaeren-

365 2131 431 2154 tem
456 2118 596 2153 habebat
619 2114 832 2150 craffiffimam
856 2114 1009 2148 saniosam
1032 2115 1202 2147 materiam
1227 2136 1235 2143 .
1259 2110 1318 2145 Sed
1340 2123 1377 2144 o-

365 2174 512 2199 mentum
534 2160 718 2197 asinistris‚
743 2159 870 2193 iliacam
883 2159 1049 2201 regionem
1062 2157 1189 2194 versus,
1215 2165 1374 2190 annexum

370 2209 548 2253 peritonaeo
571 2216 609 2239 ex
633 2216 666 2237 ea
692 2211 781 2246 parte
805 2202 894 2235 ulcus
917 2201 1090 2244 patefecit.

414 2262 464 2285 10.
488 2250 700 2290 Qaecunque
723 2258 757 2279 ea
781 2246 865 2279 ratio
887 2242 987 2278 fuerit
1009 2255 1067 2278 cur
1091 2254 1107 2276 a
1132 2241 1205 2276 casu
1237 2241 1298 2274 ino
1332 2239 1373 2274 fit

366 2296 457 2331 laesus
480 2292 763 2326 intimus<ventris
775 2291 877 2331 paries
901 2289 1030 2322 iliacam
1055 2287 1220 2330 regionem
1243 2283 1370 2335 versus,

366 2340 414 2374 ibi
438 2348 521 2372 certe
545 2333 699 2370 abscessus
722 2334 850 2375 genitus
874 2331 918 2365 est
941 2339 1050 2365 tantus
1075 2354 1084 2369 ‚
1109 2330 1192 2364 unde
1215 2329 1373 2378 copiari-

368 2384 398 2417 la
424 2381 569 2425 potuerit
595 2378 691 2412 saniei
717 2376 869 2410 effluere.
896 2376 978 2408 Pure
1001 2373 1174 2413 confeflo,
1196 2374 1230 2407 id
1253 2372 1372 2405 accidit

369 2424 460 2469 quod
482 2421 698 2465 Hippocratis
723 2418 923 2461 aphorismus
950 2423 961 2458 (
985 2418 1004 2458 l<
1027 2421 1037 2455 )
1061 2417 1156 2450 docet
1179 2440 1190 2457 ,
1223 2425 1259 2448 ut
1290 2414 1382 2448 dolo-‘

370 2481 420 2503 res
443 2491 452 2506 ,
476 2479 510 2500 ac
528 2464 637 2509 febres
662 2464 830 2504 aliquanto
853 2462 1001 2494 mitiores
1024 2458 1135 2493 fierent
1162 2483 1169 2490 .
1204 2457 1374 2492 Absceffus

371 2523 478 2548 autem
522 2507 762 2549 disruptionem
806 2504 1057 2539 recrudescentes
1110 2501 1331 2545 significarunt
1363 2525 1372 2541 ,

371 2567 408 2592 ut
433 2555 520 2598 puris
542 2555 577 2586 in
601 2560 744 2585 ventrem
768 2549 976 2587 effusionem,
1000 2548 1033 2580 in
1057 2548 1178 2580 ventris
1189 2557 1268 2579 cavo
1294 2554 1375 2587 pon-

370 2601 455 2634 deris
488 2595 591 2631 sensus
617 2619 625 2627 .
662 2593 797 2627 Doloris
832 2603 906 2625 vero
932 2591 1118 2625 lumborum
1150 2589 1275 2622 causam
1309 2599 1375 2622 non

370 2652 496 2685 quaeres
517 2663 528 2678 ,
553 2650 626 2673 cum
651 2635 802 2670 abscessus
826 2635 930 2669 sedem
954 2637 987 2668 in
1009 2646 1043 2668 ea
1067 2632 1250 2666 abdominis
1286 2641 1374 2673 parte

374 2684 490 2724 fuiffe,
517 2681 696 2717 mimineris
717 2691 788 2722 quae
813 2680 847 2712 in
871 2679 998 2712 iliacam
1022 2676 1178 2719 vergebat
1190 2677 1376 2725 regionem;

371 2731 462 2769 fibrae
486 2728 574 2762 enim
597 2721 871 2760 Transversorutn
906 2721 1124 2760 musculorum
1157 2730 1230 2762 quae
1261 2730 1294 2752 in
1320 2719 1375 2753 illa

371 2773 437 2818 ipsa
462 2780 551 2815 parte
574 2769 669 2807 sunt,
702 2768 742 2800 ab
765 2767 952 2801 lumborum
978 2765 1133 2799 vertebris
1156 2784 1166 2800 ,
1198 2772 1235 2797 ut
1257 2762 1341 2797 nosti
1363 2784 1374 2800 ‚

374 2817 596 2851 exoriuntur:
626 2812 666 2847 ed
701 2819 843 2844 extrema
878 2819 986 2844 autem
1029 2807 1250 2842 musculorum
1277 2828 1286 2844 ,
1320 2805 1376 2839 fir-

375 2862 458 2896 mias
490 2856 669 2900 praesertim
705 2853 744 2888 ad
776 2866 812 2887 os
844 2853 973 2897 alligata
997 2876 1007 2892 ,
1040 2851 1200 2886 distraflis
1219 2872 1231 2890 ‚
1265 2848 1377 2882 erosis-

374 2915 414 2937 ve
436 2900 588 2938 musculis
618 2898 723 2933 acrius
754 2897 881 2932 dolores
911 2897 1057 2945 percipi,
1081 2905 1146 2929 non
1169 2893 1212 2927 est
1234 2904 1289 2927 cur
1315 2895 1377 2926 mi-

377 2955 692 3022 remur.Additurus
727 2983 788 3017 huc
823 2983 900 3018 alias
933 2982 1093 3017 Valsalvae
1124 2980 1377 3015 Observationes

376 3034 528 3069 dolorum
552 3028 676 3062 ibidem
701 3026 902 3061 saevientium
935 3039 952 3065 a
985 3026 1075 3061 causa
1108 3025 1158 3060 vel
1191 3034 1278 3064 extra
1302 3035 1377 3058 ven-

376 3088 461 3112 trem
485 3078 516 3108 &
539 3071 699 3107 abdomen
723 3068 849 3112 posita,
870 3072 903 3103 in
928 3071 1116 3104 memoriam
1148 3068 1263 3109 redeo,
1287 3080 1302 3100 a
1327 3078 1376 3100 me

377 3121 441 3157 tibi
466 3119 537 3153 aliis
558 3115 623 3160 jam
648 3114 783 3148 Litteris
805 3118 819 3154 (
841 3113 885 3155 l)
908 3112 1000 3148 fuisse
1032 3113 1201 3155 descriptas
1225 3137 1235 3152 ‚
1269 3114 1300 3144 &
1337 3122 1378 3143 ex

380 3163 530 3198 affixione
567 3157 781 3202 appendicum
814 3155 1068 3199 diaphragmatis
1093 3181 1102 3197 ‚
1144 3156 1304 3189 aetionem
1339 3153 1378 3187 ad.

379 3208 435 3243 has
458 3205 580 3243 causae,
602 3205 636 3236 in
658 3201 790 3235 thorace
812 3201 964 3241 latentis,
990 3200 1049 3234 esse
1075 3200 1268 3241 explicatam
1282 3210 1292 3230 .-
1312 3210 1379 3240 quo

379 3249 510 3285 fortasse
540 3246 667 3293 Jacotii
704 3256 835 3287 quoqne
858 3242 1052 3277 Observatio
1085 3243 1201 3276 attinet
1225 3263 1234 3279 ‚
1258 3244 1290 3274 in
1317 3252 1378 3274 una

381 3306 419 3328 ex
452 3291 610 3335 proximis
643 3287 844 3331 Sepulchreti
876 3288 1080 3320 Seetionibus
1104 3290 1115 3325 (
1137 3296 1168 3318 m
1190 3290 1204 3326 )
1227 3284 1377 3327 legenda.

380 3335 481 3375 Quod
517 3334 540 3366 si
574 3332 663 3367 causa
694 3331 798 3365 locata
828 3339 920 3364 extra
953 3332 1073 3363 ventris
1105 3341 1219 3362 cavum
1257 3327 1378 3361 efficere

380 3382 414 3414 id
448 3376 582 3420 potest‚·
610 3384 735 3420 quanto
770 3376 872 3417 magis
895 3385 937 3407 eae
972 3382 1125 3416 poterunt
1158 3383 1230 3414 quae
1261 3381 1315 3404 aut
1347 3374 1381 3405 in

382 3424 500 3457 lumbis
536 3419 644 3461 ipsis,
678 3428 730 3451 aut
766 3420 799 3451 in
835 3418 955 3451 ventris
1000 3426 1089 3458 parte
1133 3415 1240 3457 aliqua
1284 3414 1346 3448 fint
1371 3437 1381 3452 ,

382 3466 499 3501 lumbis
521 3464 620 3498 adsita
643 3484 655 3502 ‚
678 3470 732 3494 aut
756 3461 794 3496 ad
817 3472 869 3495 eos
891 3459 1021 3504 alligata
1040 3460 1056 3493 ξ
1077 3458 1216 3494 Videbis
1238 3469 1286 3493 eas
1308 3469 1379 3492 cau-

400 3591 1808 3611 mmm—’m

543 3708 555 3718 <⁷
584 3702 643 3723 Set—³.
663 3701 696 3724 Η.
758 3704 764 3728 (
783 3699 818 3726 1)
836 3698 910 3726 Epiri.
930 3700 966 3722 ¹6.
983 3705 1007 3720 n.
1024 3704 1061 3725 40.
1079 3697 1102 3720 Ee
1118 3705 1158 3726 4¹·

478 3693 483 3697 ,
500 3670 515 3698 )
530 3670 554 3693 in
571 3669 696 3694 A-ditam.
710 3667 741 3695 ad
756 3667 825 3693 eand.
842 3666 905 3697 Seii.
922 3665 982 3695 ΟΜ.
997 3674 1020 3691 ².

502 3702 585 3759 ἔξω,
782 3731 821 3767 (γρ
838 3728 851 3757 )
874 3727 979 3754 Praelee‘t.
996 3726 1025 3752 ad
1043 3728 1119 3752 Instit.
1139 3727 1162 3758 §.
1178 3733 1230 3758 35²·

603 3739 639 3760 ²3·
659 3731 680 3760 ξ.
701 3737 721 3759 3.

1079 3666 1088 3692 s
1106 3667 1121 3690 b
1137 3666 1151 3695 )
1167 3665 1239 3696 Epist.
1256 3666 1329 3689 Anat.
1349 3672 1371 3693 9.
1388 3672 1410 3688 n⁴
1427 3672 1465 3693 44.
1483 3663 1505 3687 δε
1522 3663 1586 3693 seqq,

1218 3698 1232 3725 ζ
1248 3704 1271 3720 m
1287 3696 1301 3724 )
1317 3703 1353 3725 25-
1370 3694 1428 3720 Obs.
1445 3703 1483 3724 ¹4·

953 114 1228 176 Liberan-
1265 124 1344 180 De
1380 120 1588 175 Morbis
1620 121 1834 174 Ventris

1431 199 1476 233 sas
1501 201 1565 233 fuse
1589 221 1599 237 ‚
1624 200 1654 231 δι
1677 199 1862 242 singillatim
1882 199 2051 243 recensitas
2073 200 2107 234 in
2131 200 2270 235 Riolani
2293 200 2436 236 Enchei-

1432 242 1517 276 ridio
1551 254 1591 275 eo
1621 243 1728 284 capit-e
1761 255 1800 278 ex
1831 255 1898 287 quo
1933 243 2040 277 relatae
2064 242 2136 277 sunt
2159 246 2193 278 in
2218 244 2300 283 hanc
2322 246 2433 280 XXII.

1431 285 1635 327 Sepulchreti
1669 286 1851 324 Sefflonem
1884 289 1917 320 in
1949 286 2088 321 Scholiis
2120 288 2158 322 ad
2181 287 2264 322 Obs.
2287 288 2341 332 38.
2366 289 2435 332 pri-

1432 341 1516 364 mam
1541 343 1559 367 5Δ
1595 329 1688 367 idem.
1714 333 1802 369 etnim
1835 341 1888 372 per
1920 332 2079 364 incuriam
2111 332 2265 373 repetitus
2299 332 2342 365 est
2374 342 2435 366 nu-

1431 384 1567 406 merus:
1598 373 1763 414 plerasque
1799 383 1904 407 autem
1939 375 1972 406 in
2008 373 2118 411 eadem
2151 375 2435 410 Seetioneeexem-

1430 417 1491 459 plis
1527 416 1759 458 comprobatas
1784 441 1792 455 ,
1835 427 1870 451 ut
1894 425 1932 450 ex
1965 416 2199 452 rheumatismo
2245 418 2434 454 lumborum

1429 458 1512 493 Obs.
1550 470 1601 500 29.
1646 470 1687 493 ex
1732 458 1800 495 sero
1832 462 1866 494 in
1897 461 2092 499 lumbarium
2122 460 2347 496 vertebrarum
2381 469 2435 494 tu·-

1430 503 1475 537 bo
1508 502 1592 535 Obs.
1632 513 1685 546 33:
1720 514 1759 544 ex
1790 503 1902 544 harum
1936 504 2080 539 erofione
2113 504 2196 540 obi.
2227 515 2281 548 35.
2316 507 2349 538 &
2376 513 2435 546 40.-

1431 558 1470 580 ex
1504 546 1622 589 lapillis
1646 568 1656 584 ,
1692 555 1746 578 aut
1770 567 1780 584 2
1823 546 1845 580 sn
1881 549 1981 584 mavis
2006 570 2014 585 ‚
2059 547 2195 583 officulis
2227 550 2262 583 in
2307 547 2434 582 arteriis

1432 589 1633 623 lumbaribus
1665 589 1748 623 Obs.
1780 600 1829 631 31:
1861 602 1900 624 ex
1932 590 2111 624 mesenterii
2144 592 2234 626 vitiis
2264 590 2345 625 Obs.
2382 590 2431 631 38.

1431 632 1566 667 secunda
1591 657 1599 671 ,
1632 643 1685 675 39.
1721 634 1754 665 δε
1783 643 1837 675 4¹·
1876 638 1904 668 §.
1941 643 1967 667 1.
2005 646 2035 668 2.
2069 643 2098 676 ς.
2134 639 2164 667 6.
2200 647 2232 676 9.
2277 638 2308 670 δᾶ
2348 633 2432 669 Obs.

1434 687 1462 710 1.
1496 678 1529 709 in
1570 675 1848 709 Additamentis:
1892 688 1931 709 ex
1962 678 2046 711 uteri
2080 679 2172 712 malis
2205 677 2285 712 Obs.
2318 687 2370 720 41.
2402 681 2433 712 §-

1428 730 1460 762 4³
1493 732 1531 754 ex
1565 717 1687 753 icirrho
1720 719 1864 753 intestini
1899 719 1959 753 Ilei
1991 722 2175 756 exulcerato
2197 721 2279 756 Obs.
2304 732 2357 764 32:
2382 729 2433 755 at-

1430 775 1528 806 que‚·
1559 773 1594 796 ut
1631 763 1691 795 alia
1723 774 1809 796 nunc
1840 764 1994 799 omittam
2017 774 2034 805 ‚·‘
2065 777 2104 799 ex
2136 765 2314 808 pancreatis
2344 774 2432 801 mor-

1430 807 1482 840 bis
1515 806 1599 841 Obs.
1636 815 1686 846 25.
1722 805 1774 849 38.
1807 805 1942 840 secunda
1965 829 1974 845 ‚
2008 811 2040 841 &
2070 819 2127 852 4¹·
2160 814 2187 843 §.
2213 819 2244 851 3.
2284 806 2432 842 adderem

1431 852 1530 884 etiarn
1563 862 1602 884 ex
1633 854 1660 884 §.
1685 859 1718 891 7.
1748 849 1807 883 nifi
1840 852 1949 883 eadem
1981 849 2054 884 esset
2076 874 2089 890 ‚
2121 853 2216 886 ficuti
2247 863 2325 893 quae¹
2344 856 2373 886 §.
2397 853 2431 883 6.

1429 897 1465 927 &
1492 894 1521 928 8.
1558 891 1673 927 eaedem
1707 892 1780 926 sunt
1804 903 1838 927 ac
1871 904 1941 936 quae
1978 895 2076 931 modo
2110 894 2181 929 suut
2203 897 2355 930 indicatae
2377 894 2431 937 38.

1428 941 1464 971 &
1491 949 1543 979 25.
1576 936 1631 970 hic
1665 947 1719 977 per
1749 936 1950 969 oblivionem
1976 940 2118 979 repetitae
2143 963 2151 970 .
2185 939 2299 974 Afficit
2322 946 2430 972 autem

1426 991 1578 1025 pancreas
1609 990 1683 1015 tum
1716 990 1771 1022 per
1804 978 1835 1013 se
1868 980 2027 1014 vertebras
2061 983 2223 1024 proximas
2248 1009 2256 1023 ,
2275 990 2353 1015 tum
2374 981 2431 1014 sae-

1427 1027 1499 1067 pius
1530 1035 1627 1067 qnam
1661 1023 1785 1056 Medici
1811 1023 1917 1066 plures
1940 1027 2123 1064 *opinantur
2145 1048 2157 1065 ,
2190 1035 2226 1059 ut
2259 1025 2340 1059 ree'te
2385 1024 2431 1059 est-

1427 1080 1444 1101 a
1477 1069 1593 1102 Franc.
1631 1066 1748 1110 Sylvio
1773 1070 1793 1106 -(
1824 1077 1844 1099 n
1869 1068 1896 1114 )·
1926 1067 2178 1105 animadversum
2201 1091 2213 1108 ‚
2259 1079 2313 1110 per
2358 1067 2431 1107 suc-

1426 1123 1499 1149 cum
1528 1134 1537 1149 ,
1561 1122 1658 1154 quern
1681 1132 1690 1149 ‚
1716 1110 1810 1144 sicut-i
1833 1112 1862 1143 &
1884 1121 1974 1153 Jecur
1998 1130 2007 1151 9
2031 1120 2110 1146 tunc
2133 1122 2249 1154 praeter
2282 1119 2431 1145 natur-arn

1428 1155 1458 1188 se
1482 1156 1654 1189 habentem
1678 1155 1833 1191 immittit
1857 1155 1890 1186 in
1915 1153 2115 1193 Duodenum
2138 1156 2326 1190 intestinum
2350 1179 2360 1194 ,
2383 1163 2432 1187 at-

1428 1200 1557 1240 tiguum
1581 1223 1589 1236 ,
1614 1207 1835 1239 annexumque
1858 1197 1971 1230 iisdem
1996 1200 2152 1232 vertebris
2176 1223 2185 1237 ‚
2209 1201 2239 1232 &
2265 1199 2332 1232 reni
2353 1198 2433 1232 dex-

1429 1251 1501 1275 tero
1522 1263 1535 1282 ,
1567 1241 1649 1275 unde
1681 1239 1786 1273 sensus
1809 1242 1844 1275 in
1867 1241 2014 1283 pluribus
2036 1244 2117 1277 varii
2134 1265 2152 1281 ,‚
2177 1241 2354 1284 prasertim
2377 1252 2433 1274 ve-

1426 1297 1465 1319 ro
1488 1285 1629 1322 ardentis
1650 1283 1772 1317 doloris
1795 1304 1817 1321 ‚⁴
1838 1284 1966 1317 renibus
1999 1284 2082 1319 haud
2108 1297 2180 1318 raro
2212 1286 2357 1319 innoxiis
2380 1293 2434 1317 at-

1425 1329 1545 1364 tributi
1571 1353 1578 1360 .
1714 1326 1773 1361 Sed
1805 1326 1870 1369 jam
1895 1327 1935 1361 ad-
1957 1338 2045 1362 renes
2077 1328 2162 1370 ipsos
2186 1351 2195 1366 ‚
2229 1331 2260 1362 δι
2283 1328 2428 1371 primum

1423 1373 1555 1414 quidem
1580 1382 1616 1405 ut
1639 1371 1770 1408 calculis
1792 1370 1921 1407 affectos
1945 1392 1954 1407 ‚
1986 1372 2183 1408 redeundum
2206 1372 2250 1405 est
2271 1394 2284 1412 ,
2315 1369 2338 1404 fi
2373 1381 2433 1406 no-

1422 1416 1498 1451 stras
1535 1415 1685 1449 volumus
1708 1414 1821 1448 eodem
1845 1426 1881 1447 ac
1906 1414 2066 1449 Valsal-vae
2091 1414 2353 1458 Observationes
2378 1425 2434 1448 or-

1424 1460 1500 1494 dine
1534 1469 1640 1493 tecum
1665 1484 1673 1499 ‚
1718 1467 1754 1491 ut
1792 1457 1899 1492 sumus
1931 1458 2105 1500 polliciti,
2152 1459 2395 1493 communicare
2419 1470 2430 1489 t

1424 1513 1613 1545 quanquam.
1633 1513 1708 1537 curn
1743 1514 1785 1536 eae
1817 1512 1889 1544 quae
1925 1501 2116 1538 illustriores
2138 1502 2213 1537 sunt
2236 1525 2246 1541 ‚
2282 1501 2321 1536 ad
2353 1501 2432 1537 alias

1423 1547 1585 1588 Epistolas
1607 1547 1704 1581 certis
1726 1545 1764 1579 de
1787 1546 1909 1584 caufis,
1932 1555 1967 1578 ut
1991 1556 2060 1580 tum
2080 1545 2206 1588 ,videbis
2232 1569 2242 1584 ‚
2278 1546 2340 1580 lint
2363 1541 2432 1578 dif-

1422 1589 1558 1624 ferendae
1582 1604 1592 1627 ·,
1627 1590 1679 1623 hic
1704 1600 1803 1623 unam
1827 1589 1995 1624 dumtaxat
2020 1611 2030 1626 ‚
2064 1592 2095 1623 &
2117 1591 2268 1629 quamvis
2289 1589 2432 1631 peculia·

1422 1635 1506 1667 rium
1529 1643 1601 1676 quae
1626 1631 1864 1676 praecesserant,
1891 1632 2053 1673 {ignorum
2076 1632 2211 1667 historia
2235 1642 2400 1667 carentem.
2419 1650 2432 1670 2

1421 1686 1528 1710 tamen
1550 1676 1635 1710 haud
1659 1676 1807 1712 inutilem
1822 1700 1829 1713 ,
1853 1675 2058 1718 subjiciemus
2073 1700 2080 1707 .

1473 1730 1521 1752 12.
1548 1720 1782 1754 MULIVER
1805 1717 1976 1752 decesserat
2010 1717 2275 1754 inlNosocomio
2301 1718 2431 1753 patavia

1425 1773 1469 1796 no
1492 1774 1567 1796 curn
1591 1762 1708 1804 septem
1731 1761 1798 1805 jam
1822 1761 1945 1797 menses,
1965 1769 2101 1796 uterum?
2116 1763 2238 1803 ferret,
2262 1762 2434 1806 A.711708.

1426 1805 1532 1840 mense
1567 1806 1693 1840 Martio
1716 1830 1725 1838 .
1859 1805 2111 1840 VENTER
2155 1813 2323 1848 propterea
2344 1830 2357 1846 ‚
2398 1808 2432 1840 δέ

1426 1860 1534 1883 uterus
1558 1849 1666 1882 statim
1691 1862 1707 1882 a
1739 1858 1844 1883 morte
1865 1846 1957 1883 incifi
1982 1847 2109 1881 fuerant
2134 1873 2144 1889 ,
2181 1848 2342 1890 foetusque
2373 1849 2432 1882 de·-

1427 1893 1546 1926 traetus
1569 1902 1638 1926 tum
1665 1895 1757 1929 vivus
1779 1916 1788 1930 ,
1822 1902 1899 1925 mox
1931 1900 2041 1925 autem
2064 1901 2210 1927 mortuus
2232 1906 2242 1930 ς
2274 1901 2346 1927 cum
2370 1903 2433 1934 ego

1428 1936 1485 1979 qui
1510 1945 1588 1969 tunc
1623 1933 1708 1970 forte
1731 1936 1859 1969 Patavii
1890 1946 1976 1969 eram
1998 1957 2016 1975 ‚
2028 1942 2033 1946 ··
2046 1936 2130 1968 uteri
2164 1937 2337 1970 cervicem,
2357 1939 2432 1978 qnae

1428 1980 1599 2013 etiamtum
1633 1990 1698 2013 erat
1729 1982 1856 2021 integra
1877 2001 1890 2018 ‚
1925 1981 1957 2011 Sc
1997 1988 2118 2015 renes„
2151 1980 2298 2023 quaedam
2336 1991 2433 2013 accu-

1427 2023 1528 2056 ratius
1559 2022 1789 2057 observaturus
1814 2046 1825 2061 ,
1856 2022 1963 2064 accepi
1988 2044 1996 2053 .
2041 2022 2134 2054 Muci
2178 2026 2307 2066 copiam
2345 2025 2432 2057 intra

1427 2076 1500 2099 eam
1534 2068 1691 2099 cervicem
1716 2088 1726 2103 ‚
1757 2069 1787 2098 &
1811 2065 1961 2098 vesiculas
1983 2064 2095 2098 eodem
2120 2063 2217 2099 foetas
2239 2089 2251 2106 ,
2274 2077 2430 2107 numero,

1426 2111 1459 2141 δι
1492 2108 1716 2151 magnitudine
1759 2108 1851 2143 valde
1891 2107 2080 2149 conspicuas
2106 2129 2116 2145 ‚
2155 2112 2186 2144 ὃς
2230 2108 2432 2153 superficiem

1426 2154 1550 2186 uterini
1585 2153 1688 2187 osculi
1721 2152 1918 2187 obducentes
1942 2176 1951 2190 ,
1983 2150 2037 2186 hic
2059 2149 2157 2186 fufius
2181 2162 2357 2188 memorare
2380 2155 2431 2187 ni-

1426 2194 1474 2229 hil
1510 2197 1625 2230 attinet
1649 2221 1658 2230 .
1692 2198 1797 2231 Renes
1818 2206 1895 2229 vero
1927 2194 2012 2241 sunt·
2031 2194 2124 2236 digni
2153 2198 2212 2238 qui
2244 2197 2430 2237 describan-

1426 2247 1480 2274 tur
1504 2262 1512 2270 .
1548 2241 1636 2274 Cum
1672 2241 1758 2273 enim
1791 2237 1913 2274 finister
1948 2249 2052 2279 major
2084 2237 2160 2272 eslet
2180 2262 2193 2280 ,
2227 2251 2325 2282 quam
2360 2251 2432 2275 cot-

1423 2283 1510 2325 poris
1546 2283 1739 2326 magnitudo
1769 2283 1946 2325 requireret
1971 2307 1980 2321 ‚
2013 2281 2149 2323 suosque
2180 2281 2355 2320 ostenderet
2378 2296 2433 2317 ca-

1423 2326 1580 2360 naliculos
1613 2329 1716 2369 magis
1739 2337 1837 2368 quam
1870 2326 1992 2358 soleant
2007 2347 2014 2359 .
2037 2324 2175 2365 crassos,
2197 2337 2300 2370 eoque
2323 2329 2433 2361 omni..

1428 2369 1487 2403 bus
1521 2372 1579 2412 qui
1613 2369 1698 2404 forte
1731 2368 1861 2403 aderant
1886 2391 1900 2408 ‚
1933 2369 2074 2403 maxime
2108 2377 2284 2413 patentes;
2316 2382 2430 2406 contra

1426 2413 1540 2447 dexter
1573 2423 1665 2447 tanto
1701 2423 1766 2447 erat
1807 2414 1916 2446 minor
1937 2434 1951 2452 ,
1995 2421 2030 2445 ut
2075 2413 2159 2447 renis
2195 2415 2433 2449 Succenturiati

1424 2457 1687 2498 magnitudinem
1710 2479 1723 2497 ‚
1754 2455 2056 2497 crassitudinemque
2079 2466 2143 2489 non
2169 2457 2328 2499 superaret
2354 2481 2362 2495 ,
2394 2469 2430 2491 e-

1424 2498 1536 2542 jusque
1560 2501 1714 2542 parvitati
1736 2508 1841 2534 ureter
1864 2520 1873 2535 ‚
1908 2500 1939 2531 &
1964 2497 2035 2531 vasa
2059 2499 2265 2542 Emulgentia
2301 2501 2431 2544 respon-

1426 2543 1543 2576 debant
1568 2567 1576 2574 .
1601 2544 1645 2577 Et
1670 2554 1708 2577 ne
1733 2543 1773 2577 fic
1798 2541 1889 2576 fuisse
1913 2553 1928 2574 a
1953 2541 2163 2583 primordiis,
2187 2544 2349 2583 crederes,
2373 2556 2431 2579 co-

1425 2586 1492 2620 lore
1515 2596 1580 2621 erat
1604 2587 1662 2630 qui
1686 2586 1872 2620 morbidum
1896 2582 2088 2627 fignificaret
2113 2607 2122 2621 ‚
2145 2588 2177 2619 &
2200 2588 2331 2623 tubulos
2355 2590 2431 2631 qui-

1425 2631 1499 2664 dem
1534 2629 1638 2665 adhuc
1676 2628 1814 2663 habebat
1848 2629 1906 2671 qui
1939 2628 2073 2671 papillas
2106 2632 2252 2672 excipere
2288 2634 2392 2666 solent
2419 2656 2429 2671 ,

1428 2673 1478 2708 sed
1511 2674 1695 2708 contrastos
1719 2695 1728 2710 ‚
1772 2671 1980 2707 substantiam
2014 2681 2123 2705 autem
2156 2674 2313 2717 reliquam
2350 2686 2431 2719 pene

1426 2717 1465 2751 ad
1498 2717 1638 2751 nihilum
1670 2716 1864 2753 reda&am;
1908 2725 1943 2748 ut
1984 2714 2005 2749 fi
2047 2715 2207 2751 calculum
2235 2741 2248 2758 ,
2295 2721 2430 2752 minime

1426 2761 1595 2795 rubentem
1617 2783 1630 2800 ,
1661 2761 1858 2803 minimeque
1891 2768 2039 2792 croceum
2065 2784 2074 2798 ,
2111 2762 2179 2793 reni
2204 2761 2338 2796 insitum
2362 2785 2373 2802 ,
2398 2765 2432 2794 &

1426 2805 1617 2839 calculosam
1639 2804 1716 2839 hinc
1738 2804 1812 2837 inde
1844 2804 2010 2836 materiam
2043 2802 2183 2838 demeres
2205 2829 2214 2846 ‚
2251 2808 2307 2841 vix
2340 2804 2430 2840 aliud

1427 2847 1616 2889 superesset.

1473 2903 1523 2933 ¹3-
1545 2891 1645 2933 Qod
1668 2891 1736 2933 dixi
1761 2913 1770 2929 2
1803 2890 1885 2925 hanc
1908 2888 2182 2925 Observationem
2204 2892 2290 2927 haud
2325 2895 2430 2929 inuti-

1428 2935 1493 2969 lem
1517 2935 1586 2969 fore
1609 2959 1622 2975 ‚
1653 2934 1702 2969 fic'
1718 2935 1852 2978 accipias
1874 2934 1971 2967 velim
1996 2956 2005 2970 ‚
2040 2934 2127 2977 quod
2151 2937 2351 2972 occasionem
2373 2938 2429 2972 det

1427 2980 1523 3013 nobis
1546 2979 1636 3021 plura
1662 2977 1864 3012 examinandi
1888 2998 1897 3013 ‚
1920 2989 1990 3019 quae
2012 2976 2052 3010 de
2075 2989 2185 3012 renum
2208 2982 2338 3015 calculis
2362 3005 2371 3020 ‚
2397 2985 2430 3015 δε

1428 3023 1522 3057 vitiis
1556 3032 1684 3065 agentes
1705 3022 1835 3056 Medici
1866 3021 2028 3055 tradidere
2052 3043 2061 3058 ‚
2096 3025 2185 3057 velut
2222 3037 2259 3058 ex
2282 3025 2337 3059 ista
2360 3025 2430 3069 ipsa

1429 3076 1559 3109 apparet
1584 3066 1782 3108 Sepulchreti
1808 3064 1953 3098 Seetione
1976 3066 2085 3099 XXII.
2220 3070 2264 3101 Et
2287 3072 2431 3112 primum

1429 3111 1504 3144 licet
1527 3111 1664 3143 Coitero
1687 3112 1749 3149 (o)
1774 3108 1950 3147 acciderit,
1972 3117 2008 3141 ut
2031 3108 2176 3146 dextrum
2200 3122 2301 3145 renem
2327 3114 2430 3152 magis

1428 3161 1519 3196 atque
1537 3152 1693 3195 fimfirum
1716 3150 1939 3187 exulcerationi
1961 3151 2123 3185 obnoxium
2147 3156 2309 3190 inveniret
2335 3178 2345 3194 ,
2368 3153 2431 3190 fic-

1427 3209 1490 3240 que
1523 3198 1621 3230 etiam
1655 3196 1754 3230 fuerit
1787 3195 1820 3227 in
1865 3194 1970 3228 nostra
2003 3197 2171 3236 muliere3
2215 3208 2322 3232 tannen
2344 3222 2356 3240 ‚
2406 3199 2430 3233 si

1427 3249 1533 3273 totam
1563 3239 1646 3273 hanc
1681 3248 1841 3282 percurras
1872 3239 2051 3272 §cerionem
2077 3264 2088 3281 ‚
2119 3252 2157 3274 ex
2192 3243 2322 3278 renibus
2345 3254 2430 3286 quo-

1428 3295 1499 3319 rum
1534 3283 1706 3317 substantia
1740 3281 1918 3316 exulcerata
1942 3305 1951 3320 ‚
1988 3292 2043 3315 aut
2091 3285 2257 3327 absumpta
2292 3286 2395 3320 fuerat
2420 3309 2430 3323 ‚

1429 3328 1525 3370 longe
1581 3327 1685 3369 plures
1728 3323 1819 3359 fuisse
1876 3328 2052 3367 comperies
2105 3328 2242 3362 sinistros
2276 3354 2288 3370 ‚
2332 3338 2429 3370 qnam

1425 3371 1575 3404 dexteros
1600 3384 1607 3402 :
1636 3374 1684 3403 ’δε
1737 3370 1808 3404 sane
1852 3368 1874 3403 fi
1928 3368 2127 3411 frequentior
2173 3384 2286 3407 renum
2339 3374 2430 3406 eml-

1430 3414 1604 3447 cerationis
1647 3413 1739 3448 causa
1783 3413 1817 3446 in
1863 3412 1995 3446 calculis
2038 3414 2209 3457 quaerenda
2255 3417 2297 3450 est
2339 3430 2348 3452 2
2395 3414 2429 3459 hi

1431 3457 1505 3492 sunt
1527 3480 1541 3499 ,
1572 3458 1787 3492 confirmante
1820 3456 2025 3492 Boerhaavio
2062 3463 2187 3502 (p),
2230 3463 2362 3494 rariores
2394 3469 2430 3492 in

1778 3512 1780 3514 '
2310 3511 2386 3536 dex-

2180 3597 2428 3611 W,

1652 3664 1665 3697 ζ
1682 3665 1692 3688 i
1707 3664 1929 3701 >Miglioramen-ti
1948 3666 2061 3700 d’altune
2077 3665 2197 3692 Offertraz.
2213 3668 2250 3693 del
2269 3668 2328 3693 Redi
2346 3677 2371 3695 n·
2389 3676 2428 3701 13:

1544 3695 1553 3722 ί
1571 3703 1588 3718 n
1603 3694 1617 3723 )
1633 3694 1688 3719 vvd.
1706 3702 1816 3719 extrema
1832 3696 1931 3720 Scbona
1946 3697 1975 3724 ad
1992 3702 2035 3721 eit.
2052 3697 2112 3721 Ob».
2130 3700 2168 3728 38.
2187 3706 2309 3729 primam.
