2498 4075
366 174 523 242 Epist.
563 176 723 228 Anat.
759 178 972 232 Medica
1007 181 1262 233 XXXVII.
1299 178 1417 231 Art.
1464 198 1535 245 50.
1568 185 1624 237 δε
1662 198 1735 243 51.

90 263 192 294 xant,
215 253 408 289 commendo
431 257 564 295 omnia,
587 256 632 288 ita
656 267 727 299 quae
751 256 880 290 irritant
895 279 903 294 ,
927 255 1097 290 vehemen-

91 311 141 335 ter
166 298 307 341 suspecta
332 298 433 332 habeo
457 324 465 331 .
502 301 746 333 Detrimentum
781 303 868 334 enirn
898 304 988 342 quod
1013 300 1096 333 infe-

91 354 190 384 runt,
212 345 325 378 duetus
349 343 387 376 ad
409 343 659 378 coarffilationern
684 343 863 385 adigendo,
888 355 1008 377 certum
1032 343 1094 381 est3

89 388 213 423 utilitas
236 398 342 421 autem
366 398 461 429 quam
485 386 523 419 ab
546 385 759 428 impulsione,
781 389 811 419 ἃ
826 387 1005 420 extrusione
1029 389 1093 419 cal-

91 432 159 466 culi
183 431 285 474 plures
308 431 495 472 expeetann
518 431 658 463 incerta.
683 431 729 462 At
752 431 837 463 enim
852 431 1016 472 exempla,
1042 432 1092 462 in-

88 476 186 518 quis,
208 475 405 508 calculorum
429 472 721 513 circumferuntur,
746 485 826 515 quos
850 475 954 508 valida
973 474 1091 516 pellen-

88 521 136 552 tia
159 540 169 555 ‚
202 527 254 551 aut
280 518 415 551 sortiora
439 517 573 550 emetica
599 541 609 557 ‚
633 518 662 548 δέ
687 518 858 559 purgantia
882 517 1057 551 eduxerunt
1081 541 1088 548 .

87 563 203 595 Fateor
227 588 235 595 .
270 560 327 594 Sed
352 560 477 594 felice-m
501 560 586 593 casus
609 561 822 593 temeritatem
845 564 917 603 quis
941 560 1090 594 consulto

85 606 212 641 imitari
236 605 346 639 audeat
369 604 423 646 qui
448 614 511 635 non
537 604 614 636 sciat
648 607 657 640 (
681 603 752 645 quis
777 614 880 637 autem
917 616 975 646 pro
998 613 1090 637 certo

85 649 188 683 sciat?
214 652 223 687 )
249 649 316 681 vias
340 647 412 679 satis
436 646 499 688 jam
523 645 580 679 esse
604 646 722 679 laxatas
739 671 746 685 ‚
768 656 803 679 ut
828 646 907 679 nihil
934 646 989 680 nisi
1015 646 1088 680 ulti·-

86 704 138 726 ma
161 691 313 734 impulsio
337 711 347 726 ,
379 693 409 723 &
433 691 568 731 agitatio
591 689 784 723 desideretur
808 703 817 726 3
843 702 906 722 non
934 702 1007 723 vero
1032 690 1088 736 ad-

85 735 150 770 huc
174 747 241 769 rem
262 743 372 768 contra
397 730 427 764 se
450 733 564 766 habere
579 756 587 770 ‚
615 735 645 765 &
670 734 702 765 in
725 745 773 765 eas
798 735 953 775 angustias
976 744 1085 774 conje-

85 780 176 814 ctum
198 786 397 821 praepropere
421 777 459 809 iri
482 777 641 810 calculum
667 801 675 815 ‚
700 776 781 809 unde
805 778 850 809 nil
876 776 967 819 poffit
992 788 1087 818 expe-

83 823 180 863 dire,
200 834 265 864 quo
288 821 387 861 magis
412 823 441 852 &
465 822 625 853 cruciatus
647 819 804 858 crescant,
828 821 1006 861 &pericula
1031 832 1088 853 au-

83 877 239 909 geantur.
265 866 307 897 Et
330 864 403 896 sane
427 863 521 897 video
544 862 778 897 Hoffmannum
802 867 812 902 (
836 864 884 905 r)
906 863 1088 903 docentem,

84 912 218 943 emetica
237 908 315 949 ssepe
338 906 517 948 deprehendi
533 907 653 949 firmine
675 905 865 948 perniciosa,
890 931 897 939 .
979 906 1008 947 fi
1031 908 1086 939 du-

83 952 150 985 Hui
170 951 278 992 cysiico
300 948 494 991 inhaeresccns
516 949 652 983 calculus
669 950 831 991 graviores
852 950 935 983 circa
954 960 1085 991 praecor-

81 996 134 1027 dia
155 993 247 1038 efficit
269 994 463 1030 anxietates,-
492 992 1083 1035 Reverhoritium(s*)autem‚quern-

82 1049 209 1080 cunque
231 1038 364 1070 ductum
387 1036 528 1070 calculus
552 1037 696 1069 obstruat
720 1059 729 1074 ,
764 1037 941 1069 vomitoria
973 1046 1082 1077 anceps

80 1079 136 1124 effe
158 1080 285 1114 remedii
304 1090 422 1122 genus,
446 1079 577 1113 libenter
590 1076 753 1121 fatentem
765 1078 996 1126 ,Scheffelium
1019 1079 1081 1121 (t)

79 1125 219 1166 denique
241 1135 255 1164 ,-
286 1133 322 1156 ut
347 1124 426 1156 alios
450 1123 616 1155 brevitatis
640 1122 743 1156 studio
767 1124 867 1155 sciens
889 1123 1042 1156 omittam
1068 1134 1078 1160 3

78 1168 175 1212 quod‘
194 1167 230 1200 ad
256 1168 425 1209 purgantia
450 1166 585 1199 remedia
609 1167 725 1199 attinet
748 1189 761 1206 ,
793 1165 910 1199 diserte
942 1166 1081 1200 scriben-

79 1222 169 1246 tem:
192 1209 303 1243 nollem
325 1210 358 1242 id
374 1208 474 1251 facile
497 1210 638 1246 imitari,
662 1218 821 1247 metuens,
845 1220 881 1243 ne
898 1208 994 1250 fimul
1015 1209 1080 1243 cal-

78 1254 144 1289 culi
160 1252 205 1296 fic
228 1251 386 1291 constituti
397 1275 409 1292 ,
433 1260 470 1285 ut
492 1253 604 1294 expelli
628 1263 686 1285 non
705 1251 838 1296 possint,
862 1261 1047 1286 moveantur
1069 1276 1078 1291 ,

71 1298 174 1341 ficqne
197 1295 316 1330 dolores
339 1295 555 1337 exasperentur
579 1317 588 1333 ‚
619 1307 700 1342 quos
735 1297 783 1328 vel
808 1297 853 1329 ira
877 1296 1077 1337 dumtaxat,

76 1340 169 1376 ficuti
194 1341 350 1372 continuo
374 1339 533 1377 ostendit,
557 1341 590 1372 in
614 1340 771 1381 ejusmodi
795 1340 909 1381 aegris‚
932 1350 995 1373 non
1009 1352 1077 1374 mo-

74 1385 119 1419 do
143 1384 353 1426 purgantium
380 1383 548 1419 stimulus,
571 1382 665 1417 facile
688 1384 831 1417 concitat
848 1408 855 1415 .

122 1437 172 1469 50.
197 1426 361 1468 intelligis
382 1449 390 1463 ,
416 1425 520 1468 ipsum
541 1426 580 1460 de
604 1428 813 1470 purgantibus
838 1427 1081 1461 medicamentis

78 1472 178 1505 etiam
203 1480 273 1502 tum
297 1470 410 1512 loqui,
436 1481 509 1504 cum
533 1471 684 1510 dolores,
708 1471 808 1512 ejeeto
833 1471 956 1504 calculo
972 1495 980 1507 ,
1006 1483 1085 1504 con-

73 1516 287 1558 quieverunt:
311 1525 381 1556 quae
406 1525 476 1554 pars
501 1515 596 1548 altera
621 1513 664 1547 est
690 1516 904 1548 Curatioais.
929 1515 989 1546 Vel
1005 1526 1082 1548 tunc

73 1560 178 1600 igitur
201 1558 245 1591 ob
269 1568 317 1591 eas
340 1568 411 1598 quae
436 1557 706 1594 modo,indicatae
725 1559 821 1599 sunt,
843 1557 960 1595 causas,
978 1571 991 1590 a
1006 1570 1080 1600 pur-

72 1601 224 1644 gantibus
248 1601 453 1637 abstinerem,
479 1604 508 1634 &
533 1601 710 1634 lenioribus
735 1604 843 1642 potius
867 1600 1015 1637 remediis
1031 1605 1080 1634 iu-

76 1645 187 1678 testina
212 1644 448 1685 abstergerem,
472 1656 508 1677 ne
532 1644 616 1677 forte
640 1644 759 1686 ejeetus
783 1646 816 1677 in
839 1645 904 1687 ipsa
935 1646 1079 1678 calculus

73 1689 179 1730 aliqua
203 1689 237 1720 in
261 1698 372 1720 eorum
399 1686 468 1720 sede
494 1687 678 1725 subsistens,
701 1699 735 1719 ea
760 1689 957 1722 incrementa
988 1701 1080 1731 cape-

71 1742 119 1767 ret
143 1743 216 1773 quae
239 1741 325 1771 aegro
348 1730 444 1763 essent
469 1732 643 1774 aliquando
668 1733 836 1766 nocitura.
862 1734 948 1765 Cave
961 1743 1078 1769 autem,

72 1787 111 1809 ne
137 1787 185 1808 me
210 1784 379 1817 propterea
405 1776 606 1809 timidiorem
628 1786 744 1815 voces,
768 1786 824 1809 aut
849 1775 870 1808 si
897 1775 980 1809 forte
1007 1778 1054 1809 vis
1071 1799 1080 1813 ,

70 1821 293 1860 etiarnzvroca5
318 1819 350 1851 id
371 1820 457 1851 enim
483 1820 586 1852 minus
611 1830 721 1852 vereor
736 1842 745 1856 ‚
768 1830 864 1861 quam
890 1818 910 1852 si
927 1820 1080 1853 audacio-

69 1861 291 1900 rcm'vocares
314 1863 345 1901 in
370 1874 408 1894 eo
433 1861 584 1901 videlicet
611 1863 717 1896 morbi
742 1874 856 1904 genere
879 1865 910 1895 in
935 1875 1001 1905 quo
1028 1865 1077 1897 sti-⁴

68 1918 125 1949 pra
152 1908 165 1943 (
190 1917 208 1938 u
233 1909 245 1945 >
268 1905 426 1938 ostensum
451 1904 494 1939 est
519 1928 527 1944 ‚
560 1905 797 1948 quiescentibus
829 1907 960 1940 calculis
995 1908 1076 1940 nihil

68 1950 284 1991 saepenumero
309 1949 456 1982 molestiae
473 1949 613 1990 percipi.
638 1951 849 1992 Qapropter
864 1952 895 1982 in
921 1951 979 1983 hac
992 1963 1074 1993 quo-

68 2005 133 2036 que
160 1993 259 2026 altera
280 1993 591 2036 'Curationisparte
612 1995 682 2026 noli
707 1995 839 2029 mirari,
864 1993 951 2035 quod
979 1994 1073 2027 miffis

66 2037 283 2078 pellentibus,
310 2036 341 2069 id
367 2036 470 2069 solum
493 2036 676 2070 faciendum
702 2036 920 2081 proposuerim
944 2063 951 2077 ,
986 2048 1019 2070 ut
1053 2037 1073 2069 si

68 2082 141 2121 quis
166 2080 250 2113 forte
273 2079 366 2112 restet
389 2080 550 2121 calculus,
573 2079 785 2121 dissolvatur,
809 2080 988 2114 dummodo
1013 2080 1076 2114 hoc

65 2122 161 2165 poffit
186 2123 256 2156 sieri
272 2146 279 2155 .
304 2122 419 2165 Neque
443 2125 528 2156 enim
554 2136 603 2157 me
627 2123 714 2166 fugit
738 2136 834 2166 quam
859 2136 970 2166 parum
997 2124 1075 2165 spei,

66 2169 98 2200 &
121 2165 386 2208 promiffionibus
410 2166 599 2208 respondere
637 2168 759 2201 soleant
791 2179 862 2209 quae
886 2167 923 2200 ad
948 2167 980 2200 id
1004 2168 1076 2200 lau-

64 2208 206 2248 dantur,
232 2209 295 2241 five
320 2211 454 2243 innoxia
479 2209 541 2244 sint
563 2225 573 2249 ·,
607 2222 678 2253 quae
705 2211 840 2243 libenter
862 2212 1036 2252 acciperem
1063 2232 1072 2246 ‚

65 2254 118 2286 seu
143 2254 243 2286 nimis
269 2254 353 2286 acria
380 2275 389 2291 ‚
420 2262 476 2286 aut
510 2265 718 2296 quocumque
751 2254 850 2287 modo
882 2255 1072 2291 irritantia3

64 2308 137 2340 quae
161 2298 319 2339 vitarem.
342 2296 417 2329 Nec
443 2297 523 2330 illud
549 2299 670 2331 mirum
694 2308 704 2335 3
737 2297 867 2339 quando
898 2297 944 2330 vel
981 2308 1072 2331 extra

64 2340 170 2382 ipsum
195 2350 312 2383 corpus
335 2338 392 2373 diu
416 2338 556 2374 servatos
578 2342 611 2374 in
634 2342 673 2374 iis
695 2341 893 2373 humoribus·
908 2342 1071 2378 calculos,

63 2382 336 2426 quibusdi'ss'olvi
359 2384 447 2416 intra
469 2395 584 2427 corpus
607 2384 802 2421 creduntur,
829 2385 962 2418 minime
985 2383 1073 2417 solu-

63 2435 117 2460 tos
139 2427 377 2469 conspicimus,
400 2425 458 2460 nisi
473 2439 521 2472 ,ex
546 2427 750 2462 mollioribus
773 2426 858 2460 forte
881 2428 967 2465 sint,
990 2439 1073 2469 qua-

63 2470 111 2503 les
135 2469 323 2503 Borrichius
347 2469 438 2514 (yx)
461 2469 558 2504 ‘vidit
593 2472 625 2504 in
648 2481 728 2511 aqua
761 2469 862 2505 calida
887 2481 963 2513 pene
986 2478 1072 2504 totos

63 2512 301 2556 colliquesccre,
326 2515 358 2545 &
382 2513 450 2555 post
473 2514 567 2548 illurn
591 2513 812 2548 Hoffmannus
839 2515 925 2557 (ty),
946 2513 1070 2556 nosque

64 2557 173 2596 etiarn
190 2559 224 2590 in
248 2566 313 2590 non
336 2557 458 2594 calida,
481 2558 589 2593 ductis
614 2556 730 2597 fissuris
752 2581 765 2598 ,
799 2567 837 2590 ut
871 2558 910 2591 ad
932 2556 1072 2591 Schroe-

60 2598 172 2639 ckium
196 2599 375 2643 scripsimus
399 2602 458 2643 (z
481 2605 512 2640 )‚
535 2603 569 2634 in
594 2600 777 2644 fragmenta
801 2601 908 2641 abire.
932 2601 1070 2642 Qin&

60 2654 117 2686 per
140 2644 171 2680 se
191 2644 355 2679 interdum
381 2645 414 2677 in
439 2644 575 2686 frustula
600 2645 716 2680 abeunt
739 2644 891 2688 quidem,
915 2654 950 2678 ut
974 2647 1009 2677 in
1021 2647 1071 2678 ni-

61 2688 128 2729 gris
151 2688 319 2721 nonnullis
339 2687 626 2722 animadvertimus
648 2701 661 2729 ,·
695 2698 749 2722 aut
774 2689 872 2721 etiam
895 2688 927 2720 in
954 2688 1070 2721 humo-

63 2741 131 2765 rem
155 2752 165 2767 ‚
198 2740 233 2765 ut
256 2742 353 2774 quem
389 2733 564 2769 Lanzonus
587 2734 600 2771 (
622 2744 639 2765 a
663 2736 677 2773 )
698 2732 731 2766 in
763 2732 896 2765 viridem
919 2731 1069 2773 liquorem

56 2772 168 2816 sponte
189 2772 245 2817 ‘effe
268 2771 468 2817 dissolutum,
492 2775 660 2809 adnotavit
685 2800 692 2808 .
717 2776 807 2808 Nam
829 2774 887 2808 etsi
910 2784 945 2807 ut
972 2775 1069 2808 istum

61 2816 225 2850 calculum
247 2817 409 2859 designet,
433 2827 535 2852 totum
551 2817 682 2859 succum
712 2818 846 2860 felleum
863 2816 996 2859 fizxemn
1021 2828 1069 2850 re-

58 2858 169 2904 periffe
194 2859 245 2898 se,
268 2860 372 2901 dicit;
396 2871 450 2896 aut
468 2862 559 2905 saxei
582 2863 740 2896 vocabulo
766 2888 775 2902 ‚
808 2871 844 2894 ut
878 2861 1067 2893 conversum

59 2905 96 2936 in
119 2903 279 2942 calculum
302 2905 446 2946 diceret,
469 2905 583 2939 abusus
607 2905 675 2944 est,
700 2904 865 2939 autcrusta
883 2915 1004 2946 magna
1028 2916 1069 2936 ex

60 2956 153 2990 parte
178 2946 270 2985 saxea
292 2947 358 2986 visa
382 2946 425 2981 est
447 2972 461 2988 ,
485 2961 559 2982 cum
583 2948 755 2982 substantia
779 2948 917 2981 interior
942 2947 1066 2981 mollis-

60 2990 139 3026 sima
162 2990 408 3025 effet.‘Contra
435 2994 538 3034 potest
560 2991 708 3034 junstura
731 2990 790 3025 esse
814 2992 966 3029 mollior3
992 2991 1067 3024 sub-

59 3033 175 3067 stantia
198 3044 306 3074 autem
329 3034 419 3068 valde
442 3037 627 3077 commeta.
652 3036 702 3069 Sic
728 3036 891 3068 Platnerus
913 3033 978 3076 (b)
1002 3035 1067 3068 cal-

62 3078 129 3111 culi
152 3079 210 3120 qui
234 3088 350 3120 parum
369 3076 486 3121 pressus
500 3101 509 3117 ‚
532 3090 605 3112 mox
628 3078 765 3122 dilapsus
787 3077 825 3117 est
848 3100 857 3115 ,
883 3072 1065 3121 fragmenta

60 3121 147 3154 vidit
170 3131 224 3155 nec
246 3121 368 3159 calicia,
394 3131 446 3153 nec
463 3123 532 3155 vini
547 3121 691 3164 spiritu,
713 3122 858 3165 quamvis
880 3122 943 3155 loco
964 3123 1064 3156 calido

57 3172 116 3209 per
134 3163 244 3205 plures
266 3164 332 3198 dies
353 3175 387 3197 ea
410 3171 628 3207 contegerent,
649 3164 735 3207 solvi
751 3163 882 3209 potuisse
908 3191 915 3198 .
941 3167 990 3198 Sic
1014 3176 1063 3199 et-

59 3211 125 3240 iam
149 3207 311 3243 Bezoldus
333 3212 347 3248 (
370 3206 421 3249 c)
445 3218 518 3241 cum
541 3206 672 3242 frustula
697 3220 767 3242 tum
800 3212 832 3241 in
866 3209 922 3241 illa
945 3232 956 3248 ,
989 3219 1061 3243 tum

59 3252 95 3283 in
120 3251 188 3284 vini
212 3251 327 3286 siritu
351 3253 449 3284 etiam
472 3249 638 3293 rebiificato
657 3263 714 3295 per
737 3259 858 3294 tempus
870 3252 1067 3295 reliquisset,

55 3293 150 3336 plane
171 3262 315 3338 diffpoluta
338 3293 452 3332 fuisse,
477 3304 541 3330 non
564 3296 666 3330 vidit.
692 3295 764 3329 Nec
788 3296 871 3329 vidit
892 3295 1068 3330 Hoffman-

62 3348 123 3371 nus
147 3342 161 3378 (
183 3341 203 3372 d
222 3341 237 3378 )
259 3350 313 3378 eos
336 3339 468 3381 quidem
493 3338 610 3380 lapides
632 3338 759 3381 cysticos
782 3362 795 3379 ,
829 3339 886 3381 qui
905 3339 1065 3381 solidioris

58 3378 192 3423 fuerant
213 3389 367 3420 texturae,
390 3384 433 3416 (θ’
450 3380 656 3423 saturatioris
677 3381 789 3415 coloris
813 3407 820 3414 .
853 3382 1065 3417 Vallisnerius

172 3624 181 3655 )
196 3630 219 3648 c.
236 3630 275 3648 n.
293 3623 359 3653 supra
374 3623 403 3649 ad
418 3631 443 3648 n.
458 3632 499 3655 4⁴-
516 3625 559 3651 eit.
575 3625 602 3649 in
619 3623 713 3649 Cautel.
732 3626 754 3655 §.
773 3633 796 3650 1.

178 3656 190 3711 >j
205 3657 367 3713 ‘ipsis—'350-
383 3686 453 3710 Cent.
471 3694 494 3716 3.
511 3687 569 3711 ΟΜ.
587 3690 627 3711 62.

175 3715 189 3744 )
205 3714 280 3748 Epist.
303 3714 373 3745 supra
389 3716 418 3740 ad
434 3724 461 3741 n.
479 3724 517 3746 13.
535 3718 582 3742 eit.

189 3747 197 3774 )
218 3745 313 3770 Differ-t.
330 3746 399 3775 supra
416 3747 445 3772 ad
461 3755 486 3772 n.
504 3755 540 3777 13.
557 3750 602 3773 cit.
621 3746 644 3776 §.
664 3755 703 3775 31-

118 3624 135 3746 Ξ

122 3748 138 3806 ς(
179 3774 193 3804 )
211 3774 232 3805 §.
247 3776 293 3800 cit.
309 3776 377 3806 supra
394 3778 424 3802 ad
441 3785 467 3802 n.
483 3782 522 3808 46.
584 3779 598 3809 (
614 3787 626 3801 o
645 3779 655 3808 )
672 3785 694 3802 n.
714 3785 751 3806 19.

143 3632 155 3649 r

146 3663 164 3679 οι

149 3693 165 3709 a

148 3724 160 3739 θ

153 3744 170 3769 k

149 3784 165 3799 n

858 3625 928 3658 (s)
944 3624 1040 3651 nissen-t,
1058 3626 1127 3656 supra
1143 3629 1173 3652 ad
1192 3636 1216 3652 n.
1236 3629 1273 3650 16.
1291 3629 1333 3651 cit.
1352 3626 1376 3656 §.
1392 3630 1431 3651 65.

400 3655 416 3683 (
429 3663 444 3679 x
461 3658 474 3684 )
490 3657 552 3686 apud
569 3656 704 3681 Bartholin.
723 3658 796 3680 Cent.
816 3666 838 3687 3.
856 3659 932 3687 Epist.
951 3657 1020 3680 Med.
1037 3659 1075 3687 83.

690 3687 705 3715 (
720 3687 734 3711 b
749 3687 763 3716 )
782 3689 864 3718 Progr.
884 3689 952 3718 supra
968 3687 996 3710 ad
1014 3696 1038 3712 n.
1056 3695 1092 3721 ¹⁴7·
1110 3694 1154 3714 cit.

641 3717 649 3745 (
663 3715 681 3746 f
692 3717 706 3746 )
720 3723 779 3742 nota
795 3726 806 3742 r
822 3720 888 3749 supra
905 3721 935 3744 ad
951 3725 976 3740 n·
994 3725 1031 3748 ²5-
1048 3724 1091 3742 cit.

764 3750 778 3774 (
794 3749 803 3773 Ι
817 3751 831 3779 )
851 3753 923 3775 Anat.
940 3750 1027 3776 Hepat.
1043 3756 1063 3772 c.
1079 3758 1102 3778 7.

813 3784 819 3809 (
837 3786 854 3811 p
872 3784 879 3812 )
899 3781 952 3806 vid.
970 3779 1051 3808 supra,
1069 3787 1092 3803 n.
1113 3786 1154 3804 12„

2007 204 2065 252 95

1146 261 1162 297 (
1182 268 1197 291 e
1218 260 1232 295 )
1254 267 1367 291 contra
1394 259 1483 293 nullo
1506 261 1641 295 humore
1665 263 1777 297 melius
1800 263 1928 298 dissolvi
1951 287 1962 303 ,
1993 275 2141 308 expertus

1146 302 1188 335 est
1205 326 1213 340 ,
1236 302 1515 349 quanicalefaetis
1539 305 1705 346 spiritibus
1730 308 1796 340 vini
1822 306 2020 346 testificato,
2046 312 2141 344 &re-

1147 344 1219 377 finae
1244 343 1470 378 terebinthinae
1495 372 1502 379 .
1537 349 1582 380 Et
1603 348 1642 382 de
1665 350 1732 383 vini
1765 352 1895 392 quidem
1923 350 2038 392 spiritu
2061 364 2139 385 con-

1144 387 1334 435 sentientem
1369 388 1480 437 habuit
1504 392 1687 425 Auctorem
1719 406 1815 435 quem
1848 393 1956 428 laudat
1990 395 2139 428 Hallerus

1142 430 1191 473 (J
1212 435 1244 470 );
1268 432 1306 463 de
1332 430 1446 472 spiritu
1471 443 1575 466 autem
1601 436 1701 468 altero
1724 436 1936 470 dissentientes
1961 438 2040 471 alios
2062 460 2073 476 ‚
2108 441 2140 471 ἅτ

1140 475 1174 505 in
1201 474 1249 524 his
1274 475 1462 507 Tacconum
1488 479 1543 519 (g
1563 481 1597 517 )‚
1622 480 1678 521 qui
1701 479 1740 513 de
1764 489 1903 523 utroque
1927 481 2043 524 spiritu
2068 480 2137 523 pla-

1141 529 1180 551 ne
1203 516 1381 559 discrepat„
1405 518 1514 557 Idem;
1539 531 1577 553 ne
1600 524 1718 556 nimius
1744 524 1823 563 sim,
1844 535 1917 557 cum
1941 523 2032 566 pollis
2056 523 2138 564 apud

1140 571 1192 593 eos
1215 572 1296 602 quos
1321 562 1512 603 nominavi,
1536 566 1566 596 δε
1590 565 1669 597 alios
1691 577 1821 609 quoque
1845 589 1854 603 ‚
1880 566 1969 604 haec,
1992 569 2026 600 in
2050 567 2136 600 aliis-

1139 615 1200 644 que
1227 604 1416 637 humoribus
1440 604 1525 639 fasta
1551 609 1691 648 pericula
1716 621 1769 651 per
1792 619 1823 642 te
1847 610 1951 644 videre
1973 622 1986 650 ,·
2015 609 2101 643 idem
2128 632 2137 647 ‚

1140 648 1273 689 inquam
1290 669 1299 684 ‚
1322 660 1397 681 cum
1420 659 1459 680 ex
1483 650 1523 682 iis
1544 651 1584 683 de
1607 652 1725 692 quibus
1747 653 1887 696 primum
1914 654 2037 686 locutus
2061 654 2104 686 est
2129 678 2138 692 ‚

1138 691 1269 724 calculis
1293 702 1393 724 unum
1416 703 1510 733 quem
1534 693 1567 725 in
1592 694 1741 736 spiritum
1765 697 1843 729 nitri
1870 695 2023 737 injecerat
2051 721 2059 734 ‚
2091 704 2137 731 te-

1137 735 1308 767 nerrimum
1332 735 1448 768 viderit
1479 734 1632 780 evafiffe3
1665 750 1719 770 eos
1752 739 1790 771 de
1823 740 1940 781 quibus
1971 739 2138 773 novissime

1139 777 1233 809 verba
1258 776 1336 811 facit
1358 802 1367 816 ,
1401 780 1442 811 ab
1465 791 1502 811 eo
1527 781 1641 821 spiritu
1666 780 1746 814 nihil
1769 790 1905 815 rriucotos
1929 780 1983 827 effe
2006 805 2018 822 ‚
2055 782 2138 816 affir-

1140 830 1230 857 mat,
1255 821 1342 864 quod
1366 825 1395 854 &
1420 822 1635 857 Vallisnerius
1659 823 1748 867 (h)
1774 847 1783 862 ‚
1815 828 1846 857 δε
1871 825 2028 859 ssezoldus
2051 829 2063 864 (
2087 826 2099 858 i
2120 828 2134 863 )

1140 866 1259 905 pariter
1283 866 1594 899 animadverterant.
1622 868 1671 900 Ex
1697 866 1746 900 his
1759 869 1970 901 varietatibus
1994 869 2138 902 illudin-

1139 911 1228 948 super
1251 907 1391 942 addisces
1414 931 1424 947 ‚
1458 911 1602 952 ignorari
1627 923 1641 952 a
1667 911 1757 944 nobis
1789 922 1855 953 quo
1880 912 2078 954 potissimum
2099 913 2140 945 li-

1136 950 1356 992 thontriptico
1379 954 1414 984 in
1439 951 1502 985 hoc
1518 976 1526 991 ,
1552 963 1606 986 aut
1629 954 1688 987 illo
1711 955 1784 988 casu
1811 956 1860 988 uti
1883 955 2091 991 deberemus,
2115 956 2138 988 si

1134 994 1292 1028 constaret
1314 1018 1328 1035 ,
1362 995 1419 1028 hos
1443 997 1582 1029 calculos
1606 1019 1616 1034 ‚
1649 1007 1683 1030 ut
1710 998 1898 1041 plerumque
1933 1000 2038 1033 minus
2061 998 2137 1033 duri

1135 1037 1230 1074 sunt,
1257 1039 1419 1081 magisque
1441 1037 1606 1078 friabiles‚
1630 1052 1727 1081 quam
1752 1043 1887 1074 urinarii
1906 1068 1914 1082 ‚
1939 1045 1984 1075 ita
2008 1053 2063 1085 per
2086 1041 2140 1075 sua

1133 1080 1375 1122 lithontriptica
1400 1082 1528 1115 facilius
1560 1083 1688 1115 dissolvi
1715 1096 1725 1115 :
1756 1096 1942 1127 quanquam
1980 1088 2013 1119 in
2047 1096 2141 1118 utro·-

1132 1135 1270 1165 rumque
1294 1127 1537 1166 comparatione
1562 1136 1625 1158 non
1652 1125 1823 1161 substantia
1850 1128 1954 1160 solum
1980 1151 1989 1164 ‚
2012 1133 2043 1162 &
2067 1128 2141 1170 jun-

1131 1169 1220 1201 &tura
1246 1167 1420 1209 speetandae
1445 1167 1533 1208 sunt,
1558 1178 1668 1201 verum
1694 1173 1792 1203 etiarn
1816 1181 1942 1212 quanto
1967 1174 2084 1208 citius,
2108 1174 2141 1204 &

1132 1221 1257 1253 quanto
1282 1212 1350 1252 plus
1373 1210 1573 1245 dissolventis
1608 1211 1754 1246 humoris
1789 1214 1825 1248 ad
1853 1217 2009 1248 urinarias
2041 1217 2109 1247 vias
2132 1240 2140 1253 ‚

1131 1266 1228 1297 quam
1255 1255 1292 1287 ad
1317 1256 1444 1288 bilarias
1467 1279 1478 1295 ,
1503 1254 1621 1289 feratur
1644 1281 1651 1287 .
1690 1256 1800 1293 Quam
1823 1258 1867 1290 ob
1891 1257 2141 1292 animadversio-

1131 1309 1204 1332 nem
1230 1296 1351 1331 fadum
1375 1299 1441 1338 est,
1468 1308 1501 1332 ut
1527 1301 1560 1332 in
1586 1300 1690 1341 prima
1714 1299 1810 1341 huius
1835 1301 2028 1335 Curationis
2052 1311 2140 1342 parte

1130 1353 1204 1375 cum
1229 1341 1417 1383 largiffirnus
1441 1342 1552 1376 calidae
1577 1352 1673 1384 potus
1699 1355 1713 1376 a
1738 1346 1885 1386 pluribus
1909 1341 2111 1387 proponatur
2136 1370 2144 1383 ‚

1132 1385 1271 1418 filuerim
1296 1408 1308 1425 ‚
1332 1397 1397 1418 non
1421 1388 1539 1429 pariter
1562 1387 1719 1421 taciturus
1743 1411 1754 1427 ‚
1787 1387 1808 1420 si
1835 1387 1976 1421 haerente
1998 1389 2031 1421 in
2057 1389 2144 1421 reni-

1132 1429 1190 1461 bus
1213 1452 1225 1467 ,
1260 1438 1314 1461 aut
1340 1431 1517 1463 ureteribus
1540 1430 1667 1464 calculo
1690 1431 1776 1464 idem
1802 1441 2039 1474 proponeretur
2057 1457 2073 1466 ⁴
2108 1433 2142 1465 Si

1129 1481 1237 1505 tamen
1262 1483 1383 1514 quaeras
1406 1496 1419 1512 ,
1453 1486 1491 1507 ex
1515 1483 1565 1506 tot
1588 1498 1597 1513 ‚
1631 1476 1662 1506 δε
1687 1483 1754 1507 tam
1791 1477 1887 1508 variis
1923 1487 1994 1517 quae
2021 1477 2055 1508 in
2080 1475 2140 1509 hac

1134 1516 1233 1548 altera
1258 1517 1449 1549 (jurationis
1473 1528 1563 1559 parte
1587 1529 1602 1549 a
1627 1518 1774 1557 pluribus
1800 1518 1982 1558 promiscue
2005 1518 2142 1554 laudan-

1134 1568 1210 1598 tur,
1236 1561 1382 1592 remediis
1405 1572 1552 1602 qucenam
1577 1563 1737 1602 praecipue
1761 1560 1926 1603 seligerent
1952 1577 1960 1599 3
1986 1573 2050 1594 non
2077 1563 2141 1596 alia

1134 1605 1237 1644 magis
1262 1602 1462 1644 respondebo
1487 1627 1496 1641 ‚
1528 1615 1625 1646 quam
1650 1615 1720 1646 quae
1745 1606 1846 1646 magis
1880 1604 1965 1638 mihi
1991 1605 2143 1640 videntur

1134 1648 1265 1679 innoxia
1282 1668 1289 1682 ‚
1315 1658 1349 1679 ut
1375 1657 1451 1688 puta
1476 1655 1529 1680 aut
1555 1648 1697 1680 taraxaci
1725 1647 1853 1682 succum
1881 1675 1890 1688 ‚
1923 1649 2053 1690 quando
2077 1648 2142 1684 hoc

1134 1689 1351 1723 Boerhaavius
1375 1692 1414 1723 ab
1436 1690 1598 1731 discipulo
1624 1691 1798 1724 Scheffelio
1822 1695 1836 1731 (
1858 1691 1877 1732 l<
1901 1696 1914 1733 )
1938 1693 2063 1726 dicitur
2080 1692 2140 1735 scs-

1127 1745 1170 1775 pe
1194 1732 1346 1766 calculum
1369 1732 1493 1775 hepatis
1517 1732 1659 1776 feliciter
1692 1733 1841 1775 curaviffe
1867 1760 1875 1773 ‚
1909 1746 1963 1770 aut
1999 1738 2137 1769 recentis

1132 1779 1306 1819 graminis,
1334 1779 1453 1810 nemini
1481 1776 1550 1817 post
1575 1775 1776 1810 Glissonium
1799 1781 1812 1817 (
1834 1777 1846 1810 l
1867 1782 1881 1818 )
1904 1802 1913 1817 ,
1938 1782 1969 1813 &
1993 1780 2141 1821 Sylvium

1132 1824 1146 1859 (
1168 1832 1198 1853 m
1221 1825 1234 1859 )
1260 1820 1295 1853 ad
1321 1819 1406 1854 hunc
1430 1820 1521 1853 usum
1546 1830 1609 1853 non
1634 1821 1805 1854 celebrati.
1830 1823 1928 1857 Certe
1953 1833 2059 1857 autem
2073 1822 2143 1857 haec

1132 1876 1194 1897 una
1218 1864 1313 1897 herba
1337 1863 1416 1905 quid
1432 1865 1470 1896 ad
1496 1865 1528 1897 id
1542 1863 1633 1906 potiit
1648 1887 1660 1904 ,
1682 1864 1822 1898 ostendit
1847 1866 1880 1899 in
1903 1865 2045 1910 quodam
2063 1877 2142 1909 pau-

1132 1920 1205 1950 pere
1232 1909 1282 1940 Ill.
1308 1908 1498 1940 Swietenius
1526 1911 1538 1946 (
1561 1918 1579 1940 n
1602 1911 1616 1947 )
1640 1933 1647 1940 .
1682 1909 1751 1950 Qi
1776 1920 1850 1942 curn
1869 1910 2030 1944 morbum
2055 1910 2142 1944 hunc

1128 1955 1161 1984 in
1186 1952 1255 1984 aliis
1278 1962 1406 1993 quoque
1430 1962 1484 1993 per
1506 1952 1681 1993 graminis,
1704 1955 1735 1984 δι
1759 1955 1900 1987 taraxaci
1923 1953 2140 1991 decoetiones,

1130 2006 1249 2038 perque
1273 1995 1334 2027 alia
1350 2018 1359 2033 ,
1383 1996 1565 2034 diuturno,
1588 1998 1618 2028 &
1643 1995 1799 2028 constanti
1813 1996 1866 2031 usu
1881 1997 2001 2039 ingesta
2016 2021 2025 2035 ‚
2051 2009 2141 2031 aver-

1131 2040 1275 2072 runcarit
1291 2063 1299 2077 ‚
1316 2037 1438 2080 semper
1461 2039 1492 2071 iri
1507 2036 1640 2081 faecibus
1665 2046 1739 2071 tunc
1761 2040 1906 2083 inveniſje
1922 2041 1977 2083 se,
2004 2042 2139 2081 scribit,

1132 2081 1268 2115 calculos
1283 2106 1291 2119 ,
1315 2080 1511 2123 velgrumos
1528 2081 1641 2124 saltem
1663 2081 1829 2125 calculosos
1852 2095 1964 2127 magna
1979 2084 2064 2126 satis
2087 2097 2138 2118 co-

1128 2128 1185 2166 pia
1203 2150 1210 2156 .
1238 2125 1401 2161 Quamvis
1426 2135 1534 2159 autem
1558 2136 1622 2157 non
1648 2137 1815 2168 propterea
1841 2126 1870 2161 se
1893 2137 2016 2162 certum
2040 2128 2140 2162 habe-

1130 2180 1165 2201 re
1190 2190 1198 2205 ‚
1233 2167 1372 2201 fateatur
1396 2191 1405 2207 ,
1438 2167 1531 2203 fuisse
1554 2168 1628 2202 illos
1651 2168 1841 2204 calculorum
1874 2172 2139 2214 comminatorum

1124 2219 1235 2252 partes
1259 2213 1370 2253 potius
1393 2223 1489 2254 quam
1515 2214 1631 2254 exigua
1668 2224 1829 2247 novorum
1860 2215 2061 2249 calculorum
2087 2214 2137 2249 in.-

1130 2253 1341 2301 choamenta,
1366 2256 1471 2296 qualia
1496 2256 1529 2288 in
1553 2256 1657 2297 cysti‚
1682 2267 1739 2289 nec
1763 2257 1877 2296 semel,
1903 2267 2027 2301 reperta
2052 2258 2134 2298 effe,

1128 2310 1193 2340 jam
1221 2298 1311 2340 supra
1334 2301 1348 2337 (
1368 2310 1383 2331 o
1404 2302 1418 2338 >
1441 2299 1692 2332 demonstratum
1734 2300 1779 2333 est
1805 2314 1814 2340 3
1849 2311 1954 2336 tamen
1979 2302 2134 2336 Glislonii

1133 2341 1321 2378 observata,
1349 2353 1420 2383 quae
1445 2346 1475 2375 ἃ
1499 2341 1565 2384 ipse
1589 2340 1756 2385 agnoscit,
1781 2343 1854 2378 satis
1877 2345 2047 2379 ostendunt
2069 2347 2134 2381 cal-

1128 2383 1256 2418 culosos
1280 2386 1354 2418 illos
1377 2386 1507 2419 tubulos
1529 2391 1542 2426 (
1561 2395 1584 2427 p
1606 2389 1620 2427 )
1644 2387 1677 2419 in
1702 2387 1829 2422 bilariis
1853 2389 1954 2423 boum
1977 2390 2135 2427 meatibus

1129 2427 1248 2469 hyeme
1272 2430 1423 2468 innatos,
1448 2433 1584 2462 recentis
1608 2431 1762 2471 graminis
1786 2432 1874 2473 pastu
1899 2433 2053 2472 diffolvi;
2078 2447 2134 2470 ne·
2168 2469 2175 2475 Α.

1127 2483 1190 2514 que
1214 2473 1299 2504 enim
1324 2480 1459 2514 tempore
1481 2473 1608 2507 circiter
1629 2474 1861 2517 quadragesim-e
1885 2500 1892 2514 ,
1917 2485 1973 2509 auc
1996 2477 2133 2520 ‘Pascha-

1127 2516 1194 2551 iis,
1218 2518 1280 2548 imo
1303 2522 1393 2548 antea
1415 2528 1468 2549 eos
1485 2515 1563 2558 saepe
1587 2516 1719 2550 tubulos
1743 2540 1752 2556 ,
1787 2516 1836 2553 sed
1861 2522 1891 2552 δε
1914 2519 2018 2563 postea
2042 2534 2132 2568 repe-

1125 2556 1213 2592 risset
1228 2585 1234 2592 .

1170 2612 1217 2643 51.
1242 2604 1393 2646 Denique
1407 2605 1598 2641 curationis
1622 2615 1697 2649 pars
1716 2610 1810 2644 tertia
1837 2623 1937 2647 novos
1959 2615 2050 2656 gigni
2065 2615 2131 2649 cal-

1126 2646 1218 2679 culos
1241 2645 1430 2696 prohibebit
1455 2674 1463 2689 ,
1498 2653 1638 2691 primum
1663 2652 1684 2685 fi
1707 2665 1779 2696 quae
1804 2656 1884 2690 vitia
1909 2658 1970 2690 sint
1994 2660 2026 2692 in
2053 2658 2130 2701 jeci-

1126 2701 1227 2724 nore,
1252 2700 1396 2734 itemque
1421 2693 1453 2724 in
1479 2694 1631 2735 sanguine
1654 2699 1820 2731 emendare
1855 2703 1977 2743 poterit
2000 2725 2012 2742 ‚
2047 2703 2129 2737 uncle

1123 2733 1322 2782 calculorum
1348 2734 1520 2777 productio
1545 2739 1700 2778 pendeat:
1724 2741 1838 2775 deinde
1860 2742 1882 2776 fi
1906 2756 1939 2777 ea
1963 2755 2128 2780 removeat

1124 2788 1139 2808 a
1165 2778 1283 2823 quibus
1308 2780 1389 2811 vitia
1410 2780 1465 2812 illa
1490 2781 1599 2814 induci
1623 2783 1859 2820 consueverunt
1883 2812 1892 2820 .
1917 2791 1997 2820 Sunt
2022 2801 2055 2822 ea
2080 2792 2128 2824 vi.

1123 2821 1169 2852 tia
1193 2822 1226 2853 in
1248 2823 1390 2867 jecinore
1413 2823 1543 2864 quidem
1568 2822 1733 2860 infirmum
1759 2829 1858 2862 robur
1881 2852 1891 2867 ,
1915 2831 2091 2866 obstruerio
2114 2855 2124 2872 ,

1123 2864 1184 2897 alia
1209 2863 1303 2906 hujus
1328 2868 1452 2907 generis
1474 2890 1487 2905 ,
1522 2870 1556 2900 in
1581 2868 1732 2911 sanguine
1754 2881 1859 2904 aurem
1894 2873 2090 2909 viscidarum
2114 2900 2125 2916 ,

1123 2916 1366 2953 terre-arumque
1390 2912 1620 2949 particularum
1645 2915 1761 2956 copia,
1785 2918 1816 2948 ἃ
1840 2927 1934 2959 aequo
1971 2918 2125 2960 lentior,

1122 2961 1176 2991 per
1198 2962 1287 2993 Jecur
1312 2952 1487 2993 praesertim
1503 2978 1512 2992 ‚
1535 2954 1641 2988 motus
1665 2980 1675 2990 .
1708 2959 1810 2990 Porro
1832 2960 2031 2995 inducuntur
2054 2961 2123 2997 haec

1121 2995 1202 3028 vitia
1226 2996 1374 3028 ciborum
1399 3017 1409 3032 ‚
1442 2997 1682 3041 potionumque
1715 3000 1927 3036 insalubrium
1960 3006 2124 3040 crebriore

1120 3037 1200 3078 usu,
1224 3039 1517 3087 pravaleortundem
1541 3041 1720 3083 digestione
1735 3069 1742 3082 ‚
1764 3056 1828 3078 non
1843 3047 2053 3089 respondente
2075 3051 2124 3083 ci-

1119 3081 1239 3114 borum
1262 3092 1363 3124 copiae
1388 3092 1420 3114 in
1445 3082 1643 3118 diluentibus
1675 3086 1868 3129 parsimonia
1892 3112 1901 3128 ‚
1937 3093 2040 3126 nimio
2074 3094 2124 3126 so·

1118 3136 1195 3158 mno
1219 3147 1228 3162 ‚
1266 3127 1332 3159 vita
1356 3125 1534 3160 sedentaria
1558 3129 1716 3163 inclinato
1739 3132 1914 3174 praesertim
1938 3136 2122 3170 antrorsum

1113 3179 1272 3210 corpore,
1295 3180 1404 3209 graves
1428 3172 1527 3204 animi
1552 3172 1753 3213 affeetiones,
1779 3178 1810 3208 ἃ
1833 3188 1904 3219 quae
1929 3177 1988 3210 alia
2013 3190 2067 3220 per
2090 3189 2123 3213 te

1116 3213 1208 3246 vides
1234 3224 1249 3243 a
1275 3212 1407 3246 Medico
1438 3212 1497 3246 esse
1531 3217 1724 3250 removenda
1749 3243 1756 3251 .
1790 3220 1847 3253 Sed
1873 3221 2028 3253 nimirum
2052 3221 2120 3256 haec

1118 3267 1186 3297 pars
1209 3256 1398 3289 Cur-ationis
1421 3255 1494 3290 satis
1518 3258 1561 3292 est
1585 3272 1601 3292 a
1625 3261 1769 3302 pluribus
1791 3263 2001 3305 pertratstata.
2027 3264 2123 3305 Qo-

1119 3302 1204 3347 niam
1227 3308 1333 3331 tamen
1359 3309 1414 3333 aut
1436 3302 1513 3342 aegri
1537 3313 1600 3335 non
1626 3303 1780 3337 diuturna
1811 3306 1996 3340 obedientia
2017 3331 2028 3346 ,
2063 3319 2120 3342 aut

1116 3343 1265 3390 Jecinoris
1290 3343 1322 3374 in
1347 3345 1507 3385 integrum
1532 3346 1716 3379 restituendi
1741 3347 1952 3387 difficultate,
1978 3350 2119 3393 persaepe

1117 3385 1260 3424 accidit,
1284 3396 1347 3420 non
1371 3387 1456 3421 secus
1480 3398 1577 3429 atque
1600 3390 1634 3422 in
1658 3390 1807 3425 urinariis
1830 3393 1975 3427 videmus
2009 3395 2119 3429 calcu-

2014 3437 2074 3476 lis,
2109 3473 2122 3484 ),
2171 3439 2173 3442 ’

1495 3630 1510 3658 (
1525 3638 1535 3654 r
1551 3631 1564 3659 )
1581 3630 1638 3655 Diss.
1658 3632 1725 3662 supra
1741 3632 1770 3656 ad
1788 3639 1812 3656 n.
1832 3637 1867 3661 ¹3.
1884 3632 1926 3658 cit.

1126 3659 1179 3693 ‘(y
1195 3660 1209 3688 )
1226 3664 1277 3686 cap.
1289 3666 1310 3684 3·
1321 3656 1394 3690 'supra
1409 3659 1436 3681 ad
1455 3665 1524 3694 maia.
1544 3662 1585 3686 cit.
1596 3662 1653 3692 §.6.
1714 3663 1837 3693 (zJObs.
1850 3664 1916 3693 supra
1926 3665 2038 3692 indic.ad
2051 3676 2065 3692 n
2078 3674 2116 3692 ιο.

1219 3688 1225 3717 (
1244 3696 1254 3710 c
1274 3693 1280 3715 )
1296 3688 1352 3711 Diff.
1369 3689 1398 3711 de
1415 3689 1555 3724 cholelitho
1571 3692 1594 3722 §.
1613 3701 1635 3722 ς.
1698 3692 1705 3721 (
1724 3694 1740 3717 d
1756 3694 1769 3721 >
1787 3695 1808 3723 ἕ.
1826 3698 1848 3718 6.
1868 3696 1939 3723 paulo
1958 3705 2013 3722 ante
2029 3699 2069 3723 cit.

1155 3720 1201 3750 (g
1217 3720 1230 3748 )
1246 3718 1314 3745 supra
1330 3719 1359 3741 ad
1376 3723 1455 3754 n-nrfi.
1471 3726 1512 3745 cit.
1576 3724 1585 3750 ί
1602 3724 1617 3746 h
1633 3723 1646 3752 )
1661 3723 1735 3751 Epist.
1752 3724 1796 3748 cit.
1857 3728 1865 3754 l
1883 3727 1893 3750 i
1908 3727 1921 3755 )
1938 3728 2047 3754 Diffieit.
2061 3729 2116 3759 §.6.

1167 3756 1174 3782 r
1192 3759 1215 3774 m
1231 3749 1245 3777 )
1264 3751 1333 3773 Prax.
1350 3749 1441 3775 Medic.
1456 3753 1476 3776 1.
1496 3760 1516 3778 1.
1533 3761 1553 3778 c.
1572 3762 1609 3783 ⁴3·
1626 3761 1652 3777 n.
1671 3760 1705 3783 ις.

1946 3634 1967 3664 §-
1989 3643 2027 3667 3⁰-
