2498 4075
501 207 721 275 Epistola
761 206 917 262 Anat.
955 206 1170 262 Medica
1206 208 1274 260 X.
1308 201 1534 277 Art-'¹13
1570 212 1623 263 &
1663 226 1735 275 14.

98 287 246 328 cipienti's
271 285 308 318 ad
333 294 395 318 tres
421 285 510 329 supra
534 286 725 319 umbilicum
749 286 869 328 digitos
887 309 899 326 ‚
932 286 983 322 sed
1004 288 1088 320 inte-

97 332 163 362 rius
183 352 195 369 ,
220 327 397 363 affectionis
416 352 428 369 ³
460 328 592 378 indeque
616 330 653 363 ad
677 327 838 363 thoracem
864 330 1054 363 ascendentis
1076 353 1089 370 ,

97 371 223 405 fortasse
248 383 364 413 magno
388 371 561 405 mesenterii
587 383 752 405 nervorum
765 373 872 415 plexui
895 384 1002 405 earum
1015 373 1089 417 qui-

99 417 171 449 dem
204 414 439 450 convulsionum
464 415 584 449 causam
618 414 758 448 insedisse
781 440 789 448 .
828 417 949 450 Verum
981 428 1014 448 ea
1046 426 1092 448 res

100 460 195 493 aliter
218 470 234 491 a
258 457 402 490 Valsalva
425 458 659 501 explicabatur,
683 459 836 492 nimirum
861 467 1059 500 praegravato
1081 481 1094 497 ,

101 512 195 545 atque
219 502 348 534 irritato
371 500 411 533 ab
433 512 510 543 aqua
534 501 622 543 septo
635 500 849 541 Transverso,
872 501 965 551 hujus
977 511 1094 543 appen-

98 547 183 580 dices
205 544 288 577 affici
311 543 471 584 debuiss'e;
492 543 548 578 fibi
571 545 654 577 enim
685 544 759 577 alias
782 556 907 588 quoque
931 556 966 577 m
988 546 1111 578 Sacer-2

98 589 172 623 dote
196 588 329 621 fimilem
360 586 470 619 eodem
492 588 524 619 in
548 587 621 619 loco
644 587 791 629 molestiae
823 587 944 623 sensum
966 587 1023 620 effe
1045 587 1096 620 ad-

99 642 269 671 notatum,
293 640 347 662 nec
371 638 475 663 tamen
498 629 674 673 quidquam
702 631 771 673 post
806 640 942 665 mortem
964 630 1097 673 usquam

97 677 264 709 inventurn
285 671 373 715 quod
398 681 509 715 praeter
533 683 678 709 naturam
700 672 772 707 esset
794 699 802 713 ‚
835 674 892 707 nili
918 685 1030 716 aquam
1061 675 1096 705 in

98 718 247 752 thorace.
272 718 321 748 Ut
344 725 379 748 ut
402 716 442 749 est
464 740 472 752 ‚
506 727 589 751 certe
622 727 756 759 utraque
788 718 961 759 explicatio
995 726 1096 759 partes

99 762 251 804 respicit,
276 760 427 793 anteriori
453 760 645 793 lumbarium
672 760 887 794 vertebrarum
922 760 1018 794 faciei
1042 769 1096 793 aut

99 805 285 849 proximas,
308 811 361 836 aut
384 801 551 836 i-nfidentes
575 829 582 836 .
608 804 718 846 Qam
742 802 843 836 sedem
866 815 902 836 ne
926 802 1009 836 forte
1031 814 1097 835 crc-

98 849 154 882 das
176 848 271 880 nimis
294 845 498 888 posteriorem
522 845 577 880 effe
597 871 609 886 ,
640 855 675 879 ut
699 846 738 878 ab
760 858 846 888 aegto
869 848 965 888 Spina
989 848 1096 888 potius

98 891 239 927 debuerit
260 913 269 928 ,
293 901 389 931 quam
413 889 567 923 abdomen
591 889 744 932 designari
765 902 776 927 3
812 888 859 922 fac
885 891 1065 922 memineris
1089 914 1098 929 ,

99 942 254 978 quantum
285 934 339 965 illa
373 934 588 967 vertebrarum
621 932 717 965 facies
752 933 789 965 ab
825 935 971 966 extremis
1005 931 1097 965 distet

99 981 224 1013 luorum
249 974 442 1018 processuum
466 976 693 1019 posteriorum,
716 985 934 1019 quantumque
956 979 989 1008 in
1013 984 1099 1009 ante-

99 1024 182 1055 riora
206 1029 385 1053 recurvetur
405 1029 497 1061 atque
522 1020 682 1053 extuberet
707 1021 788 1051 intra
812 1021 928 1052 ventris
952 1030 1065 1052 cavum
1088 1032 1098 1058 3

98 1074 134 1098 ut
159 1074 222 1096 non
245 1064 336 1105 aegris
362 1062 460 1095 modo
478 1087 489 1104 ,
513 1063 563 1096 sed
587 1066 619 1095 &
642 1063 779 1096 Medicis
802 1085 814 1101 ,
845 1063 948 1097 minus
973 1064 1098 1096 Anato-

99 1120 162 1142 mes
187 1107 313 1149 gnaris,
336 1104 493 1143 viderim,
518 1118 573 1140 nec
586 1104 900 1148 semel‚imp01uiss“e‚
923 1105 1099 1147 duritiem,

98 1154 132 1185 in
156 1150 334 1184 macilentis
360 1149 557 1190 praesertim,
580 1148 731 1191 infignem
756 1147 881 1181 mihiin
898 1150 1094 1186 mesenterio,

96 1195 120 1229 Ji
139 1195 274 1236 ,Superis
299 1193 402 1235 placet
418 1218 426 1230 .,
450 1192 708 1233 inculcantibus,
732 1203 847 1235 quam,
871 1204 966 1226 manu
989 1194 1098 1225 admo-

98 1250 130 1273 ta
148 1262 156 1277 ,
179 1236 261 1270 nihil
286 1235 364 1273 csse,
390 1235 449 1269 nifi
474 1248 563 1276 eam,
587 1234 626 1268 de
648 1236 907 1278 qualoquimur,
932 1237 1036 1277 Spinae
1050 1234 1098 1268 fa-

96 1284 179 1317 ciem
200 1278 413 1322 deprehendi:
437 1291 495 1323 qua
519 1280 556 1312 de
581 1290 611 1312 re
633 1291 703 1312 cum
728 1279 879 1312 celebrem
902 1280 982 1312 olim
992 1279 1098 1312 Medi-

97 1336 193 1364 cum,
217 1323 352 1358 scorsum
376 1322 545 1357 abducit-un
569 1326 583 1361 (
605 1322 645 1355 fic
668 1323 751 1355 enim
775 1322 860 1355 soleo
881 1327 895 1365 >
919 1322 1098 1356 admonuis-

99 1370 160 1404 sem
173 1392 185 1408 ,
208 1368 363 1406 memini,
386 1366 489 1409 ipsum
504 1389 511 1402 ‚
538 1368 716 1400 Anatomes
728 1366 1002 1408 contemptoribus
1016 1366 1098 1399 vale-

98 1425 129 1448 re
152 1411 233 1455 juffis
249 1435 256 1448 ‚
281 1421 407 1452 magnas
432 1410 513 1444 mihi
538 1411 655 1452 gratias
676 1408 787 1451 egisse.

144 1466 192 1497 13..
218 1454 341 1487 VIRO
365 1463 462 1486 annos
487 1453 576 1494 supra
599 1451 807 1495 quadraginta
819 1461 919 1491 nato,
941 1454 998 1495 qui
1023 1464 1098 1486 can·

97 1499 210 1531 nabern
232 1496 430 1530 carminabat
444 1523 452 1537 ‚
476 1495 621 1538 pallido,
647 1496 696 1528 sed
708 1506 810 1528 tamen
827 1521 834 1534 ,
862 1504 896 1528 ut
910 1496 1096 1533 videbatur,

96 1542 174 1575 bene
198 1542 343 1578 valenti,
366 1548 439 1572 ante
462 1539 629 1572 biennium
651 1539 758 1572 attolli
783 1546 922 1580 coeperat
946 1551 1016 1582 pars
1030 1542 1094 1572 ima

97 1585 237 1627 pectoris
259 1594 355 1625 prope
377 1583 596 1624 cartilaginem
622 1581 852 1615 Enliformem:
877 1593 947 1625 quae
971 1595 1015 1615 res
1038 1583 1093 1616 etsi

98 1627 181 1661 nihil
218 1626 275 1669 ipfi
299 1624 448 1659 afferebat
472 1625 671 1658 incommodi
699 1637 709 1663 3
745 1624 932 1667 displicebat
957 1635 1061 1659 tamen
1085 1651 1091 1657 .

98 1673 306 1713 Qapropter
329 1669 443 1705 multa.
472 1669 532 1701 alia
557 1670 593 1701 ab
617 1669 687 1702 aliis
710 1668 851 1702 indicata
877 1691 885 1705 ,
908 1669 1095 1712 imponebat

97 1714 256 1752 remedia;
278 1711 327 1746 sed
351 1710 526 1751 incassum5
551 1723 622 1746 nam
646 1713 747 1754 magis
771 1711 933 1755 magisque
951 1737 963 1753 ,
995 1725 1096 1756 quan-

95 1759 213 1791 tumvis
238 1755 364 1795 senfim‚
388 1766 495 1788 tumor
518 1756 672 1789 crescebat
696 1769 705 1794 3
744 1766 778 1789 ut
803 1754 950 1789 nonnihil
976 1756 1038 1798 jam
1062 1760 1096 1790 in

95 1799 242 1834 ducendo
266 1799 382 1841 spiritu
405 1799 660 1833 incommodaret
675 1821 685 1830 ι.
710 1798 885 1832 Accesserat
909 1809 980 1833 ante
1003 1802 1097 1842 quin-

93 1845 242 1886 quaginta
274 1842 341 1875 dies
364 1844 397 1876 in
430 1841 572 1876 thoracis
595 1843 746 1875 vertebris
768 1841 974 1877 inferioribus
1004 1844 1100 1877 dolor

93 1884 180 1930 quali
203 1897 221 1919 a
246 1898 278 1919 re
302 1894 450 1928 gravante
475 1884 586 1927 simul,
610 1890 642 1919 δε
666 1895 842 1929 pungente,
865 1888 919 1929 qui
931 1886 1025 1920 dolor
1048 1889 1098 1920 in-

94 1930 220 1964 terdum
242 1929 316 1963 hinc
341 1928 378 1962 acl
402 1929 530 1963 lumbos
556 1954 564 1969 ‚
589 1929 660 1963 inde
683 1929 720 1962 ad
745 1929 882 1972 scapulas
906 1930 1098 1963 extendeba—

94 1985 167 2008 tur:
191 1984 264 2008 cum
289 1972 339 2006 his
363 1983 427 2005 erat
452 1972 598 2007 laslitudo
619 1997 632 2014 ,
664 1976 695 2006 &
719 1975 819 2007 totius
840 1975 985 2016 corporis
1009 1974 1097 2008 infir-

95 2019 192 2051 mitas
208 2042 215 2048 .
242 2018 326 2049 Ante
350 2016 500 2051 undecim
525 2026 628 2050 autem
651 2015 717 2050 dies
740 2026 828 2050 totus
852 2027 937 2051 artus
962 2017 1097 2051 inferior

91 2062 204 2094 dexter
225 2059 348 2102 stupore
366 2057 596 2103 prehenditur,
620 2062 652 2093 ἂ
676 2071 751 2093 mox
765 2060 947 2103 priusquam
972 2062 1096 2105 aliquid

92 2104 194 2139 afferri
221 2102 310 2146 potiit
333 2103 472 2144 auxilii,
495 2114 664 2137 nervorum
689 2103 902 2144 resolutione,
928 2103 968 2137 fic
991 2114 1096 2138 tamen

94 2158 131 2184 ut
153 2146 302 2182 movendi
326 2148 451 2189 magis,
474 2157 570 2189 quam
593 2146 749 2179 sentiendi
771 2171 783 2187 ,
807 2146 942 2181 facultas
966 2149 1097 2181 interci-

93 2193 199 2235 piatur
215 2216 222 2223 .
249 2189 382 2224 Triduo
405 2189 473 2230 post
495 2191 585 2223 urina
611 2188 697 2223 reddi
720 2200 785 2224 non
808 2199 935 2232 poterat
950 2214 962 2230 ,
986 2200 1020 2224 ut
1030 2203 1099 2224 ma..

92 2246 136 2269 nu
158 2233 284 2269 emoliri
307 2232 421 2267 necesse
444 2233 561 2266 fucrit:
584 2231 670 2274 quod
695 2232 806 2274 primis
829 2234 957 2274 quidem
980 2234 1100 2267 succes-

92 2278 133 2312 fit
156 2277 267 2312 diebus
289 2287 300 2314 3
328 2275 378 2309 sed
404 2275 509 2317 postea
535 2284 586 2308 aut
610 2274 695 2307 nihil
717 2276 850 2307 omnino
874 2275 1063 2311 educebatur
1086 2300 1096 2315 ‚

94 2330 147 2355 aut
171 2317 323 2362 siquando
346 2318 464 2351 lotium
489 2328 543 2359 per
567 2327 743 2359 argenteam
768 2317 901 2351 fistulam
934 2321 1098 2361 profluere

94 2376 166 2398 cum
190 2365 313 2404 impetu
336 2362 517 2405 inceperam
542 2363 689 2404 protinus
712 2360 797 2404 quasi
821 2372 853 2394 re
877 2363 981 2405 aliqua
994 2375 1099 2406 oppo-

93 2407 176 2447 fita,
199 2404 402 2440 subsistebat:
428 2407 460 2438 δε
483 2404 552 2438 sane
574 2414 749 2437 extremum
762 2403 871 2439 fistulae
894 2417 1006 2439 cavum
1031 2409 1097 2440 ani-

93 2449 345 2485 madvertebatur
380 2447 511 2482 mucoso
533 2447 671 2490 quodam
694 2469 703 2484 ‚
737 2450 770 2480 δε
793 2447 889 2480 ferme
922 2450 1096 2491 purulento

93 2494 227 2528 humore
239 2490 432 2534 impeditum
444 2514 451 2521 .
477 2489 705 2524 Animadversa
717 2502 844 2533 quoque
868 2490 994 2526 fuerant
1006 2494 1071 2528 duo
1081 2519 1094 2536 ,

93 2549 167 2571 cum
190 2538 330 2580 primum
353 2533 454 2568 fistula
477 2532 612 2567 immiss'a
626 2533 691 2574 est,
715 2535 872 2575 alterum,
895 2534 951 2570 effe
966 2537 1094 2580 aliquid

91 2591 191 2624 prope
212 2577 344 2612 veficam
373 2576 461 2621 quod
484 2576 593 2611 fistulae
624 2575 769 2610 nonnihil
804 2577 940 2612 obstaret
968 2593 980 2620 ,-
1013 2582 1095 2614 alte-

91 2635 189 2664 rum,
212 2621 369 2656 abdomen
393 2620 574 2655 universum
598 2629 719 2657 tumere
740 2644 749 2658 ,
780 2622 1003 2668 incertumque
1026 2636 1092 2659 erat

111 2676 212 2701 :nanto
237 2674 343 2699 antea.
369 2665 503 2698 Sitiebat
527 2676 607 2707 aeger
625 2675 643 2696 =.·
678 2667 710 2697 δε
733 2675 806 2697 cum
829 2664 893 2708 jam
917 2678 982 2710 prae
1005 2668 1094 2703 dorii

90 2678 202 2744 ‘dolore
225 2707 322 2752 jacere
344 2719 409 2741 non
432 2705 531 2751 poffet
551 2719 566 2749 ,-
588 2707 609 2740 fi
633 2707 733 2751 jacere
756 2719 922 2743 conaretur
941 2734 953 2750 ‚
985 2713 1091 2745 multo

91 2752 207 2796 majori
230 2762 305 2786 cum
326 2749 514 2785 difficultate
538 2750 697 2794 spirabat:
721 2763 812 2785 crura
837 2761 968 2794 tamen,
993 2758 1025 2787 δέ
1037 2767 1088 2798 pe-

91 2795 145 2830 des
168 2794 252 2829 nihil
275 2795 458 2828 tumebant.
483 2797 574 2827 Inter
598 2794 665 2828 haec
690 2804 838 2837 torquere
861 2800 1089 2839 coeperuntsu-

90 2840 252 2883 periorum
277 2847 403 2873 artuum
425 2860 435 2876 ‚
472 2840 504 2876 &
529 2839 633 2872 trunci
664 2838 759 2879 ipfius
784 2840 890 2873 tonicae
913 2840 1092 2875 convulsio-

91 2894 165 2917 nes.-
186 2893 256 2925 quae
280 2892 333 2924 per
367 2881 534 2915 intervalla
557 2881 756 2915 recurrebant
782 2907 791 2922 ‚
824 2883 861 2915 ad
884 2884 1091 2926 quadrantem

90 2924 179 2959 horae
204 2924 391 2967 perstantes,
414 2923 587 2970 eodemque
611 2934 751 2968 tempore
764 2934 832 2959 tum
857 2928 1017 2961 vomitum
1029 2930 1087 2963 fla-

90 2970 123 3002 vi
146 2968 291 3003 humoris
311 2967 456 3005 ciebant,
481 2977 549 3002 tum
575 2971 674 3001 menti
695 2990 704 3005 ‚
729 2980 800 3011 quae
823 2970 900 3004 'alias
924 2973 1050 3010 vigebat
1073 2998 1086 3014 ,

89 3012 177 3056 quasi
200 3009 349 3055 quasdam
369 3010 575 3046 offundebant
599 3012 757 3045 tenebras.
776 3013 851 3057 Jam
872 3025 945 3047 vero
958 3009 1085 3051 iinister

89 3066 216 3099 quoque
239 3062 323 3088 artus
345 3053 478 3088 inferior
500 3066 563 3089 non
588 3054 671 3089 secus
695 3067 729 3088 ac
751 3054 881 3095 dexter,
911 3058 1086 3098 resolutio-

89 3110 127 3132 ne
150 3107 260 3141 captus
284 3097 408 3131 fuerat.
432 3100 577 3141 Denique
600 3110 674 3133 curn
698 3098 801 3141 pridie
825 3096 920 3143 quani
943 3103 1048 3137 obiret
1069 3129 1082 3145 ,

91 3144 173 3175 male
197 3142 274 3175 adeo
297 3140 326 3174 se
350 3139 500 3182 haberet,
523 3151 558 3176 ut
582 3142 686 3185 pulsus
710 3144 847 3185 amplius
859 3155 921 3177 non
943 3149 1083 3190 percipe-

88 3195 219 3225 rentur;
241 3184 276 3219 hi
299 3183 402 3217 rursus
424 3186 529 3226 paucis
540 3194 610 3219 ante
633 3195 771 3220 mortem
792 3187 881 3220 horis
903 3188 1084 3233 redierunt,

89 3240 233 3271 aegerque
256 3226 456 3262 meliusculus
477 3226 532 3262 esse
553 3228 746 3271 videbatur,
768 3230 948 3275 diutiusque
964 3234 1084 3269 transtu-

87 3284 139 3307 rus
153 3296 160 3303 .
187 3271 246 3306 Sed
269 3272 288 3315 (
303 3269 389 3315 quod
413 3279 521 3304 cautos
543 3270 641 3307 facere
664 3273 755 3307 debet
769 3274 933 3315 Medicos‚
955 3280 1085 3319 praeier-

86 3317 149 3350 tim
172 3314 226 3349 ubi
250 3313 465 3348 convulfiones
490 3313 618 3348 subinde
640 3317 769 3351 redeunt
790 3322 803 3358 )
828 3318 877 3351 his
900 3318 938 3352 de
961 3321 1083 3362 impro-

86 3359 154 3392 viso
177 3370 253 3391 mox
282 3357 508 3391 revertentibus
531 3368 653 3401 ereptus
688 3361 747 3396 est.
867 3363 939 3395 -IN
963 3364 1083 3397 VEN-

53 3442 61 3447 Χ
87 3403 185 3436 TRE
209 3401 344 3435 multam
367 3411 480 3443 aquam
503 3400 661 3444 vidimus,
684 3416 813 3449 eamque
825 3405 1009 3440 turbidam:
1033 3409 1083 3440 in·

85 3444 196 3478 testina
218 3455 321 3478 autem
343 3444 505 3478 nonnullis
528 3445 560 3476 in
584 3445 662 3480 locis
685 3460 739 3490 per
756 3449 905 3492 quasdam
929 3450 1075 3484 flaccidas

85 3486 172 3531 quasi
194 3489 387 3521 membranas
411 3488 495 3520 inter
517 3487 546 3520 se
556 3489 723 3532 conjunffl
737 3517 744 3523 .
771 3495 874 3533 Lien,
899 3492 986 3527 sanus
997 3495 1078 3527 3110-

83 3533 185 3573 quin,
211 3532 349 3565 exterius
371 3531 560 3565 albicabat.
595 3533 718 3568 Eodem
741 3536 848 3568 colore
874 3546 938 3568 erat
960 3536 1046 3579 jecur
1069 3562 1081 3579 ‚

85 3574 143 3608 nifi
166 3574 252 3617 quod
284 3576 317 3607 in
342 3574 448 3608 medio
471 3575 565 3608 faciei
589 3587 733 3612 convexae
766 3581 854 3621 nigra
880 3582 1001 3613 macula
1026 3593 1080 3624 ap-

84 3617 212 3661 parebat
235 3618 347 3656 circuli
371 3618 475 3651 forma
495 3642 509 3659 ,
545 3628 600 3651 nec
623 3619 725 3662 major
747 3634 843 3665 quam
866 3632 902 3657 ut
926 3625 1024 3658 obolo
1047 3637 1085 3658 0-

2023 226 2087 279 79

1142 286 1237 329 periri
1250 285 1348 328 posset
1367 298 1374 319 .-
1399 286 1496 321 subea
1520 294 1585 318 erat
1595 296 1686 318 cavea
1709 297 1772 319 non
1793 287 1837 320 ita
1852 285 2006 327 profunda
2020 315 2028 328 ,
2052 300 2147 331 quam

1141 330 1382 363 semiconcretus
1415 329 1540 371 sanguis
1571 329 1725 370 implebat
1752 354 1759 361 .
1792 331 1861 362 Ren
1886 327 2004 362 sinister
2026 332 2110 364 intus
2134 355 2146 371 ‚

1143 371 1223 406 haud
1249 373 1355 413 procul
1380 385 1397 406 a
1421 374 1653 415 pelvisinitiis‚
1677 370 1826 405 nonnihil
1852 372 1913 404 albi
1938 383 2024 414 puris
2048 373 2149 406 osten-

1143 416 1213 448 dit.
1240 416 1372 448 Lorium
1390 438 1401 455 ‚
1424 427 1487 449 non
1511 417 1646 450 maxima
1672 425 1775 448 tamen
1799 417 1892 455 copia
1913 439 1925 455 ‚
1949 415 2048 448 vesica
2071 427 2146 448 con-

1144 458 1264 492 tinebat
1290 481 1303 498 ‚
1337 457 1426 499 cujus
1451 469 1537 492 erant
1561 458 1747 492 membranae
1771 459 1925 492 craffiores
1958 458 2072 498 factae,
2097 460 2147 491 in-

1145 502 1302 543 teriorque
1336 500 1430 535 facies
1452 503 1602 536 distincta
1624 501 1700 536 vafis
1721 525 1734 541 ,
1790 513 1836 534 uae
1861 502 1999 534 restitans
2021 502 2146 545 sanguis

1146 543 1234 578 valde
1256 543 1426 586 conspicua
1450 545 1615 579 reddebat.
1641 548 1680 578 In
1705 553 1773 578 uret
1803 556 1833 576 ra
1860 544 2026 586 quaelitum
2049 571 2057 584 ‚
2094 547 2145 577 in-

1147 598 1340 630 ventumque
1371 589 1413 621 est
1445 589 1522 634 quid
1557 600 1652 631 prope
1686 587 1817 621 vesicam
1850 597 2003 629 argenteae
2034 587 2146 622 fistulae

1148 629 1297 664 nonnihil
1322 630 1467 665 resisteret
1486 656 1498 672 ‚
1520 632 1663 675 quaedam
1688 629 1836 664 videlicet
1861 629 1945 673 quasi
1969 642 2085 664 carneae
2109 630 2148 664 fi-

1148 675 1250 709 brillae
1270 698 1281 714 ,
1312 686 1387 716 quas
1413 676 1487 708 alias
1518 687 1643 718 quoque
1666 673 1775 707 vidisse
1807 674 1937 706 memini
1962 697 1973 713 ,
2006 673 2080 707 hinc
2115 676 2147 707 Sc

1148 716 1223 752 hinc
1247 717 1285 750 ab
1316 718 1466 752 lateribus
1491 718 1655 752 Seminalis
1678 717 1853 753 carunculae
1885 716 2017 758 obliquo
2039 716 2149 749 decur-

1150 760 1205 801 su,
1231 763 1263 793 &
1286 761 1370 795 inter
1393 761 1420 794 se
1444 761 1595 804 parallelo
1619 760 1836 794 descendentes
1857 784 1869 800 ,
1892 759 2006 804 ibique
2023 771 2075 801 per
2098 760 2147 791 in·

1149 814 1269 836 ternam
1292 804 1427 838 urethrae
1453 804 1566 838 faciem
1588 813 1729 837 extantes
1752 828 1758 835 .
1794 803 1901 837 Testes
1919 826 1930 842 ,
1962 804 2062 845 iiique
2085 804 2147 835 cir-

1149 846 1312 889 cumjeetae
1336 849 1474 885 tunicae,
1496 848 1664 891 ipsumque
1688 848 1785 881 adeo¹
1798 846 1937 881 scrotum
1961 845 1998 879 ab
2019 845 2148 878 inflam-

1151 892 1291 922 matione
1324 892 1356 924 in
1380 902 1580 933 gangraenam
1612 891 1797 932 vergebant.
1932 889 2072 930 Pestoris
2097 896 2148 924 tu-

1152 944 1224 965 mor
1247 933 1428 977 priusquam
1452 934 1599 978 scalpello
1622 937 1852 977 attingeretur,
1876 945 1891 964 a
1915 932 2144 975 mediligenter

1152 976 1327 1017 tractatus,
1350 979 1483 1011 omnino
1516 977 1597 1011 visus
1621 978 1662 1010 est
1684 977 1748 1010 fieri
1773 977 1813 1010 ab
1848 978 1916 1009 imo
1938 975 2029 1009 sterni
2053 973 2115 1009 osse
2139 998 2150 1014 ‚

1152 1023 1184 1053 &t
1217 1019 1256 1051 ab
1292 1022 1418 1054 annexis
1449 1020 1646 1054 dexterarum
1677 1021 1832 1053 costarum
1872 1019 2114 1061 cartilaginibus
2137 1041 2148 1057 ‚

1151 1062 1350 1103 extrorsum,
1371 1075 1563 1106 quaecunque
1585 1062 1758 1106 impulisset
1783 1061 1875 1108 causa
1885 1063 1954 1103 plus
1977 1074 2072 1104 quam
2095 1062 2149 1096 de-

1151 1113 1232 1138 ceret
1254 1127 1262 1141 ‚
1294 1108 1432 1140 curvatis
1455 1131 1461 1138 .
1498 1108 1568 1138 Nec
1592 1119 1639 1139 mc
1672 1106 1788 1138 falsum
1811 1105 1959 1138 dissec‘tio·
1976 1104 2111 1138 ostendit
2135 1128 2148 1146 ‚

1151 1160 1220 1191 quae
1244 1151 1273 1181 &
1309 1148 1375 1191 ejus
1399 1159 1574 1184 curvatura:
1608 1149 1729 1182 causam
1753 1148 1864 1182 docuit
1888 1158 1951 1180 non
1983 1148 2035 1180 illi
2057 1147 2150 1183 fuiss'e

1151 1192 1202 1229 0OE
1226 1215 1238 1232 ‚
1272 1192 1372 1235 iisque
1394 1193 1637 1235 cartilaginibus
1669 1194 1828 1226 continuo
1862 1190 2066 1233 subjectam,
2097 1191 2148 1225 secl

1148 1234 1261 1281 prpcul
1284 1235 1375 1269 fitam
1398 1237 1431 1269 in
1455 1235 1519 1278 ipsa
1544 1236 1683 1269 thoracis
1697 1237 1817 1279 Spina,
1839 1237 1958 1278 quippe
1980 1233 2071 1276 cujus
2084 1245 2148 1269 non

1150 1278 1207 1311 esle
1230 1280 1402 1313 naturalem
1427 1278 1559 1321 figuram
1579 1303 1591 1319 ,
1624 1278 1847 1320 conspeximus
1872 1302 1879 1309 .
1913 1277 1972 1311 Sed
1996 1279 2081 1320 prius
2114 1279 2149 1311 in

1128 1321 1279 1359 ,thorace
1304 1322 1371 1355 haec
1381 1323 1561 1363 *dumtaxat
1585 1322 1791 1357 adnotatione
1812 1322 1909 1365 digna
1941 1320 2150 1364 deprehendi-

1149 1377 1237 1401 mus,
1263 1369 1296 1399 in
1321 1365 1498 1408 pericardio
1520 1366 1681 1401 turbidam
1707 1376 1819 1408 aquam
1844 1376 1907 1398 non
1933 1376 2085 1405 paucam:
2111 1365 2151 1399 ad

1150 1409 1270 1451 lingula
1301 1409 1406 1443 cordis
1438 1409 1515 1442 ostia
1551 1410 1717 1453 polyposas
1751 1409 1970 1442 concretiones
1991 1432 1999 1446 ,
2035 1408 2118 1442 albas
2139 1432 2149 1447 ,

1151 1451 1348 1495 majoresque
1372 1455 1405 1485 in
1430 1453 1602 1493 auriculis,
1626 1455 1721 1487 exiles
1743 1453 1777 1486 in
1803 1452 1944 1485 arteriis:
1971 1462 2025 1494 per
2036 1454 2149 1485 Aortae

1147 1497 1334 1529 interiorem
1356 1496 1471 1529 faciem
1484 1495 1615 1539 disjecta
1627 1497 1681 1530 hic
1694 1496 1763 1530 illic
1787 1506 1903 1537 parva,
1928 1493 2056 1534 albida,
2078 1494 2152 1529 sub-

1150 1539 1283 1573 rotuncla
1314 1566 1322 1579 ‚
1355 1539 1494 1573 nondum
1532 1549 1636 1572 tamen
1659 1540 1736 1573 dura
1757 1562 1769 1579 ,
1803 1537 1871 1571 offis
1895 1537 2118 1571 inchoamenta
2142 1564 2152 1579 ,

1148 1594 1185 1614 eo
1206 1583 1364 1616 crebriora
1388 1607 1401 1623 ‚
1434 1594 1497 1625 quo
1520 1583 1610 1616 cordi
1643 1584 1777 1625 propior
1799 1589 1864 1614 erat
1888 1582 2000 1614 arteria
2025 1592 2032 1613 :
2067 1581 2148 1625 septi

1150 1625 1334 1659 Transverfi
1357 1625 1427 1658 vasa
1450 1626 1497 1658 vel
1523 1627 1655 1659 minima
1677 1637 1741 1659 non
1766 1624 1849 1660 secus
1862 1634 1954 1668 atque
1979 1625 2018 1657 ab
2041 1628 2153 1658 anato-

1154 1671 1234 1702 mica
1259 1668 1433 1711 injectione
1455 1691 1464 1706 ‚
1497 1681 1512 1702 a
1535 1669 1683 1711 sanguine
1706 1671 1739 1703 iu
1765 1670 1804 1701 iis
1830 1679 2006 1702 remorante
2028 1669 2155 1712 conspi-

1150 1723 1229 1745 cua.
1363 1714 1476 1746 Cranii
1500 1711 1639 1753 fornice,
1663 1717 1694 1746 &
1719 1711 1855 1754 subjecta
1878 1710 1986 1745 Craffa
2012 1713 2156 1756 meninge

1153 1756 1309 1798 ademptis
1342 1779 1351 1794 ,
1391 1768 1496 1798 paucae
1523 1755 1609 1789 effusi
1644 1757 1802 1800 sanguinis
1835 1765 1935 1798 guttae
1970 1755 2062 1798 supra
2087 1758 2155 1790 Te-

1152 1811 1245 1833 nuem
1270 1802 1448 1842 meningem
1470 1800 1524 1833 sub
1547 1801 1664 1832 vertice
1688 1799 1864 1842 conspectae
1890 1800 1962 1834 sunt
1986 1810 2085 1842 prope
2107 1801 2153 1832 la-

1151 1852 1202 1876 tus
1238 1841 1392 1877 fimstrum
1415 1843 1678 1886 Longitudinalis
1700 1843 1781 1877 linus
1808 1856 1815 1876 .·
1850 1843 1920 1876 vasa
1945 1853 2050 1876 autem
2084 1855 2156 1887 quae

1152 1898 1206 1929 per
1230 1886 1357 1920 eandem
1392 1886 1472 1919 hanc
1497 1888 1676 1929 meningem
1696 1911 1707 1927 ,
1740 1885 2001 1929 hemisphaerium
2032 1888 2157 1920 cerebri

1151 1930 1315 1964 dexterum
1339 1930 1581 1964 convestientem
1596 1953 1604 1967 ‚
1630 1931 1794 1973 reptabant
1814 1953 1823 1968 ‚
1857 1930 1945 1963 valde
1969 1940 2056 1964 erant
2088 1930 2157 1964 san-

1151 1976 1246 2015 guine
1270 1973 1427 2013 distenta,
1450 1976 1481 2007 ἃ
1506 1975 1698 2017 nigricantia
1714 2000 1721 2007 .
1747 1976 1784 2006 In
1809 1973 2005 2008 anfrac'trbus
2037 1975 2157 2009 cerebri

1150 2017 1252 2052 totius
1284 2017 1445 2059 stagnabat
1481 2030 1558 2061 aqua
1581 2018 1679 2051 ferme
1710 2017 1843 2060 limpida
1866 2041 1873 2048 .
1909 2019 1947 2050 In
1970 2019 2156 2053 ventriculis

1151 2072 1237 2103 aquae
1260 2062 1317 2093 vix
1341 2060 1482 2103 aliquid.
1509 2063 1555 2095 At
1580 2062 1682 2095 multa
1707 2061 1742 2095 ad
1766 2073 1917 2103 magnum
1929 2063 2079 2104 occipitis
2104 2062 2156 2097 fo-

1150 2114 1256 2136 ramen
1281 2103 1321 2137 sic
1347 2114 1382 2137 ut
1407 2110 1544 2146 pronum
1567 2103 1638 2139 esset
1662 2105 1839 2147 intelligere
1860 2128 1869 2143 ,
1893 2104 1968 2138 illac
1992 2107 2024 2138 in
2049 2108 2154 2150 Spinae

1152 2147 1266 2181 tubum
1290 2158 1353 2182 non
1378 2146 1514 2182 defluere
1538 2160 1601 2182 non
1626 2146 1783 2192 potuisse,
1807 2160 1845 2181 ex
1856 2161 1921 2192 quo
1946 2150 2051 2193 reapse
2075 2162 2155 2184 mox

1152 2189 1282 2223 effluxit
1303 2216 1316 2232 ,
1349 2203 1423 2224 cum
1447 2192 1540 2234 Spina
1566 2192 1603 2226 ad
1627 2194 1726 2226 imam
1750 2191 1892 2226 thoracis
1918 2204 2040 2235 partem
2063 2192 2155 2228 diffe-

1153 2234 1202 2265 ἅτε
1228 2232 1290 2267 est.
1317 2236 1367 2269 Ibi
1392 2234 1461 2268 alba
1484 2238 1516 2269 ἅτ
1540 2235 1608 2269 sana
1630 2259 1639 2273 ,
1675 2245 1831 2279 quantum
1854 2235 1991 2278 judicari
2025 2246 2156 2280 poterat

1153 2276 1274 2315 oculis,
1302 2278 1447 2313 Medulla
1467 2288 1532 2311 erat
1547 2304 1554 2310 .
1580 2279 1703 2312 Habita
1727 2279 1905 2313 haecseftio
1929 2280 1971 2314 est
1993 2282 2077 2314 circa
2091 2294 2157 2315 me-

1152 2319 1243 2353 dium
1270 2322 1474 2362 Qnffllem
1505 2324 1547 2355 A.
1578 2333 1666 2366 1705.
1692 2324 1726 2355 in
1760 2323 1952 2356 Bononiensi
1986 2327 2152 2360 Incur'abi-

1152 2364 1233 2397 lium
1258 2365 1464 2398 Nosocornio
1488 2388 1497 2403 ‚
1529 2366 1712 2399 consecante
1743 2369 1814 2406 (ut
1839 2365 1900 2399 fere
1932 2368 1966 2399 in
1999 2369 2156 2413 plerisque

1152 2407 1224 2439 aliis
1249 2419 1325 2449 quas
1349 2410 1468 2442 ibidem
1491 2419 1508 2441 a
1529 2410 1621 2443 nobis
1645 2409 1771 2443 habitas
1794 2410 2076 2455 memorabimus)
2108 2414 2157 2447 A-

1151 2451 1238 2483 mico
1260 2452 1388 2492 nostro,
1413 2456 1445 2485 &
1468 2454 1501 2484 in
1525 2452 1763 2487 diffeffionibus
1786 2454 1931 2487 Alumno
1950 2478 1963 2495 ,
1987 2456 2074 2489 Viro
2098 2457 2153 2491 Cl.

1149 2494 1325 2527 Laurentio
1349 2496 1548 2533 Bonazolio‚
1573 2498 1628 2538 qui
1653 2506 1729 2530 tunc
1754 2496 1930 2531 adolescens
1955 2510 2081 2533 munere
2106 2501 2153 2533 ibi

1148 2536 1322 2585 Affistentis
1347 2538 1467 2572 Medici
1490 2538 1681 2581 fungebatur
1697 2564 1707 2579 ‚
1734 2540 1835 2583 postea
1860 2551 1964 2575 autem
1985 2565 1995 2580 ‚
2028 2555 2094 2587 quo
2117 2543 2156 2579 ad

1147 2582 1253 2621 vixit,
1277 2593 1313 2614 eo
1336 2581 1464 2616 functus
1489 2582 1551 2623 est,
1574 2586 1606 2616 &
1631 2586 1750 2618 merito
1772 2583 1925 2628 quidem,
1949 2587 1983 2618 in
2007 2589 2154 2623 Celeber-

1145 2625 1229 2657 rimo
1253 2625 1311 2657 illo
1334 2625 1513 2701 Giymnafio
1537 2649 1547 2664 ,
1579 2628 1667 2670 quod
1691 2626 1993 2664 Valsalva‘secando
2010 2655 2024 2672 ,
2058 2642 2154 2678 atque

1148 2665 1339 2701 ostendendo
1378 2670 1569 2704 ustinuerat.

1192 2713 1406 2762 rap-Pertinet
1444 2713 1574 2747 historia
1598 2713 1666 2749 haec
1698 2716 1736 2750 ad
1757 2718 1885 2752 morbos
1910 2719 2013 2762 plures
2036 2746 2043 2754 .
2079 2723 2151 2755 Pri-

1143 2754 1292 2806 m¹¹ln.³d
1314 2756 1426 2804 gibber
1444 2781 1456 2798 ,
1494 2769 1557 2804 non
1582 2758 1627 2791 ita
1650 2759 1729 2803 saepe
1758 2773 1792 2794 ea
1816 2761 1845 2796 se
1877 2771 1970 2795 aetate
1991 2763 2151 2799 ostendere

1142 2809 1322 2841 inmpiens:
1344 2810 1414 2842 quae
1438 2803 1555 2842 caula,
1576 2804 1716 2845 opinor,
1739 2803 1826 2845 fuit,
1849 2812 1905 2839 cur
1928 2806 1983 2840 illa
2008 2809 2148 2850 pectoris

1144 2842 1385 2877 intumescentia
1408 2846 1518 2878 multis
1539 2845 1759 2887 imposuerit‚‘
1774 2847 1856 2881 unde
1879 2859 1950 2883 orta
1961 2850 2059 2893 esset,
2084 2863 2148 2888 non

1145 2885 1388 2929 agnoscentibus
1410 2911 1419 2925 ‚
1446 2898 1545 2935 *atque
1568 2888 1644 2922 adeo
1668 2902 1704 2923 ne
1727 2890 1960 2934 suspicantibus
1983 2895 2112 2938 quidem
2138 2893 2152 2931 .”

1144 2931 1249 2972 Spinae
1273 2939 1379 2963 autem
1402 2933 1435 2963 in
1459 2932 1761 2974 latusvflexionemj
1778 2934 1806 2967 'si
1822 2947 1895 2969 vnon
1919 2948 1994 2972 tunc
2017 2935 2148 2983 ortam⁵²‚

1140 2983 1174 3006 at
1196 2983 1279 3007 certe
1304 2973 1393 3008 fuisse
1426 2984 1503 3009 tunc
1527 2976 1648 3009 auftam
1674 3000 1683 3015 ‚
1718 2989 1752 3011 ea
1775 2979 1913 3021 petftoris
1945 2993 2114 3018 curvatura

1138 3029 1209 3060 quae
1233 3026 1320 3050 antea
1344 3029 1407 3050 non
1430 3024 1518 3059 erat,
1540 3019 1614 3052 satis
1635 3021 1750 3063 probat
1765 3027 1778 3054 .·’
1798 3018 1890 3056 Num
1905 3036 1980 3060 vero
2004 3027 2042 3060 ab
2054 3010 2149 3070 ictu:

1139 3073 1155 3093 a
1178 3060 1271 3101 casu,
1294 3073 1308 3092 a
1332 3071 1456 3111 conatu
1474 3062 1583 3109 aliquo
1607 3066 1717 3107 potius
1741 3077 1836 3109 quam
1860 3079 1877 3100 a
1899 3070 1993 3109 causa
2015 3072 2141 3109 interna

1137 3103 1342 3147 repetendum
1376 3104 1473 3138 fuerit
1496 3117 1562 3149 ejus
1595 3108 1742 3142 flexionis
1764 3111 1897 3144 initium
1914 3136 1928 3154 ‚
1960 3121 2014 3147 aut
2038 3109 2143 3152 inc-re-

1137 3157 1301 3185 mentum‚
1325 3151 1481 3182 incertum
1504 3149 1564 3183 est.
1643 3186 1645 3193 χ
1700 3152 1839 3195 Pertinet
1861 3155 1975 3188 deinde
2007 3152 2153 3195 historias

1138 3190 1176 3224 ad
1199 3191 1445 3241 dorsi-*dolorem
1465 3215 1474 3230 ,
1502 3195 1545 3233 in
1564 3194 1847 3239 flexionem‘illam
1871 3197 1934 3240 jam
1964 3201 2060 3233 nimis
2084 3196 2140 3236 au-

1137 3234 1220 3283 ctam
1246 3236 1475 3284 rejiciendum,
1498 3236 1625 3272 fortasse
1661 3242 1693 3272 δε
1717 3241 1751 3273 in
1774 3253 1886 3284 aquam
1909 3241 2024 3284 illam,
2044 3243 2139 3279 sicuti

1136 3288 1169 3309 in
1193 3279 1289 3311 11m111
1313 3278 1420 3312 dolore
1446 3281 1612 3323 Wepferus
1635 3287 1648 3322 (
1672 3282 1725 3325 b)
1748 3284 1889 3325 censuit,
1910 3297 1980 3328 quae
2004 3290 2037 3321 in
2063 3289 2140 3330 Spi-

1135 3331 1183 3353 nae
1207 3321 1286 3355 tubo
1309 3323 1460 3369 crescebat
1482 3348 1491 3355 .
1525 3327 1589 3359 Cui
1615 3338 1702 3367 aquae
1725 3326 1819 3367 facile
1851 3337 1978 3364 artuum
2002 3328 2148 3364 inferio--v

1135 3374 1205 3397 rum
1240 3366 1415 3407 paralysim
1450 3375 1485 3401 ut
1519 3369 1651 3411 paralysi
1679 3378 1793 3403 ‘nervos
1824 3377 1950 3414 quoque
1985 3374 2135 3407 afficienti

1134 3416 1204 3453 raum
1224 3411 1277 3455 qui
1303 3420 1423 3443 carnece
1444 3410 1548 3444 veiicae
1572 3412 1783 3454 membmnae,
1806 3422 1876 3449 tum
1899 3416 2012 3450 deinde
2038 3421 2134 3452 &eos

1134 3452 1260 3501 iortasse
1282 3454 1338 3495 qui
1364 3453 1486 3499 renibus
1508 3466 1546 3488 ex
1569 3465 1656 3497 parte
1676 3456 1866 3498 inserviunt,
1891 3461 2014 3503 gemina
2029 3453 2136 3496 ischuss

1132 3505 1177 3527 ria
1202 3506 1325 3538 accepta
1361 3498 1519 3532 reserenda
1542 3499 1583 3532 est
1600 3522 1613 3538 ,
1647 3498 1751 3534 vesica?
1783 3501 1932 3536 videlicet
1955 3504 2096 3545 primum
2119 3528 2131 3544 ‚

1133 3539 1237 3580 postea
1261 3543 1293 3572 &
1316 3550 1425 3573 renum
1446 3551 1456 3578 3
1488 3541 1524 3574 hi
1548 3554 1681 3585 namque
1702 3542 1737 3576 ‘fi
1773 3543 1862 3579 suum
1893 3547 1982 3589 plane
2015 3559 2132 3582 munus

1137 3584 1249 3625 exequi
1273 3582 1382 3616 diebus
1406 3584 1529 3618 ultimis
1554 3585 1752 3628 perrexissent
1773 3600 1787 3628 ‚·
1822 3590 1916 3632 longe
1939 3591 2041 3634 major
2065 3593 2132 3626 uri-

1138 3636 1184 3658 nae
1218 3628 1265 3659 vis
1297 3628 1329 3659 in
1363 3626 1459 3660 vefica
1490 3640 1609 3672 reperta
1643 3629 1732 3664 esset.
1864 3633 1920 3668 Ad
1953 3646 2000 3669 eas
2032 3636 2136 3677 igitur

1746 3680 1749 3685 '
1986 3673 2090 3712 iscliu-

145 3801 159 3831 (
175 3800 187 3825 ὃ
202 3801 217 3831 )
234 3803 290 3829 Vid.
310 3803 434 3833 sepulchr.
454 3806 486 3829 T.
507 3811 527 3832 ι,
543 3807 566 3830 S.
584 3813 619 3836 ¹6-
637 3804 663 3829 in
679 3806 760 3832 schor.
778 3810 808 3833 ad
823 3809 882 3835 οὓς,
900 3818 921 3839 3,
