2498 4075
3 259 7 270 ν’
48 275 108 295 μ..
395 232 398 235 ’
484 234 635 303 Epist.
669 235 831 290 Anat.
864 236 1078 292 Medica
1114 235 1229 292 ΠΙ.-
1249 236 1371 291 Art.
1389 236 1470 292 28.
1489 236 1735 305 ²93&30·'

98 313 187 363 quod*
200 315 312 349 cortice
327 321 416 348 tenus
439 313 584 360 offensum
587 312 714 357 fuerit,
739 315 834 358 illaesa
856 317 1021 354 medullari
1025 318 1100 362 sub.

89 355 206 403 stantia
230 370 243 397 ;
274 369 365 400 quam
387 357 442 392 ubi
461 359 579 392 vitium
601 359 714 400 attigit
736 383 748 399 ‚
773 360 859 403 fatis
880 364 1101 397 concedendum

89 395 161 440 fult
184 425 192 433 .
226 402 261 434 Si
285 406 369 435 enim
394 400 631 436 leftaesuissent
657 402 720 434 illae
744 402 996 439 Observationes
1019 418 1030 445 ς
1061 418 1101 440 ex

94 452 204 489 earum
228 455 292 477 non
318 446 426 488 paucis
449 446 619 488 cognitum
642 444 738 483 esset,
763 457 827 480 non
840 447 936 480 modo
960 460 1037 483 num
1050 453 1099 483 vi-

94 492 179 518 tium
206 486 245 520 ad
269 489 478 522 medullarem
504 488 709 522 substantiam
733 500 798 523 non
809 491 999 532 pervenisset
1014 519 1022 533 ,
1046 505 1098 526 ve-

93 538 167 576 rum
193 533 290 564 etiam
316 543 391 565 num
428 532 589 565 corticalis
612 531 780 566 dumtaxat
813 532 996 569 substantiae
1019 547 1097 579 por-

91 578 143 603 t¹0
158 594 173 613 2
194 582 229 607 ut
252 575 286 607 in
310 575 370 608 illo
394 575 478 619 apud
503 575 687 609 Platnerum
709 576 856 610 cerebelli
871 579 1019 619 vulnere,
1042 579 1097 613 de-

89 616 192 663 trac‘ta
216 616 294 651 esset
312 642 321 652 .
344 619 402 652 Sed
426 627 462 651 tu
486 628 602 660 praeter
624 619 694 652 illas
709 641 719 656 ‚
743 620 862 662 poteris
885 621 1037 663 quasdam
1061 633 1096 656 a-

88 656 148 691 has
171 659 242 693 sane
267 661 420 696 mirificas
443 662 546 703 legere
570 662 653 704 apud
677 663 876 696 Mattianum
900 667 913 702 (
935 675 955 697 u
978 669 989 703 )
1012 688 1024 705 ,
1055 677 1095 700 ex

88 711 156 742 quo
179 713 297 754 nemo,
320 706 408 748 quod
434 705 654 743 meminerim,
678 705 780 740 adhuc
804 705 955 747 produxit
972 730 980 744 ‚
1005 708 1094 742 alias-

87 755 150 785 que
185 756 264 782 1tem
296 748 384 789 apua
412 747 605 791 Wepferum
627 751 641 788 (
663 759 685 782 x
708 753 719 787 )
742 770 752 785 ‚
784 751 815 782 &
848 749 1093 785 Saltzmannum

86 789 143 829 (y
168 792 207 829 );
233 801 268 825 ut
291 794 366 825 alias
389 791 489 824 modo
513 801 716 834 praeterearn.
741 792 894 835 Quorum
908 791 962 827 hic
986 803 1093 829 tamen

88 842 157 865 non
181 833 268 868 secus
293 847 328 868 ac
351 834 498 868 Bohnius
519 857 530 874 ,
554 835 625 876 post
648 844 699 868 tot
723 835 887 869 recensitas
911 837 1093 880 ingentium

86 875 210 909 cerebri
229 879 404 917 'vulnerum
428 878 604 912 sanationes
626 901 634 914 ‚
657 878 803 911 cerebelli
827 880 956 914 vulnera
979 881 1094 916 diserte

90 921 212 962 excipit
234 924 255 960 (l
270 933 293 964 z
315 925 349 961 )‚
375 928 411 954 ut
431 928 504 963 pote
528 931 591 962 quae
607 920 729 963 semper
752 922 795 954 (φ’
818 921 954 964 absolute
968 920 1092 965 funesta

89 960 146 1004 effe
162 986 174 1002 ,
197 965 387 1006 experientia
409 963 605 1005 comprobat3
632 964 801 1006 Wepferus
826 975 931 1001 autern
956 968 997 1000 fic
1020 969 1092 1002 illas

88 1005 248 1046 absolvit,
272 1019 307 1041 ut
331 1018 403 1040 cum
426 1007 553 1049 globuli
579 1007 719 1049 plumbei
735 1006 956 1049 trajeetionem
980 1011 1014 1042 in
1026 1023 1091 1044 uno

87 1060 144 1092 per
168 1051 332 1084 cerebrum
350 1077 360 1092 ‚
382 1052 415 1083 in
442 1052 541 1083 altero
565 1062 619 1092 per
642 1051 855 1091 cerebellum,
879 1054 1090 1088 &cerebrum

88 1104 269 1131 memoret;
293 1096 387 1128 illum
410 1095 541 1136 quidem
562 1094 656 1135 paulo
675 1094 760 1135 poss,
784 1092 869 1128 hunc
894 1107 970 1129 vero
988 1100 1090 1137 proti.

86 1147 145 1170 nas
168 1138 347 1172 extintfffflm
370 1146 498 1171 narret.
630 1138 766 1177 Quanto
791 1138 894 1179 igitur
914 1141 946 1171 &
970 1142 1089 1181 citius,

85 1182 118 1213 &
140 1182 258 1215 certius
279 1181 455 1220 cerebelli,
478 1191 574 1223 quam
598 1180 718 1214 cerebri
742 1181 871 1215 vulnera
884 1180 1005 1216 soleant
1030 1183 1089 1218 esse

26 1263 31 1269 λ
84 1223 219 1257 lethalia
243 1248 252 1264 ‚
284 1224 359 1258 satis
383 1235 398 1256 a
423 1225 517 1257 nobis
540 1223 767 1256 confirmatum
789 1223 851 1257 est.
986 1227 1088 1262 Nunc

19 1272 33 1309 ζ,
81 1266 125 1300 ad
149 1267 269 1302 nostras
292 1268 349 1302 fiffi
371 1289 381 1305 ‚
415 1266 549 1302 fraffive
571 1268 671 1300 cranii
695 1264 948 1307 Observationes
981 1273 1090 1306 venia-

85 1321 179 1344 mus.

127 1354 179 1387 28.
204 1354 368 1388 VIRGO
392 1364 550 1387 annorum
572 1354 802 1396 septemdecim
824 1377 834 1392 ,
858 1356 973 1397 pallidi
998 1356 1090 1391 colo-

36 1420 37 1423 =
78 1401 151 1437 ris,
173 1409 248 1432 curn
273 1408 414 1432 amatore
436 1408 578 1439 quocum
603 1407 748 1432 vetuerat
773 1407 861 1440 pater
884 1422 897 1439 ,
929 1399 1018 1435 forte
1041 1401 1090 1433 lo-

80 1443 258 1486 quebatur.
284 1441 464 1474 Intervenit
489 1440 543 1475 hic
566 1440 605 1474 de
628 1441 831 1484 improviso,
855 1451 951 1485 atque
963 1453 997 1477 ut
1022 1453 1088 1477 erat

80 1485 306 1524 truculentus,
335 1496 392 1518 nec
416 1485 552 1518 omnino
578 1484 726 1525 sobrius,
749 1483 851 1518 crasso
876 1496 1004 1528 arrepto
1038 1486 1089 1519 fu-

77 1529 124 1564 ste
145 1539 217 1563 cum
231 1528 399 1562 brachium
415 1553 422 1567 ,
447 1536 525 1561 tum.
543 1527 719 1569 praesertim
743 1537 838 1570 caput
850 1527 925 1562 filiae
947 1530 1088 1565 caeditea

25 1594 28 1597 »
78 1573 306 1612 vehementia,
330 1581 364 1605 ut
388 1569 481 1605 fustis
504 1581 694 1612 rumpatur·
720 1572 772 1605 Sic
797 1572 962 1606 vulnerata
987 1599 996 1614 ,
1028 1572 1089 1607 ho-

76 1619 123 1650 ris
147 1616 214 1658 post
237 1624 376 1658 quatuor
399 1613 542 1647 defertur
565 1615 598 1646 in
623 1613 824 1648 Bononiense
847 1614 1088 1651 Nosocomium

76 1661 109 1693 S.
136 1660 249 1693 Mariae
272 1658 310 1691 de
336 1658 464 1691 Morte.
490 1656 771 1699 Interrogantibus
796 1668 859 1691 non
886 1657 1053 1701 respondet
1078 1683 1087 1697 ‚

76 1703 235 1746 pulsuque
258 1702 300 1734 est
322 1700 440 1734 humili
465 1701 544 1733 adeo
566 1722 575 1736 ,
600 1710 636 1733 ut
660 1699 844 1743 sanguinem
870 1702 997 1736 mittere
1023 1713 1089 1737 non

80 1746 236 1780 audeant.
261 1746 346 1778 Leve
369 1742 494 1777 brachii
521 1743 635 1776 vulnus
659 1753 723 1777 erat
747 1766 757 1781 ‚
791 1744 905 1786 capitis
928 1755 1032 1780 autem
1059 1751 1091 1780 Sc

78 1790 195 1832 plura,
219 1791 250 1822 &
273 1788 384 1830 gravia
399 1812 406 1826 ‚
432 1788 466 1820 in
492 1786 541 1819 his
563 1787 784 1828 graviffimum
807 1789 955 1822 omnium
970 1800 1089 1826 unum,

78 1833 168 1875 quod
195 1835 225 1866 &
251 1833 414 1873 praecipuo
438 1830 549 1863 dolore
574 1829 695 1863 afficere
720 1830 917 1870 videbatur,
941 1843 1022 1874 pone
1035 1845 1090 1867 au-

74 1887 146 1909 rem
171 1875 326 1909 finistram
354 1899 363 1914 ,
398 1883 435 1908 ex
457 1885 519 1916 qua
554 1873 621 1916 ipsa
643 1873 748 1916 postea
781 1872 934 1908 effluebat
958 1876 1056 1909 sanies
1080 1890 1088 1911 :

78 1930 143 1961 qua
168 1930 233 1953 non
256 1919 399 1952 multum
424 1916 596 1950 madebant
620 1918 752 1950 vulnera
774 1942 783 1950 .
818 1919 910 1950 Intra
936 1917 1002 1952 dies
1024 1921 1090 1953 cir-

76 1963 159 1996 citer
182 1972 324 2006 quatuor
348 1971 432 2003 aegra
455 1960 577 2002 coepit,
602 1960 799 2002 interrogata
824 1985 833 1999 ‚
867 1960 1055 2002 respondere
1078 1975 1089 2001 ;

79 2005 134 2039 sed
158 2017 195 2039 ut
219 2006 398 2047 plurimum
424 2004 482 2036 vix
505 2014 625 2044 pauca,
648 2013 683 2036 ut
709 2013 787 2044 puta
812 2014 951 2045 negans,
977 2015 1031 2040 aut
1056 2018 1090 2038 a-

76 2048 170 2091 jens.
197 2049 335 2082 Interim
359 2046 530 2080 vehemens
552 2069 562 2084 ,
596 2044 810 2089 frequensque
834 2046 871 2080 fit
896 2047 1001 2090 pulsus
1025 2073 1037 2090 ‚
1060 2052 1090 2082 ὃ(

78 2091 182 2125 febris
204 2091 475 2125 animadvertitur
498 2089 649 2132 quotidie
664 2089 848 2131 vespertino
873 2099 1019 2134 tempore
1035 2105 1091 2127 au.

76 2136 228 2178 gescere.
255 2137 344 2168 Tum
370 2133 526 2167 menstrua
549 2134 699 2174 purgatio
723 2133 910 2174 tempestive
934 2136 1055 2169 acceffit
1083 2150 1091 2168 :

81 2190 142 2213 nec
166 2178 204 2212 ad
230 2188 371 2212 mortem
394 2177 495 2218 usque
521 2176 718 2209 intermisit:
746 2187 816 2218 quae
840 2180 1007 2220 perpaucis
1018 2179 1090 2221 posi:

79 2223 194 2257 diebus
219 2221 357 2259 sensim,
387 2223 416 2254 δέ
440 2219 564 2260 placide
576 2221 681 2252 secuta
704 2221 771 2257 est,
797 2219 965 2263 postquam
991 2221 1090 2256 febris

51 2265 171 2300 ⁴'semel
197 2265 365 2298 dumtaxat
391 2288 399 2302 ‚
432 2263 530 2305 idque
553 2263 665 2296 triduo
696 2271 771 2296 ante
793 2263 923 2297 obitum
950 2290 958 2302 ,
990 2266 1054 2299 levi
1079 2288 1088 2303 ‚

74 2310 235 2352 *brevique
268 2319 342 2342 cum
366 2305 488 2348 frigore
525 2306 694 2347 ingruerat
711 2330 718 2337 .
852 2308 1089 2343 CADAVER

76 2353 177 2395 hujus
204 2353 355 2394 Virginis
379 2350 461 2383 mihi
487 2351 528 2382 A.
556 2359 652 2391 1704.
676 2350 710 2382 in
735 2349 925 2391 genitalium
949 2354 1088 2393 partium

78 2397 224 2429 examine
248 2396 428 2438 plurimum
451 2393 610 2430 versanti,
634 2393 772 2434 perutile
795 2394 878 2426 inter
893 2394 952 2426 alia
977 2399 1007 2429 ἃ
1024 2398 1087 2429 vira

74 2441 192 2482 ginum
220 2463 230 2479 ,
265 2442 296 2471 δι
321 2439 493 2471 mulierum
516 2435 581 2469 fuit
615 2436 653 2469 ad
679 2447 713 2468 ea
738 2435 918 2478 indaganda
953 2449 1024 2480 qua:
1047 2439 1087 2473 de

76 2483 218 2525 hymene
243 2503 252 2518 ,
287 2482 324 2514 de
349 2482 484 2514 uterinae
507 2480 642 2512 cervicis
667 2480 803 2524 valvulis
826 2503 838 2519 ,
871 2480 910 2513 de
934 2483 1086 2517 menstrui

75 2526 245 2568 sanguinis
268 2524 414 2558 fontibus
427 2544 440 2564 =,
465 2523 598 2566 aliisque
622 2523 851 2564 ejusdemmodi
876 2526 908 2556 in
934 2527 958 2557 I.
984 2526 1087 2568 postea

77 2568 283 2603 Adversariis
306 2568 486 2611 proposui.
513 2568 543 2599 Is
566 2567 693 2608 sanguis
718 2590 726 2604 ,
758 2566 813 2599 etsi
837 2566 955 2605 fluere,
982 2578 1016 2603 ut
1038 2570 1086 2603 di.

76 2615 112 2647 §ti
137 2636 146 2650 ,
180 2612 217 2646 ad
241 2622 381 2644 mortem
405 2611 502 2652 usque
528 2621 591 2642 non
615 2609 833 2643 intermiserat
857 2633 869 2650 ,
894 2620 1024 2650 tamen,
1049 2623 1085 2647 ut

74 2658 184 2690 multo
207 2656 325 2688 lentius
349 2664 495 2688 extremo
519 2662 663 2696 tempore
678 2654 847 2695 prodibat,
874 2654 906 2686 in
920 2655 1005 2688 craffi
1029 2668 1086 2692 cv-

75 2700 178 2733 lindri
202 2697 342 2732 formam
365 2699 451 2730 intra
474 2698 645 2739 vaginam,
669 2698 814 2739 uterique
837 2700 997 2732 cervicem
1020 2694 1084 2733 nou

76 2742 167 2776 secus
204 2754 238 2774 ac
263 2741 340 2774 solet
373 2741 487 2773 vitreis
512 2740 589 2773 vafis
612 2752 651 2773 ex
675 2740 774 2773 incisa
798 2750 876 2774 vena
899 2751 1049 2778 exceptus
1072 2766 1082 2781 ,

79 2792 313 2823 concreverat,
334 2782 543 2825 osculumque
567 2785 671 2824 uteri,
696 2787 727 2816 &
741 2786 920 2822 cervicem
944 2781 1001 2818 nsfi
1018 2785 1085 2819 for-

78 2838 112 2862 te
136 2828 168 2861 id
194 2828 318 2860 tribuas
342 2827 479 2860 naturali
503 2838 539 2859 eo
564 2836 707 2869 tempore
729 2828 861 2861 illarum
885 2830 1025 2870 partium
1040 2830 1085 2862 la-

79 2872 178 2907 xitati
202 2885 211 2908 5
247 2869 387 2904 dilatasse
411 2869 581 2902 videbatur
605 2894 612 2902 .
651 2870 766 2912 Neque
788 2872 822 2903 in
854 2871 1085 2914 easanguinca

78 2915 288 2949 concretione
312 2924 382 2955 pars
405 2914 542 2946 omnino
564 2912 670 2945 deerat
695 2912 825 2947 subalba
851 2938 858 2945 .
894 2915 951 2948 Sed
978 2918 1084 2957 paucis

78 2959 235 2993 adnotare
260 2955 385 2999 praestat
409 2956 487 2998 quid
510 2958 544 2989 in
567 2954 671 2989 fundo
695 2958 799 2994 uteri,
825 2959 856 2990 &
879 2958 1011 2992 testibus
1027 2970 1082 3000 pe-

76 3002 199 3038 culiare
223 2998 503 3033 animadverterim
520 3024 528 3031 .
556 2999 648 3032 Illius
672 3001 811 3033 anterior
833 2999 932 3035 facies
954 3001 1081 3036 sulculis

76 3044 248 3088 inaequalis
270 3051 337 3075 erat
361 3043 464 3076 tribus
499 3051 553 3077 aut
576 3051 717 3085 quatuor
740 3043 911 3078 secundum
935 3042 1081 3088 longitu-

74 3091 188 3124 dinem
222 3086 327 3120 ductis
350 3111 359 3118 .
392 3086 505 3119 Testes
527 3095 634 3119 autem
668 3086 866 3121 convestiens
898 3088 1081 3123 membrana

74 3132 250 3168 nonnullas
274 3129 421 3171 parvulas
445 3130 532 3171 quasi
555 3130 720 3163 cicatrices
743 3130 928 3165 ostendebat
953 3144 960 3164 .·
1001 3144 1079 3174 quas

73 3178 162 3211 inter
186 3178 221 3209 in
248 3173 321 3206 teste
346 3173 447 3205 altero
469 3172 623 3214 quiddam
635 3174 783 3216 apparuit
807 3174 972 3208 ulcusculo
991 3175 1078 3209 suni-

74 3222 104 3254 le
126 3217 304 3263 inaequali‚
326 3218 357 3249 &
380 3215 488 3248 colore
511 3227 551 3249 ex
573 3217 657 3250 flavo
680 3217 898 3259 nigrescente.
924 3220 981 3252 Per
993 3217 1078 3253 fora-

74 3274 149 3297 men
171 3261 259 3305 quod
284 3258 344 3302 ipsi
367 3261 470 3292 inerat
493 3259 716 3298 manifestum,
740 3273 756 3293 a
779 3272 830 3294 me
855 3270 949 3296 tenue
967 3261 1078 3305 specil-

74 3308 142 3341 lum
167 3302 340 3340 demissum
363 3325 373 3340 ‚
405 3303 439 3334 iu
462 3302 608 3336 cellulam
633 3314 698 3337 non
723 3305 869 3346 exiguam
893 3328 905 3345 ,
939 3306 988 3339 sed
1011 3307 1078 3340 ina.

73 3361 166 3386 nem,
191 3345 356 3383 descendit
380 3370 387 3377 .
413 3343 568 3379 Veficulae
592 3356 699 3380 autern
723 3359 794 3390 quse
817 3348 866 3382 his
889 3350 923 3381 in
946 3349 1076 3384 testibus

74 3404 140 3426 non
164 3392 296 3426 deerant
312 3414 326 3431 ,
350 3389 421 3424 sero
445 3389 567 3429 plenae,
590 3401 661 3423 cum
686 3392 756 3432 post
780 3394 963 3426 coctionem
986 3392 1079 3427 disse-

75 3445 224 3471 carentur
247 3458 257 3473 ,
289 3434 371 3468 nihil
396 3432 576 3476 quidquam
608 3433 688 3467 mihi
710 3434 914 3469 ostenderunt
936 3439 1079 3471 concreti

75 3480 245 3516 humoris3
269 3478 321 3512 sed
345 3481 432 3512 intra
455 3473 685 3511 craffiusculam
711 3480 855 3512 tunicam
866 3481 1002 3513 omnino
1025 3491 1080 3513 va-

74 3534 173 3557 cuum
209 3523 310 3556 sinum
332 3547 340 3555 .
375 3521 501 3554 Verum
535 3517 604 3566 haec
638 3519 742 3563 postea
774 3524 884 3556 omnia
915 3523 1080 3565 conspeeta

76 3567 170 3600 sunt.
301 3566 409 3608 Caput
437 3575 515 3597 vero
539 3584 548 3600 ‚
582 3574 648 3604 Jarn
671 3574 760 3597 antea
784 3565 961 3608 perfectum
977 3588 984 3599 ,
1008 3569 1080 3601 vul-

76 3620 191 3643 nerum
214 3610 361 3642 omniurn
387 3609 550 3640 cinereum
574 3606 763 3650 foedumque
786 3609 927 3643 colorem
939 3609 1081 3645 ostende-

167 3652 332 3694 Morgagm'
343 3653 377 3685 de
390 3652 455 3685 Sed.
468 3651 510 3683 (φ
520 3649 608 3691 Caus.
621 3651 723 3684 Morb.
738 3653 837 3686 Tom.
848 3654 895 3684 II.

1152 327 1225 352 rat:
1248 319 1280 351 &
1301 317 1379 351 dum
1389 317 1455 359 eJ'us
1465 316 1706 351 detraherentur
1729 316 1951 358 integumenta
1964 321 1974 355 ¹,
1997 316 2081 351 foedi
2097 319 2154 352 alii

1152 362 1295 400 colores,
1320 363 1350 394 &
1373 363 1459 395 inter
1483 359 1541 394 hos
1565 362 1685 403 niger,
1707 359 1919 402 apparuerant
1944 383 1951 390 .
1976 360 2152 394 DeteRum

1152 406 1295 439 cranium
1320 403 1556 439 Lambdoidem
1589 404 1732 437 suturam
1755 402 1872 436 habuit
1903 402 2043 436 laxatam
2068 414 2078 440 ς
2113 403 2151 438 ad

1150 461 1222 482 eum
1248 458 1352 481 autern
1376 449 1485 481 locum
1509 447 1542 478 in
1566 458 1631 490 quo
1654 457 1737 488 pone
1761 456 1869 479 aurern
1893 444 2007 478 vulnus
2029 445 2151 488 gravis.

1149 492 1261 526 fimum
1284 490 1395 529 fuiffe,
1420 491 1584 529 diximus,
1611 500 1758 531 magnam
1782 486 1876 522 fraeti
1899 487 1970 521 offis
1994 499 2117 530 partem
2140 512 2152 528 ‚

1147 536 1187 568 ab
1211 536 1341 576 reliquis
1366 534 1443 567 adeo
1467 533 1639 573 sejunctam
1663 554 1672 570 ,
1705 543 1741 566 ut
1765 531 1855 566 nullo
1878 533 2011 573 negotio
2035 532 2151 566 leviter

1146 579 1329 612 trahentem
1354 577 1456 611 secuta
1480 576 1540 609 fit.
1564 576 1783 610 circumseeta
1804 596 1814 611 ‚
1837 577 1868 608 &
1890 576 1978 608 intus
2002 597 2013 614 ‚
2046 583 2154 608 extra-

1146 633 1208 663 que
1230 622 1372 663 inspefta
1395 620 1532 653 calvaria
1555 618 1676 652 fissuras
1700 617 1837 652 ostendit
1857 617 1956 654 duas,
1983 628 2150 660 utramque

1146 666 1290 698 tabulam
1315 664 1521 705 pervadentes
1544 684 1553 698 ,
1579 672 1715 703 quarum
1740 660 1919 702 longiffima
1944 661 1982 694 ab
2005 673 2044 694 eo
2067 661 2151 694 inci-

1146 709 1252 750 piebat
1284 709 1357 740 loco
1381 707 1438 740 ubi
1470 715 1584 748 magna
1608 704 1663 737 illa
1697 704 1837 738 fraStura
1859 701 1922 737 fuit
1946 729 1954 736 .
1986 706 2051 738 Cui
2076 705 2151 737 loco

1143 751 1337 794 respondens
1371 748 1506 783 inferior
1529 758 1600 790 pars
1633 746 1747 781 sinistri
1771 746 1893 779 cerebri
1928 746 2150 788 hemisphaerii

1143 804 1237 828 tanto
1262 794 1364 836 spatio
1385 801 1540 834 corrupta
1564 798 1632 824 erat
1656 812 1665 829 ‚
1689 799 1848 832 quantum
1871 789 2053 830 occupasset
2076 800 2150 831 par-

1144 849 1220 871 vum
1245 848 1399 881 pomum.
1422 837 1549 868 Caetera
1572 834 1644 868 sana
1667 832 1956 875 deprehendimus,
1982 832 2003 864 li
2024 833 2148 866 Duram

1144 879 1373 914 tantummodo
1397 879 1579 920 meningem
1589 877 1751 919 excipias,
1773 875 1960 919 quaelevern
1987 875 2146 917 quandam

1143 925 1231 965 quasi
1266 921 1484 966 ecchymofim
1509 921 1645 956 habebat
1677 931 1740 964 qua
1771 919 1913 962 longiori
1947 917 1998 951 illi
2032 917 2149 954 fissurae

1143 967 1286 1010 subjeeta
1310 968 1436 1001 fuerat.

1187 1023 1236 1051 29.
1265 1013 1380 1043 Praeter
1405 1010 1486 1043 hanc
1501 1034 1511 1049 ‚
1535 1008 1677 1051 aliasque
1700 1005 1834 1041 fortasse
1861 1030 1870 1047 ,
1904 1005 1994 1042 illam
2017 1007 2149 1047 quoque

1140 1055 1174 1087 in
1198 1053 1311 1088 eodem
1335 1052 1538 1086 Nosocomio
1561 1051 1736 1085 seffionem
1751 1050 1850 1084 habui
1874 1048 1935 1082 huc
1951 1049 2148 1081 attinentem

1140 1108 1212 1140 quae
1244 1096 1310 1138 jam
1336 1096 1410 1129 satis
1443 1096 1477 1127 in
1502 1094 1659 1137 Epistolis
1684 1095 1888 1127 Anatomicis
1926 1093 2083 1134 descripta
2106 1087 2151 1123 est

1141 1145 1153 1180 (
1177 1151 1194 1172 a
1217 1142 1252 1177 ).
1278 1140 1328 1172 Ex
1351 1150 1413 1182 qua
1437 1149 1512 1171 cum
1524 1140 1584 1171 alia
1607 1148 1680 1179 quae
1693 1136 1742 1170 his
1759 1161 1768 1176 ‚
1790 1139 1820 1169 &
1846 1136 2063 1177 superioribus
2074 1133 2150 1166 Lit-

1140 1184 1216 1217 teris
1241 1183 1362 1224 attigi,
1386 1192 1455 1215 tum
1479 1181 1559 1215 illud
1585 1179 1760 1222 praesertim
1783 1177 1967 1213 confirmari
1991 1176 2117 1219 videbis
2141 1197 2151 1212 ‚

1140 1224 1202 1260 esse
1233 1225 1407 1268 aliquando
1430 1222 1563 1258 effusum
1597 1224 1781 1265 sanguinem
1806 1232 1871 1255 non
1906 1222 1962 1254 ubi
1987 1221 2050 1254 ista
2077 1241 2086 1256 ‚
2119 1221 2152 1252 δέ

1140 1269 1208 1304 fissa
1232 1269 1371 1303 calvaria
1394 1267 1438 1301 est
1460 1289 1469 1305 ‚
1502 1266 1555 1301 sed
1579 1268 1666 1300 intra
1689 1265 1871 1308 oppositam
1904 1263 1970 1304 ejus
1994 1272 2117 1305 partem
2142 1284 2154 1297 ι

1270 1313 1369 1345 Nunc
1396 1311 1434 1345 ad
1459 1311 1584 1354 aliquot
1605 1312 1772 1343 Patavinas
1795 1306 1998 1342 diss‘efflones
2010 1304 2154 1339 transea-

1140 1366 1236 1397 mus,
1259 1356 1359 1389 initio
1383 1355 1423 1388 ab
1447 1366 1481 1388 ea
1503 1354 1626 1392 dueto,
1650 1353 1683 1385 in
1708 1364 1771 1395 qua
1795 1350 1904 1385 baculi
1932 1351 2053 1393 pariter
2076 1348 2152 1382 ίᾶἰ-

1139 1399 1199 1433 bus
1223 1399 1326 1434 fissam
1350 1398 1524 1431 calvariam
1548 1397 1773 1439 conspeximus
1790 1419 1798 1427 .

1183 1453 1237 1484 30.
1262 1441 1350 1475 VIR
1375 1441 1510 1483 quidam
1534 1451 1573 1473 ex
1596 1440 1729 1481 Liguria
1755 1438 1879 1474 luscus,
1904 1439 1935 1471 &
1962 1437 2153 1474 mendicus?

1141 1485 1248 1519 ebrius
1271 1496 1346 1518 cum
1371 1485 1441 1517 aliis
1464 1484 1561 1517 ebriis
1586 1482 1739 1519 mendicis
1763 1482 1907 1518 rixatus,
1933 1481 2019 1515 i&us
2043 1481 2083 1514 ab
2096 1479 2155 1513 ho-

1140 1540 1215 1562 rum
1238 1529 1360 1562 baculis
1384 1527 1496 1560 retulit
1517 1526 1598 1560 duos
1615 1548 1624 1563 ,
1647 1526 1750 1560 levem
1774 1523 1906 1567 quidem
1931 1525 1964 1556 in
1989 1535 2084 1558 manu
2108 1523 2157 1556 al—

1141 1581 1231 1610 tera,
1256 1581 1387 1614 gravem
1411 1578 1520 1603 autem
1545 1567 1584 1602 ad
1609 1580 1735 1609 tempus
1758 1567 1941 1604 sinistrum3
1969 1577 2005 1600 ut
2030 1580 2067 1601 ex
2080 1566 2154 1600 sub-

1139 1615 1219 1657 jeeta
1245 1627 1316 1649 aure
1340 1613 1466 1655 sanguis
1489 1612 1623 1646 exierit.
1650 1612 1733 1644 Mox
1758 1620 1862 1644 tamen
1897 1611 2072 1644 conciliata
2098 1621 2156 1652 pa-

1139 1671 1174 1692 ce
1190 1680 1199 1696 ,
1219 1659 1343 1693 ibidem
1367 1667 1441 1691 curn
1475 1655 1550 1698 ipsis
1574 1655 1613 1688 ad
1637 1655 1747 1698 ignem
1772 1653 1913 1687 considet
1939 1677 1948 1692 ,
1983 1654 2154 1696 multoque

1141 1703 1259 1735 iterum
1284 1701 1313 1734 se
1339 1701 1437 1741 vino,
1459 1697 1546 1743 quasi
1571 1698 1794 1740 redintegratae
1819 1697 1972 1732 amicitiae
1997 1700 2155 1740 pignore,

1144 1746 1330 1788 ingurgitat
1353 1758 1361 1777 ι
1402 1754 1460 1778 nec
1485 1742 1591 1776 multo
1627 1742 1697 1784 post
1723 1742 1779 1774 illa
1802 1741 1912 1774 eadem
1938 1743 2031 1774 noete
2056 1741 2157 1773 mori-

1142 1799 1215 1822 tur.
1350 1786 1591 1820 CADAVER
1615 1784 1767 1827 postridie
1790 1806 1801 1822 ‚
1836 1786 1984 1827 quamvis
2009 1793 2158 1817 extremo

1137 1832 1297 1876 Januario
1321 1832 1363 1863 A.
1391 1832 1484 1873 1746.
1508 1830 1604 1861 etiam
1629 1837 1699 1861 tum
1723 1828 1874 1868 calebat,
1896 1839 1970 1861 cum
1995 1837 2070 1860 ante
2096 1838 2158 1860 no-

1141 1876 1224 1909 &em
1250 1876 1283 1907 in
1307 1874 1524 1916 Gymnasium
1548 1873 1675 1906 illatum
1698 1871 1760 1906 est.
1786 1871 1854 1904 Ubi
1878 1882 1952 1905 cum
1971 1871 2157 1904 Anatomen

1140 1919 1288 1951 docerem
1304 1942 1312 1956 ,
1333 1916 1578 1960 insequentibus
1609 1915 1723 1949 diebus
1747 1914 1923 1958 perfeetum
1946 1913 2013 1956 fuit
2038 1925 2049 1952 5
2081 1915 2157 1948 ido-

1141 1972 1238 1994 neum
1261 1963 1349 1994 enim
1373 1961 1411 1994 ad
1437 1961 1587 2002 pleraque
1610 1967 1700 1995 erat;
1722 1957 1847 1993 tametfi
1864 1960 1901 1992 ad
1925 1958 2027 1991 imam
2038 1958 2157 1991 tibiam

1140 2004 1298 2038 sinistram
1322 2013 1388 2038 erat
1413 2004 1655 2042 exulceratum,
1679 2003 1824 2037 scrotum
1850 2011 1983 2038 autem,
2010 2001 2098 2044 quasi
2116 2002 2158 2035 ab

1141 2047 1345 2090 ecchymosi,
1374 2058 1412 2080 ex
1438 2047 1537 2080 rubro
1561 2046 1741 2080 violaceum
1766 2067 1775 2082 ‚
1799 2055 2009 2087 ventremque
2033 2047 2066 2078 in
2089 2046 2157 2087 pri-

1143 2093 1204 2124 mis
1229 2090 1367 2125 habebat
1389 2091 1572 2124 tumidum.
1598 2089 1785 2123 Abdomine
1810 2090 1895 2122 enim
1922 2088 2077 2126 diducto,
2103 2099 2158 2123 tu-

1143 2146 1266 2168 morem
1291 2148 1307 2168 a
1332 2135 1514 2168 ventriculo
1537 2133 1616 2172 esse,
1639 2143 1849 2175 compertum
1871 2131 1915 2166 est
1941 2154 1951 2170 ,
1985 2143 2081 2174 quem
2106 2135 2157 2166 vi-

1143 2189 1243 2217 num,
1268 2182 1298 2211 δε
1322 2189 1373 2211 aer
1396 2176 1619 2211 distendebant
1643 2178 1746 2215 adeo,
1771 2187 1806 2210 ut
1831 2177 1978 2218 magisin
2003 2177 2068 2209 alio
2088 2187 2155 2209 non

1143 2220 1377 2259 meminissem3
1399 2232 1475 2256 cum
1497 2222 1668 2260 intestina,
1692 2222 1819 2254 Tenuia
1834 2219 2033 2261 praesertim,
2056 2217 2155 2253 e'ss'ent

1140 2263 1240 2298 ferme
1263 2266 1368 2298 inania
1392 2278 1402 2302 3
1437 2273 1472 2298 ut
1496 2264 1610 2297 frustra
1633 2264 1732 2307 aliqui
1757 2285 1769 2302 ‚
1802 2273 1836 2297 ut
1861 2264 1894 2295 in
1918 2262 2053 2296 homine
2088 2274 2154 2296 non

1142 2308 1246 2341 multo
1258 2308 1327 2350 post
1352 2317 1474 2342 tantam
1487 2309 1556 2340 vini
1575 2308 1864 2349 ingurgitationem
1890 2316 2048 2346 mortuo,
2071 2306 2155 2349 chy-

1140 2351 1234 2385 lisera
1270 2353 1377 2395 aliqua
1400 2351 1527 2385 vascula
1559 2362 1613 2392 per
1637 2350 1785 2385 intestina
1809 2372 1821 2389 ³
1853 2353 1882 2383 ὃ(
1909 2348 2097 2383 mesaraeurn
2122 2351 2152 2384 se

1143 2394 1266 2428 visuros
1289 2419 1299 2433 ,
1334 2396 1528 2437 speraverint
1553 2407 1560 2425 :
1595 2405 1781 2437 quanquam
1806 2394 1904 2426 initio
1938 2393 2014 2426 dum
2041 2394 2151 2435 plenus

1139 2440 1238 2472 etiam
1264 2448 1336 2473 tum
1358 2439 1552 2473 ventriculus
1577 2449 1673 2471 manu
1696 2436 1909 2470 sinistrorsum
1923 2438 2151 2477 attolleretur,

1139 2482 1300 2525 plerisque
1324 2482 1478 2525 imposuit
1504 2493 1557 2524 per
1580 2481 1685 2523 ipsum
1699 2482 1840 2514 exterius
1865 2491 2021 2523 pergens,
2045 2482 2150 2523 paral-

1139 2526 1237 2559 lelum
1262 2525 1541 2568 gastroepiploicis
1566 2525 1643 2558 valis
1662 2547 1675 2564 2
1698 2522 1785 2565 quali
1810 2522 2009 2565 chyliferum
2034 2525 2150 2563 vasen·-¹

1138 2570 1229 2606 lum3
1253 2569 1342 2612 quod
1366 2579 1469 2603 tamen
1494 2569 1599 2602 statim
1625 2568 1823 2609 perspeetum
1847 2567 1889 2600 est
1912 2577 1967 2601 aut
1990 2579 2148 2606 nervum,

1138 2621 1194 2646 aut
1221 2613 1307 2646 aliud
1332 2612 1489 2656 ejusmodi
1514 2612 1597 2652 este,
1620 2623 1695 2645 curn
1718 2611 1921 2644 valvularum
1946 2612 2069 2645 nullum
2093 2611 2146 2646 ha.

1137 2656 1227 2689 beret
1248 2656 1408 2690 indicium
1430 2683 1438 2697 ‚
1471 2655 1704 2698 dissectumque
1728 2680 1736 2694 ,
1771 2656 1802 2687 &
1825 2654 2036 2696 compressum
2063 2656 2147 2690 nihil

1141 2699 1319 2741 quidquam
1332 2700 1480 2735 humoris
1491 2701 1580 2734 daret
1593 2723 1601 2731 .
1628 2699 1678 2731 Ut
1688 2697 1846 2732 abdomen
1859 2721 1868 2737 ,
1894 2697 1935 2731 sic
1950 2698 2145 2737 mesanum,

1140 2745 1172 2776 &
1194 2752 1362 2777 omentum
1379 2766 1388 2782 ,
1412 2744 1499 2786 quod
1524 2742 1643 2775 sursum
1657 2742 1828 2776 retrac‘mm
1850 2740 2062 2783 offendimus,
2088 2743 2146 2777 fla-

1138 2796 1177 2819 va
1200 2787 1392 2828 pinguedine
1416 2786 1531 2820 referta
1554 2794 1645 2818 erant
1672 2809 1679 2817 .
1715 2786 1793 2817 Lien
1818 2796 1856 2817 ex
1881 2788 2030 2819 maximis
2061 2798 2144 2829 quos

1139 2828 1298 2870 viderim,
1322 2829 1494 2864 secundum
1515 2830 1662 2872 quamvis
1685 2827 1913 2861 dimensionem
1936 2852 1949 2868 ,
1987 2829 2036 2862 sed
2062 2841 2143 2870 prae-

1136 2872 1246 2906 sertim
1270 2872 1680 2907 secundumlatitudinem‚
1705 2871 1984 2912 &longitudinem
1999 2897 2009 2913 ,
2033 2871 2142 2907 secun-

1135 2916 1213 2950 dum
1235 2927 1331 2958 quam
1354 2926 1422 2951 erat
1446 2929 1463 2950 a
1487 2916 1569 2949 facie
1592 2915 1723 2957 quidem
1748 2913 1822 2947 sima
1848 2916 1882 2948 in
1907 2916 1934 2948 se
1961 2916 2141 2958 complica-

1135 2969 1187 2993 tus
1210 2984 1219 2992 .
1243 2960 1337 2993 Intus
1361 2961 1465 2994 diluta
1488 2959 1553 2993 fuit
1578 2957 1760 3003 palli-daque
1783 2958 1937 2992 rubedine
1961 2971 1973 2998 3
2007 2969 2038 2992 at
2065 2959 2140 2992 nus.

1131 3014 1229 3045 quam
1253 3003 1350 3037 durus
1370 3029 1377 3037 .
1413 3004 1483 3038 Nec
1508 3003 1623 3036 durum
1646 3011 1733 3047 Jecur
1755 3022 1765 3037 ,
1798 3012 1948 3043 magnum
1972 3003 2103 3045 quidem
2127 3027 2137 3041 ‚

1131 3046 1183 3080 sed
1207 3048 1293 3079 intra
1316 3057 1437 3080 naturae
1460 3047 1591 3080 modum
1618 3057 1625 3078 :
1665 3044 1793 3086 ejusque
1815 3045 1911 3086 cystis
1945 3046 2038 3088 plena
2062 3048 2139 3082 bilis

1132 3089 1223 3123 valde
1248 3090 1360 3124 flavae.
1386 3091 1503 3123 Urinae
1526 3099 1657 3132 quoque
1682 3087 1781 3121 vesica
1806 3089 1895 3130 plena
1921 3104 1929 3125 ς
1954 3100 1989 3122 ut
2013 3091 2050 3124 ad
2074 3100 2139 3125 tres

1130 3133 1252 3175 digitos
1276 3133 1410 3167 exstaret
1424 3133 1513 3175 supra
1537 3130 1601 3165 ossa
1614 3132 1728 3174 pubis.
1755 3131 1897 3165 Urethra
1912 3133 1975 3165 sine
1998 3132 2137 3168 orificiis

1129 3189 1200 3218 quae
1222 3178 1255 3209 in
1279 3177 1392 3210 oculos
1416 3178 1639 3212 incurrerent,
1662 3175 1914 3209 canaliculorum
1927 3175 2107 3210 nostrorum
2125 3188 2138 3214 ;

1129 3231 1168 3253 an
1193 3232 1209 3253 a
1233 3219 1401 3262 praegresso
1423 3221 1503 3253 olim
1527 3218 1642 3252 morbo
1665 3217 1681 3251 ,ἓ
1713 3228 1786 3251 nam
1812 3230 1911 3260 neque
1933 3231 1948 3250 e
1973 3221 2136 3261 praeputio

1128 3264 1217 3305 glans
1240 3264 1326 3296 exeri
1351 3272 1500 3306 poterat,
1523 3262 1579 3295 nisi
1605 3273 1644 3295 ex
1669 3273 1756 3304 parte
1780 3260 1909 3303 aliqua,
1935 3260 1998 3294 sine
2018 3261 2136 3296 [εᾶἰο-

1128 3318 1192 3347 ne,
1215 3317 1316 3348 neque
1340 3318 1374 3340 ea
1398 3317 1467 3349 pars
1490 3317 1561 3348 quae
1582 3307 1668 3338 exeri
1693 3313 1841 3345 poterat,
1865 3304 1919 3337 illa
1932 3314 2000 3337 erat
2024 3307 2056 3338 in
2071 3318 2134 3348 qua

1129 3359 1269 3383 extrema
1293 3351 1362 3383 hiat
1386 3348 1515 3383 urethra
1540 3372 1547 3379 .
1580 3350 1670 3381 Intra
1695 3347 1836 3379 scrotum
1860 3348 1906 3380 nil
1937 3348 2012 3381 vitii
2037 3348 2101 3382 fuit
2125 3374 2134 3383 .

1133 3395 1204 3428 Nec
1229 3395 1315 3426 intra
1340 3393 1549 3426 Thoracem:
1573 3393 1607 3425 in
1630 3403 1696 3433 quo
1720 3389 1802 3422 nihil
1826 3399 1894 3424 erat
1919 3390 2135 3426 adnotatione

1131 3437 1286 3478 dignum,
1313 3436 1369 3469 nisi
1392 3435 1479 3479 quod
1490 3436 1522 3468 in
1547 3434 1788 3471 cordiscweis,
1813 3435 1843 3465 δι
1870 3433 2065 3475 Magnorum
2078 3447 2136 3469 va-

1133 3478 1240 3513 sorum
1253 3480 1379 3523 sanguis
1390 3480 1481 3513 omni
1492 3478 1594 3512 caruit
1605 3477 1758 3520 polyposa
1771 3478 1976 3510 concretione
1987 3501 1997 3516 ‚
2022 3489 2134 3520 quem-

1133 3515 1306 3557 admodum
1330 3526 1360 3555 &
1383 3524 1417 3556 in
1440 3523 1563 3556 cunffis
1599 3521 1733 3564 reliquis
1756 3519 1885 3561 hujusce
1907 3523 2053 3562 corporis
2079 3534 2136 3556 va-

1132 3567 1192 3600 sis.
1322 3568 1433 3607 Caput
1457 3575 1562 3599 autem
1598 3566 1689 3607 plura
1711 3563 1835 3609 obtulit
1870 3575 1941 3605 quae
1965 3564 2135 3600 adnotare-

1132 3621 1201 3643 mus
1215 3633 1221 3639 -
1247 3611 1350 3643 Faciei
1362 3609 1519 3643 musculos
1531 3619 1639 3641 omnes
1651 3630 1659 3644 ‚
1670 3609 1701 3639 &
1712 3607 1896 3648 interJectas
1910 3607 2108 3682 membrlanas
2120 3632 2134 3649 9

1636 3652 1670 3687 Q
1690 3661 1712 3693 q
1757 3660 1775 3682 2
1950 3652 1980 3683 &
2002 3661 2021 3692 g
2039 3662 2093 3684 an-

140 3807 156 3834 (
171 3813 186 3827 u
207 3803 215 3833 )
233 3807 324 3828 Annot.
341 3803 369 3826 ad
386 3803 500 3837 Hippocr.
517 3803 588 3832 Epid.
606 3804 622 3827 l.
639 3804 701 3837 738.
721 3810 740 3827 1.
758 3803 816 3828 vers.
833 3812 884 3835 3⁷7·
902 3812 974 3836 prope
992 3803 1036 3828 fin.

139 3836 154 3865 ζ
166 3842 183 3865 y
200 3837 208 3864 )
229 3836 326 3860 Diffem
342 3837 370 3858 de
388 3842 449 3859 mira
465 3838 537 3861 Cran.
555 3835 632 3859 Fra&
654 3838 677 3863 ᾖ.
696 3842 732 3859 ro.
750 3834 774 3858 Be
791 3834 856 3865 seqq.

916 3834 1091 3866 (εΗ-ιε.

1181 3844 1194 3859 a
1213 3839 1225 3864 J
1243 3837 1315 3860 xus
1334 3843 1359 3860 n.
1380 3837 1415 3859 16.

1099 3806 1107 3836 (
1126 3816 1140 3830 a·
1155 3805 1169 3867 ?
1185 3807 1270 3829 Exere⁰
1288 3804 1318 3827 de
1334 3804 1390 3828 loco
1406 3804 1446 3828 aff.
1465 3803 1491 3828 in
1508 3803 1593 3833 Apopl,

1165 3862 1179 3874 ⁹
