2498 4075
439 221 595 294 Epist.
638 225 795 279 Anat.
827 224 1038 280 Medica
1073 222 1260 278 LVIIL
1298 223 1418 275 Art.
1455 238 1527 286 ις.
1557 223 1614 276 &
1651 220 1726 274 16.

85 304 175 343 plum
197 302 301 346 legere
322 301 365 337 est
387 303 556 344 inprimis
579 302 661 345 apud
687 300 864 337 Novefium
887 301 993 344 (s),
1017 314 1077 337 un-

84 347 122 379 de
144 351 178 381 in
202 346 465 390 Sepulchretum,
489 345 643 388 probante
666 348 763 379 etiam
788 346 992 381 Gulielmino
1016 349 1075 385 (r)

84 389 197 424 referri
220 390 320 434 posset
342 414 351 423 .
384 393 415 422 A
439 392 524 423 carie
548 411 558 425 ,
593 387 645 422 sed
667 390 799 423 alterius
819 411 828 427 ,
862 398 897 423 ut
921 389 1074 424 credibile

83 432 150 471 est,
173 436 296 476 generis
319 443 355 465 os
378 431 495 465 frontis
518 430 617 465 ferme
640 442 750 465 totum
773 432 998 475 consumptum
1034 432 1073 465 si-

85 487 124 508 ne
159 479 226 511 ullo
259 476 399 511 exterius
430 474 607 516 conspicuo
639 476 764 509 indicio
796 487 870 509 cum
905 475 1071 517 quondam

85 530 280 562 proponeret
303 519 497 552 Benivenius
519 522 530 557 (
554 528 574 550 u
596 522 634 558 ),
657 518 806 552 fulminis
829 520 975 560 exemplo
1000 519 1073 552 usus

85 563 128 596 est
151 585 160 600 ,
195 564 283 606 quod
307 573 420 596 aurum
443 560 550 595 illaesis
574 562 689 595 loculis
711 586 725 603 ,
747 562 910 595 interdum
935 563 1038 603 liquat
1060 584 1071 599 ,

85 616 139 639 aut
165 608 227 640 alia
250 604 480 648 ejusdemmodi
512 604 591 637 facit
624 616 696 646 quae
719 606 885 638 Benivenii
911 605 1075 639 Observa-

86 651 210 684 tionem
234 650 390 687 referens,
413 648 501 682 addit
527 648 698 681 Marcellus
724 651 869 682 Donatus
892 648 977 689 (x).
1004 648 1073 681 Alii

86 702 194 726 autem
219 694 346 727 malunt
382 690 592 724 similitudine
627 694 675 725 uti
701 702 791 735 aquae
822 690 932 732 stygiae
957 715 969 730 ‚
1001 702 1074 734 quae

84 734 206 769 ferrum
231 736 383 769 videlicet
407 736 493 768 rodit
509 755 518 770 »
545 732 655 768 sebum
679 745 744 768 non
771 736 924 776 attingit.
951 736 1006 767 Tu
1026 734 1074 767 vel

86 779 174 814 aliud
198 777 321 823 aliquid
344 776 598 811 comminiscaris
621 786 752 819 Oportet
775 801 785 817 ,
807 777 856 809 vel
882 776 939 809 hos
965 778 1075 818 sequa-

85 823 147 856 ris.
173 823 261 857 Usus
282 823 366 856 enim
389 822 450 854 erit
474 831 539 854 non
563 821 596 853 in
622 820 797 863 propositis
818 820 921 853 solum
945 820 1079 860 cafibus,

84 866 137 899 sed
161 867 194 899 in
219 867 288 900 aliis
309 876 458 907 quoque.
483 865 533 898 Sic
545 863 707 897 Fabricius
728 863 832 897 noster
857 866 921 904 (y)
944 865 976 895 in
1001 874 1079 905 pue-

85 921 143 948 r0,
166 908 208 942 fic
232 908 410 943 Matthaeus
434 906 571 941 Blawius
594 911 607 946 (
629 919 652 948 z
674 910 687 945 )
714 907 747 940 in
771 906 863 946 viro,
886 905 926 938 fic
946 907 1002 949 Jo.
1026 906 1077 947 ja.

84 953 185 985 cobus
210 951 442 986 Scheuchzerus
467 950 520 992 (a
542 954 556 990 )
579 951 612 983 in
639 950 770 984 muliere
792 950 965 983 calvariam
988 949 1077 983 vide-

85 1005 160 1028 runt
183 1006 247 1028 non
271 1006 335 1029 uno
357 996 391 1027 in
414 994 497 1027 loco‘
513 994 552 1028 ab
573 994 722 1027 exedente
744 994 829 1027 carie
851 994 987 1026 omnino
1002 1003 1075 1035 per-

87 1038 215 1079 tusam,
238 1041 330 1072 Dura
355 1047 463 1071 tamen
486 1039 632 1078 meninge
654 1036 750 1070 illaesa
772 1059 785 1076 ,
815 1045 852 1069 ut
873 1037 1003 1071 evidens
1027 1036 1074 1068 es-

85 1081 152 1120 set,
178 1093 281 1116 acrem
306 1081 421 1120 illum,
444 1083 474 1112 &
497 1081 721 1114 corrodentem
745 1079 933 1117 humorem,
957 1089 992 1113 ut
1015 1081 1072 1112 Fa-

86 1125 185 1159 bricii
209 1127 315 1159 verbis
338 1134 490 1164 utamur,
513 1122 606 1157 fuisse
639 1124 832 1156 contrarium
866 1130 982 1155 natum
1005 1121 1071 1163 offis

86 1169 220 1210 capitis,
243 1179 432 1212 nequaquam
454 1167 587 1209 ejusdem
598 1166 777 1200 membranae
793 1164 1069 1208 substant-Q&

86 1221 194 1245 tamen
218 1215 302 1245 nein
324 1213 426 1245 cranii
448 1211 539 1243 omni
562 1211 646 1243 carie
669 1219 758 1253 putes
781 1210 939 1246 accidere,
965 1210 1070 1251 plures

87 1255 259 1288 admonere
291 1262 444 1299 poterunt
468 1252 721 1287 Observationes
744 1274 754 1290 ‚
787 1255 822 1286 in
853 1253 906 1285 his
950 1252 1068 1286 Laubii

85 1298 177 1339 duae,
202 1299 300 1332 altera
321 1300 353 1331 in
379 1297 512 1331 muliere
537 1301 546 1337 (
570 1296 589 1330 b
611 1301 641 1337 ),
667 1296 763 1329 altera
788 1297 821 1330 in
844 1297 917 1328 viro
950 1298 964 1334 (
987 1308 1003 1330 c
1025 1299 1039 1335 )
1062 1319 1073 1336 ,

86 1353 224 1384 quorum
251 1339 417 1383 utriusque
438 1342 582 1374 cranium
606 1350 719 1382 magna
742 1340 780 1374 ad
805 1339 903 1381 spatia
934 1340 980 1372 ita
1003 1347 1073 1372 erat

86 1387 172 1419 carie
196 1385 424 1427 absumptum,
446 1393 501 1417 aut
525 1382 723 1427 perforatum
746 1408 755 1423 ,
787 1392 823 1416 ut
846 1381 1074 1423 respondentes

88 1440 153 1463 non
177 1432 372 1472 meningum
400 1427 499 1462 modo
518 1451 531 1468 ,
561 1427 613 1461 sed
635 1430 665 1460 δι
687 1426 809 1461 cerebri
842 1427 939 1468 ipfius
971 1436 1076 1468 partes

87 1476 159 1516 puri
184 1474 308 1507 aditum
331 1472 443 1506 darent
467 1470 506 1505 ad
529 1470 707 1504 Lateralem
730 1470 827 1512 usque
850 1470 1079 1509 ventriculum,

86 1518 254 1551 dexterum
287 1518 321 1549 in
351 1525 491 1557 utroque
511 1536 521 1553 ,
556 1513 681 1547 tametsi
716 1514 750 1546 in
783 1512 917 1546 muliere
954 1512 1076 1546 acceffit

87 1561 217 1594 tandem
244 1559 380 1602 subjefti
412 1559 519 1591 lateris
543 1555 694 1600 paralysis
716 1581 725 1596 ,
756 1568 827 1599 quae
860 1557 893 1588 in
918 1556 988 1589 viro
1010 1555 1075 1598 jam

87 1605 144 1638 diu
168 1605 294 1643 suerat,
318 1611 353 1636 ut
378 1603 565 1645 plerumque
588 1610 658 1634 tum
683 1601 784 1638 solet,
808 1611 824 1632 a
847 1598 998 1633 sinistris.
1026 1601 1074 1633 De

85 1659 153 1690 quo
175 1647 358 1681 discrimine
382 1656 456 1679 cum
478 1644 552 1677 satis
576 1644 654 1677 alibi
678 1644 774 1676 verba
798 1642 954 1681 fecerim3
977 1652 1012 1676 tu
1035 1641 1074 1676 de

86 1692 270 1725 discrimine
294 1690 417 1726 altero,
442 1687 532 1730 quod
556 1686 620 1720 huc
643 1688 762 1720 attinet
784 1709 794 1724 ,
830 1685 951 1720 videbis
973 1709 986 1727 ,
1017 1696 1074 1719 cur

86 1735 238 1768 videlicet
262 1734 394 1767 erodens
422 1731 520 1765 cariei
553 1730 646 1764 ichor
668 1730 806 1764 aliorum
841 1729 976 1773 quidem
1008 1740 1074 1763 me-

85 1781 200 1820 ninges
226 1778 340 1815 vitiet,
366 1775 501 1809 aliorum
526 1785 601 1808 vero
624 1772 735 1808 illaesas
757 1773 919 1816 relinquat
948 1776 958 1805 ?
995 1783 1071 1808 num

86 1822 174 1864 quod
197 1823 231 1854 in
257 1820 306 1854 his
330 1829 478 1861 apertum
500 1818 680 1852 extrorsum
706 1817 821 1851 habeat
843 1818 968 1850 exitum
993 1828 1004 1855 3
1038 1818 1071 1849 in

85 1866 152 1898 illis
187 1875 252 1898 non
287 1861 428 1898 habeat?
451 1872 527 1895 num
557 1862 632 1905 quia
655 1862 688 1908 in
713 1860 776 1893 illis
799 1871 932 1894 venerea
965 1860 1002 1894 fit
1027 1861 1076 1892 vi-

87 1909 230 1944 rulentia
252 1906 406 1943 infectu53
430 1907 463 1938 in
486 1905 536 1940 his
558 1916 623 1945 non
647 1906 685 1938 sit
711 1908 721 1938 ?
756 1903 815 1938 Sed
837 1916 910 1938 curn
934 1903 1081 1939 utrilibet

85 1952 302 1994 explicationi
325 1948 413 1983 casus
435 1959 500 1982 non
524 1948 625 1982 defint
648 1949 705 1991 qui
728 1958 929 1990 repugnent,
956 1958 991 1982 ut
1016 1949 1081 1990 pri..

86 2004 147 2028 mae
178 1996 236 2038 qui
260 2006 276 2027 a
299 1994 423 2027 Blawio
447 1995 481 2025 in
515 1994 588 2025 viro
608 2015 621 2033 ,
644 2002 680 2025 ut
714 1991 857 2025 secundae
889 1993 946 2034 qui
981 2004 997 2026 a
1029 2002 1081 2025 me

85 2040 122 2072 in
156 2039 288 2072 muliere
323 2034 503 2079 propositus
528 2034 612 2073 fuit,
637 2035 707 2069 sane
733 2035 809 2068 alias
832 2046 848 2067 a
882 2045 969 2068 certa
1001 2046 1081 2077 qua-

84 2082 160 2115 dam
194 2081 333 2119 ichoris,
368 2088 421 2112 aut
453 2090 626 2125 corporum
660 2088 795 2116 natura,
819 2081 850 2110 &
873 2078 1082 2122 dispositione

75 2124 152 2167 ripse
185 2134 306 2167 repetas
331 2149 341 2164 ,
376 2123 494 2157 necesse
526 2123 569 2155 eil:
592 2148 598 2156 .
636 2123 710 2164 Ego
733 2123 772 2156 ad
796 2133 899 2155 meam
923 2123 1080 2162 alteram,

84 2168 190 2211 qualis
214 2180 247 2201 ea
259 2177 384 2209 cunque
407 2166 474 2206 est,
497 2165 769 2200 Observationem
795 2176 952 2208 propero.

135 2222 182 2253 13.
209 2211 365 2244 LANIO
380 2221 478 2243 annos
491 2219 583 2242 natus
608 2209 643 2242 ad
667 2210 902 2251 quadraginta,
930 2210 1075 2244 Venerea

83 2254 221 2289 insectus
245 2256 296 2288 lue
314 2278 323 2293 ‚
348 2252 427 2295 saepe
453 2262 560 2286 autem
584 2253 708 2290 ebrius,
733 2252 834 2286 fastus
857 2251 924 2293 jam
950 2253 1075 2295 pridem

81 2301 245 2331 obnoxius
277 2296 382 2330 fuerat
418 2296 560 2330 thoracis
594 2296 720 2329 morbis
742 2318 750 2333 ,
782 2295 826 2328 ob
857 2294 972 2337 eosque
996 2297 1074 2330 alias

81 2341 145 2375 hoc
169 2343 202 2374 in
226 2340 431 2374 Nosocomio
454 2339 648 2378 decubuerat
670 2365 678 2372 .
715 2338 895 2373 Noviffime
929 2340 961 2372 in
988 2341 1074 2373 idern

81 2384 221 2418 reversus
238 2407 246 2423 ,
273 2393 387 2425 praeter
411 2393 539 2416 acutam
563 2382 683 2417 febrem
705 2406 714 2420 ,
761 2383 805 2415 ob
839 2393 938 2425 quam
964 2382 1073 2417 missus

75 2428 126 2461 bis
151 2428 278 2470 sanguis
301 2426 367 2460 fuit
391 2437 449 2460 nec
474 2430 638 2469 primum,
661 2437 718 2460 nec
741 2427 860 2459 iterum
895 2426 995 2459 crusta
1019 2439 1072 2460 ca-

76 2483 147 2505 rens
171 2469 351 2514 polyposa,
374 2469 446 2504 tussi
471 2468 726 2504 conflistabatur
751 2470 867 2503 affidaa
889 2493 902 2509 ‚
925 2480 997 2512 quae
1020 2479 1069 2504 ter

77 2524 234 2558 quaterve
257 2513 390 2555 singulis
413 2513 501 2547 horis
512 2513 590 2546 adeo
604 2513 865 2556 ingravescebat.
891 2522 928 2546 ut
952 2524 990 2545 ex
1013 2526 1070 2547 co.

79 2568 159 2592 natu
182 2559 301 2591 lividus
324 2555 437 2590 fieret:
462 2557 632 2597 purulenta
666 2557 892 2598 expecffitorabat
918 2567 926 2587 .·
962 2556 1070 2597 pulsus

81 2602 220 2636 habebat
244 2602 411 2634 vibratos.
436 2600 516 2634 Haec
540 2612 613 2635 cum
636 2600 707 2634 dies
730 2597 905 2642 pertulisset
939 2600 1071 2633 circiter

83 2645 293 2688 quindecim,
318 2643 478 2686 postremo
490 2644 614 2678 viribus
637 2643 748 2677 sensim
765 2644 850 2676 intra
872 2654 972 2677 unuin
985 2642 1072 2677 diem

83 2691 185 2731 magis
201 2713 209 2729 ‚
232 2689 399 2730 magisque
423 2687 697 2728 decrescentibus,
720 2685 850 2720 vivendi
875 2686 972 2719 finem
995 2685 1074 2720 fecit

86 2732 148 2765 sub
169 2732 315 2776 Januarii
339 2731 437 2764 finem
463 2732 504 2765 A.
536 2742 630 2774 1747.
762 2730 993 2763 CADAVER
1017 2743 1026 2767 3
1051 2732 1076 2764 fi

86 2775 248 2817 quasdam'
265 2786 303 2807 ex
326 2773 455 2806 thorace
479 2784 582 2816 partes
606 2775 768 2817 excipias;
792 2785 829 2806 eo
841 2782 984 2815 tempore
1007 2784 1078 2816 per-

88 2817 220 2852 lustrare
244 2828 309 2850 non
332 2817 425 2857 potui
445 2840 454 2855 ‚
489 2820 609 2860 quippe
641 2820 674 2850 in
700 2819 770 2851 aliis
802 2826 980 2858 occupatus
1003 2828 1075 2857 quae

89 2863 129 2896 ad
153 2861 338 2894 tradendam
362 2859 490 2900 publice
512 2861 698 2894 Anatomen
722 2872 760 2894 ex
783 2859 843 2893 usu
865 2869 974 2894 erant.
1002 2859 1077 2892 Pul-

89 2916 201 2940 mones
230 2902 345 2937 fracidi
369 2901 500 2937 fuerunt
517 2927 530 2944 ,
560 2907 592 2936 <Sc
615 2915 711 2945 grave
744 2904 864 2937 olentes
887 2928 894 2936 .
927 2904 996 2935 Cor
1030 2903 1078 2936 la-

89 2960 169 2983 xum
199 2970 207 2979 .
242 2949 280 2980 ln
315 2957 376 2980 una
409 2957 447 2979 ex
481 2949 604 2981 arteriae
626 2947 755 2989 Magnae
786 2947 922 2979 valvulis
946 2946 1077 2979 Arantii

89 2990 314 3034 corpusculum
339 2989 445 3023 multo
469 2990 592 3032 majus,
615 3002 713 3032 quam
736 3000 863 3032 aequum
886 2988 981 3022 esser.
1008 2989 1077 3023 Sub

90 3048 193 3080 eoque
217 3037 251 3067 in
281 3046 315 3068 ea
348 3032 428 3066 facie
459 3045 522 3076 qua
555 3034 681 3067 valvula
711 3034 851 3066 valvulas
883 3032 1043 3075 spectabat
1066 3054 1077 3070 ,

90 3081 304 3115 membraneae
329 3076 514 3122 laminaeex
535 3078 652 3119 quibus
685 3078 740 3110 illa
764 3076 884 3113 fiebat,
909 3076 947 3109 ad
970 3075 1078 3109 modi-

91 3136 166 3159 cum
189 3124 333 3157 tractum
357 3121 403 3153 ita
426 3118 594 3160 sejunctae,
617 3130 653 3154 ut
676 3133 738 3164 qua
760 3119 894 3153 hiabant
919 3144 929 3160 ,
964 3118 1078 3162 specil-

90 3170 160 3203 lum
184 3167 361 3200 immittere
384 3163 466 3195 inter
490 3172 658 3207 utramque
682 3164 842 3205 potuerim
857 3188 865 3196 .
889 3162 958 3204 Ipse
971 3173 1078 3196 autem

91 3213 260 3256 proximus
285 3207 411 3244 arteriae
435 3215 567 3240 truncus
589 3207 705 3241 albidis
727 3208 816 3240 intus
850 3207 984 3239 maculis
1008 3205 1079 3248 pas—

91 3256 150 3290 sim
173 3253 340 3288 distinctus
362 3274 372 3289 ‚
409 3259 465 3281 nec
488 3249 562 3283 satis
584 3250 670 3283 laevis
692 3273 703 3290 ,
737 3252 804 3283 imo
828 3248 977 3283 nonnihil
1000 3252 1080 3282 inae-

91 3298 214 3340 qualis.
241 3295 325 3329 Mox
349 3301 454 3326 autern
479 3294 515 3325 ad
540 3304 744 3328 curvaturam
769 3296 802 3326 in
829 3291 1081 3335 aneurysmadi-

73 3343 236 3379 {flentum
259 3349 293 3372 ut
316 3348 389 3379 quae
413 3337 445 3366 in
469 3335 525 3370 illa
549 3337 671 3370 valvula
696 3336 932 3375 animadverti,
958 3337 1083 3377 minus,

91 3385 173 3421 ficut
199 3382 277 3417 alibi
300 3383 313 3419 (
335 3380 387 3420 d)
411 3378 502 3419 dixi,
531 3382 683 3413 mirarer.

171 3424 335 3468 Morgagni
358 3423 393 3455 de
416 3423 539 3459 Sed&
561 3423 646 3465 Caus.
671 3424 944 3459 Morb.Tom.II.

1174 311 1224 344 ¹4-
1248 300 1316 335 Etsi
1339 301 1383 334 ob
1406 310 1475 333 eam
1496 310 1571 341 quae
1594 297 1693 331 modo
1716 301 1891 330 memorata
1903 292 1970 334 est,
1991 295 2117 330 causam·

1126 355 1193 379 non
1218 344 1292 377 satis
1316 344 1408 386 potui
1432 342 1515 376 hanc
1540 341 1813 375 observationem
1838 336 2013 381 perficere3
2036 349 2119 380 prae-

1125 389 1303 421 termittere
1325 396 1431 420 tamen
1454 385 1568 421 nolui,
1591 394 1627 419 ut
1648 382 1843 425 conjungere
1866 391 1940 415 cum
1966 381 2038 413 aliis
2048 380 2123 421 pos-

1124 431 1184 471 fis,
1208 432 1306 464 initio
1328 428 1423 472 hujus
1446 427 1599 471 'Epistolae
1623 429 1685 471 (e)
1708 426 1885 463 indicatis,
1908 423 2029 466 quibus
2054 433 2121 472 nori

1125 485 1198 508 raro
1222 476 1256 507 in
1280 476 1332 508 lue
1356 474 1500 505 Venerea
1523 469 1597 504 laedi
1621 471 1793 512 pulmones
1819 494 1829 509 ‚
1866 467 1943 501 laedi
1967 476 2121 500 arteriam

1126 518 1280 559 Magnam
1305 544 1314 559 ‚
1348 519 1379 549 δε
1402 516 1435 547 in
1459 514 1650 556 aneurysma
1683 513 1813 547 dilatari
1840 533 1852 550 ,
1887 509 2126 557 ostendimus..

1126 560 1262 594 Fortaffe
1285 570 1372 594 renes
1393 569 1524 601 quoque
1556 559 1590 590 in
1618 559 1689 591 viro
1712 556 1772 590 isto
1805 552 2044 588 offendissemus
2071 561 2126 587 Vi-

1126 605 1245 637 tiatos.
1270 605 1350 637 I-Iaec
1374 601 1460 634 enim
1484 611 1648 643 quatuor,
1672 599 1808 642 pulmo,
1831 608 1920 630 aorta
1940 618 1951 634 ,
1975 600 2008 630 &
2032 605 2125 630 renes

1125 659 1198 681 cum
1222 648 1284 680 suis
1308 643 1538 688 appendicibus
1561 644 1674 685 saepius
1706 643 1874 689 aliquanto
1908 646 2124 674 occurrerunt

1125 691 1218 723 nobis
1243 689 1434 723 labefactata
1459 689 1493 720 in
1516 688 1557 720 iis
1579 687 1638 729 qui
1663 686 1715 719 lue
1738 684 1797 718 hac
1820 685 1877 717 diu
1911 685 2123 725 graviterque

1125 735 1348 768 laboraverant
1366 755 1375 769 ‚
1398 741 1495 774 quam
1519 741 1557 762 ex
1580 730 1807 771 plerorumque
1821 727 1982 760 librorum
2006 726 2125 758 lectio-

1128 789 1167 810 ne
1192 775 1285 811 facile
1309 775 1486 810 existimes.
1510 771 1628 807 Viscus
1655 782 1761 805 autem
1785 770 1866 804 illud
1890 768 1979 811 quod
2002 766 2128 816 deestis-⁴

1129 819 1200 853 simi
1233 821 1312 853 olim
1337 820 1414 851 Viri
1438 828 1502 860 prae
1536 815 1659 849 caeteris
1692 814 1802 848 laesum
1828 821 1924 855 atque
1959 810 2037 845 adeo
2062 812 2125 844 luis

1129 863 1226 905 hujus
1252 863 1354 897 sedem
1379 862 1437 895 esse
1461 883 1474 901 ,
1505 859 1704 893 tradiderant
1729 879 1739 896 ,
1769 867 1806 892 ut
1838 866 1877 890 ex
1910 853 2126 903 Sepulchreto

1130 907 1212 949 (f)
1235 907 1341 946 vides,
1364 916 1429 938 non
1454 902 1695 937 assentientibus
1717 911 1823 935 tamen
1848 900 1938 937 aliis,
1960 898 2050 941 quod
2074 907 2127 946 ιι]-

1127 950 1237 984 didem
1262 955 1272 990 (
1292 962 1313 993 g
1333 953 1347 989 )
1370 946 1563 991 cognosces,
1586 945 1672 987 jecur
1696 944 1771 978 dico
1786 969 1794 984 ,
1820 943 1900 976 mihi
1924 953 2067 984 unquam
2090 950 2128 990 ιρι

1126 994 1242 1028 iisdem
1265 992 1459 1035 corporibus
1482 992 1634 1024 vitiatum
1656 986 1837 1030 apparuisse
1855 1009 1870 1036 J
1893 984 2129 1035 inpraejsentia

1126 1048 1191 1071 non
1215 1038 1349 1070 memini
1373 1060 1383 1069 .
1420 1035 1493 1068 Nec
1516 1043 1623 1067 tamen
1649 1041 1818 1074 propterea
1852 1029 1977 1062 inficias
1999 1039 2091 1062 lvero
2118 1049 2131 1066 ,

1124 1092 1196 1124 quae
1219 1082 1342 1120 rarius,
1366 1087 1420 1113 aut
1442 1088 1611 1120 nunquam
1640 1075 1722 1108 mihi
1739 1100 1748 1115 ,
1771 1086 1806 1107 ea
1827 1073 1938 1115 saepius
1973 1073 2070 1121 aliis,
2095 1071 2131 1103 δε

1122 1135 1195 1167 quae
1218 1123 1330 1165 saepius
1353 1121 1461 1161 mihi,
1487 1132 1520 1153 ea
1544 1121 1643 1155 rarius
1668 1119 1739 1151 aliis
1771 1126 1943 1164 occurrere
1963 1113 2100 1158 potuisse
2117 1122 2134 1150 ς

1122 1179 1225 1209 neque
1248 1168 1335 1200 enim
1357 1163 1446 1199 aliud
1478 1164 1531 1197 hic
1564 1163 1662 1201 volo,
1686 1160 1742 1194 nisi
1767 1173 1837 1202 quae
1862 1158 1945 1191 mihi
1980 1158 2135 1200 frequen-3

1122 1213 1185 1243 tius
1215 1210 1363 1243 invenire
1385 1207 1583 1250 contigerit,
1617 1202 1854 1251 tibi-indicare
1877 1223 1889 1240 ‚
1921 1202 2021 1242 probe
2053 1211 2133 1234 con-

1122 1254 1226 1294 scius,
1250 1253 1332 1287 hanc
1356 1254 1465 1291 luem,
1488 1259 1524 1284 ut
1559 1249 1616 1283 sub
1647 1248 1863 1289 culuscunque
1899 1245 2006 1278 morbi
2042 1245 2135 1293 larva.

1122 1297 1286 1331 interdum
1309 1295 1515 1333 delitescere,
1538 1294 1585 1326 ita
1607 1291 1824 1334 quodcunque
1849 1287 1954 1338 viscus
1974 1285 2060 1330 posse
2083 1297 2134 1320 vi-

1124 1342 1225 1374 tiare.
1250 1340 1333 1377 Quae
1358 1348 1466 1372 autem
1491 1348 1597 1371 revera
1621 1336 1782 1374 crebrius,
1806 1342 1878 1376 quae
1888 1341 1995 1366 minus
2016 1330 2135 1365 crebro

1127 1384 1263 1423 afficiat,
1286 1394 1352 1416 non
1377 1381 1470 1416 facile
1495 1389 1568 1415 ante
1603 1379 1746 1418 statuas,
1767 1387 1866 1419 quarn
1901 1376 2014 1408 multae
2049 1372 2137 1424 mul-

1127 1436 1239 1461 torum
1255 1427 1507 1460 Observationes
1530 1425 1675 1457 inunum
1697 1418 1925 1455 conferantur.
1942 1417 2011 1462 ‘Sed
2036 1428 2135 1462 mira-

1129 1472 1158 1503 ri
1190 1469 1298 1510 subit,
1322 1481 1394 1503 cum
1418 1468 1532 1502 infesti
1554 1466 1617 1500 hoc
1649 1464 1767 1498 morbo
1790 1473 1841 1497 tot
1877 1463 1999 1509 mortui
2036 1460 2098 1494 sint
2122 1483 2136 1500 ,

1128 1522 1245 1555 totque
1269 1514 1451 1549 moriantur
1474 1534 1485 1549 ‚
1520 1509 1720 1544 dissectiones
1752 1517 1826 1549 quae
1861 1504 1967 1543 adhuc*
1997 1512 2134 1552 extant,

1127 1558 1261 1590 minime
1303 1568 1417 1590 eorum
1462 1565 1596 1588 numero
1638 1551 1828 1593 respondere
1852 1573 1862 1582 .
1892 1549 1939 1581 Et
1982 1556 2070 1581 certe
2087 1556 2136 1596 ἰη

1125 1600 1207 1634 hanc
1241 1599 1443 1643 Sepulchreti
1478 1598 1656 1631 Sefflonem
1690 1594 1805 1627 relatas
1828 1591 1955 1625 videbis
1986 1601 2056 1640 non·
2085 1598 2135 1623 ita

1126 1644 1266 1677 multas.
1290 1645 1404 1686 Itaque
1437 1642 1543 1674 Seffio
1577 1639 1684 1673 brevis
1716 1636 1795 1674 est,
1831 1645 1933 1676 eoque
1967 1634 2137 1682 brevior)

1125 1686 1214 1730 quod
1246 1698 1348 1729 neque
1382 1694 1450 1719 tota
1483 1683 1521 1718 de
1557 1685 1625 1716 Lue
1659 1681 1808 1715 'Venerea
1833 1679 1898 1717 est,
1924 1676 1977 1711 sed
2000 1676 2040 1709 de
2064 1677 2137 1709 Pli-

1124 1742 1160 1764 ca
1192 1732 1290 1763 etiam
1325 1730 1480 1763 Poloniea
1507 1753 1518 1769 ‚
1549 1729 1579 1759 &
1599 1737 1662 1767 qua
1694 1725 1732 1757 de
1776 1724 1832 1757 illa
1867 1720 1911 1770 est
1933 1729 2133 1767 ,qmagnam

1125 1784 1249 1818 partem
1283 1784 1321 1806 ex
1346 1773 1484 1806 Scholiis
1508 1769 1629 1811 constat
1652 1791 1666 1809 ,
1697 1777 1837 1810 quorum
1861 1762 1993 1814 aliquod
2015 1774 2054 1796 ne
2079 1761 2138 1796 suo

1126 1818 1258 1861 quidem
1283 1817 1359 1849 loco
1390 1816 1538 1857 legitur,
1568 1821 1717 1855 utputa
1750 1809 1840 1852 quod
1872 1816 2005 1856 tertium
2029 1817 2135 1848 appo-

1132 1863 1222 1895 nitur
1245 1859 1282 1895 ad
1306 1861 1335 1899 §.
1362 1865 1391 1893 ι’.
1412 1857 1664 1895 Observationis
1698 1854 1726 1888 Ι.
1760 1856 1795 1886 in
1827 1849 2000 1900 quo-mhil
2021 1849 2060 1883 de
2082 1856 2137 1882 tu-

1132 1904 1288 1939 mentibus
1310 1904 1352 1938 ώ·
1374 1901 1554 1943 suppuratis
1576 1899 1804 1943 offibusgcum
1829 1902 2010 1944 pertineat,
2032 1902 2139 1936 quan-

1133 1957 1205 1982 tum
1230 1948 1342 1991 judico
1358 1943 1377 1987 ,'
1402 1944 1441 1982 ad
1463 1953 1490 1984 §.
1530 1953 1578 1978 11.
1602 1943 1707 1977 tribus
1731 1941 1770 1975 ab
1793 1939 1857 1974 illo
1879 1937 2053 1989 distantem
2077 1947 2139 1985 pa-

1131 1993 1236 2034 ginis:
1260 1990 1326 2026 fere
1346 1993 1461 2026 omnia
1485 1998 1592 2025 autem
1616 1986 1753 2021 Scholia.
1768 1997 1785 2019 a
1808 1982 1921 2027 Sylvio
1953 1980 2047 2023 sunt,
2069 1990 2140 2031 aei-2¹

1131 2035 1206 2070 dam
1242 2039 1356 2070 veneni
1390 2035 1487 2079 hujus
1510 2043 1675 2075 naturam*
1696 2029 1861 2064 adstruere
1891 2035 2061 2071 conante,
2096 2036 2138 2066 eit

1132 2080 1250 2122 quibus
1281 2081 1395 2114 omitti
1426 2077 1573 2122 quaedam
1616 2083 1767 2121 poterant
1789 2098 1800 2116 ,
1832 2075 1984 2110 nonnulla
2025 2083 2137 2111 autem

1131 2133 1193 2165 pro
1226 2121 1291 2156 illis
1322 2124 1492 2163 substitui,
1515 2132 1551 2157 ut
1583 2132 1660 2166 puta
1692 2128 1766 2156 cum
1799 2117 1891 2163 (b)
1924 2119 2069 2156 bubones
2100 2122 2137 2154 in

1130 2166 1291 2208 glandulis
1325 2167 1555 2209 Inguinalibus
1588 2167 1701 2203 oriri,
1735 2164 1878 2206 conjecit
1902 2186 1913 2202 ,
1947 2167 2023 2208 quia
2054 2163 2136 2207 vasis

1121 2209 1321 2253 spermaticis
1346 2211 1424 2253 sunt
1454 2210 1622 2248 viciniores
1645 2233 1653 2241 .
1689 2209 1811 2242 Melius
1844 2209 1925 2242 olim
1968 2210 2028 2251 qui
2061 2220 2138 2242 curn

1127 2251 1305 2287 Brasavolo
1327 2257 1340 2293 (
1363 2255 1375 2287 i
1399 2257 1487 2295 >per
1504 2263 1614 2295 penem
1637 2276 1649 2292 ,
1681 2252 1806 2295 ajebant
1829 2273 1840 2289 ‚
1869 2261 2005 2295 pravam
2036 2261 2138 2294 quan-

1125 2297 1198 2329 dam
1221 2296 1408 2338 qualitatem
1430 2297 1470 2329 ad
1505 2296 1692 2330 emuneloria
1715 2295 1869 2337 ascendere
1892 2319 1901 2336 ,
1936 2299 1978 2329 Θ*
2003 2296 2042 2328 ad
2064 2295 2137 2328 acie-

1125 2339 1216 2381 nosas
1238 2340 1399 2382 inguinum
1418 2346 1526 2381 partes
1545 2363 1554 2379 ,
1584 2338 1688 2381 ibique
1709 2337 1842 2372 bubones
1865 2337 2001 2372 excitare
2019 2362 2027 2370 .
2063 2337 2135 2372 Etsi

1125 2385 1212 2416 enim
1235 2384 1322 2415 viam
1347 2394 1411 2416 non
1435 2383 1621 2417 indicabant
1646 2394 1717 2425 quae
1741 2383 1774 2414 in
1810 2392 1860 2415 eas
1883 2382 2051 2424 glandulas
2072 2380 2138 2415 du-

1123 2435 1229 2463 ceret;
1255 2437 1320 2459 non
1355 2428 1425 2460 earn
1468 2436 1574 2460 tamen
1609 2425 1834 2469 proponebant
1871 2437 1944 2468 quae
1978 2436 2043 2459 non
2075 2424 2131 2458 du.

1122 2479 1206 2503 ceret
1229 2495 1237 2503 .
1273 2470 1360 2506 Quae
1394 2470 1488 2512 poffit
1520 2470 1634 2504 ducere
1660 2494 1669 2510 ,
1704 2468 1863 2503 indicavit
1908 2469 2047 2511 denique
2079 2468 2133 2502 sex

1121 2515 1212 2546 annis
1237 2522 1309 2546 ante
1341 2524 1439 2554 quam
1476 2512 1720 2556 Sepulchretum
1757 2523 1832 2545 cum
1864 2512 2135 2551 Additamentis,

1120 2557 1157 2589 in
1180 2558 1298 2601 quibus
1333 2557 1368 2590 id
1392 2556 1497 2590 fuerat
1522 2558 1728 2599 ponendum,
1753 2556 1899 2598 prodiret
1914 2580 1924 2597 ,
1947 2556 2135 2590 Gulielmus

1121 2601 1323 2643 Cowperus,
1350 2599 1444 2633 ficuti
1477 2600 1511 2633 in
1547 2598 1749 2633 Adversariis
1784 2598 1903 2633 nostris
1927 2602 1941 2637 (
1963 2598 2016 2640 lq)
2049 2599 2135 2641 legi-

1124 2643 1187 2683 sti,
1210 2644 1266 2676 ubi
1302 2643 1341 2677 ad
1377 2644 1526 2677 mulieres
1572 2654 1702 2686 quoque
1736 2643 1868 2676 eandem
1912 2643 2134 2684 conjecturam

1126 2685 1367 2721 transtulimus:
1394 2698 1491 2730 eaque
1521 2687 1555 2719 in
1586 2686 1741 2719 Consiliis
1764 2697 1803 2719 cx
1825 2686 1884 2719 illo
1917 2697 2063 2728 tempore
2086 2686 2135 2720 usi

1127 2730 1234 2763 sumus
1259 2752 1271 2768 ‚
1302 2741 1377 2764 cum
1401 2731 1544 2764 bubones
1578 2729 1736 2772 propositi
1770 2728 1842 2762 sunt
1865 2731 1922 2772 qui
1947 2729 2099 2770 praeputii
2122 2749 2135 2766 ‚

1128 2776 1160 2806 &
1191 2773 1315 2816 glandis
1337 2775 1535 2808 erofionibus
1559 2771 1785 2809 successerant,
1809 2774 1842 2805 in
1865 2772 2025 2814 profunda
2050 2772 2137 2806 ulce-

1128 2828 1162 2849 ra
1186 2816 1357 2857 cancrosa,
1380 2826 1417 2851 ut
1452 2827 1517 2849 non
1544 2814 1636 2848 semel
1661 2815 1802 2849 vidimus
1824 2838 1836 2855 ‚
1869 2815 2099 2858 degenerantes
2123 2840 2135 2850 .

1127 2859 1200 2893 Nec
1224 2871 1329 2893 tamen
1351 2860 1419 2893 istis
1454 2862 1486 2892 in
1511 2859 1650 2892 Scholiis
1683 2858 1798 2892 desunt
1832 2867 1903 2901 quae
1938 2857 2136 2893 disseffloni-

1127 2902 1185 2937 bus
1207 2904 1316 2937 deberi
1339 2904 1507 2936 videantur
1531 2928 1541 2943 ‚
1565 2902 1663 2943 ,velut
1700 2901 1781 2935 illud
1816 2901 1897 2947 (ll)
1930 2902 1968 2937 de
2002 2912 2135 2936 venerea,

1127 2946 1305 2981 infeffione
1341 2959 1358 2979 a
1381 2945 1546 2979 foemineis
1577 2945 1694 2979 loculis
1716 2944 1807 2987 usque
1836 2946 1874 2979 ad
1906 2945 1990 2979 uteri
2020 2955 2134 2978 cornua

1129 2987 1321 3033 assurgente,
1345 2988 1460 3031 illaque
1482 2996 1711 3031 corrumpente,
1736 2988 1779 3020 &¹
1800 2988 1903 3021 ulcera
1935 2988 2050 3022 ibidem
2082 2998 2133 3022 ex.

1129 3035 1247 3067 citnnre
1269 3046 1279 3064 .-
1311 3031 1398 3075 quod
1419 3033 1557 3074 perbelle
1580 3033 1734 3065 convenit
1758 3043 1832 3065 cum
1858 3032 2049 3077 Vallisnerii
2074 3042 2136 3064 no-

1128 3076 1182 3110 stri
1208 3082 1219 3116 (
1243 3087 1274 3110 m
1297 3079 1307 3114 )
1332 3075 1568 3109 Observatione
1601 3076 1636 3108 in
1659 3075 1813 3112 muliere,
1837 3085 1928 3116 quus
1952 3076 1991 3109 ab
2024 3075 2135 3110 eadem

1128 3120 1178 3154 lue
1204 3131 1266 3153 non
1290 3119 1389 3152 modo
1411 3120 1511 3154 loculi
1534 3129 1644 3152 omnes
1664 3139 1675 3155 ,
1708 3118 1760 3152 sed
1783 3120 1814 3151 &
1836 3118 1967 3152 dextera
1990 3120 2068 3152 tuba
2081 3127 2137 3152 to·-

1129 3172 1162 3197 ta
1200 3172 1267 3197 erat
1299 3163 1477 3196 exulcerata
1502 3185 1510 3193 .
1542 3163 1607 3195 His
1628 3172 1701 3204 quae
1734 3173 1751 3195 a
1784 3161 1982 3195 ‘Vallisnerio
2015 3164 2049 3195 in
2073 3160 2136 3194 foe.

1131 3208 1243 3241 mineis
1266 3230 1275 3245 ,
1314 3218 1330 3239 a
1366 3205 1522 3239 Genselio
1552 3207 1641 3245 (n)
1687 3214 1792 3239 autem
1816 3228 1825 3244 ,
1862 3216 1878 3237 a
1924 3206 2134 3239 Saltzmanno

1130 3251 1218 3292 (0),
1241 3248 1524 3292 aCasparto(p),
1550 3247 1725 3282 aPetscliio
1749 3251 1840 3290 (q),
1865 3247 1905 3280 ab
1916 3249 2030 3282 aliisin
2054 3249 2135 3282 viri.

1134 3294 1219 3327 libus
1234 3293 1334 3326 etiam
1357 3294 1556 3331 visceribus,
1581 3294 1613 3325 in
1636 3291 1747 3325 aliisve
1770 3301 1882 3324 eorum
1906 3292 2055 3334 partibus
2074 3294 2134 3335 qui

1134 3339 1202 3379 post
1225 3336 1310 3370 hunc
1333 3337 1484 3370 morbum
1497 3337 1708 3373 interierant,
1732 3333 1898 3375 conspecta
1911 3335 2003 3374 sunt,
2019 3345 2053 3370 tu
2075 3347 2136 3369 nu-

1136 3391 1258 3416 merum
1268 3404 1278 3420 ‚
1301 3388 1336 3412 ut
1346 3378 1440 3419 dixi,
1461 3382 1584 3413 nonita
1596 3389 1746 3420 magnum
1758 3387 1869 3419 augere
1880 3381 2000 3420 poteris
2012 3381 2138 3415 Obser-

1572 3425 1604 3455 A
1628 3434 1644 3454 a
1667 3433 1684 3454 a
1986 3425 2094 3458 vatio-

83 3506 2139 3533 stn——v-——ffl———u-m—-m—QWQ

205 3592 220 3622 )
349 3607 356 3614 .
417 3590 426 3619 s
446 3595 456 3614 t
471 3591 485 3619 )
500 3587 608 3620 Reponse
623 3592 649 3614 6.

211 3624 223 3651 )
239 3625 275 3646 De
292 3621 406 3648 chirure..
421 3623 493 3651 Oper.
510 3621 551 3645 ubi
568 3622 596 3645 de
613 3620 767 3645 Gummatib.
783 3620 807 3644 in
824 3620 868 3644 fin.

204 3653 218 3682 )
236 3652 296 3680 Eph.
313 3652 355 3675 cit.
371 3653 444 3675 Cent.
460 3654 481 3676 8,
500 3652 558 3676 Obs.
576 3658 615 3676 21.

206 3684 220 3712 )
238 3683 298 3707 ibid.
318 3682 341 3711 ς.
358 3691 380 3710 4.
397 3691 417 3710 s·
435 3682 458 3705 s:
475 3682 534 3706 οὓς.
551 3690 577 3712 4.

211 3718 218 3743 )
238 3714 282 3737 lV.
301 3713 415 3736 Animad.
433 3720 473 3736 22.
491 3713 513 3736 8:
530 3719 566 3742 27-

217 3746 223 3774 )
242 3744 302 3772 Eph.
322 3746 354 3768 N.
372 3745 401 3768 c.
420 3744 490 3768 eent.
506 3745 530 3767 6.
547 3742 605 3767 οδε
622 3743 662 3771 84.

210 3775 218 3808 )
234 3775 327 3800 Differt.
343 3774 373 3800 de
389 3774 470 3799 Exest.
486 3780 548 3799 eran.
568 3774 594 3803 §-
611 3773 636 3798 8.
652 3771 694 3799 ubi
712 3779 771 3798 num
787 3774 868 3799 Aortae
883 3767 1044 3802 aneurysms?

629 3712 642 3741 (
659 3712 669 3735 l
688 3712 696 3740 )
712 3711 741 3735 ad
760 3711 782 3741 §⁴
800 3719 822 3739 a.
838 3712 882 3736 eit.
899 3710 979 3735 Sel-iol.
1000 3716 1019 3732 ι.

677 3652 692 3679 (
708 3659 718 3673 ι·
733 3651 747 3679 )
764 3651 864 3676 Earund-
882 3651 952 3675 Cent.
972 3657 992 3677 9.
1009 3648 1066 3671 Obs.
1085 3656 1123 3677 ¹4-

635 3682 648 3710 (
665 3681 679 3704 h
696 3683 709 3709 )
725 3681 806 3705 schol.
823 3684 866 3706 ult.
884 3682 915 3704 ad
935 3681 958 3709 §.
976 3687 999 3707 4.
1017 3678 1077 3702 ΟΜ,
1099 3687 1120 3703 1.

1080 3709 1093 3738 (
1111 3718 1133 3733 m
1155 3709 1164 3737 )
1178 3708 1217 3733 Iss.
1237 3708 1300 3732 della
1316 3709 1435 3732 Generaz.
1451 3707 1479 3730 P.
1496 3713 1518 3730 ι.
1534 3713 1556 3730 e.
1574 3713 1596 3735 ς.
1612 3713 1636 3731 n.
1653 3712 1690 3730 ιι.

727 3743 765 3766 (ο
781 3741 794 3769 )
810 3743 860 3766 Ast.
878 3742 911 3766 N.
930 3743 959 3766 C.
976 3740 1050 3763 Tom-
1067 3745 1092 3762 2.

709 3589 720 3617 (
737 3597 753 3613 u
767 3589 781 3618 )
797 3592 832 3615 De
848 3589 922 3614 abdit.
940 3587 984 3612 are.
1004 3586 1114 3612 Morbor.
1131 3585 1206 3612 causis
1220 3594 1243 3611 e.
1260 3586 1297 3610 18.
1330 3580 1335 3583 '
1358 3584 1372 3613 (
1387 3590 1401 3608 x
1419 3583 1429 3612 j
1443 3582 1535 3607 Medic.
1551 3582 1617 3608 Hist.
1632 3581 1725 3607 Mirab.
1748 3582 1766 3607 Ι.
1785 3589 1806 3613 ς.
1825 3590 1848 3607 e.
1870 3588 1891 3606 r.

930 3621 944 3648 (
960 3618 1004 3646 z)
1022 3618 1082 3646 Eph.
1099 3620 1133 3643 N.
1149 3621 1179 3643 C.
1197 3620 1255 3642 Dec.
1271 3625 1292 3645 3-
1313 3615 1343 3639 Α.
1361 3623 1384 3644 7.
1402 3613 1530 3644 obst-151.

1593 3614 1603 3643 (
1618 3621 1634 3637 a
1649 3613 1663 3640 )
1680 3613 1733 3638 Ast.
1753 3615 1788 3637 N.
1805 3616 1834 3639 C.
1849 3614 1928 3637 Tom.
1943 3620 1967 3642 7.
1983 3612 2043 3637 Obs.
2059 3620 2104 3643 47.

1184 3645 1480 3676 (A)Epist.27.n.7.
1541 3644 1686 3674 (o)n.2.
1753 3642 2093 3675 (f)0bs.2.§.1·2.3-

1181 3678 1189 3708 s
1207 3679 1215 3700 i
1231 3679 1244 3706 )
1262 3678 1277 3701 l.
1291 3674 1323 3701 ‘de
1340 3675 1431 3699 Morbo
1446 3675 1516 3699 Gali.
1533 3675 1573 3698 ubi
1590 3676 1619 3699 de
1636 3674 1709 3699 Caus.

1109 3739 1168 3764 Obs.
1187 3746 1224 3768 99.

1105 3773 1117 3797 <
1135 3777 1150 3800 q
1166 3770 1175 3802 J
1191 3769 1286 3800 Syllog.
1302 3769 1376 3794 Anat.
1393 3764 1450 3793 Obs.
1467 3765 1490 3798 §.
1505 3767 1544 3797 87.
1594 3794 1603 3798 A
