2498 4075
433 147 522 184 110

358 219 498 255 utroque
520 234 529 247 ,
564 219 645 252 pure
668 206 767 242 etiam
788 215 805 241 a
828 206 948 241 dextris
971 203 1104 238 admisto
1122 225 1133 242 ‚
1165 210 1201 238 ut
1223 202 1354 236 vicissim

356 254 523 289 surditatis
545 255 578 286 in
598 252 711 284 cariem
723 263 793 295 quae
818 250 941 284 auditus
953 248 1075 280 interna
1098 257 1214 288 organa
1237 247 1269 278 in
1280 256 1354 288 pue-

355 309 393 330 ro
416 297 551 331 vitiasset
574 295 699 337 magis,
724 304 760 328 ut
782 292 1023 327 convulsionum
1046 291 1162 328 etiam,
1188 290 1221 322 in
1246 287 1352 322 laesum

352 339 490 381 ejusdem
513 350 643 373 nervum
672 360 684 378 ,
717 348 753 375 ut
778 336 922 375 pulsuum
942 358 951 373 ‚
974 334 1152 377 viriumque
1175 332 1296 374 lapsum
1317 333 1352 365 iu

353 383 581 417 labefastatnm
603 391 731 425 quoque
753 378 889 423 ejusdem
911 376 1100 411 cerebellum
1121 390 1128 411 ;
1151 376 1351 414 Communia

353 434 459 460 autem
483 427 611 467 utrique
633 422 840 456 incommoda
871 423 905 454 in
927 431 1112 455 communes
1143 420 1273 461 utrique
1298 418 1352 450 lre-

352 468 456 503 siones
481 493 490 509 ‚
523 478 559 503 ut
584 467 819 509 inexpeflatam
853 463 1052 501 accessionem
1084 464 1241 497 malorum
1273 460 1351 494 adeo

350 514 496 555 gravium
519 514 552 544 in
575 510 769 553 repentinam
792 509 973 549 meningum
997 507 1034 539 ab
1056 504 1156 539 affuso
1178 516 1254 548 pure
1277 505 1353 537 irri-

354 556 513 588 tationem
536 578 548 595 ‚
569 564 606 588 ut
627 549 777 586 delirium
801 553 834 584 in
859 550 939 583 hanc
962 550 1062 592 ipsam
1084 572 1096 589 ‚
1134 561 1202 592 qua„³
1228 548 1354 590 sangui-

351 610 422 632 nem
446 600 479 631 in
502 596 580 630 vasis
604 604 782 630 moraretur
803 618 816 635 ,
850 602 1014 636 propterea
1050 592 1252 635 turgentibus
1273 613 1283 628 ‚
1316 600 1353 625 ut

350 652 485 675 mortem
510 641 644 681 denique
656 640 689 671 in
712 637 878 671 earundem
893 639 1100 678 meningum,
1125 638 1156 668 &
1179 634 1350 671 cerebelli,

347 694 402 722 aut
424 683 542 718 cerebri
568 682 761 715 exesionetn.
895 679 952 712 Sed
987 679 1067 712 illud
1101 679 1238 711 maxime
1271 680 1353 711 utri-

351 739 414 770 que
436 737 605 761 commune
628 724 692 759 fuit
717 732 848 766 propter
869 721 953 765 quod
979 721 1034 756 has
1058 720 1121 754 tibi
1145 722 1286 763 geminas
1296 722 1353 753 de-

352 770 459 813 scripsi
483 769 632 803 historias
657 793 665 805 ‚
698 775 734 800 ut
759 777 813 808 per
845 768 962 799 cariem
985 766 1034 797 via
1059 766 1143 797 inter
1166 775 1252 797 aures
1277 775 1352 806 pure

349 823 529 851 manantes,
553 816 585 845 δε
608 810 707 844 cranii
731 819 843 843 cavum
867 817 1010 850 pateret,
1031 819 1086 841 nec
1110 807 1278 850 quisquam
1303 817 1352 841 ta-

348 867 419 890 men
445 868 517 890 cum
541 856 625 888 intra
648 852 712 887 hoc
735 863 793 894 pus
814 851 1012 893 conspiceret
1035 850 1174 893 ejusdem
1198 860 1318 885 natura>
1343 876 1352 890 ‚

348 899 498 941 suspicari
524 897 649 941 posset,
672 895 764 928 illam
789 896 872 927 viam
904 895 976 937 puri
1002 893 1093 929 fuisse
1115 905 1131 926 a
1155 894 1254 927 cranii
1276 905 1354 926 cavo

348 941 386 975 ad
410 953 513 976 aurem
539 953 549 980 ς
573 940 622 974 sed
647 950 757 973 omnes
781 947 890 970 contra
911 960 923 983 ἒ
956 950 1066 971 eorum
1090 949 1160 980 quae
1194 936 1353 980 praecesse-

348 995 418 1019 rant
434 1007 446 1025 ³
469 983 615 1018 ordinem
639 980 836 1016 attendentes
856 1004 869 1021 ,
901 980 992 1014 suisse
1016 982 1055 1015 ab
1087 992 1159 1015 aure
1182 980 1219 1013 ad
1249 981 1352 1013 cranii

346 1040 481 1069 cavum,
505 1027 684 1062 faterentur
699 1050 706 1057 .
733 1027 819 1058 Cum
842 1033 946 1058 autem
962 1024 1164 1058 manifestum
1184 1022 1246 1064 fit,
1270 1024 1354 1057 mul-

345 1083 383 1105 to
406 1083 516 1107 aurem
539 1071 665 1105 diutius
690 1079 785 1112 quam
808 1066 994 1108 cerebrum,
1017 1070 1190 1115 &gignere
1214 1078 1271 1108 pus
1288 1092 1298 1107 ‚
1322 1070 1354 1100 &

345 1115 410 1150 sine
433 1117 509 1148 vitae
532 1114 730 1147 detrimento
753 1110 836 1156 ferre
860 1109 943 1153 posse
970 1123 981 1149 3
1005 1111 1205 1144 manifestum
1228 1121 1354 1153 quoque

344 1159 386 1192 est
412 1182 424 1199 ,
456 1157 535 1202 quid
560 1158 671 1200 potius
703 1156 736 1188 in
771 1153 998 1197 ejusdemmodi
1033 1166 1113 1197 quos
1145 1153 1245 1186 initio
1267 1156 1281 1192 (
1302 1154 1354 1192 d)

345 1204 593 1235 memoravimus
612 1223 625 1241 ,
657 1197 778 1232 casibus
801 1197 840 1230 sit
872 1196 1079 1239 judicandum
1104 1221 1112 1229 .
1149 1199 1229 1231 Sunt
1254 1197 1355 1271 izitur

347 1245 474 1281 aurium
500 1244 604 1278 ulcera
639 1253 703 1275 non
728 1250 847 1274 temere
878 1240 1051 1274 claudenda
1076 1251 1140 1274 non
1166 1251 1232 1273 tam
1256 1252 1277 1273 o
1321 1239 1355 1274 id

344 1288 432 1330 quod
456 1288 556 1320 rarius
579 1285 622 1320 est
646 1309 658 1325 ,
694 1296 732 1318 ne
757 1283 854 1317 saniei
891 1284 996 1318 exitus
1018 1296 1034 1316 e
1058 1284 1161 1317 cranii
1183 1294 1276 1316 cavea
1301 1294 1356 1326 per

343 1343 432 1365 aures
455 1329 715 1368 intercludatur,
737 1338 834 1371 quam
859 1326 904 1359 ob
927 1327 960 1360 id
985 1327 1073 1369 quod
1094 1330 1188 1369 longe
1211 1325 1356 1369 frequen-

343 1377 409 1408 tius
435 1374 500 1416 est,
522 1385 560 1406 rie
584 1372 679 1406 saniei
704 1382 742 1404 ex
767 1369 840 1412 ipsis
874 1370 1001 1404 auribus
1027 1370 1199 1404 intercluso
1231 1373 1321 1403 exitu
1342 1393 1355 1410 ,

348 1419 450 1451 caries
475 1417 522 1450 vel
549 1416 627 1452 fiat,
653 1415 701 1447 vel
726 1424 904 1456 augeatur,
930 1413 1036 1457 sicque
1058 1414 1165 1448 multo
1189 1412 1319 1448 facilius
1344 1436 1353 1451 ,

346 1465 378 1495 δι
400 1463 498 1494 citius
523 1461 555 1492 in
579 1459 679 1492 cranii
704 1468 829 1489 caveam
857 1457 1019 1499 perveniat
1041 1482 1048 1488 .
1084 1459 1171 1491 Cum
1194 1458 1278 1490 binis
1302 1467 1355 1490 au-

348 1514 414 1538 tem
437 1515 514 1546 quas
539 1499 763 1542 tibidescripsi
779 1524 790 1539 ‚
816 1499 1105 1535 Observationibus
1129 1499 1267 1533 totidem
1280 1511 1358 1534 cou-

345 1547 458 1592 jungas
481 1548 578 1583 licet,
600 1546 730 1578 alteram
754 1543 935 1586 Meglingii
967 1546 982 1582 (
1003 1556 1019 1577 e
1040 1548 1055 1584 )
1075 1568 1088 1584 ,
1119 1543 1236 1578 Laubii
1270 1541 1354 1586 (f)

348 1592 482 1624 alteram
506 1615 513 1622 .
551 1591 589 1623 In
614 1597 747 1629 utraque
782 1586 850 1628 post
875 1587 1026 1620 fluentem
1048 1599 1086 1621 ex
1108 1599 1179 1621 aure
1203 1587 1317 1621 saniem
1343 1609 1352 1624 ,

345 1635 549 1678 purulentum
574 1634 659 1665 circa
684 1641 792 1663 aurem
815 1639 997 1675 tumorem,
1022 1639 1214 1673 tympanum
1229 1630 1354 1664 absurm.

345 1689 365 1721 p
384 1690 461 1717 um,
484 1677 601 1710 cariem
626 1686 683 1718 per
706 1685 743 1707 os
767 1674 935 1706 Petrosum
959 1674 996 1706 ad
1019 1675 1123 1707 cranii
1145 1685 1257 1707 cavum
1281 1685 1354 1716 pro-

363 1724 475 1758 ursam*
493 1744 505 1761 ,
538 1721 682 1753 ichorem
707 1740 718 1756 ,
752 1725 805 1749 aut
829 1726 886 1757 pus
920 1717 1005 1750 intra
1030 1716 1096 1750 hoc·
1124 1727 1198 1751 cum
1221 1716 1350 1751 funestis

340 1766 477 1808 denique
500 1762 621 1797 cerebri
648 1760 741 1795 malis
767 1758 884 1800 fuisse,
909 1760 991 1803 leges
1012 1786 1021 1794 .
1045 1762 1089 1795 Et
1112 1772 1293 1804 quanquam
1317 1762 1350 1795 in

343 1808 474 1843 secunda
498 1805 622 1850 aliquid
647 1802 773 1839 credere
797 1801 861 1847 jam
884 1803 959 1837 inde
991 1804 1028 1837 ab
1051 1805 1151 1837 initio
1172 1805 1348 1848 conclusum

340 1854 426 1887 intra
449 1851 616 1884 cerebrum
640 1858 731 1893 potes
756 1871 767 1887 ,
803 1846 885 1880 unde
908 1847 991 1881 visus
1005 1847 1234 1893 *obscuraretur
1257 1861 1267 1887 ,-
1300 1857 1348 1881 ta-

342 1908 414 1931 men
441 1906 502 1929 non
526 1903 619 1927 antea
646 1891 816 1926 adauctum
842 1916 851 1931 ‚
875 1893 907 1924 &
932 1890 969 1924 ad
994 1891 1253 1934 suppurationem
1278 1903 1350 1934 per.

342 1940 477 1975 <ludium
501 1937 559 1972 esse
575 1961 587 1977 ,
612 1936 775 1977 intelliges
796 1957 804 1971 ,
837 1945 933 1976 quam
958 1936 1048 1977 puris
1070 1946 1108 1968 ex
1133 1945 1204 1968 aure
1229 1935 1318 1968 fluxu
1342 1957 1353 1973 ‚

339 1987 397 2029 qui
422 1983 507 2016 visus
529 1980 791 2016 obscurationem
815 1977 979 2011 minuebat
995 1976 1188 2023 ,jdefinente
1210 2003 1218 2018 ‚
1244 1989 1352 2012 amau-

341 2027 417 2062 τοῦς
442 2028 607 2069 primunr,
630 2022 768 2066 denique
791 2021 989 2064 apoplec'sica
1008 2022 1250 2064 symptomata,
1274 2033 1354 2064 quo-

342 2082 412 2106 rum
437 2069 562 2107 nullum
586 2077 659 2100 ante
676 2074 871 2109 *apparuerat
884 2088 897 2105 ³
921 2064 1137 2106 advenerunt,
1159 2076 1224 2098 uon
1238 2064 1351 2097 adven-

340 2124 411 2148 tura
431 2137 442 2154 ,
475 2113 496 2146 si
522 2121 611 2146 tanta
645 2111 701 2144 illa
727 2111 814 2153 puris
837 2109 930 2152 copia
955 2130 968 2150 ,
998 2120 1068 2152 quae
1093 2118 1141 2141 ter
1166 2116 1313 2151 quaterve
1335 2118 1351 2140 e

341 2167 469 2192 tumore
493 2165 650 2196 externo,
674 2165 748 2189 cum
771 2153 883 2186 Meam
906 2152 1087 2186 Auditorio
1108 2152 1352 2185 communican-

340 2213 391 2240 te,
419 2201 615 2242 profluxerat
638 2223 646 2236 ,
682 2201 714 2231 δε
737 2208 807 2239 quae
839 2204 924 2228 certe
959 2196 1044 2229 intra
1079 2196 1239 2229 cerebrum
1274 2203 1351 2227 tunc

341 2245 432 2281 fuisse
455 2256 519 2277 non
544 2250 674 2286 poterat
691 2267 701 2282 ‚
730 2251 783 2282 par
805 2238 864 2274 esse
888 2241 977 2272 omni
1015 2240 1065 2272 illi
1089 2238 1228 2281 putridae
1252 2246 1353 2270 mate-

341 2292 396 2328 riae
421 2300 492 2331 quae
518 2289 550 2319 in
575 2296 670 2324 aure,
697 2287 729 2317 δέ
753 2284 839 2315 circa
865 2293 973 2315 aurem
996 2283 1207 2325 gignebatur,
1233 2280 1352 2314 exhau-

340 2331 483 2371 riendae,
506 2342 521 2363 a
546 2328 742 2369 cerebroque
769 2324 942 2358 avertendae
968 2324 1142 2368 potuisset.

383 2388 416 2419 7.
444 2377 479 2406 In
506 2374 630 2407 aurium
653 2369 817 2404 diuturnis
840 2368 1001 2403 ulceribus
1025 2369 1219 2402 vermiculos
1243 2366 1352 2404 nasci,

343 2431 418 2454 cum
442 2416 526 2452 haud
551 2414 739 2456 infrequens
764 2411 847 2454 apud
858 2411 1030 2446 Medicinae
1055 2413 1253 2454 Scriptores,
1280 2420 1351 2443 tum

344 2460 522 2507 pervetusta
544 2457 725 2492 observatio
748 2454 814 2494 est,
837 2463 873 2488 ut
897 2466 935 2487 ex
959 2454 1176 2494 mosem-ide,
1199 2454 1326 2487 Galeno
1344 2475 1354 2490 ‚

345 2507 447 2540 Aetio
470 2502 606 2537 ostendit
630 2499 822 2536 Dodonaeus
852 2500 907 2540 (g
927 2502 942 2538 >
967 2510 975 2530 .·
1007 2499 1124 2541 quibus
1157 2499 1354 2541 antiquiores

342 2551 424 2584 alios
448 2545 528 2581 adde
553 2568 562 2582 ‚
597 2557 635 2578 ex
659 2542 775 2586 quibus
800 2541 923 2575 Plinius
946 2544 959 2581 (
981 2540 1036 2583 h)
1072 2541 1207 2574 remedia
1232 2541 1354 2583 accepit

347 2592 476 2628 auribus
508 2586 692 2630 verminofis
716 2584 894 2619 instillanda
916 2608 929 2625 ,
960 2583 998 2617 ad
1021 2584 1208 2624 vermiculos
1240 2586 1272 2617 in
1305 2583 1356 2616 his

346 2634 500 2672 necandos
547 2633 627 2665 Non
652 2628 838 2672 displicebit
862 2637 966 2660 tamen
981 2651 993 2667 ,
1015 2626 1038 2660 fi
1061 2638 1185 2670 quanto
1210 2628 1355 2668 graviora

350 2680 432 2715 mala
458 2687 553 2721 quam
578 2676 751 2708 Lanzonus
775 2675 789 2711 (
812 2674 824 2704 ι’
845 2675 859 2712 )
880 2693 889 2709 ,
925 2675 955 2717 ἅζ
983 2669 1122 2705 Behrius
1144 2674 1158 2710 (
1182 2670 1200 2710 l<
1220 2674 1233 2710 J
1258 2670 1357 2716 adno-

347 2734 455 2758 tarunt
471 2745 482 2761 ‚
506 2721 530 2753 ii
553 2716 720 2751 vermiculi
743 2716 861 2748 cierent
886 2716 919 2747 in
942 2715 1066 2757 juniore
1090 2716 1262 2754 Matrona,
1286 2714 1357 2747 sub-

348 2770 470 2811 jecero.
498 2766 592 2797 Forte
615 2772 699 2794 eram
722 2769 796 2793 cum
820 2757 967 2791 Valsalva
992 2759 1024 2790 in
1048 2756 1114 2800 ejus
1132 2758 1260 2797 Patria,
1283 2768 1357 2789 cum

348 2812 406 2845 illa
430 2809 514 2842 bunc
540 2806 643 2845 adiit,
667 2803 870 2844 narravitque
889 2825 900 2843 ,
921 2802 948 2834 se
970 2824 982 2841 ‚
1014 2812 1083 2844 quae
1106 2804 1138 2834 ὃς
1161 2801 1242 2846 olim
1266 2803 1358 2842 virgo

349 2853 467 2888 sinistra
493 2861 561 2882 aure
585 2845 732 2880 edidisset
756 2856 893 2878 vermem
913 2868 925 2885 ,
958 2845 1095 2877 alterum
1118 2854 1189 2878 ante
1212 2848 1263 2876 sex
1286 2844 1359 2876 illos

350 2896 470 2932 menses
495 2892 628 2925 minoris
652 2888 821 2930 bombycis
845 2886 949 2921 forma
975 2886 1105 2921 edidisse
1128 2888 1197 2930 post
1221 2887 1359 2920 aurisil-

352 2942 414 2975 lius
439 2937 605 2974 dolorem,
629 2936 660 2966 δε
689 2933 842 2974 proximae
857 2930 998 2972 frontis,
1022 2942 1056 2963 ac
1079 2932 1257 2974 temporis,
1279 2931 1358 2973 qui,

350 2993 456 3017 verme
478 2991 552 3014 cum
578 2988 655 3020 pure
679 2974 781 3017 ejeeto
801 2997 810 3012 ,
845 2973 972 3007 desierat
998 2988 1007 3006 :
1041 2975 1094 3007 Ab
1117 2986 1155 3008 eo
1178 2983 1281 3008 autem
1306 2974 1358 3007 die

352 3038 418 3061 non
444 3024 532 3058 semel
570 3032 623 3063 per
646 3020 732 3051 varia
766 3019 932 3051 intervalla
965 3018 1078 3051 dolore
1110 3017 1221 3051 eodem
1257 3029 1358 3050 corre-

354 3081 443 3113 ptam
459 3091 468 3107 ,
494 3066 542 3100 sed
568 3064 690 3097 acriore
714 3085 723 3100 ‚
750 3071 784 3095 ut
809 3071 935 3106 repente
957 3061 1081 3094 caderet
1106 3085 1114 3099 ,
1150 3060 1282 3094 sensibus
1305 3072 1357 3093 or-

353 3115 427 3148 bata
452 3110 488 3145 ad
513 3110 607 3144 horas
618 3107 709 3142 duaS‚
740 3104 839 3137 donec
866 3105 973 3138 soluto
985 3105 1093 3138 dolore
1117 3104 1154 3138 ad
1166 3105 1195 3138 se
1219 3104 1359 3144 rediens,

356 3157 452 3201 paulo
482 3152 550 3197 post
580 3149 791 3184 vermiculum
824 3157 1002 3180 excerneret
1036 3149 1105 3190 pari
1140 3149 1241 3181 forma
1262 3170 1275 3187 ,
1308 3147 1361 3181 sed

357 3201 513 3233 minorem
528 3220 537 3234 ,
560 3202 736 3229 remanente
759 3190 826 3235 ejus
850 3192 933 3224 auris
957 3191 1131 3229 surditate,
1155 3194 1241 3226 cutis
1253 3200 1359 3225 autem

358 3244 578 3287 proximarum
604 3238 747 3280 partium
771 3235 897 3277 stupore
920 3258 929 3273 ,
965 3246 1035 3267 cum
1060 3237 1185 3277 pruritu
1218 3233 1358 3277 quodam

360 3284 535 3329 conjunfiim
557 3307 563 3313 .
599 3283 678 3314 Non
705 3277 869 3313 dubitavit
894 3278 1040 3311 Valsalva
1065 3304 1073 3317 ‚
1106 3281 1186 3322 quin
1212 3280 1359 3320 Tympa-

360 3340 436 3363 num
461 3326 531 3360 esset
556 3325 766 3358 exulceratum
790 3333 799 3354 :
824 3318 863 3354 ad
888 3331 1006 3354 vermes
1029 3331 1133 3355 autem
1155 3347 1165 3362 ‚
1201 3322 1283 3363 siqui
1310 3320 1359 3354 su-

362 3372 510 3416 peressent
525 3392 534 3408 ‚
559 3365 777 3413 profligandos
800 3375 913 3408 aquam
935 3365 1124 3407 proposuit,
1145 3377 1183 3399 ex
1207 3364 1360 3407 hyper-ico

972 124 1128 180 Liber
1161 124 1197 175 Ι.
1229 122 1314 176 De
1350 123 1556 177 Morbis
1588 120 1792 187 Capitis

1402 202 1615 240 destinatam,
1637 202 1671 235 in
1693 213 1756 245 qua
1778 201 2015 248 hydrargyrum
2038 197 2211 246 agirass‘ent‘
2225 229 2233 237 .
2258 203 2315 239 Tu
2338 202 2399 236 alia

1404 245 1489 289 apud
1513 245 1593 280 alios
1604 269 1617 286 ,
1639 248 1672 278 &
1695 242 1869 286 praesertim
1892 245 1975 288 apud
1997 248 2181 290 V‘erneyum
2203 250 2217 287 (
2240 246 2253 280 l
2271 243 2399 295 y‘vide-

1402 290 1451 324 bis
1473 289 1611 323 auxilia.
1637 287 1726 322 Mihi
1736 297 1821 322 certe
1833 312 1848 330 ,
1870 299 1907 323 ne
1920 288 2141 328 innascantur,
2167 300 2241 323 neve
2262 287 2401 331 aliipo'st

1401 334 1524 377 primos
1545 331 1693 367 abadon
1716 333 2017 377 vermiculigeneris
2040 332 2169 375 hujusce
2179 332 2402 367 renascantur,

1403 376 1527 410 nullum
1551 376 1652 410 tutius
1675 373 1801 408 videtur
1823 374 1879 418 esse
1902 375 2078 411 remedium
2103 398 2113 414 ,
2137 388 2232 419 quam
2256 373 2398 408 interdiu

1403 429 1563 463 nunquam
1588 418 1712 457 cessate,
1735 420 1768 451 ὃς
1791 429 1945 453 autumno
1967 430 2037 453 aure
2058 419 2094 452 in
2116 431 2177 462 qua
2209 420 2297 454 ulcus
2319 417 2362 450 est
2383 439 2398 457 ,

1403 473 1467 496 non
1490 462 1639 496 obturata
1659 459 1833 494 dormire».
1860 463 1956 496 Tunc
1980 463 2066 496 enim
2090 462 2196 502 sanie,
2220 466 2252 496 &
2275 461 2407 495 ulcero-¹

1404 506 1434 540 sa
1456 516 1547 539 carne
1571 505 1691 539 alletffie
1715 503 1827 538 muscae
1851 505 1942 538 illam
1965 505 2097 540 subeunt
2115 528 2127 545 ,
2162 508 2193 539 δε
2216 504 2318 538 inscio
2340 502 2402 536 ho-

1405 550 1490 583 mine
1509 571 1522 588 ‚
1554 557 1608 583 aut
1629 559 1688 580 ova
1712 547 1794 580 unde
1816 547 1920 590 postea
1944 549 2110 582 vermiculi
2143 548 2280 583 existunt
2305 571 2315 586 ,
2349 554 2403 579 aut

1404 604 1474 635 quae
1497 592 1650 634 viviparae
1674 590 1768 630 sunt,
1790 591 1978 625 vermiculos
2001 592 2086 634 ipsos
2108 591 2271 635 deponunt
2292 614 2300 622 .
2336 588 2407 624 Ne-

1403 646 1465 678 que
1487 636 1570 669 enirn
1595 632 1720 668 aliunde
1745 633 1815 667 sunt
1837 645 1933 678 quam
1957 647 1973 668 a
1995 635 2109 670 muscis
2131 647 2139 667 :
2175 646 2191 668 a
2215 633 2330 677 quibus
2353 631 2403 664 vel

1404 680 1566 712 Homerus
1587 681 1602 717 (
1623 689 1654 711 m
1672 681 1685 717 )
1708 677 1790 710 olim
1807 699 1820 717 ‚
1843 688 1907 711 non
1944 689 1960 711 a
1992 677 2159 720 putredine
2180 703 2189 718 ,
2224 675 2405 721 repetebat,

1402 720 1566 754 Achillem
1590 721 1741 755 inducens
1765 722 1932 753 timentem
1952 744 1966 761 ‚
1998 732 2035 755 ne
2059 723 2173 756 muscae
2204 721 2237 753 in
2261 720 2404 753 vulneri-

1402 765 1458 798 bus
1482 764 1643 798 interfeffi
1677 763 1814 796 Patrocli
1835 774 1954 798 vermes
1973 764 2135 807 gignerent
2159 790 2167 798 .
2205 765 2274 800 Qui
2309 761 2331 795 fi
2366 763 2399 795 in

1402 807 1581 841 exulcerato
1615 808 1726 841 Meatu
1746 805 1926 840 Auditorio
1957 816 1992 842 ut
2019 806 2159 841 rodendo
2190 806 2265 841 satis
2288 805 2405 840 habent

1403 850 1485 886 unde
1516 851 1657 885 crescant
1691 873 1701 888 ‚
1753 851 1799 883 ita
1831 850 1938 884 locum
1969 849 2084 884 habere
2128 848 2250 894 possent
2295 859 2405 891 aptum

1405 895 1459 929 ubi
1493 896 1596 938 plures
1629 894 1700 927 illas
1734 894 1929 927 mutationes
1961 893 2101 927 subirent
2122 917 2136 934 ‚
2182 894 2221 927 ab
2254 893 2405 927 Solertis-

1404 938 1486 971 fimo
1521 939 1720 973 Reaumurio
1743 939 1833 976 (n)
1865 935 2036 979 descriptas
2058 959 2068 974 ,
2107 949 2242 979 quarum
2280 935 2323 970 est
2355 936 2406 970 ul-

1405 983 1485 1015 tima
1506 1006 1519 1023 ,
1551 990 1587 1016 ut
1619 980 1733 1014 muscae
1764 978 1841 1013 fiant
1874 991 1885 1018 5
1926 981 2032 1015 minus
2064 979 2136 1013 esset
2176 979 2308 1013 difficile
2349 991 2405 1013 ex-

1406 1026 1527 1068 plicatu
1550 1023 1637 1069 quod
1661 1023 1868 1065 aKlaunigio
1889 1026 1953 1062 (o)
1978 1024 2133 1066 scriptum
2155 1023 2224 1063 est,
2247 1023 2406 1058 bimestres

1407 1067 1598 1110 gravissimas
1623 1068 1706 1100 auris
1721 1090 1733 1107 ‚
1757 1069 1789 1100 &
1812 1067 1928 1112 capitis
1953 1067 2109 1100 molestias
2123 1068 2278 1104 continuo
2301 1065 2408 1101 desiis-

1406 1112 1458 1152 se,
1481 1122 1556 1144 cum
1578 1122 1617 1143 ex
1638 1111 1694 1143 illa
1721 1121 1792 1143 aure
1815 1112 1920 1143 musca
1943 1110 2081 1143 evolavit
2095 1133 2107 1149 ,
2129 1121 2224 1154 quam
2246 1110 2333 1153 quod
2357 1111 2408 1142 vi—

1405 1153 1498 1200 detur
1520 1152 1707 1192 credidisse,
1731 1164 1798 1188 cam
1821 1152 1960 1187 muscam
1982 1153 2126 1187 totoillo
2148 1163 2291 1197 tempore
2304 1152 2408 1186 in'nae-

1406 1197 1470 1231 fisse
1494 1197 1526 1230 in
1549 1197 1726 1232 Auditorio
1747 1197 1877 1230 Meatu.
2011 1199 2173 1231 Caeterum
2197 1196 2235 1231 ad
2247 1197 2407 1231 vermicu-

1406 1242 1453 1274 los
1477 1252 1515 1273 ex
1539 1242 1622 1275 auris
1646 1240 1857 1282 penetralibus
1881 1239 2055 1282 abigendos
2088 1240 2265 1282 plurimum
2289 1239 2406 1276 fortas.-

1406 1284 1435 1318 se
1460 1283 1556 1326 posset
1581 1283 1768 1316 idonearum
1792 1294 1895 1317 rerum
1929 1283 2036 1317 fumus
2058 1281 2101 1316 sic
2135 1294 2188 1316 ore
2212 1283 2374 1326 proleecus
2395 1304 2407 1321 ,

1406 1330 1439 1361 &
1463 1337 1516 1373 per
1539 1325 1783 1360 Eustachianam
1797 1325 1924 1364 Tubam
1947 1327 1981 1360 in
2003 1337 2130 1361 caveam
2142 1327 2308 1370 Tympani
2319 1337 2410 1361 com-

1405 1371 1533 1414 pulsus,
1558 1378 1592 1404 ut
1617 1370 1693 1402 alias
1714 1371 1727 1408 (
1745 1378 1769 1411 p
1792 1373 1806 1409 )
1828 1370 2024 1409 memoravi3
2046 1369 2168 1403 tametfi
2179 1379 2257 1404 tunc
2280 1370 2318 1405 de
2339 1380 2411 1403 ver-

1407 1413 1512 1447 mibus
1534 1424 1573 1446 ex
1595 1413 1651 1445 illa
1674 1423 1764 1459 cavea
1774 1412 1977 1446 eliminandis
2001 1424 2055 1456 per
2067 1413 2289 1447 Membranam
2303 1415 2412 1456 Tym-

1408 1458 1503 1500 pani,
1528 1456 1593 1498 jam
1617 1456 1655 1489 ab
1679 1457 1752 1497 ipsis
1776 1456 1919 1496 erosam,
1942 1454 2027 1489 nihil
2054 1456 2124 1490 dixi
2150 1480 2160 1495 ‚
2192 1458 2313 1500 quippe
2335 1468 2412 1492 cum

1408 1499 1572 1534 institutus
1594 1499 1641 1532 ibi
1665 1499 1766 1532 sermo
1799 1498 1880 1533 hanc
1905 1501 1949 1533 ita
1974 1498 2104 1533 illaesam
2129 1503 2303 1543 requireret
2326 1523 2336 1540 ,
2371 1509 2408 1534 ut

1406 1543 1506 1586 posset
1532 1542 1671 1583 resilire,
1695 1553 1878 1586 aeremque,
1902 1544 2000 1576 etiam
2024 1542 2219 1577 medicatum
2241 1568 2255 1586 ‚
2285 1545 2343 1588 qui
2366 1544 2412 1577 il-

1406 1588 1458 1621 luc
1481 1599 1519 1621 ex
1541 1597 1617 1625 ore,
1642 1585 1739 1619 labris
1755 1609 1767 1626 ,
1790 1586 1981 1630 naribusque
2005 1586 2184 1629 compreffis
2205 1609 2218 1627 ‚
2242 1598 2298 1630 per
2321 1588 2409 1620 viam

1406 1631 1512 1664 Tubae
1535 1630 1779 1672 compelleretur
1800 1652 1813 1669 ,
1846 1640 1923 1662 mox
1947 1640 2003 1672 per
2038 1630 2165 1664 eandem
2189 1631 2274 1665 viam
2308 1640 2413 1664 retro-

1405 1675 1543 1719 pelstre,
1567 1672 1604 1706 ad
1628 1673 1779 1709 noxiam,
1803 1672 1982 1714 congestam
2006 1674 2041 1705 in
2063 1675 2240 1717 Tympano
2266 1698 2279 1714 ,
2313 1681 2414 1708 mate-

1404 1718 1484 1751 riam
1510 1715 1747 1761 expurgandam
1771 1740 1779 1749 .
1804 1715 1887 1757 Qae
1913 1725 1987 1748 cum
2012 1717 2160 1757 relegeris
2183 1729 2194 1755 3
2227 1718 2324 1751 velim
2347 1719 2415 1750 exi-

1402 1760 1507 1795 stimes
1533 1787 1541 1801 ,
1573 1761 1651 1804 quid
1675 1758 1803 1793 tandem
1838 1758 1952 1792 habeat
1986 1760 2065 1792 novi
2088 1760 2198 1795 eadem
2225 1783 2238 1800 ,
2270 1769 2307 1794 ut
2330 1760 2414 1794 mihi

1402 1805 1531 1848 quidem
1554 1805 1680 1838 videtur
1694 1828 1706 1845 ,
1731 1801 1875 1836 medendi
1902 1802 2011 1843 ratio,
2034 1805 2151 1846 quaein
2176 1803 2319 1845 perbrevi
2331 1816 2415 1847 quo-

1402 1849 1475 1882 dam
1504 1846 1854 1889 Medico-Chirurgico
1879 1846 2010 1888 Scripto
2029 1847 2104 1881 octo
2127 1846 2198 1891 post
2221 1848 2310 1881 annis
2335 1859 2413 1892 pro-

1403 1891 1506 1935 posita
1529 1891 1592 1925 est.
1619 1891 1679 1925 Sed
1702 1890 1739 1923 ad
1765 1891 1836 1922 alia'
1851 1890 2035 1924 veniamus.
2173 1894 2199 1908 ’⁴

1447 1935 1477 1968 8.
1503 1934 1698 1967 Observatio
1720 1945 1789 1976 quae
1827 1932 1880 1967 hic
1904 1934 1937 1966 in
1961 1933 2170 1976 Sepulchreto
2207 1934 2250 1969 est
2272 1935 2318 1969 Π.
2345 1946 2417 1978 per-

1401 1978 1536 2020 legenda
1569 1987 1674 2012 autem
1699 1978 1779 2010 sect.
1805 1979 1852 2010 ΙΙ.
1879 1976 1933 2010 sub
1968 1988 2057 2009 num.
2081 1979 2263 2023 LIILjHa
2300 1989 2413 2021 nempe

1402 2022 1445 2055 est
1466 2033 1536 2063 quae
1561 2032 1576 2053 a
1600 2023 1753 2062 Verneyo
1784 2023 1797 2058 (
1820 2032 1838 2062 q
1861 2023 1874 2060 >
1907 2020 2083 2054 laudatur.
2121 2023 2169 2054 Et
2193 2021 2263 2055 sane
2286 2021 2352 2064 ipsa
2378 2034 2417 2055 o-

1402 2064 1540 2104 stendit,
1561 2063 1752 2097 increscente
1764 2063 1846 2096 inter
1869 2063 2051 2104 cerebrum,
2076 2065 2310 2100 &cerebellum
2334 2064 2415 2099 stea-

1401 2117 1521 2141 tomate
1535 2131 1547 2148 ,
1570 2105 1809 2152 compressisque
1834 2108 1974 2148 primum
1994 2108 2130 2149 Opticis
2152 2110 2258 2142 nervis
2281 2106 2320 2141 ad
2345 2110 2414 2141 ori-

1402 2152 1511 2194 ginem
1528 2176 1536 2192 ,
1559 2159 1629 2184 tum
1656 2149 1806 2192 subjeetis
1829 2149 2007 2196 Acasticis,
2031 2149 2170 2194 denique
2183 2152 2282 2192 aliis,
2302 2162 2415 2186 amau-

1402 2194 1498 2227 rofim
1522 2195 1664 2237 primurn
1688 2218 1697 2233 ,
1728 2191 1803 2226 dein
1826 2192 2017 2226 surditatem
2039 2217 2052 2234 ‚
2085 2194 2248 2229 novissime
2279 2200 2418 2230 mortem

1402 2238 1490 2280 sequi
1512 2234 1670 2271 debuisse.
1697 2235 1808 2281 Docet
1833 2245 1939 2270 autem
1952 2238 2120 2279 Verneyus
2145 2237 2179 2271 id
2205 2237 2291 2282 quod
2306 2238 2420 2272 'Scho-

1403 2282 1441 2314 lii
1469 2281 1541 2314 loco
1569 2279 1645 2313 huic
1669 2278 1893 2312 Observationi
1926 2281 1960 2312 in
1994 2291 2074 2313 nova
2108 2280 2309 2323 Sepulchreti
2334 2283 2419 2317 Edi-

1401 2326 1493 2358 tione
1517 2322 1695 2357 addendum
1718 2321 1847 2361 fuerat,
1871 2334 1932 2364 qua
1954 2324 2103 2364 ratione,
2129 2324 2185 2358 etsi
2210 2336 2276 2359 non
2300 2337 2413 2369 quem-

1403 2365 1579 2401 admodum
1602 2365 1741 2405 oculus,
1763 2363 1802 2398 sic
1826 2366 1951 2411 intimae
1976 2367 2099 2400 aurium
2134 2378 2239 2410 partes
2263 2368 2319 2402 sub
2343 2370 2413 2403 sen-

1405 2411 1474 2445 sum
1495 2408 1634 2450 cadant,
1657 2418 1693 2442 ut
1716 2407 1852 2442 illaesum
1876 2409 1933 2442 esse
1955 2409 2132 2452 utrobique
2160 2422 2318 2454 organum
2331 2425 2419 2455 aeque

1405 2454 1593 2496 cognoscere
1617 2452 1776 2486 intuendo
1799 2450 1972 2494 possimus3
1996 2463 2102 2485 tamen
2124 2475 2138 2493 ,
2174 2464 2210 2488 ut
2234 2454 2380 2488 dicebam
2402 2479 2416 2496 ,

1405 2496 1520 2534 docet,
1546 2496 1663 2540 quibus
1685 2495 1820 2529 indiciis
1851 2497 1885 2528 in
1908 2506 1980 2542 aure
2003 2507 2131 2539 quoque
2166 2497 2380 2540 conjiciamus
2404 2523 2416 2540 ,

1405 2542 1524 2574 vitium
1546 2552 1641 2574 omne
1665 2539 1698 2571 in
1723 2549 1819 2572 nervo
1842 2537 2005 2573 consistere
2027 2562 2034 2571 .
2070 2541 2101 2572 A
2125 2551 2193 2582 quo
2218 2542 2289 2574 sane
2312 2541 2421 2577 verifi-

1409 2585 1483 2617 mile
1506 2583 1549 2617 est
1573 2595 1624 2618 eas
1648 2580 1759 2622 fuisse,
1784 2592 1855 2625 quae
1878 2581 1956 2627 alib-i
1978 2585 1992 2621 (
2015 2594 2031 2615 r
2052 2586 2066 2623 )
2089 2594 2105 2615 a
2131 2584 2225 2618 nobis
2248 2587 2282 2618 in
2305 2587 2421 2620 mulie.

1406 2639 1462 2668 re,
1485 2629 1622 2671 viroque
1646 2635 1906 2660 commemoratae
1930 2627 2001 2658 sunt
2026 2626 2088 2659 tibi
2112 2650 2122 2667 ,
2145 2627 2356 2669 surditatem,
2383 2633 2418 2666 δε

1407 2670 1533 2705 auditus
1555 2671 1745 2714 gravitatem
1769 2678 1839 2702 ante
1862 2667 2028 2712 utriusque
2052 2671 2278 2712 apoplexiam.

1449 2727 1480 2756 9.
1507 2714 1559 2748 Ad
1585 2712 1851 2748 Observationem
1878 2713 1943 2745 ΙΙΙ.
1968 2723 2032 2746 non
2043 2724 2142 2756 pauca
2164 2716 2198 2748 in
2222 2715 2365 2750 Scholiis
2377 2717 2415 2751 de

1410 2759 1594 2797 Tinnitus‚
1618 2757 1821 2799 aliorumque
1845 2754 2000 2798 ejusmodi
2027 2756 2179 2792 sonorum
2212 2763 2311 2794 causis
2337 2760 2421 2804 adji-

1409 2802 1564 2838 ciuntur,
1589 2812 1726 2844 quorum
1751 2801 1825 2833 loco
1849 2800 1932 2840 alia,
1957 2810 1995 2832 ex
2018 2800 2169 2843 Verneyo
2192 2803 2275 2846 (s)
2299 2805 2420 2847 pariter

1409 2844 1534 2887 sumpta
1551 2866 1559 2881 ‚
1584 2843 1730 2878 substitui
1755 2852 1901 2889 poterant
1926 2844 2020 2885 longe
2047 2844 2178 2878 meliora
2198 2871 2206 2877 .
2244 2849 2283 2882 In
2306 2849 2346 2881 iis
2370 2857 2422 2883 ta-

1410 2899 1482 2921 men
1516 2887 1656 2921 Scholiis
1680 2886 1834 2920 nonnulla
1868 2888 1939 2920 sunt
1974 2887 2105 2920 minime
2150 2891 2382 2924 contemnenda
2407 2915 2421 2932 ‚

1408 2931 1494 2965 velut
1518 2931 1598 2964 illud
1622 2930 1660 2964 de
1682 2932 1772 2973 gravi
1796 2930 1829 2962 in
1852 2927 1992 2963 febribus
2016 2930 2202 2973 quibusdam
2218 2935 2355 2974 auditu,
2378 2933 2419 2968 fi-

1409 2986 1473 3017 gno
1498 2986 1561 3007 non
1584 2974 1705 3016 semper
1728 2984 1825 3016 pravo
1844 2995 1857 3012 ‚
1886 2983 1980 3018 atque
2003 2973 2083 3007 adeo
2108 2977 2268 3011 interdum
2293 2977 2380 3011 bono
2407 3001 2417 3017 ‚

1409 3018 1587 3058 praesertim
1611 3018 1631 3051 si
1655 3028 1728 3050 cum
1753 3017 1791 3049 iis
1816 3025 2030 3057 conjungatur
2077 3030 2123 3051 uae
2149 3020 2317 3061 indicent,
2341 3034 2419 3064 pec-

1407 3071 1530 3094 cantem
1555 3063 1720 3094 materiam
1753 3071 1791 3093 ex
1815 3060 1896 3104 auris
1921 3029 2130 3096 interioribus
2163 3063 2241 3107 ejici
2266 3076 2320 3107 per
2344 3066 2420 3100 Tu-

1411 3103 1484 3137 bam
1507 3104 1772 3138 Eustachianam.
1799 3103 1843 3134 Et
1869 3104 1939 3134 sane
1964 3103 2113 3138 Valsalva
2137 3106 2170 3138 in
2194 3107 2414 3142 surditatibus

1411 3158 1481 3189 quae
1507 3150 1607 3181 acutis
1629 3145 1749 3180 morbis
1775 3145 2020 3187 superveniunt,
2043 3160 2156 3191 aquam
2175 3152 2253 3193 saepe
2277 3152 2419 3185 invenis.

1410 3190 1440 3223 se
1462 3193 1496 3224 in
1519 3192 1694 3233 Tympano
1716 3187 1942 3222 redundantem
1962 3214 1975 3230 ,
2009 3192 2084 3225 alias
2119 3196 2132 3232 (
2154 3201 2168 3226 t
2191 3198 2205 3232 )
2239 3207 2255 3227 a
2277 3206 2328 3227 me
2352 3197 2417 3229 tibi

1409 3234 1589 3268 indicatum
1612 3233 1669 3267 est.
1697 3234 1864 3275 Qatenus
1896 3242 2004 3268 autem
2029 3246 2096 3268 eam
2119 3247 2232 3278 aquam
2253 3261 2267 3278 ,
2301 3238 2428 3272 aliosve·

1409 3276 1561 3311 humores
1585 3279 1680 3310 liceat
1702 3299 1714 3316 ‚
1748 3285 1801 3308 aut
1828 3287 1893 3308 non
1918 3287 1971 3318 per
1995 3290 2076 3311 nova
2098 3279 2186 3312 illius
2209 3282 2378 3315 Foramina
2400 3294 2417 3315 e

1411 3323 1512 3355 cranii
1535 3332 1626 3354 cavea
1651 3321 1683 3352 in
1709 3321 1938 3361 Tympanum‚
1962 3331 1997 3355 ut
2021 3321 2085 3364 ipse
2106 3320 2244 3357 faciebat
2276 3349 2285 3365 ,
2318 3324 2418 3360 dedu-

1410 3375 1478 3398 cere
1500 3387 1513 3404 3
1545 3362 1643 3398 fufius
1674 3363 1758 3397 mihi
1791 3361 1899 3395 videor
1933 3365 2009 3397 alibi
2040 3368 2131 3405 (u)
2172 3365 2381 3412 disquisivisse
2404 3394 2417 3411 ,

2274 3423 2372 3455 quam

1340 3663 1353 3690 (
1370 3670 1382 3684 a
1398 3666 1409 3690 )
1427 3660 1488 3689 Eph.
1507 3662 1540 3684 N.
1559 3662 1587 3684 C.
1606 3662 1675 3683 Cent.
1694 3662 1715 3683 8.
1736 3662 1794 3685 Obs.
1817 3670 1851 3692 ¹7·

426 3575 441 3603 (
457 3573 473 3597 d
488 3573 502 3599 )
519 3580 542 3596 n.
561 3582 583 3597 2.
647 3574 686 3602 (e
703 3573 713 3601 )
729 3573 790 3601 Eph.
809 3574 843 3596 N.
861 3574 890 3597 C.
907 3574 977 3597 Cent.
994 3574 1016 3595 6.
1036 3570 1093 3595 Obs'.
1110 3578 1146 3597 21.
1207 3570 1251 3601 (f

427 3607 433 3631 (
453 3611 471 3633 g
516 3604 608 3626 Medic.
625 3603 684 3627 ΟΜ.
704 3604 813 3631 Exempl.
832 3610 876 3626 rar.
894 3602 918 3626 in
937 3605 1029 3627 Annot.
1046 3602 1074 3625 ad
1095 3601 1184 3626 Valesc.
1201 3603 1317 3625 Tharant.

429 3635 444 3663 (
460 3635 470 3657 i
486 3610 499 3661 ὲ
518 3633 570 3661 Eph
598 3636 630 3666 N.
649 3635 675 3656 C.
695 3635 763 3657 Cent.
784 3642 794 3661 ς
824 3632 882 3656 Obs.
903 3641 943 3661 72v
1005 3631 1012 3661 (
1030 3632 1046 3655 k
1064 3632 1076 3660 )
1094 3634 1198 3656 Eorund.
1218 3631 1270 3656 Αέὶ.
1287 3633 1320 3655 T.
1338 3638 1362 3659 4.
1380 3631 1438 3655 Obs.
1455 3638 1494 3658 ²9.

430 3665 443 3692 (
459 3673 474 3687 n
490 3671 499 3693 )
516 3664 631 3686 Memoir.
650 3669 710 3691 pour
727 3664 743 3686 l’
759 3663 818 3686 Hist.
836 3663 877 3687 des
895 3662 977 3687 lnsest.
993 3664 1022 3685 T.
1040 3672 1054 3690 ,ι
1080 3664 1157 3686 Mem.
1173 3672 1195 3692 7.
1213 3665 1234 3686 ἃ
1251 3665 1276 3685 8.

430 3697 442 3721 (
459 3703 472 3722 q
491 3694 503 3721 )
519 3694 598 3717 Trici.
616 3695 637 3716 Xe
656 3695 723 3716 Parte
741 3693 781 3716 cit.
798 3693 866 3721 supra
884 3701 909 3716 n.
926 3702 949 3717 2.
1008 3693 1022 3721 (
1040 3693 1078 3721 ν)
1096 3693 1169 3722 Epist.
1185 3701 1206 3722 4.
1226 3700 1248 3716 n.
1267 3694 1290 3716 Β.
1309 3693 1330 3716 ἃ
1352 3699 1386 3716 ιι.

424 3725 439 3754 ζ
455 3724 590 3752 u3Ep1st.
608 3725 679 3747 Anat.
696 3731 719 3751 7.
736 3731 759 3747 n.
780 3731 801 3753 5.
819 3727 844 3747 ό.
860 3731 885 3752 7.
903 3725 925 3748 8.

1266 3575 1275 3597 )
1292 3569 1397 3595 Earund.
1415 3572 1484 3595 Cent.
1502 3577 1525 3598 7.
1542 3568 1600 3592 Obs-
1619 3575 1659 3598 4ο.

1381 3602 1394 3630 (
1411 3603 1426 3624 h
1444 3598 1453 3631 l
1470 3601 1529 3624 Nat.
1547 3599 1608 3623 nist.
1627 3601 1643 3623 1.
1662 3608 1699 3623 20.
1717 3607 1738 3624 c.
1757 3609 1792 3629 1⁴-
1810 3602 1832 3625 &
1850 3609 1888 3632 ²3-

1556 3631 1569 3659 (
1586 3630 1594 3651 l
1610 3630 1623 3657 >
1641 3631 1709 3653 Parte
1725 3633 1774 3654 ead.
1793 3632 1876 3657 Trast.
1893 3632 1934 3657 cit.
1951 3633 2035 3663 supra,
2052 3639 2075 3656 n·
2093 3639 2116 3656 ²·
2177 3633 2191 3661 (
2211 3642 2233 3658 m
2249 3634 2264 3662 )
2288 3636 2357 3661 Iliad.
2375 3644 2414 3667 19.

1914 3665 1927 3692 (
1941 3671 1958 3693 p
1974 3665 1987 3692 )
2004 3663 2077 3691 Epist.
2096 3666 2170 3687 Anat.
2188 3672 2211 3693 7.
2229 3672 2253 3688 η.
2277 3673 2310 3695 ¹4·

1447 3693 1461 3720 (
1472 3690 1518 3724 s)
1532 3692 1603 3716 Pam
1619 3691 1830 3717 modotindicata.
1892 3694 1905 3722 (
1920 3700 1931 3718 ε
1947 3694 1961 3723 )
1976 3695 2049 3723 Epist.
2068 3698 2093 3717 6.
2109 3700 2134 3717 n.
2154 3703 2175 3725 5.
