2498 4075
0 0 163 222 ,s

264 206 362 257 >45³2
381 206 388 213 ”

197 270 336 304 dextero·
354 266 676 309 inferibr'pulmonis
698 267 792 302 lobu's
814 266 900 299 ariste
923 263 1194 310 adhaerebat,qui

202 315 296 348 Iobus
319 312 410 348 valde
434 310 668 354 amplificatus,
693 312 862 352 &gravis,
885 320 960 343 cum
983 307 1133 345 disse&us
1145 309 1192 344 es-

197 357 260 393 set}
280 380 289 395 ‚
337 356 423 397 jecur
445 357 567 389 elixum
601 354 776 388 referebat.
799 353 870 388 Cor
903 361 1030 397 quantor
1070 353 1104 386 in
1129 354 1189 386 Ba-

199 399 272 443 julo
314 403 328 440 (
352 399 370 432 b
394 404 405 437 )
429 400 534 432 minus
578 396 704 437 fuerat,
727 407 819 431 tanto
843 394 942 429 ferme
961 398 996 429 'in
1029 395 1088 431 hac
1119 407 1190 431 mu-

196 446 278 480 liere
306 443 406 484 majus
430 452 517 477 erat,
539 441 630 482 c‘ujus
654 440 798 483 alioquin
831 440 948 473 statura
982 440 1153 473 mediocris
1179 463 1188 472 .

197 488 272 522 Nec
297 497 372 520 vero
396 495 463 520 erat
488 484 587 526 majus
611 483 699 526 quod
719 482 786 525 ejus
798 494 968 517 cavearum
993 484 1193 525 parietesex-

198 532 348 568 tenuati,
370 528 576 570 distraetique
599 527 882 570 conspicerentur,
905 528 975 560 imo
1009 536 1098 559 erant
1120 549 1132 566 ‚
1166 526 1189 559 si

198 584 264 608 non
289 571 428 614 majori,
453 580 484 606 at
508 570 585 612 justa
611 570 721 615 saltem
743 569 945 604 craffitudine
967 593 976 610 ,
999 581 1112 603 eorum
1136 581 1192 603 au-

203 627 270 649 tem
294 617 474 652 columnae,
498 614 674 656 lacertique
697 635 707 649 ,
739 614 1029 647 uvauricularum
1061 615 1157 646 etiam
1180 636 1193 652 ‚

198 658 383 696 crassiorem
409 669 444 692 ut
469 659 577 692 minus
603 660 759 695 mirarer,
783 656 871 698 quod
894 657 1092 698 caeteroquin
1118 657 1195 690 alias

200 702 316 737 vidisse
338 713 405 735 non
430 701 602 738 recordor,
627 701 826 734 Coronarias
850 700 981 732 arterias
1004 700 1129 733 orificia
1141 700 1198 734 ha-

199 747 273 783 bere
295 747 453 781 diametro
477 746 661 787 superantia
687 744 785 776 lineas
806 743 882 776 duas
908 742 1142 781 Bononienses,
1164 746 1197 777 ὅ(

200 802 274 832 quae
298 798 411 823 eorum
436 789 568 821 alterius
590 788 682 820 lateri
706 796 771 819 erat
805 786 954 828 proxima
982 810 992 826 ,
1023 786 1198 829 Adiposam

199 843 299 876 puta,
324 844 362 866 ne
387 832 488 874 ipsam
512 830 644 873 quidem
668 831 804 862 minimo
829 829 888 862 esse
900 829 1028 863 osculo:
1056 833 1088 862 in
1112 841 1198 863 venae

203 886 312 910 autem
336 876 540 909 Pulmonaris
563 875 665 910 Sinu,
690 881 804 915 praeter
826 872 935 906 oscula
958 873 1048 916 plura
1071 875 1196 907 medio-

185 922 266 953 ·*cria
281 945 289 960 ‚
311 917 477 953 orificium
502 926 607 959 patere
632 917 687 949 vix
713 917 809 957 paulo
834 917 961 956 minus,
982 928 1078 966 quam
1101 916 1195 951 fuisse

197 964 267 996 dixi
291 964 482 997 arteriarum
493 960 769 998 Coronariarum,
791 960 880 1001 quod
904 972 976 994 cum
999 959 1198 1002 incidissem,

203 1006 365 1040 confluere
390 1007 424 1038 in
448 1005 552 1048 ipsum
575 1004 644 1037 vidi
669 1004 800 1037 venulas
821 1003 899 1035 duas
923 1003 1044 1044 tresve,
1069 1004 1198 1046 sangui-

199 1061 272 1085 nem
297 1060 336 1082 ex
369 1049 464 1082 Sinus
497 1047 671 1090 parietibus
704 1045 891 1079 reducentes
913 1071 921 1079 .
949 1047 1118 1089 Ejusmodi
1140 1060 1196 1084 cor

199 1093 398 1127 ventriculos
421 1091 536 1126 habuit
560 1090 671 1133 plenos
706 1088 870 1132 polypofis
902 1091 1164 1125 concretionibus
1187 1118 1196 1126 .

201 1137 335 1178 Magnae
359 1145 470 1169 autem
495 1135 620 1169 arteriae
643 1142 802 1176 quantum
828 1132 960 1167 thorace
983 1135 1197 1169 concludeba-

197 1189 276 1219 tur,
298 1178 492 1222 inspiciens,
517 1189 616 1212 unum
641 1175 739 1209 modo
763 1176 869 1210 locum
894 1178 1106 1212 animadverti
1131 1177 1196 1213 ‘ubi

198 1224 334 1257 interior
356 1222 423 1265 ejus
447 1221 546 1255 facies
569 1231 634 1254 non
647 1220 735 1253 laevis
748 1219 847 1259 esset,
872 1220 1197 1266 introrsumquepro’-

201 1270 362 1306 mineret,
385 1267 499 1308 ibique
523 1267 609 1298 inter
633 1263 759 1296 tunicas
781 1263 937 1297 duritiem
960 1263 1074 1299 osseam
1097 1289 1109 1306 ‚
1133 1277 1197 1301 non

200 1308 306 1351 majus
327 1319 541 1352 occupantem
567 1308 732 1350 spatium,
755 1317 850 1348 quam
875 1308 961 1349 quod
986 1309 1102 1351 unguis
1126 1310 1198 1352 pos-

200 1356 246 1390 set
269 1354 368 1395 digiti
392 1353 522 1400 pollicis
543 1352 667 1393 operire
682 1375 690 1383 .
715 1350 793 1382 Erat
816 1351 842 1383 is
856 1351 943 1384 locus
967 1365 982 1386 a
1006 1351 1128 1386 dextris
1141 1354 1197 1387 ubi

202 1401 310 1433 Aorta
333 1395 431 1430 finito
458 1405 521 1437 jam
547 1406 643 1431 arcu,
667 1394 753 1427 reeta
777 1393 963 1428 descendere
987 1396 1161 1438 incipiebat
1189 1402 1213 1430 .'

199 1440 305 1475 Simul
329 1441 362 1473 in
385 1439 497 1474 oculos
520 1440 657 1473 incurrit
681 1436 849 1479 quidpiam
893 1437 1100 1472 adnotatione
1133 1452 1198 1473 non

199 1486 395 1527 indignum.
417 1487 510 1523 Nam
533 1483 618 1514 inter
642 1480 773 1523 arterias
795 1492 867 1522 quaa
883 1481 990 1520 binae,
1015 1483 1144 1518 &binae
1158 1485 1198 1518 ab

196 1530 315 1564 Aortae
338 1527 406 1570 jam
429 1524 647 1562 descendentis
670 1522 843 1567 posteriore
867 1527 985 1566 pariere
1017 1526 1056 1560 ad
1100 1529 1198 1570 parti.

199 1574 326 1607 tionem
350 1570 448 1613 usque
469 1569 536 1613 ejus
558 1570 667 1602 trunci
703 1567 912 1609 egrediuntur
928 1593 938 1609 ‚
963 1581 1021 1612 pro
1053 1570 1137 1603 binis
1160 1583 1198 1605 u-

200 1627 276 1650 narn
300 1614 473 1656 aliquando
496 1610 627 1655 egredi,
650 1621 756 1644 rarum
781 1622 844 1644 non
869 1611 912 1645 est
942 1624 956 1646 ,’
995 1613 1119 1647 Verum
1143 1614 1198 1648 hic

202 1659 292 1693 infra
326 1658 517 1692 arteriarum
541 1653 796 1689 Intercostalium
821 1653 1020 1689 Inferiorum
1045 1658 1110 1692 duo
1145 1657 1199 1691 su-

200 1713 309 1746 prema
333 1702 421 1744 paria
436 1726 445 1742 ‚
467 1701 528 1734 tria
547 1699 697 1741 proxima
720 1696 983 1732 desiderabantur
1007 1721 1017 1736 ‚
1050 1712 1116 1734 uno
1149 1710 1198 1734 ter

200 1746 411 1781 continenter
436 1743 546 1779 osculo
569 1753 629 1788 pro
650 1740 775 1774 duobus
798 1743 831 1773 in
855 1741 962 1776 medio
985 1752 1174 1777 occurrente
1188 1771 1197 1784 ,

201 1801 306 1832 eoque
328 1799 393 1821 uon
419 1787 540 1822 caeteris
564 1786 700 1828 majori,
715 1796 826 1827 ,neque
850 1786 958 1819 statim
980 1809 993 1827 ‚
1024 1796 1060 1821 ut
1084 1786 1197 1830 saepius

200 1844 277 1867 cum
299 1838 399 1867 un‘um
422 1831 488 1871 est,
512 1830 614 1866 solet,
637 1829 671 1861 in
695 1829 820 1870 gemina
843 1829 967 1868 diviso,
991 1830 1060 1863 imo
1083 1830 1121 1865 ad
1131 1840 1195 1864 tra-

199 1878 290 1910 &um
316 1876 425 1910 saltem
448 1871 615 1909 transversi
639 1871 760 1913 digiti,
784 1883 943 1915 quantum
967 1874 1116 1908 videlicet
1138 1874 1194 1908 de..

205 1921 317 1961 positae
340 1920 455 1953 Aortae
479 1917 640 1952 adhaerens
662 1915 812 1949 reli&um
836 1914 963 1957 fuerat,
986 1918 1020 1950 in
1045 1918 1193 1952 arteriam

198 1965 328 1999 urticam
354 1962 514 2007 produsto
529 1985 537 1993 .
562 1959 619 1992 Sed
643 1957 779 2009 vicissim
802 1958 1012 2003 diaphragma
1035 1965 1048 2001 (
1069 1962 1198 2005 quando

201 2009 290 2042 enim
315 2006 353 2041 de
375 2005 588 2040 varietatibus
611 2003 894 2045 loqutcoepimus,
919 2004 1023 2044 hanc,
1048 2008 1197 2047 quamvis

200 2062 268 2087 non
289 2051 336 2085 ita
359 2061 432 2084 raro
456 2061 472 2083 a
495 2047 589 2081 nobis
611 2045 742 2088 quidem
765 2047 1024 2090 &conspecstam,
1049 2048 1196 2082 &osten-

199 2097 289 2134 sam‚
314 2091 735 2135 nolumuspraetermittere
752 2089 771 2131 )
802 2092 897 2125 unius
928 2093 996 2124 vice
1029 2090 1196 2127 foraminis

202 2152 262 2183 pro
285 2150 364 2173 vena
387 2138 478 2172 Cava
502 2137 537 2168 iu
559 2134 724 2169 thoracem
748 2133 998 2168 transmittenda
1023 2153 1033 2175 5
1056 2138 1121 2169 duo
1144 2135 1198 2170 ha-

202 2186 294 2222 buit,
320 2179 504 2216 tenuiffimo
524 2178 656 2222 quidem
682 2178 858 2212 interstitio
881 2200 891 2216 ‚
924 2179 975 2212 sed
1007 2178 1203 2223 evidesntiffi-

203 2240 280 2264 mo,
305 2226 407 2260 divisa
422 2248 430 2256 .
561 2222 688 2255 Venter
710 2220 849 2264 denique
871 2223 906 2255 in
929 2224 969 2255 iis
991 2233 1062 2264 quae
1085 2222 1203 2269 relicta:

206 2274 240 2305 in
264 2270 337 2313 ipso
359 2268 510 2304 fuerant,
532 2265 655 2299 infimis
667 2266 817 2298 Partibus
839 2263 907 2299 haec
931 2263 1077 2299 exhibuit
1096 2268 1203 2300 adno-

203 2314 319 2350 tanda.
345 2314 506 2347 Ovarium
530 2318 722 2351 utrumque,
747 2311 778 2342 &
802 2309 977 2351 praesertim
999 2308 1166 2344 dexterum
1189 2320 1210 2351 ‚¹

205 2360 335 2394 album,
361 2359 391 2389 &
415 2354 567 2398 grandius
591 2352 753 2395 permulto
775 2364 874 2396 quam
897 2352 1083 2392 consuevit,
1108 2352 1205 2388 &tu4

208 2402 379 2438 berosum,
402 2410 443 2433 ex
467 2395 638 2431 tuberibus
662 2395 784 2433 fiebat,
807 2395 869 2429 five
895 2407 932 2429 ex
957 2395 1170 2438 hydatidibus
1193 2422 1203 2437 ‚

208 2457 289 2489 quas
314 2446 400 2477 inter
423 2441 560 2484 majores
583 2447 675 2489 erant
698 2439 813 2481 aliquae
837 2460 846 2476 ,
879 2451 942 2482 prae
972 2442 1098 2474 caeteris
1120 2440 1216 2484 aqua

192 2491 285 2525 -adeo
308 2487 476 2525 distentae‚
500 2493 534 2518 ut
558 2482 745 2519 altiuscule,
768 2482 790 2516 si
815 2494 990 2526 pungeres,
1013 2484 1172 2526 prosiliret
1196 2509 1203 2515 .

206 2534 304 2568 Tuba
330 2540 466 2570 utraque
492 2536 600 2561 tamen
624 2526 663 2559 ab
687 2527 752 2559 illis
785 2538 853 2560 erat
884 2528 1022 2560 omnino
1068 2526 1170 2562 soluta
1194 2552 1202 2559 .

207 2575 345 2611 Uterini
358 2572 451 2606 fundi
473 2572 609 2603 interior
620 2569 716 2602 facies
728 2581 766 2603 ex
777 2571 875 2604 rubro
899 2570 1080 2611 nigricabat
1089 2593 1101 2610 ,
1113 2583 1203 2605 nem-

209 2632 250 2665 pe
273 2632 288 2654 a
313 2616 466 2659 sanguiue
491 2613 636 2656 pluribus
659 2613 740 2647 locis
763 2613 952 2659 subsistente·
968 2636 977 2651 ‚
999 2625 1097 2656 quem
1122 2615 1143 2648 si
1166 2613 1203 2649 ut

211 2663 409 2706 exprimeres
424 2679 433 2695 ,
457 2658 581 2698 digitos
602 2657 740 2690 exterius
764 2665 858 2690 utero
881 2656 1070 2698 suinciebas
1093 2682 1102 2697 ‚
1138 2670 1204 2700 prae

210 2709 345 2742 laxitate
369 2701 466 2736 facies
489 2701 543 2734 illa
566 2701 703 2732 interior
734 2699 932 2733 lacerabatur
955 2725 963 2733 .
995 2700 1080 2743 Qae
1123 2713 1170 2735 res
1192 2725 1203 2741 ,

211 2761 309 2794 atque
333 2748 453 2782 altera,
477 2756 493 2778 a
528 2754 580 2777 me
613 2745 646 2775 in
679 2741 790 2779 eodem
821 2743 971 2777 cadavere
1006 2745 1206 2779 animadver-

211 2798 244 2830 sa
269 2819 278 2833 ‚
332 2792 363 2824 δι
407 2788 462 2823 hic
505 2798 565 2830 pro
609 2787 743 2821 raritate
787 2797 852 2820 non
883 2787 1087 2830 reticenda,
1119 2799 1209 2823 nem-

213 2850 252 2881 pe
273 2836 312 2870 de
336 2832 461 2875 duobus
484 2829 588 2864 nervis
612 2833 622 2868 (
647 2841 662 2863 c
685 2832 724 2869 ),
749 2830 782 2863 in
806 2841 888 2871 quos
911 2841 1006 2864 manu
1039 2830 1208 2866 dumtaxat

212 2878 404 2921 interposita
427 2873 598 2909 Cruralem
623 2873 835 2908 Posteriorem
860 2871 899 2906 ad
933 2875 1055 2908 ventris
1088 2877 1207 2917 pelvim

598 189 776 244 “Liber
810 189 883 242 V:
913 188 991 240 De
1021 181 1274 241 “addendis
1305 186 1374 241 ad
1407 186 1592 241 Libros
1626 179 1908 253 superiores

1244 267 1346 310 usque
1367 265 1537 301 diviseram
1552 288 1562 304 ‚
1587 263 1662 299 cum
1685 264 1821 300 alterurn
1843 289 1856 307 ‚
1889 266 1947 308 qui
1967 262 2071 309 paulo
2093 261 2161 300 erat'
2185 261 2239 301 sol*
2269 299 2274 302 ,

1242 311 1296 346 cio
1317 309 1468 347 crassior,
1491 310 1597 343 cultro
1620 310 1653 341 in
1687 307 1765 342 duas
1781 309 1962 343 secundum
1996 309 2235 350 longitudinem

1218 349 1346 397 'partes
1367 349 1562 388 discidissem
1576 377 1584 391 ,
1605 362 1658 385 vas
1682 352 1766 386 inter
1787 351 1854 394 ejus
1877 353 1974 387 fibras
1990 378 1999 392 ,
2021 352 2133 396 hisque
2156 345 2233 394 p¹ro-

1239 396 1416 441 pemodum
1440 396 1627 439 parallelum
1651 420 1660 435 ‚
1691 405 1747 429 nec
1771 395 1883 437 procul
1908 398 1947 429 ab
1969 398 2061 430 nervi
2096 395 2234 439 ejusdem

1242 452 1299 474 axe
1322 439 1466 478 offendi,
1489 440 1640 482 sanguine
1663 439 1792 481 plenum
1815 463 1824 478 ‚
1860 438 1949 480 cujus
1973 440 2127 482 diameter
2156 439 2232 472 vasis

1242 483 1477 517 Bononiensem
1501 483 1618 516 lineam
1642 481 1740 516 ferme
1762 482 1931 525 aequabat3
1957 482 2006 517 hae
2029 485 2132 527 igitur
2156 505 2166 521 ‚
2200 492 2237 516 ut

1246 526 1354 561 dicere
1377 528 1554 570 inciperam
1575 548 1587 565 ‚
1620 525 1690 560 duae
1713 537 1760 559 res
1778 525 2006 568 'suspicionem
2042 524 2236 560 incusserant

1248 569 1435 614 sanguinis,
1457 579 1492 603 ut
1515 570 1549 602 in
1573 569 1650 602 vasis
1673 570 1795 611 pelvis,
1819 573 1850 602 &
1872 580 1944 611 quae
1969 570 2005 604 ad
2029 569 2110 603 hanc
2134 572 2236 612 perti-

1245 623 1346 653 nent,
1368 612 1409 647 s1c
1434 615 1469 646 in
1490 612 1591 646 ¹vefica
1614 622 1767 654 quoque,
1786 615 1822 646 ’δε
1834 611 1962 646 urethra
1972 613 2099 647 adnexa
2121 626 2156 646 ea
2169 612 2239 647 for-

1247 657 1321 691 tasse
1343 658 1436 700 copia
1459 655 1632 689 restitantis
1646 680 1655 695 ,
1679 664 1715 689 ut
1739 667 1817 689 meae
1829 655 1931 690 solitae
1953 655 2095 691 officeret
2107 657 2238 699 perqui-

1246 700 1377 734 fitioni.
1405 699 1464 733 Sed
1486 708 1622 740 utraque
1647 709 1754 741 aperta
1776 722 1789 739 ,
1824 700 1963 734 urethrae
1985 699 2116 742 quidem
2140 702 2240 734 inter-

1249 756 1323 777 nam
1347 745 1489 777 tunicam
1511 754 1527 775 a
1551 741 1688 775 vasculis
1710 743 1779 776 illis
1801 740 1985 783 confertis,
2007 745 2039 776 δι
2064 743 2237 779 secundum
2278 749 2279 752 ’

1248 788 1485 830 longitudinem
1508 786 1667 828 parallelis
1701 794 1807 819 totam
1838 787 2049 828 nigricantem
2093 787 2203 819 inveni
2226 810 2239 827 ,

1248 830 1302 865 sed
1327 843 1363 864 eo
1388 831 1507 872 magis,
1530 840 1597 872 quo
1622 829 1723 870 magis
1736 829 1774 863 ad
1798 831 1900 863 imum
1923 830 2089 864 orificium
2112 829 2240 863 descen-

1248 874 1345 908 debat
1370 874 1483 913 suum,
1504 872 1591 915 quod
1614 873 1725 906 laxum
1749 883 1837 914 erat,
1859 875 1890 905 &
1911 874 2052 907 laxatam
2077 885 2094 906 a
2116 873 2240 908 dextris

1246 917 1387 959 ejusdem
1413 910 1529 950 tunicae
1553 916 1767 957 particulam,
1789 927 1824 950 ut
1857 918 1890 950 in
1933 915 2127 959 quibusdam
2171 917 2240 949 aliis

1249 962 1317 995 vidi
1343 961 1531 995 mulieribus
1555 963 1566 998 (
1589 959 1668 1002 d›)‚
1689 960 1869 993 extrorsum
1916 959 2040 1003 prolabi
2085 960 2210 993 sinebat.
2229 973 2239 997 3
2260 998 2264 1004 ,

1248 1003 1388 1038 urethrae
1412 1012 1518 1037 tamen
1542 1002 1684 1044 superior
1705 1014 1778 1044 pars
1801 1013 1914 1045 praeter
1926 1003 2070 1038 colorem
2093 1003 2174 1043 nihil
2186 1003 2239 1037 ha.

1248 1048 1346 1082 bebat
1369 1047 1457 1091 quod
1479 1045 1714 1080 Observationi
1738 1046 1877 1080 obstaret
1900 1047 2033 1084 nostras,
2057 1047 2156 1080 vesica
2176 1054 2241 1080 -au-

1248 1101 1315 1125 tem
1339 1103 1377 1125 ne
1400 1091 1433 1124 id
1456 1089 1608 1132 quidem.
1634 1089 1799 1124 Sanisiima
1822 1091 1908 1124 enim
1931 1099 2018 1129 erat,
2046 1094 2076 1124 &
2097 1100 2235 1133 corpora

1249 1135 1304 1168 illa
1327 1134 1391 1168 duo
1415 1132 1776 1167 exstantiaostendebat
1800 1134 1840 1166 ab
1862 1134 2042 1168 ureteribus
2070 1132 2213 1177 prosecta
2228 1156 2240 1171 ‚

1247 1181 1279 1212 &
1301 1177 1342 1211 sic
1368 1179 1439 1211 satis
1463 1177 1500 1210 ad
1524 1176 1676 1219 angulum
1708 1178 1933 1211 convenientia
1978 1179 2037 1220 qui
2070 1177 2241 1211 transversi

1247 1222 1345 1264 digiti
1368 1220 1539 1254 intervallo
1564 1232 1579 1252 a
1603 1219 1710 1254 veficae
1735 1221 1866 1254 orificio
1876 1220 2031 1255 distabat.
2056 1220 2173 1264 Neque
2184 1230 2242 1254 au·
2290 1231 2293 1234 ·

1249 1275 1317 1298 tem
1339 1266 1372 1297 in
1399 1265 1461 1300 hoc
1485 1263 1681 1303 intervallo,
1705 1273 1808 1306 neque
1833 1264 1866 1297 in
1890 1277 1927 1298 eo
1950 1263 2081 1297 orisicio
2104 1287 2115 1304 ,
2138 1273 2241 1306 neque

1251 1310 1286 1341 in
1310 1310 1457 1351 proxima
1482 1305 1614 1341 urethra
1638 1306 1875 1341 subrotundum
1898 1307 2077 1352 quidquam
2098 1329 2108 1344 ‚
2135 1311 2168 1341 &
2190 1307 2239 1340 vel

1248 1353 1363 1386 leviter
1392 1351 1603 1394 protuberans
1626 1353 1705 1384 meis
1730 1375 1740 1391 ‚
1772 1353 1803 1384 &
1827 1362 1951 1386 mecum
1984 1359 2106 1385 attente
2137 1350 2244 1393 inspe-

1250 1397 1409 1430 &antium
1432 1395 1535 1429 oculis
1560 1393 1590 1427 se
1613 1394 1642 1427 se
1664 1394 1809 1434 obtulit,
1831 1397 1869 1427 &⁴
1885 1404 1922 1429 ut
1969 1393 2069 1429 verbo
2101 1394 2207 1428 dicam
2232 1415 2243 1432 ‚

1251 1440 1372 1473 Uvulae
1396 1439 1485 1473 illius
1508 1449 1566 1471 nec
1589 1437 1683 1475 vola,
1711 1448 1768 1471 nec
1791 1438 1960 1481 vestigium
1982 1438 2066 1472 fuit.

1295 1483 1471 1516 nsHabes
1495 1480 1589 1523 hujus
1613 1492 1690 1515 meae
1714 1481 1956 1523 perquisitionis
1979 1486 2104 1516 exitum
2127 1481 2162 1514 in
2184 1491 2244 1514 ve-

1249 1524 1320 1558 sicis
1343 1527 1487 1570 quinque
1510 1525 1675 1567 repetitae‚
1698 1535 1836 1568 quarum
1861 1527 1983 1560 nullam
2007 1525 2165 1563 morbus,
2187 1533 2244 1558 aut

1249 1571 1350 1602 urinae
1372 1572 1489 1613 copia,
1514 1577 1569 1602 aut
1592 1567 1727 1611 injeetus
1750 1579 1801 1601 aer
1822 1568 2037 1606 distenderat,
2061 1568 2082 1599 si
2109 1569 2244 1602 tertiam

1239 1613 1409 1654 excipias,
1433 1614 1469 1647 in
1491 1622 1587 1655 quam
1611 1621 1719 1644 tamen
1742 1612 1798 1657 vix
1820 1621 1947 1647 tantum
1961 1613 2042 1646 aeris
2065 1609 2243 1658 immissum

1250 1654 1376 1693 fuerat,
1399 1655 1564 1698 quantum'
1582 1654 1658 1688 esset
1682 1653 1721 1687 ad
1743 1665 1811 1696 ejus
1834 1656 2061 1690 ostendendam
2102 1657 2240 1694 liguram

1249 1697 1344 1732 satis.
1376 1699 1449 1733 Nec
1473 1697 1563 1740 plura
1585 1696 1644 1731 hac
1667 1697 1783 1738 hyeme
1806 1699 1957 1732 cadavera
2002 1698 2205 1733 dissecuimus
2231 1710 2243 1737 ;

1250 1742 1301 1775 sed
1326 1742 1367 1774 ex'
1387 1740 1504 1776 horum
1530 1741 1602 1775 aliis
1624 1740 1698 1774 alias
1720 1750 1822 1782 partes
1843 1753 1915 1782 quae
1938 1753 1997 1783 pro
2022 1743 2128 1775 minus
2159 1740 2246 1775 sanis

1248 1785 1540 1826 substituerentur,
1563 1786 1768 1826 accepimus,
1788 1787 1819 1817 &
1841 1784 1883 1818 fic
1895 1784 2008 1819 nostris
2034 1793 2138 1818 totam
2152 1794 2246 1818 eom-

1249 1829 1466 1870 plefientibus
1489 1829 1574 1863 Rem
1597 1830 1831 1863 Anatomicam
1857 1827 2158 1862 Exercitationibus
2182 1825 2245 1861 hoc

1243 1882 1374 1914 quoque
1398 1883 1482 1905 anno
1504 1895 1516 1911 ‚
1545 1871 1603 1914 qui
1627 1870 1666 1904 ab
1689 1870 1833 1914 suscepto
1854 1871 1921 1914 hoc
1941 1871 2127 1914 graviffimo
2150 1873 2241 1909 illam

1244 1914 1392 1950 tradendi
1417 1916 1554 1949 Munere
1577 1915 1734 1958 quinetus
1758 1916 1852 1949 nobis
1876 1914 1938 1961 fuit
1970 1917 2002 1949 &
2035 1916 2238 1959 quadragefi-

1249 1971 1319 1993 mus
1335 1984 1344 1998 ‚
1368 1958 1465 1992 finem
1488 1957 1574 1992 haud
1597 1957 1772 1992 infeliciter
1793 1959 2007 2001 imposuimus
2021 1983 2031 1991 .
2232 1971 2235 1972 ⁷

1296 2013 1346 2037 12.
1371 2002 1472 2039 Quod
1497 2003 1658 2045 reliquum
1681 2003 1748 2043 est,
1772 2001 1801 2035 fi·
1818 2002 1904 2036 forte
1926 2004 2053 2037 miraris
2077 2027 2087 2043 ,
2124 2017 2176 2039 me
2207 2004 2252 2038 i'n‘

1249 2046 1299 2080 his
1323 2047 1456 2079 Litteris
1479 2045 1742 2079 consuetudinem
1766 2047 1872 2081 minus
1895 2046 2026 2083 servasse
2047 2052 2148 2082 meam
2170 2071 2182 2089 ‚
2206 2049 2246 2083 ad

1249 2090 1397 2124 historias
1421 2088 1569 2123 videlicet
1581 2088 1644 2122 fere
1669 2088 1804 2131 fingulas
1828 2091 1972 2133 aliquid,
1995 2092 2064 2126 imo
2079 2092 2247 2129 interdum

1253 2133 1394 2177 plurima
1419 2132 1595 2166 adnotandi
1618 2154 1629 2170 ,
1650 2135 1682 2166 &
1703 2139 1816 2167 contra
1839 2157 1852 2175 ‚
1882 2145 1963 2176 quas
1986 2137 2070 2169 inter
2092 2137 2248 2173 dissecan-

1253 2177 1331 2211 dum
1354 2177 1526 2210 varietates
1551 2176 1837 2210 animadverteram
1854 2204 1864 2219 ,
1887 2179 1943 2212 vix
1966 2190 2098 2221 paucas,
2122 2193 2178 2216 nec
2190 2182 2249 2216 fig..

1254 2232 1294 2263 pe
1317 2220 1396 2253 adeo
1416 2219 1656 2254 disseffionibus
1678 2220 1918 2262 interjiciendis
1941 2223 2030 2264 quod
2054 2224 2091 2257 ad
2104 2228 2247 2267 primurn

1255 2266 1394 2301 attinet,
1418 2263 1461 2297 fic
1483 2262 1624 2303 habeto,
1648 2274 1713 2297 non
1737 2263 1861 2303 fecisse,
1887 2274 1957 2299 tum
1979 2268 2056 2310 quia
2066 2267 2135 2303 cito
2157 2267 2250 2313 quod

1254 2308 1422 2353 pollicitus
1444 2306 1565 2341 sueram
1580 2329 1590 2344 ‚
1614 2307 1743 2354 mittere
1766 2307 1905 2350 placuit,
1930 2318 2002 2343 tum
2024 2313 2101 2355 quia
2123 2313 2161 2347 de
2183 2315 2249 2356 ple-

1253 2350 1361 2393 risque
1384 2350 1617 2392 ejusdemmodi
1639 2361 1705 2392 lam
1720 2352 1804 2385 'satis
1827 2353 2003 2388 multator
2027 2355 2097 2389 aliis
2118 2357 2251 2400 Episto-

1252 2394 1296 2427 lis'
1316 2394 1542 2428 adnotaveram
1560 2406 1568 2427 ε
1590 2393 1684 2437 quod-
1703 2406 1779 2428 vero
1802 2396 1842 2430 ad
1865 2397 2003 2431 alterum
2027 2397 2169 2441 spesiat,
2183 2412 2249 2434 non

1257 2448 1323 2470 tam
1342 2435 1471 2478 fecisse,
1494 2449 1531 2471 ne
1545 2438 1711 2472 Litterulae
1737 2437 1785 2472 hae
1810 2440 1875 2473 tibi
1899 2437 1985 2474 forte
2008 2442 2190 2477 videremur
2202 2445 2250 2478 es-

1256 2481 1287 2514 se
1309 2481 1492 2518 breviores,
1515 2493 1613 2522 quam
1637 2482 1713 2524 quia
1737 2482 1809 2525 spes
1828 2482 1894 2525 jam
1918 2485 2035 2528 incipit
2059 2499 2109 2520 me
2134 2487 2248 2522 defice-

1256 2535 1312 2564 re,
1333 2532 1463 2558 tantum
1486 2524 1569 2558 mihi
1594 2524 1697 2558 adhuc
1711 2527 1841 2566 vivendi
1853 2537 1976 2570 tempus
1997 2528 2091 2570 fore,
2114 2540 2150 2564 ut
2164 2530 2251 2564 seor.

1255 2566 1324 2601 sum
1347 2568 1381 2601 in
1407 2578 1507 2601 unum
1528 2569 1679 2611 colligam
1704 2580 1780 2611 quas
1804 2572 2018 2610 omittebam,
2044 2574 2213 2608 varietates
2238 2597 2252 2616 ‚

1254 2614 1286 2644 δι
1307 2611 1475 2654 complura
1500 2612 1579 2644 item
1603 2612 1720 2655 quibus
1744 2612 1803 2646 esse
1827 2614 1934 2648 locum
1968 2617 2052 2650 inter
2085 2618 2250 2651 morbida-

1254 2666 1325 2688 rum
1339 2654 1484 2688 Partium
1506 2654 1736 2698 descriptiones
1750 2678 1760 2694 ‚
1783 2656 1959 2692 identidem
1975 2659 2144 2701 negabam,
2157 2660 2247 2695 nem-

1256 2710 1294 2741 pe
1316 2697 1593 2732 observationibus
1615 2699 1806 2742 quibusdam
1830 2703 1929 2741 men,
1952 2703 1990 2736 ad
2002 2703 2187 2738 Anatomen
2198 2718 2249 2741 ea-

1259 2743 1394 2775 rundem
1419 2743 1564 2775 Patrium
1588 2742 1764 2777 secundum
1796 2754 1946 2779 naturam
1978 2748 2217 2789 pertinentibus
2241 2774 2251 2782 .

1262 2786 1450 2828 Utrumque
1471 2787 1574 2827 igitur
1595 2796 1654 2828 pro
1676 2795 1731 2822 tua
1756 2786 1956 2823 humanitate
1990 2791 2078 2833 aequi'
2106 2790 2251 2837 bonique

1260 2828 1359 2863 facies
1373 2854 1383 2870 ,
1404 2832 1436 2863 δι
1460 2829 1595 2864 Valebis
1609 2854 1619 2864 .
1726 2841 1727 2844 ’
2012 2849 2016 2851 v

279 3025 294 3056 ς
308 3019 324 3051 'b
339 3025 354 3056 )
369 3024 453 3054 supra,
467 3029 494 3047 n.
511 3030 535 3053 ς.
599 3020 611 3051 s
627 3029 640 3048 e
656 3019 672 3052 2
684 3019 741 3047 Vid.
757 3020 833 3051 Epist.
850 3023 889 3051 69.
907 3029 932 3048 ιι.
947 3029 971 3048 2.

1031 3019 1075 3051 (d
1089 3021 1104 3051 )
1121 3020 1195 3052 Epist.
1212 3028 1248 3052 ςο.
1264 3030 1290 3048 n.
1306 3028 1348 3053 ⁵1·
1362 3024 1386 3049 ἃ
1401 3020 1479 3050 Epist,
1504 3024 1545 3052 56.
1562 3028 1588 3047 n.
1605 3026 1644 3046 2¹.

613 3251 919 3330 F1N1's
987 3275 1864 3358 TOMISECUNDJ.
