2498 4075
459 113 552 167 194

389 177 430 215 ,bo
452 176 601 216 laterali,
622 175 680 210 vel
692 174 857 218 pulmonia
878 174 992 213 ,habito
1006 199 1018 214 ,
1044 174 1112 209 alm·
1129 176 1321 219 profluvium
1345 174 1399 205 ad-

389 220 518 259 >veniens
542 242 552 259 ,
594 218 713 258 malum
734 243 742 251 .
783 220 861 253 Non
885 229 934 252 me
981 216 1069 266 fugit
1107 241 1117 257 ,
1161 231 1230 262 quae
1275 215 1397 266 Medici

389 272 501 301 contra
536 289 546 303 ,
592 273 648 295 nec
692 261 839 295 rariffime
871 285 882 302 ‚
923 260 1065 296 viderint
1090 283 1100 299 ,
1153 261 1269 304 quidve
1310 270 1399 296 exci-

392 307 484 350 piant
508 314 697 348 propterea,
719 305 935 349 Hippocratis
965 315 1094 347 quoque
1126 303 1222 348 ipsius
1253 302 1397 337 observa-

391 351 496 387 tiones
519 347 670 390 quasdam
697 371 707 386 ,
745 360 779 381 ac
814 348 982 381 sententias
1016 347 1178 381 laudantes
1200 374 1207 381 .
1239 349 1396 382 Attamen

389 392 576 436 plerumque
597 390 787 432 diarrhoea3
810 389 867 424 nisi
893 389 977 424 forte
1002 402 1041 423 ex
1063 392 1266 433 contingenti
1284 391 1396 433 primis

389 435 500 472 diebus
524 445 706 477 opportuna
729 433 787 472 fit,
811 442 865 467 aut
888 435 921 466 in
956 433 1116 476 progressu
1149 436 1259 468 critice
1293 433 1397 469 succe-

388 478 467 516 dat,
491 479 525 512 in
549 477 733 519 hujusmodi
757 477 878 513 morbis
909 477 1007 511 noxia
1037 477 1080 511 est
1104 502 1112 512 .
1146 479 1198 511 Sic
1221 489 1231 515 ς
1265 485 1302 510 ut
1336 485 1387 508 tot

389 522 460 556 aliis
478 521 601 555 *omiffis
616 546 625 561 ,
651 522 731 555 duos
755 519 886 555 illustris
909 520 1031 562 generis
1056 532 1231 559 memorem
1257 520 1356 555 Viros
1379 544 1387 559 ‚

385 565 483 598 Cives
527 576 614 598 meos
659 563 828 598 Thomam
860 562 1093 605 Augustinium
1128 563 1356 599 Marchionem
1376 586 1389 602 ,

386 608 540 651 Stephani
586 610 616 641 S.
650 609 691 642 R.
728 609 767 640 E.
805 606 988 640 Cardinalis
1033 607 1143 641 fratris
1176 607 1281 642 filium
1300 631 1314 648 ‚
1358 608 1390 638 &

383 651 541 695 Joannem
564 651 733 686 Gaddium
771 651 939 683 Comitem
959 673 971 690 ,
1006 650 1144 683 alterum
1181 660 1279 684 annos
1313 658 1390 684 tune

388 705 499 731 narum
525 695 688 736 sexaginta
710 693 873 737 quinque,
898 694 1034 726 alterum
1057 694 1134 727 osto
1167 695 1257 728 annis
1289 692 1392 734 majo-

386 748 474 775 rerr13
498 739 530 770 in
555 739 663 779 primo
686 736 819 778 quidem
843 737 1106 779 peripneumonia
1117 746 1297 780 correpto,
1321 746 1391 779 per-

385 781 496 813 utilem
519 781 554 812 in
577 780 680 813 morbi
706 778 764 812 fine
787 778 982 813 diarrhoeam
1006 779 1170 813 observavi
1192 783 1204 820 ,
1238 791 1309 822 quae
1332 791 1388 813 cu-

384 824 504 856 rationi
529 823 683 861 summam
708 833 836 855 manum
859 822 1041 864 imposuit:
1067 823 1116 857 sed
1140 823 1300 863 alterum,
1332 834 1387 856 eo-

381 866 453 898 dem
477 868 592 900 morbo
617 864 825 908 prehensum,
849 866 902 899 cui
927 868 1027 898 tertio
1047 865 1098 904 die
1122 866 1226 900 fluxus
1243 865 1326 899 idern
1340 877 1391 899 ac-

381 908 509 946 cesserat
531 933 541 948 ,
584 909 736 951 sputaque
784 910 924 952 primum
957 920 1078 950 pauca,
1114 910 1223 947 lenta,
1248 912 1280 943 &
1302 907 1390 952 quasi

381 953 466 986 arida
489 951 651 992 effecerat,
675 951 789 986 deinde
811 963 885 986 cum
909 952 1028 992 viribus
1051 955 1263 996 interceperat
1286 976 1298 993 ,
1324 952 1392 985 fro*

380 994 439 1028 stra
463 997 556 1030 illurn
581 995 766 1035 moderari,
791 999 823 1029 δε
843 995 901 1036 has
923 995 1041 1035 servare
1064 1007 1221 1037 conatus,
1246 995 1390 1029 obtinere

378 1040 435 1072 vix
478 1041 571 1082 potui
598 1062 605 1076 ‚
649 1048 686 1073 ut
733 1040 771 1076 ad
816 1050 937 1073 nonum
983 1040 1079 1082 usque
1112 1040 1199 1074 diem
1221 1041 1289 1076 vita
1314 1050 1392 1081 pro-

377 1081 565 1117 duceretur.
592 1083 692 1123 Qod
715 1085 747 1116 δε
780 1084 917 1125 Virgini
953 1082 1097 1118 accidiss‘e
1119 1108 1128 1122 ,
1159 1083 1390 1125 duodeviginti

380 1129 471 1202 {nni-s
494 1126 564 1169 ipso
588 1127 739 1166 minori,
762 1137 800 1159 ex
823 1127 970 1169 proxima
982 1127 1154 1169 cognosces
1166 1127 1326 1160 Valsalvae
1337 1124 1389 1163 hi-

408 1181 476 1203 Ol'la
492 1194 497 1201 .

421 1222 468 1245 11.
494 1214 652 1247 VIRGO
676 1223 793 1245 annum
817 1224 910 1255 agens
934 1213 1066 1249 circiter
1086 1212 1388 1257 quinquagesimum

373 1257 545 1299 quintum,
570 1257 712 1289 thoracis
736 1256 847 1293 dolore
863 1280 874 1296 ‚
901 1256 1080 1299 praesertim
1102 1259 1188 1297 circa
1211 1256 1350 1291 sternum
1369 1280 1383 1297 ,

374 1299 577 1342 corripitur,
601 1298 787 1337 febricitat,
812 1301 920 1342 capite
943 1299 1055 1338 dolet,
1079 1300 1211 1337 difficile
1248 1300 1347 1343 spirat
1369 1324 1383 1340 ,

373 1344 536 1385 ingentem
572 1344 712 1375 materiae
744 1344 874 1385 copiam
905 1342 1032 1385 exspuit
1056 1367 1064 1379 ,
1098 1346 1185 1379 Cum
1220 1342 1382 1383 accessisset

373 1386 556 1424 diarrhoea,
582 1397 717 1428 cumque
741 1388 850 1422 omnia
875 1385 959 1425 safra
983 1385 1080 1423 essent
1091 1388 1260 1429 graviora,
1282 1386 1382 1430 respi-

372 1429 463 1463 randi
490 1439 594 1463 autem
618 1428 789 1470 difficultas
813 1439 926 1470 tanta,
949 1438 985 1463 ut
1009 1441 1072 1463 non
1098 1429 1155 1468 uifi
1180 1431 1281 1467 erefita
1313 1441 1381 1464 cer.

372 1474 440 1506 vice
463 1472 580 1515 spirare
603 1472 726 1514 poss'et,
749 1475 833 1511 circa
867 1484 989 1513 nonum
1021 1474 1108 1511 diem
1142 1474 1184 1513 est
1219 1484 1347 1511 mortua
1372 1498 1380 1508 .

503 1518 555 1550 IN
582 1517 786 1550 VENTRE
810 1517 1025 1550 animadversa
1056 1517 1098 1552 est
1131 1516 1217 1551 fellis
1248 1517 1382 1555 vesicula.

371 1558 436 1593 bile
460 1559 590 1602 turgida
610 1584 621 1600 2
659 1561 862 1603 multumque
896 1560 1063 1599 induratus
1095 1570 1225 1604 uterque
1258 1561 1345 1596 testis
1370 1587 1380 1595 .

506 1603 662 1641 Thorace
685 1613 817 1646 aperto,
858 1602 977 1637 sinister
1010 1605 1123 1647 pulmo
1156 1606 1304 1641 inventus
1336 1604 1380 1642 est

369 1646 534 1680 cohaerens
559 1646 637 1680 adeo
663 1646 781 1688 pleurae
805 1671 814 1687 ,
844 1647 1025 1689 ubicunque
1058 1648 1126 1681 haec
1158 1648 1258 1682 costas
1290 1649 1379 1686 inve-

368 1690 501 1728 stiebat,
545 1699 581 1723 ut
628 1688 690 1725 fine
735 1689 929 1726 laceratione
964 1691 1100 1734 separari
1127 1702 1192 1724 non
1206 1694 1376 1734 potuerit.

368 1736 417 1768 At
441 1733 553 1767 dexter
579 1733 662 1767 arete
686 1731 848 1772 adhaerens
884 1735 949 1772 toti
982 1733 1170 1777 mediastino
1194 1760 1205 1775 ,
1238 1737 1378 1777 itemque

368 1778 508 1820 pleurae‚
532 1777 708 1821 superiores
732 1776 833 1810 costas
858 1776 1023 1819 vestienti,
1045 1778 1123 1817 dum
1145 1789 1242 1813 manu
1275 1787 1380 1811 tenta-

368 1830 423 1854 tur
447 1820 514 1862 ejus
538 1821 576 1854 ab
601 1820 660 1857 hac
685 1819 869 1862 separatio,
891 1820 935 1854 ob
958 1820 1178 1855 fraciditatem
1198 1821 1379 1864 ‘disrumpi-

367 1873 443 1905 tur,
466 1864 621 1908 simulque
645 1875 684 1896 ex
707 1863 846 1898 abscessu
880 1875 976 1907 quem
1009 1864 1196 1902 continebat
1219 1888 1232 1905 ,
1266 1867 1380 1907 ingen-2

367 1918 433 1942 tem
457 1906 547 1951 ejicit
571 1908 697 1952 copiam
722 1908 861 1940 materiae
886 1906 1015 1946 saniosae
1036 1931 1049 1948 ,
1082 1920 1122 1942 ex
1153 1907 1252 1946 rubro
1284 1908 1380 1950 palle-

368 1952 484 1985 scentis
498 1977 505 1984 .
533 1950 748 1989 Pericardium
771 1959 838 1983 erat
862 1950 992 1994 plenum
1016 1951 1100 1988 seri.
1115 1953 1153 1985 In
1176 1950 1284 1986 cordis
1303 1962 1378 1984 ven-

366 1995 490 2029 triculo
513 1993 645 2030 dextero
669 2005 733 2027 non
757 2004 852 2037 parva
886 1993 1042 2037 polyposa
1074 1995 1240 2032 concretio
1261 2017 1272 2034 ,
1307 2006 1377 2038 quae

367 2040 554 2083 proximam
588 2037 763 2081 praesertim
799 2037 975 2075 auriculam
1008 2039 1189 2081 occupabat
1209 2061 1222 2079 ,
1256 2041 1288 2072 &
1322 2049 1378 2081 per

368 2083 684 2121 communicantium
707 2092 860 2128 venarum
880 2080 1006 2117 orificia
1030 2082 1060 2115 se
1083 2083 1112 2118 se
1146 2081 1342 2127 producebat
1367 2105 1377 2118 .

366 2127 469 2160 Nulla
494 2126 528 2159 in
553 2125 733 2163 ventriculo
756 2124 903 2163 sinistro3
929 2124 996 2157 leve
1018 2125 1189 2159 dumtaxat
1224 2126 1259 2159 in
1290 2126 1378 2158 Aor-

366 2179 430 2207 tae,
453 2172 485 2202 ὃ(
509 2180 595 2203 venae
620 2168 820 2202 Pulmonaris
843 2169 948 2201 initiis
972 2178 1038 2201 erat
1071 2167 1340 2203 inchoamentum
1365 2192 1373 2201 .

367 2213 501 2256 Sanguis
548 2221 654 2246 autem
698 2213 732 2248 in
779 2209 842 2245 hoc
887 2209 1037 2251 cadavere
1083 2212 1216 2252 fluorem
1262 2211 1376 2246 amise-

367 2266 415 2292 rat
442 2282 448 2288 .

416 2311 462 2332 12.
489 2301 613 2333 Caetera
637 2310 707 2341 quae
732 2299 765 2330 in
790 2297 850 2331 hac
873 2298 977 2341 legisti
1002 2298 1244 2333 observatione
1266 2322 1278 2339 ,
1303 2299 1379 2333 loco

368 2345 608 2385 opportuniore
630 2341 995 2376 commemorabuntur.
1019 2343 1088 2381 Hic
1112 2343 1195 2376 illud
1219 2341 1306 2383 juvat
1330 2352 1378 2382 at-

368 2386 515 2420 tendere.-
538 2397 611 2419 curn
634 2384 729 2418 dolor
753 2384 825 2422 esset
850 2383 1025 2429 praesertim
1047 2387 1134 2423 circa
1156 2386 1314 2424 stermrm,
1329 2387 1379 2418 vi-q

369 2432 493 2464 tiatum
518 2429 709 2471 pulmonem·
744 2429 807 2460 toti
841 2426 1033 2461 mediastino
1069 2429 1153 2461 artie
1186 2426 1378 2465 adhaeiiffe3

367 2472 456 2518 quod
479 2472 631 2506 videlicet
656 2471 694 2505 ad
716 2471 853 2504 sternunt
877 2470 931 2508 alli
958 2479 1051 2504 atur.
1075 2472 1123 2506 At
1135 2472 1378 2515 alligatur,in2

367 2518 464 2560 quis,
487 2517 584 2550 etiarn
611 2514 649 2551 ad
672 2513 817 2551 thoracis
852 2524 937 2551 verte
962 2525 1009 2547 ras
1031 2538 1044 2556 ,
1076 2515 1163 2552 circa
1199 2526 1280 2557 quas
1313 2525 1378 2552 non

368 2568 565 2595 memoratur
587 2557 701 2592 dolor.
726 2559 849 2594 Verum
872 2558 935 2591 hoc
959 2557 1024 2596 est;¹
1047 2556 1099 2591 sed
1119 2558 1275 2594 verumid
1291 2569 1375 2602 quo-

368 2616 453 2648 que,
476 2603 510 2640 in
535 2603 676 2639 violenta
702 2601 933 2644 respiratione,
957 2612 1019 2644 qua
1040 2603 1089 2637 uti
1115 2613 1149 2639 ea
1180 2603 1286 2644 Virgo
1318 2613 1373 2635 co„

392 2647 527 2688 ebatur,
548 2645 686 2682 sternum
710 2646 862 2683 moveri3
885 2655 949 2677 non
970 2644 1155 2685 vertebras;
1188 2646 1298 2689 itaque
1331 2646 1373 2678 il·-

383 2704 413 2725 as
437 2692 538 2733 magis
561 2689 644 2728 affici
669 2687 850 2727 mediastini
873 2696 978 2730 partes
1000 2700 1071 2731 quae
1094 2687 1134 2722 ad
1157 2687 1294 2721 sternum
1306 2688 1378 2722 sunt

368 2735 528 2777 alligatae.
554 2735 605 2770 Ut
628 2741 665 2768 ut
689 2732 753 2772 est,
777 2731 799 2765 si
824 2732 938 2774 legeris
961 2732 996 2764 in
1018 2730 1075 2765 hac
1100 2731 1374 2774 SepulchretiIV.

369 2778 517 2812 Sectione
538 2781 553 2817 <
574 2780 631 2817 x)
653 2775 925 2810 observ-tionem
959 2776 1005 2808 ΙΙ.
1042 2777 1074 2808 δε
1109 2774 1278 2810 Scholium
1312 2786 1378 2820 non

369 2821 470 2855 modo
493 2821 524 2854 ei
547 2818 726 2863 subjectum
741 2842 754 2859 ,
777 2818 830 2858 sed
853 2821 886 2852 ὃς
910 2818 993 2855 illud
1017 2817 1106 2861 quod.
1129 2830 1293 2862 perperam
1305 2819 1378 2853 sub-

370 2864 484 2908 jicitur
507 2864 664 2906 proximae
687 2864 751 2896 III.
775 2874 850 2897 cum
873 2861 1102 2905 subjiciendum
1123 2862 1228 2905 ipsum
1250 2873 1379 2905 quoque

369 2905 478 2947 fuisset
501 2905 578 2940 huic
603 2907 649 2938 ΙΙ.
674 2907 816 2949 itemque
851 2905 1120 2941 observationem
1150 2907 1273 2944 XXIX5
1310 2907 1379 2938 ani-

371 2949 551 2990 madvertes
574 2946 748 2992 profecOto,
773 2960 848 2986 cum
872 2950 905 2981 in
930 2948 1120 2986 mediastino
1142 2949 1215 2992 ipso
1235 2974 1243 2988 ,
1267 2959 1321 2982 aut
1345 2950 1380 2981 in

371 2992 553 3037 pericardio
571 3015 585 3033 ,
608 2991 647 3025 ad
670 2992 776 3032 idem,
799 3001 835 3025 ut
859 2991 939 3025 nosti
950 3015 963 3032 ,
986 2993 1165 3033 attinente,
1196 3003 1383 3035 annexoque

371 3037 589 3075 inflammatio
612 3034 701 3072 fuit,
723 3035 890 3073 molestum
913 3034 1057 3076 sensum,
1079 3047 1145 3070 non
1155 3036 1384 3075 advertebras,

373 3081 423 3117 sed
446 3079 487 3114 ad
509 3079 647 3119 sternum
672 3087 856 3122 perceptum
879 3077 990 3112 fuisse.
1014 3079 1071 3113 Ad
1093 3091 1128 3113 ea
1138 3091 1207 3124 quae
1219 3079 1384 3120 diximus,

373 3125 524 3169 proxima
547 3134 677 3167 quoque
699 3121 833 3160 historia
856 3133 894 3155 ex
917 3131 1006 3165 parte
1028 3122 1138 3159 referri
1162 3122 1286 3166 potest.

420 3179 467 3210 13.
491 3167 650 3205 LANIO
673 3166 910 3209 quinquaginta
932 3166 1060 3203 circiter
1083 3178 1260 3207 annorum,
1284 3165 1380 3200 dolo-2

374 3223 407 3245 re
431 3209 640 3255 prehenditur
662 3210 697 3243 in
723 3209 850 3243 dextera
873 3208 1013 3242 thoracis
1037 3220 1149 3251 parte,
1172 3219 1267 3253 atque
1280 3211 1379 3243 etiam

373 3256 410 3293 in
434 3253 541 3291 medio
563 3253 676 3287 sterni„
702 3252 963 3295 Supinuscubat‚
989 3254 1128 3292 multum
1138 3253 1245 3294 tussit,
1269 3264 1381 3296 parum

375 3297 523 3342 exspuit.
551 3297 668 3334 Iit-ecta
691 3298 815 3330 cervice
839 3296 955 3338 spirare
978 3297 1125 3340 cogitur.
1152 3295 1299 3332 Tandem
1329 3294 1382 3330 die

376 3341 516 3384 septimo
539 3340 611 3373 obit
625 3365 632 3372 .
768 3339 940 3374 PULMO
961 3339 1069 3374 dexter
1102 3341 1260 3384 superiore
1293 3349 1385 3382 parte-

377 3394 444 3418 tota
469 3384 678 3420 induruerat,
704 3382 898 3417 &nonnihil
922 3382 1047 3422 sternt),
1073 3385 1192 3422 arffius
1204 3391 1309 3420 autem
1321 3395 1387 3416 mea

378 3427 515 3472 diastino
538 3426 739 3462 adhaerebat.
767 3426 897 3460 Sinister
921 3438 936 3458 a
960 3435 1053 3470 tergo
1077 3427 1214 3462 infestus
1238 3435 1305 3460 erat
1327 3438 1382 3459 co-

379 3471 446 3507 lore
469 3480 559 3505 atro.
585 3472 615 3504 A
639 3470 769 3510 finisti-is
791 3480 921 3514 quoque
944 3469 1088 3505 thoracis
1110 3482 1204 3509 cavea
1214 3470 1381 3514 paululum

442 3686 589 3717 (x)l.²,
653 3686 815 3717 (y)n..11.

878 3686 888 3717 (
904 3694 923 3716 z
937 3686 952 3718 2
968 3687 1002 3711 De
1019 3686 1093 3712 causis
1110 3689 1181 3712 Acut.
1199 3685 1275 3710 morb.
1294 3687 1313 3711 1.
1332 3694 1355 3712 x.
1370 3695 1393 3716 e,
1412 3693 1448 3711 ιο.
1465 3686 1491 3711 in
1506 3685 1547 3711 fin.

957 92 1114 152 Liber
1148 95 1215 148 11.
1249 94 1336 150 De
1369 92 1579 148 Morbis
1611 92 1869 147 Thoracis

1448 171 1583 207 habebat
1608 171 1686 204 seri:
1711 183 1778 214 quo
1800 168 2015 214 pericardium
2038 170 2166 213 plenum
2189 180 2276 205 erat.
2302 174 2342 207 In
2371 182 2446 207 cor.

1447 214 1497 248 dis
1521 214 1703 251 ventriculo
1724 214 1857 249 dextero
1882 212 2034 257 polyposa
2045 215 2209 249 concretio
2219 214 2369 250 adnotata
2379 214 2442 250 est.

1449 258 1583 299 Sanguis
1610 267 1714 294 autem
1738 261 1772 291 in
1795 257 1857 291 hoc
1880 255 2028 293 cadavere
2060 257 2100 292 ad
2134 258 2266 294 fluorem
2299 261 2412 303 potius
2435 285 2446 302 ‚

1447 312 1543 344 quam
1567 301 1604 333 ad
1627 302 1887 341 concretionem,
1910 300 2078 342 vergebat.

1492 355 1539 387 14.
1566 346 1605 376 In
1628 342 1785 386 ejusmodi
1816 343 1946 386 quidem
1979 343 2100 378 morbis
2133 342 2257 386 sanguis
2289 343 2369 379 solet
2401 345 2442 382 ad

1447 389 1687 423 concretionem
1710 398 1859 429 vergere3
1882 386 1964 422 unde
1987 389 2019 419 δε
2043 386 2180 429 polypos
2194 412 2203 428 ,
2227 386 2287 420 hoc
2311 389 2354 422 est
2384 400 2444 431 po.

1447 430 1573 472 lyposas
1595 432 1814 464 concretiones
1836 438 2005 472 repetunt,
2029 441 2105 473 quas
2144 431 2178 462 in
2211 430 2366 465 Valsalvae
2396 441 2445 466 et-

1440 475 1518 513 iam,
1530 474 1670 517 meisque
1686 474 2041 517 peripneumonicorum
2054 470 2294 508 diffectionibus
2305 475 2444 517 plerum-

1439 528 1501 560 que
1513 516 1678 551 adnotatas
1690 516 1812 554 videbis
1824 541 1831 548 .
1846 517 1937 556 Qin
1948 527 1985 550 eo
1995 528 2041 553 res
2053 515 2216 550 interdum
2229 518 2372 560 procedit
2382 542 2395 559 ,
2405 528 2443 553 ut

1441 561 1568 603 sanguis
1592 560 1727 596 fluorem
1752 562 1906 599 amittat,
1930 559 2017 602 quod
2040 561 2074 593 in
2098 559 2259 601 superiore
2289 562 2441 604 Virginis

1441 604 1590 637 cadavere
1612 606 1666 646 (y
1690 607 1705 644 )
1728 602 1977 639 animadversum
2001 603 2064 637 est:
2087 602 2138 639 sed
2172 605 2205 636 &
2239 605 2273 637 in
2304 606 2442 639 viventi.

1442 647 1500 681 bus
1523 658 1777 690 nonnunquam,
1798 657 1872 680 cum
1895 647 2034 682 maxime
2058 645 2233 689 perniciosa
2259 647 2441 683 inflamma-

1442 693 1493 723 tio
1516 690 1578 728 est,
1605 690 1645 724 ad
1667 692 1912 724 concretionem
1936 689 2013 722 adeo
2034 688 2181 730 accedit,
2203 698 2239 724 ut
2260 693 2347 727 venis
2370 703 2441 734 per-

1444 732 1520 768 tufis
1534 756 1543 771 ‚
1562 735 1617 767 vix
1640 733 1805 769 lentiffime
1828 731 2000 769 delabendo
2023 746 2039 767 e
2061 733 2219 767 foramine
2250 745 2312 768 non
2345 747 2441 777 parvo

1445 786 1555 811 exeat.-
1577 777 1664 820 quod
1687 788 1760 811 cum
1784 778 1818 812 in
1843 777 1914 811 aliis
1930 797 1940 812 ‚
1965 785 2036 810 turn
2059 776 2252 819 potiffimum
2274 778 2308 812 in
2331 779 2440 813 Maria

1444 822 1604 859 Varania,
1627 832 1723 864 quam
1746 819 1971 863 insuperabilis
1994 821 2251 863 peripneumonia
2281 820 2405 856 sustulit
2429 847 2440 862 ‚

1443 866 1536 901 omni
1560 863 1674 899 frustra
1700 862 1841 897 artificio
1864 862 2014 899 adhibito
2035 872 2072 897 ut
2096 862 2266 905 efflueret,
2288 863 2437 900 accidisse

1441 910 1595 945 memini.
1685 909 1806 941 Verum
1817 916 1929 942 contra
1942 906 2124 946 ,interdum
2136 905 2173 940 fit
2185 930 2197 947 ‚
2208 917 2244 942 ut
2256 906 2381 950 sanguis
2404 910 2439 942 in

1442 952 1735 995 peripneumonicis
1760 951 1798 984 ad
1811 950 1945 985 fluorem
1958 959 2084 993 vergat,
2107 949 2169 983 five
2179 953 2342 986 concretio
2353 963 2440 995 quae.

1442 996 1516 1030 dam
1539 994 1695 1039 polyposa
1719 994 1820 1034 adlit,
1843 1003 1879 1028 ut
1903 995 1937 1026 in
1969 992 2134 1037 proposito
2166 995 2311 1027 Lanione
2330 1017 2340 1033 ‚
2376 994 2439 1038 fiye

1442 1039 1550 1080 nulla,
1575 1048 1611 1076 ut
1634 1040 1668 1071 in
1691 1038 1792 1072 tribus
1815 1048 1887 1081 quae
1911 1036 2103 1079 sequuntur,
2127 1036 2435 1074 Observationibus.

1442 1084 1571 1117 Harum
1594 1084 1696 1125 prima
1722 1091 1814 1115 tanto
1838 1081 1941 1114 rarior
1963 1080 2025 1118 est,
2047 1088 2170 1123 quanto
2192 1082 2298 1116 minus
2321 1083 2438 1124 pueri,

1442 1125 1558 1159 nedum
1582 1137 1686 1159 recens
1709 1126 1777 1158 nati
1802 1149 1811 1164 ,
1843 1124 1919 1158 huic
1944 1124 2129 1158 morborum
2163 1125 2270 1166 generi
2303 1125 2440 1168 obnoxii

1440 1170 1592 1203 dicuntur
1637 1169 1676 1207 ab
1719 1170 1848 1204 Aretaeo
1880 1170 1939 1210 (z
1960 1171 1974 1207 )
1996 1191 2008 1208 ‚
2038 1167 2246 1204 confirmante
2267 1169 2320 1202 Cl.
2346 1168 2439 1204 Tril-

1441 1214 1510 1247 lero
1568 1224 1586 1245 a
1634 1238 1642 1246 .

1486 1216 1546 1298 15²(
1561 1216 1748 1292 PtiliLLA
1774 1254 1896 1289 dierum
1917 1252 2186 1295 quatuordecim,
2208 1253 2338 1290 stertore
2370 1255 2440 1291 affi-

1433 1296 1598 1340 ciebatur,
1620 1310 1693 1334 cum
1717 1298 1813 1335 faciei
1836 1297 1974 1331 rubore:
1997 1297 2291 1333 laetissuffionem
2316 1299 2441 1343 respue-

1432 1341 1511 1384 bat,
1534 1352 1572 1377 ut
1595 1354 1663 1377 arte
1687 1344 1721 1375 in
1755 1354 1791 1375 os
1825 1342 1997 1374 immittere
2031 1349 2198 1387 oporteret
2217 1365 2225 1373 .
2258 1342 2322 1378 His
2360 1343 2439 1377 osto

1431 1385 1498 1421 dies
1522 1386 1751 1430 perstantibus,
1774 1387 1879 1419 vivere
1902 1381 2012 1421 desiit.
2148 1385 2435 1424 PULMONES,

1432 1430 1608 1472 praesertim
1630 1442 1691 1473 qua
1714 1429 1845 1465 dorsum
1868 1426 2071 1470 spestabanb
2096 1426 2296 1465 inflammati
2318 1438 2408 1462 erant
2426 1442 2435 1463 :

1433 1477 1466 1507 &
1510 1475 1611 1516 nigris
1643 1472 1835 1516 quibusdam
1868 1470 2002 1506 maculis
2036 1469 2291 1515 distinguebatur
2323 1484 2437 1509 eorum

1433 1516 1603 1554 substantia
1617 1542 1625 1549 .
1758 1518 1796 1552 In
1820 1513 2014 1552 Ventriculo
2036 1513 2114 1547 bilis
2137 1516 2276 1557 plurima
2298 1541 2306 1548 .

1434 1564 1471 1594 In
1517 1559 1594 1595 vafis
1639 1569 1747 1595 autem
1791 1558 1919 1602 sanguis
1962 1558 2139 1593 naturalem
2181 1557 2322 1596 fluorem
2376 1559 2439 1594 ser.

1429 1615 1524 1639 vans‚

1477 1650 1525 1680 16.
1552 1647 1711 1681 VIRGO
1734 1656 1891 1679 annorum
1912 1644 2056 1686 viginti,
2078 1644 2188 1681 dolore
2211 1646 2389 1688 corripitur
2400 1647 2438 1682 iia

1430 1690 1549 1725 finistra
1597 1692 1742 1730 rituum,
1767 1689 1845 1722 hinc
1868 1690 1903 1721 in
1925 1687 2053 1720 dextera
2075 1686 2222 1721 thoracis
2244 1698 2333 1731 parte
2356 1714 2364 1722 .
2397 1692 2439 1725 In

1430 1734 1511 1772 hanc
1534 1702 1647 1769 cubare
1669 1744 1736 1769 non
1759 1730 1884 1775 potest:
1909 1730 2015 1764 ttulit:
2041 1731 2139 1768 noftu
2171 1731 2286 1767 delirat
2313 1745 2321 1770 ς
2358 1744 2440 1769 con-

1429 1776 1571 1812 vulfione.
1596 1777 1736 1815 afficitur
1759 1775 1861 1816 adeo,
1885 1784 1920 1810 ut
1944 1774 2080 1810 retracta
2115 1775 2256 1811 membra
2290 1776 2439 1819 quaedatn

1430 1830 1628 1859 remaneant.
1658 1819 1806 1856 Tandem
1831 1819 1988 1853 moritur.
2123 1819 2294 1855 PULMO
2329 1818 2440 1856 dexter

1430 1864 1581 1900 nonnihil
1606 1863 1830 1900 inflammatus
1845 1886 1858 1902 ,
1881 1873 1897 1894 a
1929 1870 2021 1904 tergo
2055 1860 2233 1903 praesertim
2257 1886 2265 1894 .
2304 1863 2435 1908 Sinister

1430 1917 1535 1943 autern
1547 1931 1560 1948 ‚
1581 1911 1638 1951 qui
1663 1907 1802 1950 undique
1826 1906 1966 1952 pleurae,
1996 1903 2094 1937 costas
2115 1928 2128 1945 ‚
2161 1909 2195 1941 δε
2227 1905 2439 1950 diaphragma

1429 1950 1660 1991 convestienti‚
1684 1950 1867 1986 adhaerebat
1889 1947 2006 1985 aterius
2018 1970 2031 1987 ,
2054 1957 2090 1982 ut
2112 1950 2212 1984 eximi
2237 1948 2300 1983 fine
2322 1950 2441 1985 lacera.

1430 1997 1519 2029 tione
1542 2006 1608 2030 non
1632 1994 1731 2038 poss'et
1744 2017 1756 2034 ,
1778 1993 1922 2038 multum
1953 1990 2084 2026 rubebat
2105 2017 2113 2028 -,
2147 1995 2187 2028 In
2219 1993 2315 2028 corde
2347 1995 2437 2031 nulla

1430 2038 1589 2082 polyposa
1611 2039 1801 2073 concretio:
1825 2036 1951 2081 sanguis
1974 2034 2142 2069 dumtaxat
2165 2039 2199 2070 in
2211 2046 2351 2080 utroque
2363 2049 2440 2075 ven-

1428 2081 1552 2115 triculo
1575 2089 1666 2122 ater,
1688 2083 1721 2114 &
1744 2081 1954 2123 coagulatus.
1980 2080 2063 2115 Ater
2097 2091 2227 2124 quoque
2257 2081 2292 2115 in
2324 2081 2403 2119 vasis
2423 2106 2439 2125 ,

1428 2128 1461 2161 δε
1484 2124 1630 2163 craffior3
1655 2123 1705 2158 sed
1729 2120 2007 2163 tamen'fluidUS,
2135 2125 2245 2167 Caput
2257 2124 2378 2165 etiam,
2402 2137 2438 2161 ae

1428 2170 1553 2204 Venter
1575 2166 1704 2204 dissecta
1728 2167 1821 2203 sunt.
1843 2164 2153 2213 Inillosaniffimum
2163 2167 2440 2212 cerebrumtpau-

1428 2213 1534 2246 lulum
1556 2212 1725 2246 dumtaxat
1748 2210 1806 2244 seri
1825 2211 1909 2247 circa
1934 2220 2000 2251 ejus
2024 2210 2142 2247 baum.
2287 2214 2326 2248 In
2350 2214 2440 2247 Ven-

1428 2266 1477 2291 tre
1500 2265 1631 2295 autern,
1652 2256 1711 2298 qui
1745 2263 1815 2288 ante
1851 2254 2033 2299 Sectionem
2064 2252 2298 2290 animadversus
2332 2253 2439 2293 fuerat

1428 2298 1579 2333 nonnihil
1604 2296 1771 2335 tumidus,
1794 2296 1886 2333 causa
1909 2295 2007 2337 hujus
2033 2299 2079 2329 rei
2102 2298 2267 2333 inventum
2291 2298 2334 2333 est
2367 2300 2439 2334 Co-

1429 2344 1484 2377 lon
1507 2340 1715 2381 intestinum,
1738 2342 1880 2376 multum
1904 2350 1972 2385 aere
1994 2340 2186 2375 distentum.
2200 2343 2354 2378 Ceterum
2366 2343 2440 2380 sana

1429 2395 1520 2422 erant
1542 2384 1661 2418 viscera
1684 2386 1793 2420 omnia
1816 2407 1829 2424 ,
1863 2384 2031 2427 ipsumque
2063 2384 2172 2417 Colon
2204 2398 2213 2416 ε
2250 2397 2437 2429 quanquam

1429 2430 1492 2463 hoc
1508 2452 1516 2465 ‚
1537 2429 1593 2462 ubi
1617 2429 1655 2461 ad
1678 2427 1894 2463 ventriculum
1919 2435 2119 2467 pervenerat,
2144 2426 2218 2460 inde
2241 2427 2269 2461 se
2290 2427 2439 2465 deorsum

1429 2472 1515 2506 infra
1539 2473 1659 2505 ventris
1683 2472 1826 2509 medium
1848 2469 2060 2508 demittebat,
2085 2468 2161 2502 hinc
2185 2470 2289 2508 rursus
2311 2471 2350 2505 ad
2384 2474 2436 2509 su-

1430 2516 1553 2560 periora
1579 2513 1824 2553 refleetebatur,
1848 2512 1997 2555 suamque
2021 2514 2169 2555 pergebat
2192 2515 2436 2559 viamappen-

1428 2559 1533 2595 dicula
1560 2569 1665 2592 autem
1697 2556 1927 2593 Vermiformis
1957 2555 2092 2591 craffitie
2125 2557 2284 2593 calamum
2317 2561 2437 2594 anseri..

1425 2614 1503 2637 num
1514 2627 1522 2643 ‚
1546 2600 1750 2645 longitudine
1759 2601 1837 2634 octo
1847 2601 1977 2635 circiter
1987 2598 2110 2641 digitos
2130 2601 2320 2637 transversos
2332 2615 2439 2646 aequa«

1427 2648 1481 2685 bat
1496 2672 1505 2686 ‚
1528 2644 1659 2687 oblique
1682 2656 1788 2678 renem
1810 2643 1913 2679 versus
1936 2642 2102 2677 dexterum
2125 2645 2272 2686 porretfta
2286 2671 2293 2676 .

1475 2690 1748 2734 17.JUVENIS
1774 2699 1873 2731 prope
1906 2697 2002 2719 annos
2034 2688 2171 2728 triginta
2203 2697 2296 2722 natus
2321 2713 2334 2729 ‚
2366 2690 2438 2734 post

1428 2733 1535 2777 plures
1556 2732 1704 2770 labores,
1731 2732 1830 2772 levi,
1863 2729 2040 2772 obtusoque
2073 2731 2107 2765 in
2139 2729 2260 2768 sinistra
2292 2731 2439 2770 thoracis

1429 2787 1518 2820 parte
1541 2775 1650 2809 dolore
1672 2776 1870 2817 corripitur,
1895 2772 2086 2813 febricitat,
2120 2772 2299 2810 difficulter
2333 2779 2439 2822 respi-

1430 2829 1501 2861 rat,
1524 2819 1609 2856 nihil
1633 2819 1757 2861 exspuit
1772 2843 1779 2852 .
1802 2820 1929 2852 Durant
1953 2816 2019 2849 haec
2044 2816 2081 2851 ad
2103 2827 2255 2861 quartum
2277 2819 2440 2858 decimum

1430 2864 1527 2906 usque
1549 2862 1658 2903 diem,
1681 2874 1747 2905 quo
1769 2860 1919 2894 nonnihil
1951 2861 2075 2894 remitti
2110 2860 2239 2895 videtur
2272 2866 2402 2900 morbus
2426 2891 2437 2901 .

1433 2907 1492 2940 Sed
1515 2919 1553 2942 ex
1587 2904 1765 2949 improviso
1797 2907 1909 2947 ingens
1939 2904 2058 2938 accedit
2091 2903 2232 2947 spirandi
2265 2906 2437 2945 difficultas

1430 2962 1505 2985 cum
1528 2948 1737 2991 stertore‚'&
1760 2949 1854 2995 sputo
1876 2950 2017 2985 materiae
2042 2948 2195 2991 spumosae
2231 2950 2311 2987 rosei
2341 2953 2438 2986 colo-

1432 2996 1498 3032 ris,
1522 3005 1618 3038 quam
1640 2993 1777 3026 multam
1800 2993 1861 3024 stne
1885 2991 1976 3031 tuffi,
2000 2992 2100 3027 ullave
2125 2991 2314 3027 difficultate
2324 2995 2439 3039 ejicit.

1432 3039 1520 3071 Cum
1542 3046 1617 3072 toto
1639 3034 1734 3078 hujus
1757 3035 1863 3068 morbi
1887 3044 2030 3078 tempore
2053 3037 2087 3069 in
2111 3036 2275 3070 dexterum
2307 3040 2439 3074 cubuis-

1434 3081 1480 3114 set
1506 3081 1611 3117 latus,
1635 3083 1668 3116 &
1699 3089 1924 3121 nonnunquam
1960 3081 2060 3114 etiam
2093 3081 2128 3113 in
2160 3078 2327 3121 dorsum3
2360 3083 2438 3120 dum

1434 3137 1473 3158 ex
1495 3123 1559 3158 hoc
1583 3125 1618 3161 in
1641 3124 1724 3158 latus
1757 3122 1922 3157 dexterum
1955 3123 1984 3156 se
2018 3132 2218 3159 converteret
2240 3147 2250 3162 ,
2289 3136 2439 3164 mortuus

1429 3167 1471 3202 est
1491 3167 1543 3201 die
1575 3166 1702 3200 decimo
1732 3166 1870 3208 septimo
1893 3189 1900 3198 .
2035 3168 2270 3205 THORACE
2304 3179 2440 3213 aperto,

1428 3211 1526 3245 illaesa
1550 3211 1657 3253 pleura
1679 3211 1808 3242 inventa
1832 3210 1896 3247 est,
1918 3210 2145 3255 pulmonesque
2171 3212 2209 3245 ab
2232 3212 2291 3248 hac
2328 3216 2438 3250 omni..

1434 3266 1479 3288 no
1503 3254 1622 3288 soluti.
1647 3253 1705 3288 Sed
1728 3262 1792 3286 erat
1826 3252 1943 3287 finister
1975 3255 2093 3297 ubique
2123 3253 2349 3291 inflammatus
2369 3281 2384 3298 ,
2414 3258 2439 3293 fi

1433 3307 1557 3342 partem
1579 3297 1611 3335 su
1636 3298 1772 3331 eriorem
1795 3298 1953 3339 excipias:
1978 3310 2016 3331 ex
2038 3307 2100 3340 qua
2123 3306 2229 3333 tamen
2244 3324 2256 3338 ,
2292 3304 2441 3344 quamvis

1438 3342 1529 3379 sana,
1550 3309 1674 3378 duobus
1697 3341 1733 3376 in
1755 3341 1836 3374 locis
1858 3340 2004 3378 stillatim
2029 3341 2155 3383 sanguis
2179 3345 2363 3386 erumpebat
2381 3356 2439 3382 :ut

1437 3384 1534 3429 hujus
1557 3385 1647 3420 librae
1671 3385 1807 3427 amplius
1831 3395 1987 3427 quatuor,
2008 3385 2042 3417 in
2066 3384 2176 3419 eadem
2209 3386 2328 3420 sinistra
2363 3388 2439 3423 tho-

1438 3431 1520 3464 racis
1541 3439 1633 3461 cavea
1655 3427 1853 3470 stagnantis,
1877 3436 2006 3472 repertae
2030 3427 2113 3464 sint..
2138 3431 2176 3469 In
2212 3429 2307 3467 corde
2343 3433 2440 3468 nullae

1435 3471 1600 3514 polyposae
1624 3473 1867 3507 concretiones.

2301 3518 2400 3555 1311}

1676 3609 2423 3623 ——q———u-——m—r-wwaev—-mv-muz

1610 3686 1619 3716 (
1636 3694 1651 3711 ¹2
1667 3686 1680 3715 )
1697 3686 1750 3714 loco
1767 3688 1834 3718 snpra
1849 3688 1879 3714 ad
1895 3697 1919 3714 n.
1938 3696 1973 3716 ιο.
1990 3688 2062 3721 indic,
2080 3690 2142 3720 Apa.
2161 3694 2197 3718 ιε.
