2498 4075
449 224 601 307 Epist.
638 241 801 294 Anat.
834 237 1034 290 Medica
1071 235 1266 290 Lxut.
1302 234 1420 288 Art.
1459 252 1528 297 15.
1561 235 1614 290 sc
1649 234 1721 285 16.

92 318 129 344 ut
153 316 192 350 ad
215 316 409 361 sesquidigiti
431 320 568 354 traetum
589 318 730 356 cullius,
755 321 788 352 δε
805 316 922 352 osseum
932 316 1100 358 fieret,id-
1148 315 1327 358 poplexiam
1351 338 1359 352 ‚
1393 313 1443 347 sed
1466 322 1595 356 propter
1615 311 1809 345 cavernulam
1832 334 1845 352 ,

2002 247 2051 295 4¹
2062 236 2100 293 7‘

1878 311 1914 344 ab
1937 305 2083 353 sanguine
2105 308 2163 339 exp?

92 364 152 398 que
177 358 444 405 manifestissime,
464 365 539 397 curn
563 361 665 405 supra,
686 361 830 404 infraque
852 360 935 394 nihil
959 359 1016 394 nifi
1030 362 1100 394 vin-
1150 367 1294 391 cavatam
1311 382 1322 398 ,
1347 358 1545 399 sanguineam
1569 356 1676 399 potius
1699 354 1822 388 credere
1846 354 1962 387 liceat.

96 400 204 443 culum
226 404 263 438 fit
276 431 284 439 .

1201 411 1250 443 15.
1274 402 1437 438 Quoniam
1460 411 1532 433 vero
1552 411 1624 433 cum
1649 397 1686 431 de
1708 397 1860 439 Aphonia
1886 399 1960 431 alias
1983 396 2060 437 egi,
2095 403 2164 427 non

144 456 193 491 14.
228 450 287 483 Sed
310 449 392 484 istud
423 449 587 483 vinculum
611 459 708 486 num3
745 446 831 490 quod
862 442 1105 480 Weitbrechtus
1153 445 1192 480 de
1216 444 1332 478 funesta
1356 444 1543 482 dumtaxat,
1575 452 1670 485 eaque
1695 452 1735 473 ex
1760 441 1908 475 ebrietate
1930 464 1942 481 ,
1976 448 2084 472 verum
2116 446 2165 469 et-

96 489 112 526 (
134 501 158 537 z
179 495 192 530 )
215 490 316 525 facere
339 503 402 526 non
424 493 608 531 dubitavit;
630 490 807 534 negandum
830 489 889 528 sit,
914 501 977 523 non
999 489 1040 523 est
1051 487 1104 522 hic

98 531 285 576 disputandi
309 536 419 570 locus.
443 537 519 570 Hoc
543 544 668 568 tantum
691 533 815 572 dicam,
839 533 1016 576 optandum
1029 531 1105 565 fuis.

98 572 147 617 se,
169 586 205 611 ut
226 578 407 622 priusquam
430 586 577 621 negaret,
599 576 622 610 si
645 588 708 610 non
731 578 764 609 in
787 588 822 610 ea
843 588 913 619 quae
937 576 1032 610 modo
1054 575 1109 609 de-

101 617 208 662 scripsi
233 644 246 661 ,
277 631 308 654 at
340 624 373 655 in
411 622 501 656 series
536 621 644 655 saltem
676 619 834 654 incidisset
867 619 1069 654 officulorum
1098 642 1107 657 ‚

101 665 207 703 quales
229 664 376 699 V'esalius
400 671 409 705 (
435 678 452 698 a
475 670 489 705 )
514 689 524 704 ‚
557 668 590 698 δε
614 663 798 697 Eustachius
820 666 833 702 (
855 661 873 695 b
898 665 908 701 )
942 664 980 696 ab
1011 662 1039 695 se
1060 664 1110 694 vi-

102 705 147 738 sas
173 708 341 747 pinxerunt
366 733 376 748 ,
410 711 441 741 δι
465 719 576 750 magna
600 719 638 741 ex
664 716 748 747 parte
771 706 836 748 ipse
860 706 948 740 vidi:
971 709 1040 749 quae
1061 704 1112 739 os-

101 749 197 782 sicula
221 749 261 783 sic
285 750 367 784 facta
392 777 401 792 ‚
435 754 466 785 &
490 756 629 784 connexa
655 749 725 783 sunt
748 773 758 788 ,
791 748 894 791 sicque
918 749 956 782 ab
988 749 1114 791 Scyloi-

101 791 140 824 de
162 791 300 834 processu
323 793 360 827 ad
385 806 419 828 os
442 794 589 836 Hyoides
612 793 696 826 resta
726 791 923 826 contendunt
947 818 956 832 ,
990 801 1026 825 ut
1059 799 1112 824 tot

103 838 276 877 particulas
298 835 388 871 fuisse
411 838 499 871 illius
520 837 664 876 vinculi,
686 836 868 878 intelligas,
892 847 961 878 quae
984 835 1112 869 cartila-

104 879 203 920 gineae
229 882 368 922 primum
393 904 406 922 ‚
437 879 508 914 dein
532 901 542 917 ‚
573 880 654 913 ficut
676 878 862 921 appendices
883 878 996 912 'solent
1028 877 1110 920 ejus-

101 921 175 955 dem
200 923 292 963 offis,
313 923 380 966 ipse
401 934 531 967 quoque
553 924 586 956 in
610 933 645 955 os
667 921 727 955 fint
751 931 878 956 mutatae
902 945 913 960 ,
947 924 977 954 &
1003 921 1110 954 locum

101 964 245 1008 vicesque
268 968 424 1000 retineant
448 967 567 1000 vinculi
590 965 628 1000 de
650 977 716 1008 quo
739 966 920 1008 loquimur.
947 965 1111 998 Weitbre-

100 1007 196 1041 chtus
220 1017 325 1043 autern
348 1021 507 1053 nunquam
532 1008 589 1042 nisi
613 1010 647 1042 in
666 1009 833 1051 grannlum
855 1007 964 1052 osseum
986 1007 1111 1041 videtur

102 1050 247 1086 incidisse
270 1064 365 1087 unum
388 1053 438 1087 νεὶ
460 1053 592 1086 alterum
615 1053 757 1086 innatum
780 1051 833 1085 offi
858 1051 984 1093 Hyoidi
1009 1055 1075 1090 (c)
1099 1075 1107 1082 .

102 1094 194 1128 Alibi
218 1097 320 1138 igitur
343 1107 497 1139 quatenus
521 1094 559 1128 sit
583 1095 649 1138 ejus
672 1094 832 1128 sententiae
855 1094 1107 1137 indulgendum,

103 1138 281 1172 videbimus
295 1163 308 1180 ,
333 1141 387 1173 ubi
411 1140 470 1173 alia
495 1140 612 1182 pariter
634 1137 672 1171 ad
694 1149 730 1171 os
751 1139 834 1171 idem
858 1139 1107 1172 attinentiaexa-

103 1183 295 1215 minabimus
320 1205 330 1221 ,
362 1193 397 1217 ut
420 1205 431 1220 ,
460 1182 548 1225 quod
571 1181 733 1215 nonnullis
755 1193 792 1214 ex
814 1180 1031 1215 Decessoribus
1064 1191 1111 1215 et-

102 1225 168 1257 iam
192 1224 304 1259 nostris
324 1225 445 1259 excidit
469 1251 477 1264 ,
507 1226 670 1259 vinculum
693 1224 730 1257 de
751 1236 816 1267 quo
838 1223 959 1257 dictum
982 1225 1024 1258 est
1046 1248 1055 1263 ‚
1080 1226 1114 1258 in

104 1267 292 1309 appendices
315 1269 407 1303 inseri
432 1268 566 1311 adjectas
589 1268 736 1302 extremis
757 1279 911 1301 cornuum
935 1267 1079 1310 apicibus
1102 1291 1115 1308 ,

103 1314 184 1344 item
207 1323 283 1345 num
309 1312 357 1346 hae
380 1313 449 1346 aliae
475 1312 681 1355 appendices,
705 1320 758 1345 aut
781 1321 862 1344 certe
885 1323 955 1354 quae
988 1312 1114 1354 perbre-

103 1356 136 1387 vi
160 1356 288 1390 vinculo
310 1355 390 1398 ‘saepe
411 1356 637 1394 innascuntur,
659 1356 762 1397 apices
785 1355 858 1388 illos
881 1365 951 1387 cum
975 1355 1115 1398 superio—

103 1398 191 1432 ribus
212 1399 408 1441 cartilaginis
431 1398 614 1441 Thyroidis
637 1397 822 1441 proceffibus
843 1398 1033 1440 colliganti,
1066 1400 1112 1432 ita

105 1442 144 1483 ab
165 1443 370 1476 Anatomicis
395 1442 541 1484 neglectae
565 1441 681 1476 fuerint
703 1465 716 1482 ,
749 1449 783 1474 ut
818 1441 945 1483 quidam
978 1441 1112 1476 Eruditi

105 1485 249 1528 alioquin
273 1487 347 1520 Viri
371 1486 496 1519 credere
518 1486 684 1522 videntur,
710 1484 848 1518 Fabricii
871 1484 965 1518 nostri
1004 1486 1043 1518 ab
1066 1487 1111 1519 A.

108 1527 326 1572 quapendente
348 1532 362 1569 (
385 1530 405 1561 d
424 1533 461 1570 ),
487 1532 519 1564 ἅτ
540 1528 677 1563 Bauhini
700 1534 713 1569 (
734 1538 748 1561 e
771 1531 780 1565 )
804 1528 922 1567 obliti,
957 1529 1112 1563 aliorum-

105 1583 165 1615 que
187 1596 197 1612 ,
226 1574 322 1606 etiam
347 1574 558 1606 recentiorum
580 1596 591 1611 ,
623 1582 658 1607 ut
683 1570 875 1613 Verheyenii
899 1569 977 1614 (f),
1002 1572 1112 1608 Wins-

105 1616 194 1649 lowii
219 1617 269 1659 (g
290 1620 301 1656 )
327 1615 537 1648 Weitbrechti
562 1616 614 1655 (h
637 1620 673 1656 ),
705 1625 843 1657 quorum
878 1615 934 1647 alii
958 1616 1038 1648 olim
1063 1618 1113 1651 vel

104 1659 280 1702 geminatas
302 1661 496 1702 pinxerunt,
519 1659 574 1691 alii
597 1658 846 1700 descripserunt,
868 1658 922 1690 alii
946 1658 1035 1692 usum
1057 1661 1117 1693 ali-

104 1712 200 1743 quem
223 1702 453 1744 proposuerunt
476 1725 485 1742 ‚
522 1700 588 1734 fere
624 1712 732 1735 omnes
767 1700 839 1733 satis
865 1710 1078 1736 memorarunt
1103 1728 1110 1735 .

103 1745 228 1778 Verum
252 1744 319 1778 haec
343 1744 443 1783 alibi,
465 1753 502 1779 ut
524 1745 685 1778 diximus.
819 1746 883 1777 Hic
909 1745 1032 1786 proestat
1055 1758 1116 1780 cae-

101 1796 171 1820 tera
194 1800 263 1830 quae
287 1789 320 1821 in
344 1787 507 1830 propofita
531 1787 660 1822 historia
684 1788 806 1831 legisti,
831 1787 869 1821 ad
892 1789 1020 1822 morbos
1044 1801 1120 1832 pro-

101 1830 280 1872 culdubio‚
298 1842 357 1863 nec
381 1831 461 1863 leves
471 1844 488 1868 ‚⁷⁷
506 1832 697 1871 attinentia,
720 1831 871 1874 tantisper
893 1830 1085 1866 confiderare
1109 1858 1117 1865 .

104 1874 254 1916 Spe&ant
276 1875 361 1914 enim
387 1873 425 1907 ad
449 1885 494 1907 res
517 1883 591 1917 quas
616 1874 680 1908 fuse
703 1876 908 1909 tractavimus
940 1875 1009 1908 aliis
1031 1877 1113 1918 Epi-

106 1916 198 1950 stolis
221 1940 234 1957 ‚
258 1918 342 1951 velut
366 1928 399 1950 ea
422 1917 536 1950 ultima
558 1929 571 1957 ,·
592 1927 627 1952 ut
651 1918 690 1950 ab
713 1916 786 1960 ipsis
809 1918 1019 1961 incipiamus5
1042 1931 1112 1962 quae

104 1960 139 1992 in
164 1958 289 1993 urethra
311 1960 530 2003 conspeximus
555 1985 562 1992 .
595 1962 656 1994 Fac
678 1962 779 2003 igitur
801 1961 944 1995 conseras
978 1973 1050 1996 cum
1073 1963 1113 1994 il-

104 2004 144 2036 lis
168 2015 237 2045 quae
261 2015 277 2036 a
300 2004 455 2037 virulenta
477 2003 670 2046 gonorrhoea
695 2005 770 2038 alias
793 2009 804 2044 (
828 2004 874 2046 i)
897 2004 1036 2038 vidimus
1058 2004 1116 2039 effe

103 2046 214 2079 relista
236 2069 245 2078 .
278 2046 444 2080 Exstantes
468 2057 543 2080 tunc
566 2058 690 2090 quoque
713 2049 745 2080 in
768 2047 895 2082 urethra
919 2049 1015 2082 lineas
1037 2073 1051 2089 ‚
1084 2052 1117 2082 ὅ(

100 2088 350 2123 canaliculorum
374 2114 386 2131 ,
410 2089 522 2124 nedum
546 2091 708 2131 contraffita
732 2116 740 2129 ‚
774 2092 825 2125 sed
847 2090 1032 2125 oblitterata
1054 2093 1121 2126 ori-

104 2131 176 2166 ficia
201 2132 366 2180 occurrisse
389 2134 505 2173 nobis,
528 2133 609 2175 leges
632 2157 644 2173 ,
676 2134 756 2167 unde
781 2135 957 2177 praegressas
995 2136 1119 2168 exulce-

101 2178 246 2210 rationes
269 2179 494 2219 conjiceremus
516 2199 525 2214 ‚
559 2179 591 2210 δε
614 2176 742 2217 obices,
765 2178 870 2216 lotio,
894 2189 929 2210 ac
960 2177 1116 2217 catheteri

102 2217 134 2251 se
157 2229 371 2262 opponentes,
399 2223 431 2253 ὃς
456 2231 514 2263 pro
536 2221 713 2254 carunculis
737 2232 899 2264 perperam
923 2220 1115 2263 saepiusvha-

102 2262 188 2301 biti,
211 2262 289 2305 quid
313 2262 431 2303 essent,
454 2264 698 2306 perspiceremus
713 2288 721 2297 .
877 2265 924 2298 De
947 2267 1112 2299 cavernula

98 2316 205 2339 autem
229 2305 379 2349 sanguine
403 2307 492 2349 plena
515 2308 547 2339 in
571 2319 608 2340 eo
629 2308 748 2341 cerebri
770 2307 993 2351 hemisphaerio
1027 2308 1113 2351 quod

102 2349 247 2383 resoluto
280 2359 345 2383 erat
381 2351 463 2384 artui
499 2348 703 2393 oppositum,
739 2353 950 2394 proximaque
985 2353 1107 2385 Striato

96 2394 231 2435 corpori
253 2417 266 2434 ‚
298 2396 330 2426 &
355 2393 517 2427 Thalamo
541 2395 626 2426 nervi
650 2395 765 2437 Optici
788 2394 973 2437 deprehensa
997 2419 1010 2435 ‚
1045 2407 1107 2429 non

93 2448 177 2478 opus
200 2436 242 2470 est
264 2436 426 2474 indicem,
448 2436 636 2480 quibuscum
657 2449 695 2471 ex
718 2438 831 2471 nostris
865 2438 1109 2472 Observat'ioni-

92 2480 153 2514 bus
174 2480 265 2522 poffis
288 2490 469 2522 comparare
491 2504 508 2522 „
533 2491 605 2514 cum
637 2481 670 2514 id
704 2481 832 2515 fecerim
864 2481 1038 2516 noviffimis
1071 2481 1108 2516 ad

94 2534 128 2557 te
154 2524 292 2557 Litteris
316 2522 402 2563 (Ις).
578 2525 628 2558 De
652 2523 771 2558 funesta
795 2536 869 2558 vero
891 2536 929 2557 ex
952 2526 1109 2559 ebrietate

96 2566 253 2610 Aphonia
276 2576 351 2600 cum
375 2567 463 2609 supra
486 2566 542 2606 (l)
564 2565 740 2601 indicatum
762 2569 800 2602 fit
823 2568 875 2602 ubi
900 2566 1074 2610 scripserim
1097 2591 1108 2607 ‚

96 2610 120 2644 si
145 2610 313 2644 historiam
335 2610 424 2643 illam
446 2622 519 2643 cum
543 2610 601 2643 hac
622 2610 839 2651 contenderis,·
858 2619 1025 2654 utrumque
1048 2612 1113 2645 ho-

99 2656 218 2688 minem
249 2656 333 2688 intra
355 2654 441 2687 idern
464 2651 562 2687 ferme
584 2662 707 2697 tempus
730 2653 787 2688 effe
817 2663 980 2688 mortuum
1002 2681 1012 2697 ,
1044 2658 1110 2688 ani-

98 2698 272 2732 madvertes
293 2721 307 2739 ‚
331 2706 501 2739 utrumque
523 2696 585 2730 sine
607 2696 828 2736 convulsione,
853 2699 986 2732 alterurn
1016 2700 1113 2733 etiam

102 2752 177 2775 cum
200 2740 297 2774 febris
318 2741 390 2774 cito
411 2740 630 2782 corripuisset3
663 2751 698 2774 ut
722 2740 745 2774 si
779 2742 845 2775 haec
869 2743 906 2775 ad
931 2742 1114 2784 Hippocra—

101 2786 168 2818 tica
190 2784 361 2825 dogmata,
387 2794 457 2826 quae
481 2792 556 2816 tunc
580 2784 717 2826 produxi
740 2808 752 2825 ‚
784 2785 861 2818 velis
883 2787 1006 2826 exigere
1031 2798 1041 2822 ;
1065 2786 1113 2819 vel

104 2827 181 2862 hinc
197 2827 366 2870 intelligas
383 2852 395 2865 ‚
417 2837 512 2868 quam
536 2838 631 2868 pauca
653 2837 762 2861 extent
785 2828 987 2862 Medicorum
1011 2828 1115 2863 dista-

103 2880 135 2904 ta
156 2882 225 2913 quae
248 2869 309 2903 sine
333 2870 397 2904 ulla
422 2871 607 2911 exceptione
630 2870 721 2912 poffis
742 2872 898 2915 accipere.
923 2873 1033 2904 Etiam
1045 2884 1114 2915 quae

101 2915 138 2949 de
164 2914 248 2947 febre
272 2913 389 2947 tradita
413 2910 507 2952 sunt,
530 2914 729 2955 apoplexiam
750 2916 803 2948 cui
827 2915 1120 2958 superveniat‚sol-

106 2965 200 2992 vente
223 2981 236 2998 ,
289 2967 353 2990 non
401 2955 463 2990 sine
497 2956 641 2997 pluribus
673 2959 915 3000 exceptionibus
945 2969 1014 2991 vera
1059 2959 1116 2993 esse

108 3000 191 3044 posse
215 3025 224 3041 ,
257 3011 295 3033 ex
317 3000 358 3033 iis
381 3010 450 3042 quae
475 2999 551 3032 alias
584 2999 623 3032 ad
656 3009 686 3033 te
718 3001 823 3042 scripsi
847 3025 858 3041 ,
893 3000 1082 3044 perspexeris
1105 3027 1113 3035 .

107 3046 178 3079 Nec
204 3044 271 3078 sane
295 3042 347 3076 hic
371 3043 419 3077 uti
443 3042 517 3084 liqet
541 3044 727 3085 exceptione
751 3045 806 3077 illa
829 3057 898 3087 quae
921 3046 954 3078 in
978 3055 1117 3079 extrema

107 3088 252 3129 Epistola
275 3088 332 3120 XI.
356 3089 370 3125 (
393 3086 446 3128 n)
480 3096 656 3119 memorata
695 3087 736 3120 est
760 3099 770 3125 ,-
800 3089 870 3121 cito
903 3090 987 3121 enim
1020 3087 1118 3123 febris

109 3131 238 3165 advenit
262 3155 269 3162 .
303 3132 348 3164 Et
370 3129 407 3161 de
431 3129 491 3161 alia
514 3141 607 3172 quam
630 3130 774 3173 Epistola
799 3132 846 3164 II.
869 3135 883 3171 (
904 3143 925 3165 n
947 3136 961 3172 )
992 3131 1116 3165 indica-

109 3176 141 3208 vi
166 3200 176 3215 ‚
208 3174 260 3208 hic
282 3170 408 3206 fortaffe
432 3183 448 3204 a·
472 3174 579 3214 primo
601 3173 765 3207 dubitabis
789 3197 799 3211 ‚
831 3185 903 3207 curn
926 3173 967 3207 in'
995 3176 1114 3210 utrius-

107 3229 168 3261 que
191 3216 307 3260 aphoni
331 3216 460 3249 cerebro
481 3214 570 3249 fuisse
592 3227 707 3260 aquam
733 3242 741 3257 ‚
775 3216 911 3250 videris.-
935 3229 1112 3261 quanquam

108 3263 142 3295 in
166 3262 227 3295 hoc
249 3272 345 3304 quem
367 3260 523 3300 corripuit
546 3258 643 3294 febris
666 3287 675 3301 ‚
708 3271 771 3293 non
796 3260 925 3294 serosatn
957 3261 1050 3296 fuiffe
1079 3274 1111 3296 a-

196 3303 359 3347 Morgagm'
369 3303 403 3336 de
413 3303 479 3335 Sed.
493 3303 535 3336 &¹
545 3303 631 3346 Caus.
644 3304 744 3338 Morb.
757 3305 854 3338 Tom.
874 3305 922 3337 ΙΙ.

120 3432 1737 3454 'ffl—-ssw——h-——bfia———um

229 3539 240 3568 l
258 3538 438 3569 Syndesmolog.
455 3540 480 3563 S.
496 3540 521 3563 6.
536 3538 559 3569 §.
578 3545 615 3569 ις.
630 3538 653 3562 ἃ
669 3536 731 3568 seqq.

198 3571 212 3594 b
227 3571 241 3598 )
256 3570 321 3594 Tab.
337 3577 377 3600 47.
393 3570 442 3599 [ἧς.
463 3576 499 3598 14.
560 3569 575 3598 (
590 3577 602 3592 c
616 3569 632 3596 )
647 3570 671 3592 S.
686 3570 727 3594 cit.
744 3569 767 3600 ᾗ.
786 3578 820 3599 ¹7·

217 3601 230 3629 )
246 3602 344 3624 Theatr.
361 3604 432 3624 Anat.
449 3599 467 3623 l.
485 3608 507 3630 3.
523 3607 545 3624 c.
562 3607 598 3629 44
616 3599 639 3623 8<
654 3599 717 3623 Tab,
734 3609 772 3630 33.
788 3602 840 3631 fig.
858 3609 881 3625 1.

194 3640 211 3661 g
226 3632 239 3659 3
257 3630 338 3660 Expos.
356 3632 426 3654 Anat.
446 3636 477 3654 tr.
495 3630 524 3654 de
541 3631 563 3654 la
578 3630 648 3663 Teste
664 3636 691 3653 n.
707 3638 762 3660 433.
821 3634 835 3660 (
852 3632 867 3655 11
884 3633 893 3660 1
908 3633 929 3655 S.
948 3633 990 3657 cit.
1007 3633 1031 3663 ᾗ.
1047 3641 1086 3658 20.

194 3670 203 3684 ι
218 3662 233 3690 )
251 3661 305 3685 Vid.
323 3661 396 3690 Epist.
412 3670 449 3690 ⁴²⁴
467 3669 490 3685 n.
505 3668 541 3690 4¹·
558 3661 581 3684 8(
598 3660 669 3688 Epzst.
686 3668 726 3690 44.
742 3669 767 3685 n.
785 3670 807 3691 9.
822 3663 845 3686 8:
861 3662 932 3690 Epist*
951 3666 988 3687 ⁶0.
1004 3671 1030 3688 n.
1046 3672 1083 3689 12.

199 3691 215 3715 k
231 3691 332 3721 )Epist.
350 3696 429 3716 ⁶2.n.
445 3698 483 3720 13.
549 3691 648 3720 l1)¹¹-
664 3697 703 3714 12.
763 3693 884 3723 (m)n.
900 3699 937 3721 24.

196 3731 212 3746 n
230 3725 242 3748 )
256 3731 279 3746 n.
298 3729 333 3746 ιο.
395 3723 402 3747 {
420 3731 433 3746 ο
447 3722 461 3749 )
478 3721 550 3750 Epist.
572 3728 607 3750 14.
623 3729 648 3745 n.
667 3730 708 3751 39.

199 3792 211 3808 r
225 3784 239 3813 )

260 3786 323 3808 Part.
338 3782 363 3808 ἰ.
384 3784 409 3808 in
422 3783 466 3809 fin.
528 3784 541 3813 (
559 3782 580 3812 J
591 3784 600 3811 l
611 3783 631 3808 1.
647 3789 670 3808 ι.
685 3785 706 3808 S,
722 3779 835 3813 23210bs.
850 3793 875 3814 4.

766 3723 779 3751 (
797 3730 814 3752 p
829 3726 845 3753 )
859 3725 979 3748 Saturnal.
998 3724 1014 3747 1.
1034 3731 1054 3748 ι.
1072 3731 1094 3748 e.
1111 3731 1151 3749 ιο.

252 3752 356 3777 Misceri.
375 3753 466 3776 Medic.
486 3755 543 3777 Dee.
558 3759 580 3781 9.
598 3751 668 3780 Epist„
686 3755 709 3777 6.
728 3753 874 3779 Βετεεοῃά.
895 3753 995 3780 Absceff.
1010 3759 1063 3780 nat.
1079 3757 1096 3780 ι,
1114 3756 1140 3781 8.
1155 3755 1204 3781 five
1218 3755 1329 3782 Diatribn
1343 3756 1373 3781 de
1390 3755 1508 3781 nectaneb.

1155 490 1220 522 iarn
1253 487 1290 520 de
1324 487 1382 520 alia
1413 487 1506 529 longe
1541 485 1682 519 diffimili
1718 485 1810 517 verba
1844 484 1940 523 feci,
1962 480 2164 528 curationem

1157 531 1314 575 quandam
1339 529 1469 563 referens
1494 541 1613 567 meam3
1635 539 1716 561 nunc
1738 539 1863 570 quoque
1894 527 1995 570 placet
2026 528 2170 559 curenno*¹

1159 585 1211 608 nes
1232 574 1308 608 duas
1331 574 1405 606 alias
1429 574 1462 606 in
1487 571 1620 616 aphonis
1641 571 1761 605 duabus
1781 571 1975 613 Virginibus
1997 567 2059 602 tibi
2080 590 2092 606 ‚
2116 562 2169 598 sed

1157 619 1320 661 perpaucis
1334 642 1342 655 ,
1366 615 1536 659 significare
1560 639 1569 647 .
1595 616 1656 647 Pro
1678 625 1811 657 utraque
1835 617 1866 647 &
1888 613 2053 648 consultus
2075 608 2165 646 sum,

1159 663 1191 694 &
1214 659 1377 703 respondi.
1403 660 1448 692 Et
1470 659 1574 693 sanata
1596 657 1725 700 quidem
1747 666 1878 699 utraque
1910 658 1952 690 est
1974 651 2167 688 Adolescen-

1161 703 1248 741 tula‚
1274 703 1370 736 altera
1393 701 1515 736 fortasse
1537 713 1554 734 a
1578 712 1652 741 me,
1675 701 1769 734 altera
1794 710 1878 733 certe
1903 701 2011 743 potius
2035 709 2050 729 a
2072 693 2169 729 casu.

1163 748 1250 780 Cum
1281 747 1366 779 enim
1391 768 1401 783 ,
1436 745 1582 779 remediis
1617 754 1679 777 non
1713 742 1976 786 proficientibus,
2006 752 2058 775 rus
2081 738 2169 771 forte

1162 788 1258 823 ducta
1280 789 1350 823 esset
1372 788 1540 822 vindemiae
1564 797 1704 829 ternpore
1728 812 1737 827 ,
1768 787 1814 819 ibi
1849 786 1925 821 dum
1950 795 2041 819 uvam
2064 780 2169 824 gusta-

1161 842 1207 866 ret
1232 856 1244 872 ,
1268 832 1383 866 accidit
1406 855 1418 872 ,
1442 841 1477 865 ut
1501 830 1623 875 aliquid
1645 842 1684 863 ex
1705 841 1738 863 ea
1762 830 1795 863 in
1819 830 1983 872 laryngem
2006 824 2171 872 incidensg

1162 875 1264 909 tuffim
1287 875 1501 909 vehementem
1525 883 1688 911 moveret,
1722 873 1793 917 post
1825 885 1919 916 quam
1942 871 2047 905 statim
2081 869 2171 919 loqut

1162 921 1271 962 potuit
1304 931 1315 958 3
1351 918 1404 952 sed
1436 930 1500 953 non
1531 920 1662 959 longum
1699 918 1736 950 ad
1771 926 1926 959 tempus3
1962 925 2018 947 nec
2049 920 2169 946 mirum

1160 963 1277 1004 quippe
1311 963 1344 995 in
1379 973 1412 995 ea
1434 974 1504 1005 quae
1528 965 1559 995 &
1590 960 1667 994 alias
1702 962 1735 993 in
1758 959 1912 994 diuturno
1935 957 2083 1001 aphoniae
2116 953 2172 1005 de-

1159 1006 1248 1039 cursu
1270 1017 1341 1040 cum
1365 1005 1460 1039 libera
1485 1003 1654 1048 aliquando
1678 1004 1715 1037 ab
1739 1001 1797 1036 hac
1821 1002 1926 1037 fuisset
1949 1025 1961 1042 ,
1997 1000 2101 1035 rursus
2136 1008 2173 1048 ¹¹!

1159 1049 1287 1082 eandem
1312 1048 1490 1082 recidisset.
1514 1048 1614 1086 Quod
1638 1049 1755 1089 pariter
1777 1049 1809 1079 &
1833 1047 1966 1089 Virgini
1990 1044 2041 1077 illi
2077 1043 2173 1077 alter!

1161 1092 1313 1125 acciderat
1337 1092 1519 1135 priusquam
1542 1089 1773 1126 Generosiffimi
1806 1087 1871 1132 ejus
1905 1092 2048 1122 Parentes
2083 1100 2099 1121 a
2124 1096 2177 1118 me

1161 1146 1219 1178 pro
1242 1135 1308 1178 ipsa
1330 1134 1496 1169 consilium
1520 1143 1660 1176 peterent
1684 1158 1692 1166 .
1731 1132 1789 1166 Sed
1815 1132 1893 1166 hanc
1917 1131 1986 1175 post
2017 1128 2176 1174 remedio7

1165 1190 1234 1212 rum
1266 1178 1355 1212 usum
1387 1179 1505 1211 iterum
1539 1189 1648 1211 vocem
1681 1175 1870 1219 recuperasse
1911 1176 2030 1209 certior
2068 1172 2172 1207 faetus

1165 1220 1256 1260 surn3
1281 1221 1382 1256 rursus
1406 1231 1508 1255 autem
1533 1219 1660 1253 amisisse
1682 1244 1692 1258 ,
1726 1219 1861 1253 necdum
1894 1218 2001 1252 audivi
2025 1243 2032 1251 .
2066 1218 2177 1258 Qam

1165 1275 1270 1300 autem
1295 1265 1333 1298 ad
1357 1272 1480 1307 tempus
1504 1264 1660 1298 sanaverat
1683 1262 1767 1297 tuffis
1791 1287 1800 1303 ‚
1821 1273 1882 1304 qua
1906 1263 2032 1295 ratione
2056 1260 2180 1293 satiave-

1166 1310 1210 1342 rit
1232 1335 1241 1351 ,
1275 1308 1354 1342 scire
1377 1333 1389 1350 ,
1420 1308 1482 1342 {ive
1506 1307 1627 1349 aliquid
1652 1306 1735 1340 forte
1758 1330 1771 1348 ‚
1794 1306 1880 1349 quod
1905 1315 2008 1338 tamen
2032 1303 2088 1337 sub
2111 1303 2181 1336 sen-'

1166 1351 1214 1386 sus
1239 1364 1303 1385 non
1337 1351 1453 1385 cecidit
1476 1375 1489 1391 ,
1520 1351 1723 1386 discutiendo
1745 1373 1759 1390 ,
1790 1348 1850 1382 sive
1883 1350 1998 1396 inertes
2035 1347 2179 1390 laryngis

1166 1396 1326 1430 musculos
1350 1395 1514 1429 incitando
1537 1419 1547 1434 ,
1580 1394 1638 1428 sive
1661 1394 1749 1428 aliud
1774 1393 1904 1435 aliquod
1927 1391 2118 1435 ejuscemodi
2143 1394 2180 1423 in

1165 1441 1270 1474 nervis
1302 1437 1475 1482 praestando
1501 1464 1508 1475 .
1541 1437 1576 1471 id
1600 1463 1609 1478 ‚
1643 1438 1773 1480 inquam
1790 1463 1800 1479 ‚
1825 1436 1903 1469 scire
1932 1434 2071 1470 Medicis
2092 1431 2182 1484 haud

1164 1483 1280 1517 inutile
1304 1480 1429 1518 fortasse
1454 1480 1527 1516 esset
1549 1504 1562 1521 ,
1596 1491 1631 1515 ut
1655 1482 1689 1513 in
1713 1483 1781 1524 pari
1806 1479 1877 1513 casu
1900 1488 1993 1512 tanto
2026 1477 2180 1515 fidentius

1165 1529 1300 1569 experiri
1334 1525 1455 1569 possent
1488 1524 1568 1568 quid
1604 1523 1689 1559 tuffis
1712 1547 1721 1563 ,
1756 1525 1809 1561 sed
1840 1522 2032 1561 moderatae,
2056 1522 2182 1556 auxilio

1164 1570 1313 1614 consequi
1336 1571 1467 1603 liceret.

1215 1618 1263 1647 16.
1283 1615 1358 1660 Jam
1380 1624 1454 1647 vero
1479 1612 1516 1646 ad
1540 1613 1674 1646 alterum
1698 1613 1859 1655 laryngia,
1894 1621 1946 1646 aut
1971 1609 2145 1654 pharyngis
2169 1633 2182 1650 ‚

1170 1667 1224 1691 aut
1246 1657 1413 1699 utriusque
1437 1657 1584 1691 morbum
1612 1682 1621 1697 ‚
1655 1658 1819 1700 Anginam
1842 1655 2013 1694 videlicet,
2045 1654 2184 1686 transea-

1167 1712 1237 1734 mus
1259 1724 1268 1733 .
1301 1701 1353 1733 Ex
1386 1700 1445 1734 hac
1479 1711 1678 1736 mortuorum
1715 1698 1912 1734 dissectiones
1945 1709 2008 1731 non
2041 1707 2146 1730 extare
2170 1720 2184 1737 ,

1171 1755 1246 1777 curn
1268 1744 1306 1776 de
1330 1744 1395 1786 ipsa
1419 1743 1456 1777 ad
1480 1752 1511 1775 te
1542 1744 1679 1777 scribens
1704 1744 1900 1777 mentionem
1926 1740 2023 1782 injeci
2058 1744 2070 1781 (
2093 1741 2145 1783 ο)
2168 1763 2184 1781 ,

1172 1798 1237 1820 non
1261 1786 1322 1820 fine
1355 1786 1564 1820 admiratione
1594 1786 1717 1828 questus
1750 1787 1816 1820 sum
1839 1811 1847 1819 .
1883 1786 1999 1828 Neque
2030 1785 2114 1817 enim
2149 1782 2186 1817 id

1172 1830 1338 1864 videbatur
1360 1831 1498 1864 accidere
1521 1828 1655 1872 potuisse
1678 1832 1711 1863 in
1733 1830 1845 1864 morbo
1880 1840 1943 1863 non
1977 1827 2079 1861 solum
2102 1826 2184 1861 adeo

1172 1874 1352 1917 periculoso
1373 1895 1382 1910 ‚
1416 1883 1522 1907 verum
1546 1875 1642 1907 etiam
1665 1885 1732 1908 nou
1756 1873 1954 1915 infrequenti
1978 1897 1987 1910 ,
2021 1872 2090 1904 imo
2122 1872 2183 1904 ali-

1162 1917 1293 1959 quando
1315 1917 1487 1959 epidemice
1510 1916 1660 1960 grassante
1683 1917 1766 1952 haud
1790 1916 1875 1951 secus
1898 1928 1932 1950 ac
1957 1916 2120 1961 olimput
2143 1926 2182 1948 ex

1162 1961 1257 2005 Julio
1278 1959 1425 1995 Modesto
1448 1961 1633 1994 Macrobius
1657 1965 1668 2000 (
1689 1972 1708 2004 p
1734 1966 1747 2000 )
1770 1960 1881 1995 retulit
1905 1984 1918 2000 2
1952 1970 2026 1994 cum
2064 1957 2185 1992 sacrifi-

1168 2005 1218 2037 cia
1241 2003 1384 2037 instituta
1407 2002 1478 2038 sunt
1500 2006 1692 2047 Angeroniae
1715 2008 1819 2046 Deae‚
1851 2005 1930 2046 quod
1955 2002 2089 2046 populus
2122 2007 2185 2044 Ro-

1171 2058 1281 2081 manus
1314 2047 1419 2081 morbo
1442 2071 1454 2088 ,
1489 2048 1542 2089 qui
1573 2051 1684 2091 angina
1707 2049 1847 2087 dicitur,
1878 2045 2027 2091 praemiffo
2048 2054 2121 2080 noto
2137 2046 2184 2089 fic

1172 2090 1342 2125 liberatus.
1381 2092 1533 2133 Propiore
1571 2101 1675 2125 autem
1710 2092 1802 2125 nobis
1835 2099 1978 2132 tempore
2011 2091 2044 2124 in
2069 2101 2186 2133 pueros

1172 2133 1367 2176 potiffimum
1397 2134 1580 2168 incumbens
1603 2161 1612 2176 ‚
1635 2146 1787 2179 magnas,
1810 2137 1842 2168 δε
1874 2135 2041 2169 diuturnas
2072 2133 2185 2178 strages

1170 2176 1272 2211 edidit
1295 2203 1304 2211 .
1337 2178 1409 2211 Nec
1444 2187 1550 2211 tamen
1583 2178 1638 2211 etfi
1663 2178 1831 2213 laudabilis
1862 2178 2012 2212 cadavera
2044 2177 2184 2214 humana.

1168 2220 1336 2255 dissecandi
1360 2232 1429 2254 mos
1451 2220 1514 2265 jam
1538 2222 1663 2265 vigebat
1687 2246 1696 2261 ,
1722 2227 1754 2257 &
1779 2221 1900 2256 Medici
1927 2223 2052 2257 aderant
2076 2224 2110 2256 in
2133 2224 2185 2256 A-

1166 2273 1294 2298 natome
1317 2275 1381 2297 non
1406 2265 1610 2299 mediocriter
1635 2266 1746 2300 versati
1770 2290 1779 2306 ,
1811 2274 1845 2299 ut
1870 2266 1951 2309 apud
1976 2267 2104 2300 Siculos
2122 2267 2185 2311 Jo.'

1166 2308 1262 2350 Bapt.
1287 2306 1470 2345 Cortesius‚
1506 2312 1537 2342 δι
1562 2309 1645 2353 apud
1671 2308 1907 2351 Neapolitanos
1938 2311 1987 2343 M.
2022 2311 2181 2344 Aurelius

1164 2352 1346 2388 Severinus,
1369 2352 1425 2394 qui
1450 2355 1483 2386 &
1505 2364 1604 2395 aegros
1627 2353 1802 2386 inviserunt
1829 2378 1838 2393 ,
1871 2356 1903 2387 &
1926 2351 1964 2386 de
1986 2351 2047 2386 hoc
2070 2365 2181 2388 eorum

1161 2395 1274 2427 morbo
1297 2394 1483 2438 scripserunt
1507 2400 1595 2439 (ως
1618 2398 1716 2431 ullam
1738 2395 1775 2429 ad
1799 2394 1882 2430 hunc
1907 2398 2122 2438 pertinentem
2145 2400 2194 2432 in>

1161 2439 1291 2472 illorum
1315 2437 1442 2481 scriptis
1463 2438 1682 2474 dissestionem
1706 2439 1866 2473 invenies.
1900 2440 1990 2480 Qin
2015 2441 2179 2476 Cortefius

1164 2493 1201 2515 ex
1222 2484 1264 2515 iis
1288 2479 1352 2514 fuit
1376 2482 1432 2524 qui
1465 2482 1707 2528 Messanensibus
1730 2482 1953 2523 Senatoribus‚
1985 2495 2051 2517 eam
2076 2487 2185 2529 requi-

1163 2525 1331 2565 rentibus,
1355 2523 1591 2568 persuaserunt‚
1614 2537 1668 2561 aut
1691 2536 1775 2560 certe
1795 2527 1877 2560 recte
1909 2526 2087 2570 persuasum
2119 2528 2178 2563 effe

1164 2568 1368 2607 censuerunt,
1392 2570 1578 2605 cadaverum
1594 2570 1761 2613 sessionem
1781 2571 1820 2604 ad
1842 2570 2079 2613 cognoscendum
2102 2585 2175 2608 eum

1163 2611 1301 2646 morbum
1322 2611 1377 2656 effe
1396 2614 1518 2656 prorfhs
1539 2614 1684 2648 inutilem
1704 2637 1717 2654 ,
1738 2614 1858 2656 quippe
1880 2624 1952 2647 cum
1975 2615 2009 2648 in
2033 2618 2174 2659 partium

1162 2667 1232 2698 quae
1254 2654 1405 2697 adaperto
1428 2667 1483 2689 ore
1504 2659 1590 2691 cerni
1615 2655 1761 2700 possent,
1785 2656 2028 2691 &tonsillarum
2047 2661 2177 2702 praeser-

1165 2700 1247 2737 tim,
1271 2698 1547 2742 inflammatione,
1569 2711 1794 2744 gangraenaque
1814 2700 1999 2739 consistere,
2021 2703 2184 2741 existimaq·

1166 2753 1232 2776 ret.
1258 2742 1423 2776 Severinus
1445 2755 1572 2787 quoque
1594 2744 1669 2777 satis
1692 2755 1745 2786 per
1767 2743 1852 2785 signa
1876 2754 1990 2778 notum
2013 2747 2140 2782 censens
2161 2772 2177 2790 ,

1164 2798 1202 2819 ne
1225 2784 1326 2818 verbis
1350 2786 1480 2828 quidem
1494 2790 1539 2826 (r)
1560 2787 1710 2830 insumere
1722 2787 1827 2820 voluit
1847 2788 1973 2820 anxium
1996 2787 2130 2825 laborem
2140 2793 2177 2825 in

1165 2829 1340 2863 delineanda
1356 2827 1427 2869 sede
1449 2828 1596 2874 affefffls,
1619 2831 1766 2863 autvitio
1787 2829 1871 2871 ἱρῇ).
1896 2832 2000 2872 Igitur
2012 2835 2066 2866 vix
2078 2845 2177 2869 unam

1169 2871 1296 2906 tandem
1331 2871 1368 2904 ad
1403 2873 1640 2916 typographum
1673 2872 1962 2907 francofurtensem
1996 2875 2081 2909 misit
2104 2879 2181 2911 Oia-s

1169 2916 1402 2955 servationem,
1424 2927 1494 2958 quae
1516 2917 1599 2950 libro
1623 2943 1632 2958 ‚
1654 2915 1718 2959 jam
1742 2915 1856 2950 formis
1888 2916 2048 2961 descripto
2077 2920 2175 2956 inseri

1170 2970 1233 2992 non
1259 2958 1394 3005 potuit,—
1419 2965 1613 3003 quapropt'er
1635 2962 1718 2993 inter
1740 2959 1821 3000 alia,
1846 2959 1936 2994 libris
1969 2973 2096 3006 qnoque
2118 2976 2174 2998 an«

1168 3001 1310 3045 tepositis
1343 3001 1516 3044 adjicienda
1537 3027 1550 3044 ,
1580 3005 1613 3036 in
1644 3005 1728 3037 calce
1759 3003 1934 3038 voluminis
1965 3005 2050 3039 edita
2088 3007 2130 3041 est
2158 3020 2172 3041 a

1168 3048 1250 3080 Eam
1279 3044 1373 3078 habes
1402 3046 1529 3088 quidem
1557 3048 1589 3080 in
1620 3044 1825 3089 Sepulchreto
1843 3046 1921 3089 (s)
1942 3071 1954 3088 ‚
1976 3049 2030 3083 nbi
2051 3052 2083 3084 δε
2104 3051 2173 3093 ipse.

1168 3090 1301 3131 legeram
1323 3100 1334 3126 5
1367 3099 1476 3122 verum
1496 3088 1573 3123 adeo
1597 3092 1769 3124 oscitanter
1798 3091 1986 3133 exscriptam
2007 3115 2020 3132 ‚
2051 3103 2086 3127 ut
2116 3096 2170 3132 in<

1167 3143 1214 3166 ter
1247 3130 1342 3164 verba
1373 3141 1486 3166 caetera
1519 3156 1531 3172 ‚
1570 3133 1608 3167 ad
1646 3133 1893 3167 confirmandam
1932 3135 2070 3169 Severini
2105 3136 2171 3181 hy-

1167 3174 1321 3219 pothesim
1366 3174 1464 3209 ferme
1497 3174 1665 3217 speftantia
1691 3201 1702 3218 ‚
1730 3187 1883 3219 perpauca
1926 3176 1994 3210 haec
2029 3200 2043 3218 ‚
2096 3191 2169 3223 quse

1168 3230 1227 3252 una
1259 3218 1296 3252 ad
1326 3218 1458 3252 titulum
1499 3219 1535 3252 de
1559 3222 1692 3265 Angina
1725 3219 1899 3253 attinebant
1926 3243 1939 3260 ‚
1982 3219 2043 3255 fint
2085 3234 2169 3265 prae-

1163 3261 1301 3296 termissa
1336 3272 1344 3293 ε
1367 3298 1370 3301 ,
1400 3261 1611 3305 Per-vestigata
1668 3263 1781 3304 larynx
1832 3263 1981 3303 crustacea
2034 3268 2167 3306 quadam

1675 3307 1772 3349 Ggg
2024 3310 2128 3351 pitui-

1964 3442 2170 3457 m..

792 3541 807 3569 (
820 3547 837 3564 ι
852 3539 867 3570 )
882 3542 917 3565 De
931 3547 997 3571 eorp-
1013 3541 1081 3567 hum.
1099 3542 1161 3567 fabr.
1178 3545 1202 3568 1.
1219 3551 1242 3567 2.
1257 3549 1281 3568 e.
1299 3550 1340 3573 ις.

890 3572 904 3601 (
916 3571 933 3595 d
947 3572 962 3599 )
976 3574 1013 3596 De
1029 3574 1142 3602 Larynge
1157 3574 1211 3604 rig.
1230 3581 1252 3602 ⁹·

942 3603 955 3631 (
971 3602 985 3631 f
996 3603 1011 3630 ἶ»
1026 3605 1099 3627 Anat.
1117 3611 1183 3634 corp.
1200 3604 1267 3629 hum.
1283 3608 1315 3629 tr.
1329 3611 1352 3634 ³-
1366 3611 1390 3629 ε.
1408 3610 1447 3630 n.
