2458 4058
723 215 1604 281 PR.AEFAT10.
2009 240 2087 276 xv

159 310 241 346 16..
257 303 499 359 Reliquum
512 294 600 353 e'st,
623 312 673 345 ut
698 300 753 344 de
782 298 1005 343 lndicibus
1029 297 1207 341 tandem
1237 294 1741 359 loqtiam111·.'Quat110r
1762 301 1988 345 dedimus.
2023 300 2153 358 Quo-

101 374 202 404 rum
233 357 502 402 brevissimus
538 357 598 400 est
627 359 826 415 -primuS,
864 353 1129 408 longiffimus
1165 350 1369 396 ultlmus.
1405 355 1522 397 Nam
1556 356 1722 406 primus
1759 357 1869 401 nihil
1900 366 2057 414 praeter
2078 358 2153 402 ar-

99 427 308 469 gumenta
338 413 605 467 singularum
639 409 1237 471 Epistolai·um,wearumque
1265 407 1468 452 ordinem
1510 410 1832 467 praemon‘strat.
1867 413 1976 469 Quo
1998 413 2057 456 de
2076 430 2153 459 or-

98 471 201 514 dine
232 473 339 514 mihi
381 469 716 513 deliberandum
756 480 845 509 non
875 466 988 518 fuit,
1023 467 1240 512 Bonetum
1284 465 1523 509 necessario
1554 466 1770 523 sequenti.
1820 470 1855 512 ls
1889 481 2039 513 autem
2059 497 2072 522 ‚
2102 481 2154 515 ut

101 524 210 574 tunc
253 527 447 583 plerique
477 524 673 568 solebant
707 521 900 576 Medici,
929 521 1022 565 fere
1060 520 1364 566 Alexandrum
1406 520 1687 565 Trallianum
1710 522 1882 569 secutus
1905 524 1968 567 est
1991 553 2005 577 ,
2042 528 2151 581 qui,

98 593 150 626 ut
188 582 415 627 Freindius
456 582 469 632 (
496 596 518 637 q
540 594 552 635 )
579 579 921 633 animadvertit,
951 592 1055 630 cum
1086 579 1213 620 caeteri
1239 574 1388 618 morbos
1412 576 1616 620 admodum
1644 578 1863 632 perturbate
1886 578 2151 641 collon-affim,

97 638 163 682 hos
192 639 277 697 ipse
308 632 574 696 confiquenter
602 653 627 679 a
656 637 791 691 Capite
821 634 872 676 ad
901 633 1021 679 Pedes
1050 628 1258 694 disposuit.
1291 631 1445 677 Habes
1481 633 1684 686 causam,
1714 644 1847 691 quare
1869 649 1973 679 cum
2011 640 2152 694 potius

97 696 154 739 ab
187 693 436 751 Apoplexia
477 692 706 737 voluissem
737 692 912 736 initium
942 691 1133 740 ducere,
1166 699 1215 731 ut
1245 701 1337 750 quo
1360 690 1415 735 de
1447 688 1611 733 Morbo
1639 692 1683 732 &
1714 690 1858 747 plures
1888 692 2032 737 habeo
2061 693 2153 737 Ob-

99 751 394 800 servationes,
425 752 466 791 &
497 747 623 807 plura
655 779 668 802 ,
709 761 762 790 ac
805 748 930 793 varia
965 746 1175 790 adnotare
1218 755 1368 803 potui,
1400 745 1519 788 unde
1551 743 1723 789 facilius
1745 777 1759 801 ,
1799 750 1844 791 &
1872 750 2035 792 certius
2077 763 2153 792 co-

96 805 462 864 gnosceresquid
508 806 550 846 in
590 805 658 848 his
704 797 826 847 libris
877 801 1227 861 praestitumdsit3
1270 801 1326 844 ab
1360 799 1525 844 Dolore
1549 813 1696 844 tamen
1727 804 1899 859 Capitis
1922 818 2025 848 cum
2069 805 2152 848 Bo-

96 873 199 906 neto
240 861 430 917 incipere
465 860 717 907 debuerim.
892 859 1085 902 Ultimus
1127 867 1279 902 autem
1324 856 1459 901 Index
1493 868 1717 914 propterea
1757 859 2007 902 uberrimus
2047 861 2107 903 est
2135 889 2152 914 ,

97 921 201 976 quia
242 916 496 972 singillatim
534 917 747 967 monstrat
815 915 1002 974 uidquid
1038 912 1168 972 paulo
1199 913 1373 967 dignius
1415 913 1697 957 adnotatione
1728 916 1866 960 videri
1909 915 2068 972 potest,
2099 915 2155 958 fi-

95 988 154 1018 ve
186 976 405 1018 Anatome
436 973 671 1026 utralibet,
704 930 885 1031 ejuslque
921 970 1143 1022 Historia,
1174 972 1216 1011 &
1244 979 1374 1014 certae
1402 970 1604 1028 quaedam
1618 971 1924 1017 coutroverflae
1953 972 2153 1028 speeien-

96 1040 201 1083 tur,
223 1029 304 1073 ‘seu
336 1031 600 1082 varietates,
631 1028 803 1084 aliaque
846 1029 990 1073 minus
1019 1025 1296 1081 frequentia,
1327 1026 1397 1069 seu
1431 1025 1609 1069 Medica
1638 1038 1717 1069 aut
1745 1029 1937 1080 monita,
1971 1038 2046 1070 aut
2076 1028 2154 1070 ob-

96 1087 271 1131 servata
295 1116 308 1139 ,
348 1089 391 1130 &
421 1100 445 1128 a
490 1086 648 1142 quibus
690 1084 799 1137 sint,
829 1097 927 1141 quae
966 1097 991 1126 a
1030 1083 1154 1127 nobis
1197 1081 1313 1124 haud
1357 1081 1454 1123 sunt
1480 1111 1493 1132 ,
1532 1095 1646 1126 nunc
1688 1084 1883 1139 primum
1927 1083 2155 1140 propofitae

95 1142 394 1194 diffeff’tiones„
429 1142 607 1188 Morem
638 1142 755 1184 enim
786 1141 1058 1185 servavimus
1089 1138 1308 1188 nostrum,
1341 1148 1389 1180 ut
1420 1137 1579 1181 diserte
1621 1138 1697 1183 sua
1736 1141 1895 1197 cuique
1937 1139 2154 1183 tribuere-

94 1213 224 1252 mus,
254 1203 448 1256 itemque
485 1208 531 1242 ut
564 1198 846 1242 Recentiores
882 1198 988 1241 bene
1018 1195 1071 1239 de
1108 1194 1255 1238 nostra
1293 1193 1516 1236 Facultate
1542 1228 1555 1247 ,
1596 1206 1672 1237 aut
1710 1194 1765 1237 de
1806 1195 1929 1238 nobis
1974 1196 2153 1239 meritos

97 1256 111 1308 (
139 1257 215 1313 qui
255 1256 425 1300 utinam
457 1268 607 1298 omnes
640 1256 844 1303 viverent
876 1258 888 1308 )
921 1252 1138 1296 Austores
1168 1249 1393 1307 plerosque
1421 1249 1686 1294 ζΙειΓίιΙίτηος
1724 1251 2028 1303 laudaremus3
2062 1251 2154 1294 Ve-

93 1308 241 1357 terum
281 1321 431 1356 autem
471 1311 732 1362 dumtaxat,
762 1321 837 1353 aut
869 1319 988 1351 certe
1018 1321 1105 1350 non
1141 1306 1325 1362 amplius
1375 1307 1621 1349 viventium
1665 1306 1807 1363 lapsus
1847 1307 2013 1365 aliquos
2043 1337 2056 1359 ,
2098 1320 2154 1350 ne

92 1366 287 1424 juniores
315 1381 471 1411 eorum
509 1365 681 1411 falleret
715 1366 957 1410 auetoritas
984 1394 997 1417 ,
1028 1363 1289 1407 nominatim
1315 1363 1603 1406 indicaremus
1637 1395 1645 1403 .
1692 1367 1809 1406 lnter
1848 1377 1942 1421 quae
1981 1362 2155 1421 praeser-

92 1424 203 1478 tim,
231 1425 391 1482 quippe
433 1423 490 1471 ad
529 1422 777 1468 institutum
812 1421 1010 1465 nostrum
1039 1420 1308 1477 praecipuum
1344 1421 1605 1471 attinentes,
1638 1417 1701 1462 illi
1722 1419 2005 1473 designantur
2036 1418 2151 1472 loci,

92 1479 166 1523 ubi
203 1480 248 1523 in
284 1479 569 1536 Sepulchreto
612 1492 710 1539 quae
732 1477 995 1529 desiderari,
1024 1489 1120 1534 quae
1163 1477 1362 1530 corrigi,
1404 1490 1502 1533 quae
1541 1475 1685 1529 demi,
1721 1477 1768 1518 in
1809 1477 1960 1534 primis
2001 1484 2155 1519 autem

63 1531 65 1538 ⁴
93 1549 193 1586 quae
224 1537 329 1581 addi
371 1535 483 1592 posse
522 1534 612 1577 visa
647 1534 756 1587 sint,
784 1549 872 1578 non
910 1533 1181 1577 reticendum
1206 1532 1316 1585 effe,
1347 1532 1639 1574 credidimus.
2163 1560 2165 1563 .

105 1587 119 1594 “
155 1606 216 1646 17.
250 1594 322 1636 ,Ad
354 1593 470 1636 idem
501 1600 650 1635 antem
683 1592 956 1643 institutum,
989 1589 1130 1647 siquid
1157 1588 1308 1640 aliud,
1338 1590 1557 1631 duocerte
1587 1589 1773 1632 attinent
1801 1587 1960 1647 reliqui
1987 1587 2162 1636 Indices

60 1646 62 1648 ’
95 1647 342 1701 secundus,
373 1652 414 1692 &
446 1649 628 1701 tertius,
657 1659 706 1691 ut
737 1658 836 1704 pote
864 1661 975 1704 quos
1005 1661 1089 1688 non
1121 1658 1211 1688 tam
1243 1645 1542 1696 confecimus,
1572 1656 1620 1687 ut
1655 1645 1992 1689 Observationes
2022 1647 2161 1691 bisli-

96 1704 186 1748 bris
219 1704 472 1764 propositae,
502 1717 635 1761 quam
667 1715 714 1751 ut
746 1703 777 1746 si
814 1705 837 1743 N
856 1705 930 1746 iris
966 1703 1229 1746 Doeiiffimis
1262 1703 1400 1744 index
1430 1700 1543 1745 forte
1574 1711 1729 1744 neuter
1756 1701 2006 1759 displiceat,
2037 1704 2168 1748 haud'

94 1761 282 1805 dissimili
315 1763 483 1804 ratione
515 1761 599 1804 illae
628 1774 808 1819 quoque
835 1773 986 1804 omnes
1019 1773 1112 1815 quae
1145 1760 1188 1800 in
1221 1758 1500 1815 Sepulchreto
1523 1758 1608 1814 jam
1640 1767 1820 1812 extant,
1851 1769 1928 1802 aut
1951 1759 2156 1819 deinceps

96 1818 310 1862 addendae
342 1820 468 1871 sunt,
502 1820 789 1875 inpromptu
817 1830 903 1861 non
935 1816 1065 1860 modo
1098 1816 1219 1873 ipsae,
1259 1829 1416 1859 verum
1458 1819 1500 1858 δε
1548 1814 1714 1870 singula
1753 1828 1852 1871 quae
1890 1817 2115 1860 continent
2143 1847 2160 1870 ,

94 1874 180 1917 effe
212 1875 390 1930 poffint,
421 1878 463 1917 &
493 1873 551 1917 fic
581 1872 821 1929 pleniorem
852 1873 993 1916 multo
1023 1871 1257 1916 utilita÷em
1288 1871 1472 1915 afferre.
1506 1871 1686 1918 l-Iorum
1705 1871 1839 1926 igitur
1867 1870 2068 1917 Indicum
2098 1872 2159 1916 al-

93 1941 160 1974 ter
192 1932 368 1989 quaeffin
396 1932 538 1983 vivis,
568 1929 682 1973 alter
710 1945 809 1989 quae
840 1931 884 1972 in
916 1930 1101 1974 mortuis
1133 1928 1364 1972 observata
1396 1929 1520 1981 sunt,
1547 1930 1783 1980 monstrat3
1814 1939 1864 1972 ut
1894 1927 1924 1971 fi
1960 1928 2023 1974 uis
2056 1930 2158 1974 Me-

94 1983 217 2031 ditf‘iis
247 1985 467 2042 singulare
497 1986 678 2043 aliquod
710 1999 788 2031 aut
819 1986 940 2031 aliud
973 1986 1217 2044 symptoma
1250 1986 1291 2027 in
1323 2000 1439 2039 aegro
1470 1986 1824 2039 animadvertat,
1853 1988 1896 2029 &
1948 1987 2037 2030 cire
2078 2001 2157 2030 cu-

95 2044 212 2100 piat,
239 2057 340 2100 quae
370 2044 542 2086 interna
572 2043 690 2086 laesio
720 2044 782 2085 illi
815 2043 947 2087 soleat
978 2042 1260 2098 symptomati
1294 2042 1577 2099 respondere,
1609 2054 1687 2086 aut
1705 2042 1836 2100 siquis
1868 2044 2156 2087 Anatomicus

95 2099 357 2154 singularem
387 2099 583 2157 aliquam
613 2098 831 2143 laessonem
862 2102 906 2141 in
934 2100 1146 2142 cadavere
1176 2099 1384 2154 quopiam
1414 2098 1633 2153 offendat,
1662 2103 1705 2142 &
1735 2099 1852 2143 nosse
1875 2112 2006 2143 aveat
2036 2100 2158 2156 quod

93 2155 339 2211 symptoma
370 2157 415 2197 in
452 2154 548 2199 aliis
588 2155 803 2198 laefionem
840 2154 1053 2209 ejusmodi
1077 2155 1362 2210 praecessent,-
1394 2155 1596 2198 Medicus
1627 2156 1770 2210 primo
1799 2156 1854 2197 de
1885 2155 1950 2198 his
1982 2156 2157 2199 duobus

96 2212 247 2255 Indice
276 2211 493 2267 inspeeto,
527 2212 820 2254 Anatomicus
850 2220 999 2253 autem
1029 2209 1194 2261 altero,
1222 2209 1588 2252 Observationem
1618 2224 1715 2266 quae
1746 2212 1907 2255 habeat
1945 2212 2100 2264 ambo,
2125 2212 2156 2254 fi

94 2268 227 2310 ambo
255 2280 282 2310 a
313 2266 436 2309 nobis
465 2266 696 2309 observata
724 2265 828 2318 sint,
856 2265 1096 2316 continuo,
1126 2267 1168 2307 &
1215 2278 1267 2306 eo
1296 2263 1467 2307 facilius
1498 2268 1718 2319 inveniat,
1747 2268 1854 2322 quia
1886 2268 1960 2310 ubi
1991 2269 2045 2311 de
2076 2267 2156 2311 ali-

94 2337 184 2379 quo
213 2323 534 2378 symptomate,
563 2332 641 2364 aut
677 2321 733 2364 de
770 2320 958 2373 alicujus
992 2320 1128 2363 Partis
1166 2317 1338 2361 laesione
1378 2321 1571 2379 indicare
1597 2321 1724 2377 plura
1753 2330 1979 2378 oportuit,
2011 2325 2155 2379 singu-

94 2378 138 2422 la
167 2393 255 2421 non
291 2379 376 2420 fine
406 2387 527 2420 certo
553 2377 707 2420 ordine
750 2378 849 2420 sunt
886 2377 1099 2419 indicata.
1277 2377 1373 2418 Nec
1404 2389 1510 2418 vero
1553 2377 1846 2433 symptomata
1886 2378 2026 2423 solum
2057 2410 2070 2433 ,
2111 2385 2155 2424 &

93 2435 270 2477 morbos
305 2435 466 2490 primus
505 2433 644 2476 Index
675 2433 957 2485 monstrabit,
989 2432 1062 2475 sed
1103 2436 1145 2476 &
1187 2431 1275 2475 alia
1315 2444 1412 2488 quae
1454 2431 1614 2474 addere
1650 2433 1835 2489 perutile
1869 2436 1983 2488 effe,
2023 2437 2154 2481 duxi-

91 2504 212 2542 mus,
242 2499 290 2532 ut
320 2489 462 2532 morbi
503 2490 688 2545 praevias
717 2500 923 2532 externas
964 2488 1140 2542 causas,
1171 2501 1221 2532 ut
1252 2487 1395 2530 vietus
1438 2502 1572 2542 genus
1597 2519 1610 2542 ,
1650 2499 1699 2532 ut
1740 2491 1925 2534 viduam
1970 2493 2109 2537 vitam
2139 2523 2153 2548 ,

94 2555 172 2589 aut
200 2545 474 2599 virgineam,
505 2556 554 2588 ut
594 2555 792 2588 teneram
821 2549 1037 2603 aetatem,wn
1057 2556 1136 2589 aut
1173 2546 1441 2601 decrepitam
1462 2575 1475 2597 ,
1507 2555 1552 2587 ut
1583 2555 1721 2588 artem
1752 2546 1973 2605 denique,
2003 2551 2155 2606 &opi-

90 2602 269 2652 ficiuin3
302 2610 351 2643 ut
381 2600 512 2658 siquis
555 2602 702 2645 rursus
742 2602 797 2645 de
841 2602 1105 2656 virginum,
1135 2612 1212 2645 aut
1262 2602 1527 2653 Puerorum,
1557 2612 1631 2644 aut
1663 2604 1820 2645 Senum
1847 2633 1860 2655 ,
1904 2615 1980 2647 aut
2004 2635 2017 2659 ,
2063 2607 2155 2649 Ra-

91 2659 342 2701 mazzinum
372 2657 568 2700 nostrum
601 2658 765 2702 imitari
807 2658 1013 2715 cupiens,
1042 2658 1191 2711 ejusve
1216 2657 1379 2700 librum
1410 2671 1598 2711 augere,
1628 2658 1684 2701 de
1718 2659 1952 2703 Artificum
1978 2662 2152 2706 Morbis

97 2714 286 2757 scribere
324 2712 551 2756 instituat:
584 2714 618 2768 is
640 2714 807 2758 habeat
838 2714 955 2758 unde
979 2716 1086 2758 sciat
1120 2725 1215 2762 tum
1240 2714 1400 2772 quibus
1436 2715 1601 2771 priores
1643 2713 1731 2767 illi,
1762 2715 1982 2774 iidemque
2015 2746 2028 2768 ,
2070 2730 2150 2762 aut

92 2770 170 2813 alii
202 2768 393 2812 artifices
434 2769 617 2820 obnoxii
659 2770 755 2813 fint‘
783 2771 977 2826 morbis,
999 2783 1096 2815 tum
1127 2785 1225 2827 quae
1259 2775 1302 2813 in
1344 2784 1496 2813 eorum
1522 2771 1814 2815 cadaveribus
1849 2774 1957 2816 vitia
1987 2772 2150 2818 soleant

91 2825 382 2882 deprehendi.
556 2829 717 2885 Neque
749 2828 802 2869 in*
822 2826 973 2880 altero,
1000 2827 1146 2870 lndice
1182 2827 1406 2871 omisimus
1437 2827 1557 2884 quod
1580 2827 1636 2870 ad
1665 2827 1912 2883 sanguinis,
1939 2827 2153 2873 aliorum-

92 2895 178 2935 ve,
206 2890 254 2925 ut
284 2895 351 2925 res
380 2879 508 2937 tulit,
540 2884 780 2928 humorum
820 2893 899 2928 aut
928 2885 1098 2941 copiam
1123 2912 1136 2935 ,
1168 2895 1244 2934 aut
1286 2884 1640 2927 constitutionem
1673 2885 1886 2928 attinebat
1912 2915 1926 2938 ,
1965 2886 2151 2930 adnota-

93 2952 169 2981 re.
200 2937 330 2988 Quin
358 2939 494 2983 etiam
534 2955 638 2984 cum
670 2940 879 2984 Valsalva
916 2941 1068 2998 saepius
1098 2948 1198 2997 quae'
1228 2941 1270 2982 in
1302 2939 1496 2996 lymphae
1522 2939 1727 2984 ductibus
1757 2943 1950 2994 viderit,
1978 2946 2021 2986 &
2052 2956 2150 3000 quae

93 2994 138 3036 in
167 2992 304 3037 effusa
334 2995 449 3039 intra
477 3009 631 3041 caveas
660 2998 855 3053 corporis
885 3011 1000 3055 aqua
1026 2995 1221 3055 pericula
1249 2995 1429 3052 fecerit,
1458 2996 1690 3052 diligenter
1719 2997 2022 3055 adscripserim
2055 3001 2150 3042 haec

93 3050 140 3093 in
176 3049 357 3107 Quarto
384 3051 538 3096 saltem
572 3052 720 3096 indice
754 3066 843 3095 non
873 3054 1124 3107 omisimus.

153 3111 214 3148 18.
248 3107 415 3152 Verum
445 3107 570 3152 sicuti
601 3109 756 3152 nostrae
784 3119 943 3153 omnes·
976 3110 1318 3156 Observationes
1358 3122 1508 3166 paucae
1548 3110 1648 3155 sunt
1670 3142 1684 3166 ,
1724 3113 1756 3156 fi
1786 3126 1890 3156 curn
1923 3111 2006 3155 illis
2034 3125 2143 3169 quas

92 3161 428 3220 Sepulchreturn
457 3165 617 3219 habet,
645 3178 957 3220 comparentur
983 3182 994 3216 ;
1037 3167 1098 3210 ita
1127 3168 1187 3211 acl
1215 3181 1286 3210 eas
1316 3168 1576 3223 capiendas,
1606 3182 1716 3227 quas
1748 3170 2097 3213 memoravimus
2128 3198 2144 3223 ,

92 3219 303 3263 utilitates
335 3219 461 3275 longe
491 3222 649 3277 majori
682 3221 779 3263 usui
809 3220 894 3265 effe
926 3222 1012 3265 illae
1042 3235 1278 3279 poterunt,
1307 3225 1336 3268 fi
1367 3239 1426 3268 ex
1455 3224 1552 3280 ipfis
1585 3226 1755 3268 lndices
1795 3240 1822 3268 a
1854 3224 1965 3268 Viro
1993 3224 2144 3282 aliquo

91 3275 318 3332 diligenti,
348 3280 390 3321 δε
422 3290 479 3320 ex
509 3277 605 3321 aliis
634 3289 743 3334 quas
773 3277 846 3319 alii
875 3278 1078 3335 deinceps
1107 3280 1266 3333 edant,
1296 3282 1353 3324 ad
1384 3283 1502 3323 hunc
1532 3279 1624 3324 fere
1654 3282 1836 3324 modum
1865 3281 1922 3324 ab
1951 3282 2037 3325 suis
2050 3287 2146 3325 Au-

91 3331 288 3375 &oribus
317 3331 631 3377 conficiantur.
667 3336 761 3376 Nec
791 3333 969 3377 difficile
998 3335 1134 3388 adeo,
1165 3337 1255 3379 imo
1283 3338 1556 3381 commodius
1586 3338 1696 3380 mihi
1726 3337 1812 3380 fuit
1840 3337 1921 3380 hos
1948 3351 2068 3381 meos
2098 3352 2147 3380 o-

92 3401 216 3433 mnes
243 3388 487 3432 conficere.
519 3390 605 3432 Ubi
637 3390 756 3433 enim
787 3390 1151 3435 observationem
1176 3421 1190 3444 ,
1230 3405 1305 3436 ant
1338 3392 1580 3446 scholium,
1609 3404 1687 3435 aut
1726 3393 2148 3437 animadversionem

92 3446 174 3490 suo
203 3458 424 3504 quamque
454 3443 720 3489 immutabili
744 3446 933 3503 *praefixo
961 3461 1145 3491 numero
1174 3449 1529 3507 perscripseram,
1557 3450 1769 3493 continuo
1799 3447 1965 3503 singula
1994 3478 2009 3501 ,
2037 3449 2148 3492 dum

93 3500 244 3545 adhuc
273 3505 422 3545 animo
454 3501 679 3559 praesentia
721 3512 845 3545 erant
871 3533 884 3556 ,
928 3505 972 3546 in
1004 3504 1130 3547 suum
1162 3504 1359 3548 Iudicem
1400 3505 1647 3548 referebam
1672 3536 1682 3545 .
1727 3508 1879 3562 Itaque
1918 3506 1963 3546 in
2003 3503 2137 3559 longo

44 3608 47 3613 ¹
94 3560 242 3616 Opere
260 3585 276 3612 ,
305 3571 447 3617 eoque
478 3558 696 3612 digniori,
725 3566 775 3601 ut
804 3557 835 3600 fi
866 3572 965 3616 quae
994 3559 1115 3604 secus
1146 3574 1198 3603 ac
1229 3561 1416 3614 vellem,
1446 3561 1699 3617 irrepserint
1726 3561 1880 3618 (plura
1907 3563 2147 3658 auteisnsir-

1943 3630 2018 3673 rep
2039 3632 2051 3658 1
2072 3642 2092 3649 -

91 3723 2147 3745 *ww*

172 3781 191 3832 ⁴<
211 3806 234 3836 q>
252 3797 265 3837 )
285 3780 364 3828 Hisi.
386 3790 503 3828 Medic.
524 3795 561 3827 ad
581 3797 623 3828 A.
647 3804 713 3835 500·
