2498 4075
659 323 808 390 Epist·
846 326 1009 381 Anat.
1044 325 1257 380 Medica
1292 328 1552 383 XXVlli.
1589 332 1704 384 Art.
1739 337 1813 386 15.

181 411 258 450 puta
282 406 337 443 ubi
364 406 447 448 apud
471 406 612 440 Caelium
628 408 672 444 (u
688 410 700 446 )
723 406 842 449 legitur
852 408 946 441 initia
959 407 1225 450 atquesummitas

173 450 324 490 stomachi
345 449 456 493 callosa
473 475 483 489 ,
505 459 540 483 ut
565 460 666 491 neque
691 451 797 483 omnis
811 450 972 494 angustia,
993 451 1225 493 velutillaquae

182 496 330 530 sectione
353 492 411 526 hac
435 493 502 535 (x)
525 492 593 537 post
616 492 735 526 febrem
751 493 932 534 ardentem,
954 494 1011 528 nili
1036 495 1122 529 forte
1145 495 1177 531 in
1192 505 1225 527 ea

182 539 313 582 aphthae
330 562 340 577 ,
363 546 416 569 aut
442 538 571 569 internae
596 536 721 569 variolae
737 538 777 579 (y
790 534 934 576 >fuerint
947 561 959 577 ,
983 536 1147 581 proposita
1159 536 1224 577 ell:‚·

179 593 286 616 tamen
311 581 365 614 ubi
388 579 476 612 ulcus
500 579 669 621 praeceffit,
692 591 747 614 aut
772 579 874 614 adhuc
898 580 1010 622 perstat
1041 593 1079 614 ex
1101 589 1187 623 parte
1208 603 1221 620 ‚

179 628 268 660 velut
291 628 324 658 in
348 623 451 656 milite
472 624 545 665 (z)
567 624 623 666 qui
636 625 825 665 magnamin
837 625 1044 666 deglutiendo
1055 624 1227 658 difficulta—

178 681 262 710 tem,
275 667 398 701 nullum
408 674 512 698 autem
527 666 652 707 prorsus
663 667 808 700 dolorem
819 667 1228 707 sentiebatssoarffationem

177 711 368 755 oesophagi,
391 708 637 752 &callofitatem
658 709 789 743 erosioni
812 723 882 754 quae
906 712 939 743 in
963 710 1025 744 hoc
1046 711 1137 744 simul
1161 709 1216 742 de-

177 755 328 799 prehensa
351 751 416 792 est,
440 762 505 784 non
530 753 661 787 sublatae
684 754 1056 796 undique‚tribuemus.
1074 756 1145 788 Nec
1159 752 1218 786 du-

176 800 268 833 bium
291 797 356 837 est,
377 795 455 838 quin
479 795 585 829 eadem
609 798 697 830 causa
714 821 726 837 ,
749 807 784 830 ut
809 797 984 840 angustiam
1000 824 1009 836 ,
1032 799 1078 830 ita
1101 801 1217 831 &coa-

175 844 276 876 litum
300 838 390 883 poffit
412 839 585 880 inducere,
619 852 685 882 quo
719 842 847 873 nomine
878 852 952 874 curn
987 842 1099 875 Doeto
1132 841 1219 874 Viro

172 883 373 920 ‘Mancharto
385 882 426 925 (a
440 881 516 921 >hic
529 883 679 925 intelligo
687 894 753 916 eam
764 885 1014 929 coar&atioriem
1025 908 1037 925 ,
1056 896 1124 927 quae
1136 884 1221 916 viam

173 938 231 963 aut
255 927 400 963 nullam,
425 934 479 959 aut
501 927 558 960 vix
572 927 713 970 aliquam
733 929 892 970 relinquat
907 952 914 959 .
940 929 984 961 Et
999 929 1069 961 lane
1080 928 1220 960 coalitus

169 983 267 1014 quem
290 970 372 1004 vidit
384 968 450 1012 ipse
472 967 542 1010 (b)
564 969 739 1008 callosum,
762 973 860 1004 &vix
872 970 1093 1004 admittentem
1105 971 1219 1013 stylum

171 1025 323 1054 tenuem,
346 1025 411 1047 non
434 1011 499 1046 fuit
530 1013 592 1047 fine
625 1013 734 1046 ichore
769 1015 940 1055 purulento
960 1038 969 1046 .
1001 1015 1219 1049 Veruntamen

172 1061 207 1091 &
231 1059 270 1091 ab
292 1058 363 1090 aliis
388 1054 486 1090 caulis
510 1055 673 1091 interdum
696 1057 835 1090 coalitus
860 1056 922 1097 fit,
945 1056 1050 1091 utille
1073 1070 1112 1091 ex
1130 1069 1219 1101 parte

169 1101 309 1135 :fortassis
332 1100 374 1134 est
396 1100 502 1134 [αξξυς
527 1123 539 1140 ,
573 1111 709 1142 quarum
733 1100 810 1133 alias
832 1100 916 1134 infra
939 1104 952 1140 (
973 1113 989 1133 c
1008 1105 1022 1139 J
1048 1100 1216 1142 dicemus,

167 1146 243 1179 aliae
265 1154 371 1178 autem
393 1143 433 1178 ad
450 1152 590 1178 tumores
614 1144 750 1177 attinent
774 1143 807 1176 in
831 1144 906 1186 ipsis
928 1144 1010 1186 gulae
1036 1146 1217 1179 tunicisin-

168 1188 369 1228 crescentes,
390 1186 570 1230 cujusmodi
580 1187 812 1222 observationes
835 1189 944 1222 Sectio
955 1187 1022 1221 haec
1034 1189 1219 1229 Sepulchre-

170 1234 201 1266 ti
225 1233 293 1272 (d)
315 1231 469 1270 exhibet,
494 1231 646 1274 additque
670 1232 765 1263 aliam
790 1231 874 1265 leon
897 1231 1029 1274 dignam
1051 1232 1106 1266 ΕΙ.
1122 1233 1218 1266 Wid-

170 1286 308 1310 mannus
331 1277 415 1315 (e).
441 1274 654 1308 Memorabile
677 1283 782 1308 autem
805 1285 869 1316 prae
892 1276 1014 1308 caeteris
1038 1275 1119 1309 illud
1143 1287 1218 1309 coa-

169 1321 252 1354 litus
277 1329 374 1362 genus
397 1317 439 1352 est
487 1317 550 1352 uod
574 1317 609 1350 fit
635 1329 688 1360 per
710 1318 953 1360 cartilaginem,
977 1318 1066 1361 cujus
1090 1320 1150 1351 tria
1168 1321 1219 1352 Se-

166 1362 379 1408 pulchretum
402 1373 460 1405 pro
480 1372 526 1394 ert
549 1362 691 1403 exempla
704 1359 787 1402 (f):
804 1370 838 1394 tu
851 1373 954 1395 autem
969 1361 1035 1396 duo
1047 1363 1220 1404 praesertim

120 1429 123 1432 -
168 1406 348 1449 adjunges,
370 1416 509 1448 quorum
535 1405 668 1438 alterum
692 1405 864 1448 diligenter
887 1417 902 1437 a
935 1405 1128 1439 Vallisnerio
1160 1417 1219 1440 no-

170 1450 240 1484 :stro
262 1450 329 1492 (g)
355 1449 572 1491 descriptum,
595 1446 729 1481 alterum
752 1448 958 1482 eruditiffima
992 1447 1119 1490 insuper
1141 1449 1217 1482 Dis-

167 1493 349 1527 :sertatim-ie
374 1492 438 1534 (h)
461 1504 477 1524 a
502 1492 573 1525 Cel.
589 1492 735 1525 Trillero
758 1492 800 1525 est
811 1490 1022 1525 illustratum.
1047 1494 1126 1525 Sunt
1140 1494 1214 1527 Viri

167 1536 419 1571 Praestantiffimi
443 1535 558 1579 quibus
581 1535 616 1567 id
638 1535 713 1567 vitii
738 1536 816 1568 oriri
836 1535 963 1568 videtur
987 1548 1004 1568 a
1023 1543 1102 1578 potu
1133 1547 1216 1578 aquae

163 1577 319 1624 fervidae,
342 1578 404 1612 hoc
428 1590 497 1611 aevo
521 1577 598 1611 adeo
621 1577 803 1619 frequenti:
828 1577 914 1620 quod
938 1589 995 1620 ego
1017 1580 1216 1612 omninoin—

170 1623 259 1658 ficias
283 1635 347 1657 non
370 1632 437 1654 eam
451 1646 458 1654 .
484 1620 542 1654 Sed
565 1621 705 1654 mirabor
715 1631 843 1661 tamen,
866 1622 1029 1663 cumsaepe
1042 1624 1137 1656 etiam
1150 1624 1217 1656 Ve-

167 1676 275 1706 teres,
297 1670 330 1699 &
352 1674 437 1699 certe
458 1675 533 1697 cum
557 1665 663 1705 sume,
688 1664 813 1699 suarum
837 1664 1107 1699 consuetudinum
1138 1668 1217 1699 reti-

167 1709 366 1749 nentiffirni,
391 1717 474 1751 potu
494 1705 555 1740 fint
577 1708 643 1746 uli,
667 1718 863 1750 utamurque
886 1707 1045 1749 ferventi,
1077 1721 1140 1743 non
1164 1710 1219 1743 sae-

168 1754 244 1795 pius
269 1751 354 1795 apud
378 1762 431 1784 eos
455 1752 604 1785 inventos
627 1751 707 1792 else,
730 1754 762 1784 δε
787 1753 927 1785 inveniri
950 1753 1006 1795 qui
1028 1753 1097 1787 laesa
1118 1777 1131 1794 ‚
1166 1763 1220 1787 aut

165 1795 326 1839 impedita
348 1795 493 1829 laborent
517 1793 753 1838 deglutitione,
775 1795 825 1829 sed
836 1807 889 1828 nec
903 1795 1014 1838 saepius
1037 1797 1120 1839 apud
1143 1808 1222 1838 nos,

165 1842 236 1874 imo
260 1851 331 1872 raro
355 1838 432 1872 adeo
454 1839 703 1881 cartilagineurn
735 1838 949 1881 oesophagum
981 1839 1179 1882 deprehendi
1205 1865 1218 1881 ,

163 1892 204 1918 ut
226 1884 259 1915 in
285 1882 381 1915 Italia
404 1891 471 1914 non
495 1883 697 1915 meminerim
721 1883 778 1924 qui
816 1882 920 1916 adhuc
942 1885 1093 1926 repererit
1103 1894 1217 1927 praeter

164 1924 424 1962 Vallisnerium,
448 1926 504 1967 qui
525 1934 629 1958 tamen
653 1928 688 1958 iu
712 1937 751 1958 eo
773 1924 904 1959 homine
929 1948 940 1963 ‚
972 1929 1002 1959 δὲ
1041 1927 1115 1960 loco
1135 1951 1148 1967 ‚
1180 1931 1214 1961 &

164 1979 310 2017 tempore
333 1969 366 2003 id
389 1970 529 2010 reperit,
553 1978 589 2002 ut
612 1969 665 2002 abs
689 1968 792 2009 theae‚
816 1978 870 2003 aut
893 1968 967 2002 coffl
992 1970 1089 2008 abusu
1112 1973 1212 2015 repeti

163 2014 256 2058 polle
277 2023 341 2046 non
364 2011 511 2045 videatur
535 2025 545 2044 .-
567 2013 689 2045 omitto
713 2022 819 2046 autem
834 2035 844 2050 ‚
868 2012 1047 2046 Trillerum
1071 2015 1105 2047 in
1129 2016 1211 2047 luoa

160 2058 324 2091 contraria
347 2057 484 2089 omnino
504 2056 595 2089 causa
622 2055 779 2099 repetiisse
801 2057 879 2096 (i).
904 2057 953 2089 Ut
980 2066 1015 2089 ut
1040 2057 1082 2090 est
1104 2069 1117 2094 ;
1137 2068 1211 2090 coa-

160 2100 262 2135 litum
285 2099 354 2134 dixi
379 2110 433 2141 per
461 2099 684 2142 cartilaginem
709 2121 718 2137 ,
737 2100 813 2143 quia
836 2099 889 2132 hic
912 2110 1040 2142 quoque
1059 2099 1211 2142 oesopha-

159 2156 241 2189 gum
265 2155 281 2176 a
305 2142 516 2185 cartilagine,
538 2141 562 2176 si
585 2154 648 2176 non
681 2145 816 2176 omnino
848 2142 1038 2176 obturatum
1060 2166 1072 2183 ‚
1106 2152 1142 2175 ut
1177 2145 1212 2176 in

161 2186 304 2223 Stoffelii
328 2185 564 2220 Observatione
586 2184 677 2227 (le),
702 2195 827 2219 atcerte
843 2184 883 2219 sic
896 2185 1089 2227 impeditum
1112 2186 1146 2217 in
1158 2197 1209 2230 ες-

159 2233 242 2265 teris
261 2231 417 2272 exemplis
442 2228 661 2263 animadverto
676 2252 689 2270 ,
712 2230 767 2261 vix
789 2237 825 2262 ut
848 2228 998 2269 exiguum
1021 2227 1146 2261 restaret
1157 2228 1207 2263 foa

159 2286 288 2309 xamen.
316 2272 408 2311 Quid
431 2283 507 2305 vero
530 2270 551 2305 fi
575 2272 734 2314 cartilago
755 2282 819 2305 non
843 2271 1019 2304 extrorsum
1042 2272 1207 2306 extubera-

160 2328 233 2356 ret3
258 2315 308 2350 sed
332 2325 491 2359 patentem
510 2316 647 2349 naturali
662 2315 874 2358 amplitudine
886 2315 967 2347 viam
987 2315 1206 2357 relinqueret?

160 2373 241 2395 num
266 2370 377 2403 putas,
403 2358 534 2392 illaesarn
567 2357 710 2392 suturam
744 2356 944 2400 deglutiendi
979 2357 1206 2393 facultatem?

162 2405 296 2439 Mecum
318 2413 402 2436 certe
427 2402 595 2436 ViGtorius
619 2403 749 2435 Gornia
782 2400 928 2435 Medicus
962 2401 1208 2443 Experientiffi-

162 2459 234 2482 mus
257 2445 477 2481 dissefflonem
498 2446 772 2485 communicavit,
795 2445 829 2477 in
851 2445 1026 2478 Germania
1036 2443 1205 2492 habitam,

159 2491 322 2526 cadaveris
333 2488 497 2524 Celfiffimi
508 2512 520 2529 ‚
532 2492 564 2522 ἅτ
578 2489 823 2523 Eminentisfimi
837 2489 1006 2531 Principis,
1016 2499 1106 2531 cujus
1122 2490 1202 2523 oeso-

159 2535 286 2579 phagus
297 2534 433 2566 exterius
445 2531 661 2566 membraneus
673 2557 685 2574 ,
699 2534 832 2566 interius
847 2542 954 2565 autem
967 2542 1031 2564 erat
1042 2534 1205 2577 cartilagi-

159 2590 236 2613 neus
247 2602 259 2619 ‚
283 2579 352 2610 imo
363 2575 557 2610 stomachum
569 2576 670 2610 versus
682 2576 718 2610 ad
734 2575 1073 2620 pollicislatitudinem
1085 2577 1201 2611 osseus.

159 2624 310 2664 Princeps
324 2630 429 2653 tamen
443 2620 498 2652 ille
508 2630 571 2653 non
584 2620 682 2653 modo
696 2622 813 2653 ultimo
825 2619 958 2653 biennio
968 2620 1116 2662 quotidie
1127 2621 1203 2655 dua-

156 2666 218 2701 bus
228 2678 244 2699 a
258 2665 391 2708 prandio
403 2664 490 2698 horis
501 2674 677 2703 vomuerat,·
688 2663 737 2697 sed
751 2663 788 2697 de
801 2663 886 2697 nulla
900 2675 1038 2706 uuquam
1051 2664 1084 2697 in
1096 2665 1205 2707 deglu-

157 2708 273 2742 tiendo
285 2708 426 2742 molestia
438 2731 450 2748 ,
468 2716 521 2741 aut
533 2706 720 2741 difficultate
732 2706 916 2750 conquestus
929 2706 1031 2740 fuerat
1045 2731 1052 2738 .
1071 2709 1126 2741 An
1140 2710 1206 2750 igi-

157 2762 212 2787 tur
235 2763 298 2785 non
322 2750 406 2785 secus
429 2761 463 2786 ac
488 2750 611 2794 sanguis
634 2763 687 2793 per
711 2750 826 2786 offeam
851 2752 998 2783 arteriam
1021 2751 1127 2784 cordis
1150 2753 1206 2792 vi,

158 2799 193 2830 δε
214 2806 300 2829 retro
325 2794 499 2837 positarum
523 2794 708 2828 arteriarum
722 2792 938 2837 propellitur,
963 2794 1052 2827 cibus
1076 2807 1205 2839 quoque

158 2851 176 2872 a
199 2837 409 2872 validioribus
432 2837 604 2881 pharyngis
627 2838 777 2871 musculis
801 2837 922 2880 impelli
949 2838 1050 2880 potest
1072 2850 1126 2880 per
1147 2851 1206 2881 gu·

158 2884 223 2917 lam
247 2893 311 2915 non
334 2881 577 2919 conniventem,
603 2893 702 2923 neque
724 2880 966 2923 explicandam,
991 2879 1041 2914 sed
1065 2883 1205 2924 patulam

157 2937 178 2960 a
203 2925 318 2968 rigidis
353 2925 525 2967 parietibus
581 2934 712 2968 erpetuo
737 2923 914 2958 servatam?
940 2925 997 2957 Tu
1031 2936 1108 2967 ergo
1141 2924 1204 2960 hoc

156 2970 295 3008 videris,
318 2967 470 3011 simulque
493 2937 728 3003 Obsgrvatione
751 2968 809 3003 hac
834 2967 872 3001 ad
894 2968 1035 3010 quinque
1061 2969 1167 3003 addita
1191 2996 1200 3011 ,

157 3025 238 3056 quas
262 3012 401 3055 superius
426 3013 671 3046 memoravimus
693 3037 702 3051 .
724 3010 830 3045 rursus
865 3020 970 3044 tecum
1003 3013 1165 3054 reputabis
1187 3037 1200 3054 ,

158 3067 239 3091 num
262 3054 392 3089 fervidae
417 3066 502 3098 aquae
526 3056 637 3090 abusui
661 3055 745 3089 illud
768 3053 806 3087 fit
828 3056 948 3089 vitium
974 3054 1199 3097 imputandum

160 3099 249 3144 quod
263 3110 325 3133 non
338 3099 479 3140 linguam
490 3122 502 3139 ‚
526 3110 588 3135 non
603 3099 729 3139 fauces,
750 3109 817 3145 non
830 3096 1023 3141 superiorem
1044 3100 1126 3141 gulae
1139 3109 1202 3134 tra-

158 3147 249 3178 &tum
261 3165 272 3181 ,
296 3141 346 3176 sed
358 3141 504 3176 infimum
515 3144 651 3176 maxime
664 3142 827 3185 occupasse
841 3142 878 3176 de
888 3141 939 3175 sex
962 3140 1027 3174 istis
1048 3145 1198 3187 exemplis

159 3197 300 3232 quatuor
311 3185 493 3222 ostendunt.
503 3189 551 3220 De
564 3186 688 3221 duobus
700 3195 806 3220 autem
819 3185 949 3228 reliquis
960 3184 1092 3219 alterum
1104 3198 1119 3219 a
1132 3188 1198 3222 cla-

159 3232 339 3265 vicularum
361 3231 654 3272 regioneincipiens
666 3230 842 3273 proponit3
861 3237 896 3262 ut
918 3239 1017 3262 unum
1040 3229 1199 3273 fitinquo

159 3287 236 3310 cum
261 3273 434 3318 pharyngis
448 3271 510 3308 fine
520 3272 686 3315 oesophagi
697 3274 831 3307 initium
840 3273 1024 3315 cartilagine
1037 3275 1199 3308 occlusum

160 3320 308 3362 legatur:
334 3325 533 3361 quapropter
556 3315 719 3351 Stoffelius
754 3316 788 3349 id
812 3315 899 3359 quod
921 3319 1028 3350 caeteri
1051 3327 1088 3349 ne
1111 3321 1203 3360 cogi-

157 3373 226 3398 tare
247 3360 377 3405 quidem
400 3357 599 3402 potuissent,
621 3360 801 3402 quaerebat,
826 3372 864 3393 an
876 3358 913 3392 ad
932 3360 1199 3403 laryngotomiae,

157 3418 256 3452 quam
278 3413 395 3439 vocant
409 3426 418 3440 ‚
441 3404 680 3443 imitationem,
702 3402 863 3437 instituere
886 3403 995 3436 liceret
1014 3403 1198 3448 pharyngo.

246 3447 410 3491 Morgagm'
421 3449 455 3481 de
466 3449 487 3479 S
489 3447 534 3481 ed.
550 3446 592 3480 Θ
601 3448 622 3477 C
624 3447 688 3490 aus,
699 3446 800 3481 Morb.
814 3448 915 3482 Torn,
927 3447 976 3481 11.

263 3683 347 3711 Morb.
363 3683 456 3708 Chion.
472 3681 489 3705 1.
507 3690 526 3711 3.
543 3688 564 3705 e.
582 3689 605 3706 ι.
675 3680 690 3708 (
702 3680 736 3708 x)
751 3679 808 3704 Obs.
826 3688 860 3710 ¹4-

269 3717 408 3739 commem.
425 3714 510 3738 Litter.
528 3715 561 3736 Α.
579 3717 643 3739 ι74ῐ.
660 3709 739 3734 Hebri.
755 3718 794 3739 ²5·
810 3718 835 3734 n.
855 3719 875 3735 1.

266 3745 325 3769 Obs.
342 3750 380 3768 22.
398 3744 421 3773 §.
434 3752 455 3767 1.
467 3743 521 3766 &in
538 3742 618 3766 Addit.
638 3739 696 3764 Obs.
712 3748 734 3764 2.
784 3769 789 3773 ¹

261 3778 295 3800 De
312 3777 385 3799 Fame
401 3773 484 3798 lethali
501 3781 531 3797 ex
547 3771 633 3796 callosa
643 3771 698 3805 'oris
713 3775 812 3795 ventnc.
830 3772 949 3805 angustia..
995 3773 1044 3801 (i)
1062 3772 1124 3796 lbid.
1143 3772 1166 3801 §.
1182 3778 1220 3801 4²-

259 3806 332 3834 Epist„
349 3814 384 3833 Π.
401 3813 425 3830 n.
444 3812 479 3832 19,
539 3804 595 3832 (a)
614 3801 672 3827 lbid.
690 3809 715 3825 n.
732 3808 768 3830 ις.
830 3802 885 3831 (p)
902 3802 965 3826 lbid.
983 3810 1006 3825 n.
1024 3806 1063 3827 ²6.

259 3836 318 3860 obs.
335 3840 372 3860 ιε.
434 3835 491 3864 (u)
510 3833 582 3862 Epist.
602 3841 623 3861 9.
641 3840 665 3855 n.
683 3835 723 3860 46.
814 3862 817 3864 Β

261 3866 346 3900 Expos-
363 3866 389 3893 in
405 3865 423 3891 l.
441 3873 464 3892 τ..
482 3865 579 3892 Aristus,
595 3865 625 3891 de
641 3864 756 3891 Gener-711,
771 3864 883 3897 Animal.

158 3711 163 3716 .
211 3685 248 3714 u)

211 3716 252 3775 ἒξ

209 3777 244 3805 b)

209 3810 240 3834 η]

211 3834 244 3864 ε)

209 3868 245 3900 z)

928 3680 986 3710 (ν)
1003 3682 1059 3706 via.
1077 3681 1130 3705 Aet.
1147 3681 1225 3705 narn.

934 3713 950 3740 (
962 3712 994 3741 a)
1012 3711 1070 3735 Difl'.
1086 3712 1115 3736 de
1131 3713 1228 3735 Struma
1244 3712 1346 3741 (neseph.
1368 3712 1390 3741 ς,
1412 3714 1448 3736 18.
1466 3720 1503 3737 aa.

803 3741 854 3769 (ε)
868 3740 920 3765 Ast.
939 3744 972 3765 N.
991 3744 1020 3766 C.
1039 3744 1070 3766 T.
1087 3746 1111 3766 6.
1129 3741 1189 3766 Obs.
1208 3750 1261 3771 ¹49·

1121 3800 1179 3831 (q)
1197 3802 1268 3831 Epist.
1289 3805 1323 3827 ι8.
1342 3811 1368 3829 n.
1389 3811 1425 3831 ¹7·

785 3830 822 3861 (x
833 3832 846 3859 )
862 3832 957 3857 Differt.
975 3832 1043 3865 supra
1059 3833 1088 3857 ad
1105 3841 1132 3857 n.
1150 3840 1188 3863 ις.
1204 3833 1248 3857 cit.
1265 3834 1288 3862 §.
1305 3837 1331 3857 6.

945 3864 1001 3895 (a)
1017 3863 1091 3890 eiusd.
1110 3866 1128 3888 l.
1147 3871 1167 3889 ι.
1183 3871 1204 3887 e.
1223 3872 1243 3903 ᾗ.
1261 3870 1305 3889 art.
1324 3872 1346 3894 3·
1362 3865 1392 3888 ad
1409 3873 1433 3891 n.
1454 3872 1492 3890 ιι,

2211 357 2263 392 11

1278 412 1415 443 tomiam
1429 436 1438 451 ,
1464 410 1510 444 seu
1525 412 1634 453 potius
1649 410 1764 444 surnrni
1778 411 1947 456 oesophagi
1958 413 2146 450 incisionem
2156 428 2209 459 per
2222 428 2321 460 quam

1277 452 1400 493 fistula,
1425 454 1611 488 alimentum
1635 453 1807 492 invehens,
1830 456 2088 500 immitteretur,
2119 470 2213 494 certae
2238 472 2325 493 mor—

1277 498 1329 537 ti,
1353 506 1390 530 ut
1415 498 1484 537 ait,
1508 496 1703 540 praeferendo
1726 498 1884 533 incertum
1908 501 2107 541 remedium5
2133 503 2183 538 sed
2208 504 2322 542 simul,

1275 539 1365 582 quod
1378 539 1714 579 dolendum3difficile
1726 541 1826 583 adeo,
1849 545 2106 584 &periculosum
2127 571 2135 586 ‚
2160 556 2195 580 ut
2217 558 2326 581 omnes

1279 584 1465 625 intelligunt
1490 585 1544 625 qui
1568 596 1641 617 cum
1665 584 1758 617 obvia
1782 586 1903 627 Aspera
1927 590 2040 622 arteria
2059 612 2071 629 ,
2104 589 2209 624 sedem
2233 601 2326 624 com-

1281 637 1392 669 parent
1418 626 1537 660 summi
1561 627 1727 670 oesophagi
1753 628 1947 670 profundam
1972 632 2083 673 illam,
2108 637 2140 666 ἃ
2165 643 2216 668 tot
2252 645 2325 667 rnu-

1279 671 1395 711 sculis,
1415 669 1598 714 nervisque,
1623 674 1653 704 δε
1678 670 1754 704 vasis
1776 671 1950 714 insignibus
1981 674 2127 716 stipatam
2141 703 2148 710 .

1314 717 1363 747 16.
1389 716 1495 746 Partes
1519 723 1624 747 autem
1648 714 1825 757 oesophago
1849 719 2002 758 proximae
2017 728 2052 751 ut
2064 731 2129 752 non
2141 732 2206 754 uno
2227 719 2326 753 modo

1269 757 1383 801 poffint
1404 756 1659 799 deglutitionem
1684 759 1859 800 impedire,
1883 761 1931 793 vel
1965 772 2007 794 eae
2043 763 2213 797 ostendunt
2248 763 2323 797 Ob-

1271 801 1482 848 servationes,
1505 812 1580 844 quas
1602 812 1674 834 cum
1685 801 1760 835 alias
1773 802 2042 846 perscripserimus
2061 829 2074 846 ,
2095 805 2233 840 hicsatis
2247 808 2325 847 erit,

1272 854 1307 877 ut
1333 845 1556 885 promisimus,
1583 844 1742 878 indicare.
1769 847 1885 889 Neque
1907 851 1994 882 enim
2017 860 2061 882 eae
2086 851 2195 883 Partes
2208 861 2323 884 nocere

1274 888 1441 921 dumtaxat
1466 897 1585 930 queunt
1609 889 1654 921 ita
1675 890 1944 932 comprimendo,
1968 902 2003 925 ut
2015 893 2324 935 viaintercipiatur,

1274 930 1547 974 quemadmodum
1583 932 1757 967 tumefacta
1792 934 1848 967 illa
1881 936 1914 967 in
1948 936 2154 979 oc‘togenaria
2188 938 2323 970 muliere

1274 974 1422 1016 glandula
1446 973 1526 1014 (l),
1551 985 1604 1009 aut
1627 975 1761 1009 dilatata
1793 978 1826 1011 in
1860 978 2024 1012 Tubicine
2057 982 2168 1012 arteria
2203 981 2325 1022 Magna

1270 1021 1370 1056 (m),
1394 1026 1447 1050 aut
1473 1017 1570 1051 arnbae
1594 1020 1690 1051 etiam
1715 1019 1808 1052 facile
1832 1022 1866 1053 in
1890 1023 1973 1055 Viro
1997 1044 2006 1059 ‚
2030 1033 2046 1055 a
2070 1023 2220 1056 Valsalva
2246 1023 2324 1056 ado-

1272 1059 1406 1093 lescente
1429 1058 1561 1095 diffec‘to
1584 1065 1670 1100 (n);
1696 1063 1746 1095 sed
1770 1065 1802 1095 &
1825 1064 2022 1098 absterrendo
2045 1066 2286 1107 adegluritione
2311 1091 2324 1107 ‚

1268 1102 1395 1148 quando
1409 1105 1457 1135 via
1468 1107 1564 1136 etiam
1575 1106 1876 1147 aperrassompreffae
1889 1107 1963 1149 ipsae
1974 1119 1990 1140 a
2003 1108 2173 1150 deglutitis
2186 1111 2324 1146 alimen-

1269 1151 1332 1187 tis,
1358 1145 1576 1180 suffocationis
1600 1149 1776 1190 periculum
1791 1149 1993 1190 afferunt,ut
2015 1153 2147 1185 dilatata
2167 1156 2266 1187 Aorta
2289 1155 2324 1186 in

1271 1191 1419 1231 foemina,
1433 1191 1470 1223 ab
1482 1191 1593 1224 eodem
1607 1191 1686 1225 secta
1700 1193 1745 1233 (o)
1762 1218 1770 1233 ,
1794 1194 1826 1226 in
1844 1194 1933 1227 Marc
1942 1194 2038 1227 bione
2050 1196 2323 1240 Pauluccio(p),&

1270 1238 1303 1268 in
1316 1235 1447 1268 Medico
1459 1235 1639 1270 Ferrarinio
1650 1240 1704 1278 (q).
1719 1236 1776 1268 Sed
1791 1236 1827 1269 ad
1838 1237 2002 1278 glandulas
2013 1238 2224 1281 oesopbagum
2234 1251 2325 1273 com-

1274 1281 1447 1322 primentes
1467 1288 1502 1311 ut
1527 1279 1764 1321 redeam‚quid
1777 1279 1910 1321 thymus
1935 1281 2025 1323 polilt
2050 1283 2264 1320 tirinesarfftus,
2290 1287 2324 1316 ἃ

1275 1321 1474 1363 Sepulchreti
1487 1322 1552 1355 haec
1567 1324 1672 1356 Seftio
1683 1326 1696 1363 (
1708 1335 1723 1355 r
1735 1328 1748 1364 >
1758 1323 1928 1363 indimus·
1941 1324 2110 1359 Verdrieiii
2127 1327 2322 1362 Observatio

1274 1363 1510 1408 (s)coni²1rmat.
1525 1366 1608 1399 Aliae
1620 1377 1724 1400 autem
1737 1367 1806 1401 sunt
1817 1367 1974 1409 glandula:
1986 1393 1999 1410 ,
2013 1381 2085 1411 quae
2103 1396 2112 1409 ‚
2136 1371 2219 1403 nulla
2233 1382 2264 1404 re
2275 1373 2324 1404 in-

1270 1407 1562 1451 terposita,gulam
1579 1410 1629 1443 sua
1649 1411 1840 1444 distentione
1864 1422 2041 1453 prementes
2065 1413 2239 1455 angustiam
2254 1437 2262 1449 2
2289 1417 2322 1447 δε

1267 1453 1424 1486 coalitum
1435 1465 1561 1496 quoque
1574 1453 1730 1495 efficiunt,
1744 1456 1776 1487 in
1790 1457 1901 1496 primis
1913 1468 1983 1498 quae
1996 1455 2144 1489 ,Dor-sales
2157 1458 2323 1498 appellan-

1268 1506 1322 1531 tur
1339 1496 1451 1538 :idque
1463 1496 1621 1537 intelliges
1643 1510 1681 1531 ex
1705 1496 1813 1531 eadem
1834 1499 1978 1531 &Grione
1993 1499 2079 1539 (t),
2101 1501 2262 1543 magisque
2283 1512 2322 1533 ex

1267 1540 1458 1582 quibusdam
1483 1549 1533 1572 tot
1558 1540 1776 1574 Profe-&orum
1791 1540 2106 1581 Observationi'ous,
2130 1555 2206 1585 quas
2231 1558 2247 1578 a
2272 1555 2322 1576 me

1272 1585 1305 1616 in
1331 1583 1484 1626 Epistolis
1505 1584 1714 1617 Anatomicis
1738 1588 1805 1623 (u)
1830 1584 1988 1619 indicatas
2004 1611 2013 1624 ‚
2038 1586 2246 1627 Sepulchreto
2259 1599 2319 1628 po-

1271 1628 1347 1660 teris
1370 1625 1560 1669 adjungere,
1583 1625 1707 1662 securus
1730 1627 1990 1672 Mancharti(x)
2003 1628 2321 1668 haefitationis‚cum

1271 1682 1320 1704 eas
1344 1669 1453 1703 saltem
1476 1681 1545 1712 quae
1580 1682 1619 1704 ex
1641 1672 1838 1711 Laurentio,
1862 1674 1893 1704 ὅ(
1919 1673 2206 1709 Diemerbroeckio
2227 1674 2319 1713 sunt5

1271 1723 1401 1748 caeteras
1425 1714 1510 1746 enim
1535 1713 1609 1747 satis
1632 1716 1778 1755 accepim
1800 1716 1834 1747 in
1859 1715 1920 1748 suis
1945 1728 2054 1750 eorum
2087 1718 2320 1756 exemplaribus

1275 1769 1339 1791 non
1361 1768 1524 1791 occurrere
1536 1780 1549 1797 ‚
1560 1758 1757 1798 mirabatur,
1770 1756 1855 1791 haud
1867 1760 2036 1794 miraturus
2049 1785 2061 1800 ‚
2085 1760 2106 1793 fi
2122 1762 2320 1795 animadver-

1274 1799 1379 1839 tisset,
1404 1812 1477 1834 curn
1500 1799 1569 1843 post
1586 1802 1637 1834 A.
1669 1811 1760 1843 1595.
1787 1800 2009 1843 Laurentius3
2035 1803 2103 1846 post
2136 1807 2178 1838 A.
2211 1816 2318 1839 autem

1278 1847 1368 1885 1679.
1392 1843 1698 1878 Diemerbroeckius
1721 1844 1774 1878 sua
1797 1855 1927 1887 uterque
1940 1849 2065 1890 Scripta
2079 1848 2320 1886 recensuissent,

1273 1887 1508 1930 auxissentque‚
1524 1898 1590 1963 kpar
1602 1887 1715 1928 fuisse,
1739 1899 1863 1922 menon
1878 1889 1943 1923 illis
1955 1891 2114 1933 prioribus
2128 1917 2139 1932 2
2154 1891 2204 1925 sed
2216 1892 2320 1936 poste-

1268 1931 1408 1964 rioribus
1432 1932 1482 1963 uti
1504 1943 1521 1964 e
1546 1931 1727 1972 itionibus,
1750 1932 1784 1965 in
1808 1932 1944 1975 quibus,
1969 1933 2145 1978 iiquaeres,
2169 1937 2225 1969 illa
2249 1936 2318 1978 ipsa

1267 1974 1359 2007 verba
1383 1984 1552 2012 occurrent
1574 1986 1644 2017 quae
1668 1988 1684 2009 a
1706 1986 1755 2008 me
1777 1987 1815 2008 ex
1847 1986 1986 2021 utroque
2020 1980 2175 2020 producta
2211 1979 2281 2013 sunt
2306 2003 2317 2012 .

1265 2020 1314 2051 At
1337 2018 1563 2056 Manchartus,
1588 2028 1623 2052 ut
1649 2028 1725 2060 pote
1749 2020 1815 2053 Vir
1847 2031 1909 2053 non
1948 2022 2053 2055 minus
2086 2023 2140 2056 hic
2172 2035 2283 2057 cautus
2305 2047 2318 2064 ,

1264 2072 1360 2104 quam
1384 2061 1542 2095 humanus
1563 2086 1576 2103 ,
1612 2061 1722 2094 saltem
1748 2061 1782 2096 id
1805 2061 1891 2097 dixit
1916 2065 2005 2106 quod
2030 2069 2160 2105 negari,
2198 2077 2234 2100 ut
2259 2079 2319 2109 pu-

1263 2114 1324 2145 t0,
1347 2116 1411 2138 non
1434 2105 1560 2148 potest,
1585 2105 1613 2138 se
1636 2107 1671 2138 in
1695 2105 1757 2140 suis
1788 2107 1855 2140 illis
1886 2105 2122 2151 exemplaribus
2157 2123 2190 2143 ea
2226 2110 2317 2143 verba

1264 2159 1328 2181 non
1352 2147 1515 2190 reperisse.
1541 2149 1640 2182 Alius
1664 2160 1769 2183 autem
1805 2152 1868 2184 Vir
1888 2174 1897 2188 ,
1928 2155 2127 2195 caeteroquin
2162 2154 2317 2189 Doetisii-

1263 2202 1357 2231 mus,
1378 2202 1452 2226 cum
1475 2193 1509 2224 in
1533 2193 1764 2234 Disputatione
1786 2193 1839 2227 sua
1862 2195 1900 2227 de
1925 2196 2042 2229 Fistula
2069 2198 2252 2231 Lacrvrnali
2268 2199 2317 2229 in-

1261 2244 1309 2268 ter
1332 2235 1392 2267 alia
1404 2247 1473 2277 quae
1485 2247 1522 2268 ex
1536 2247 1584 2268 me
1601 2235 1753 2277 sumpsit,
1776 2237 1808 2269 in
1833 2238 1939 2271 locum
1960 2236 2243 2274 Aristotelis'sorte
2266 2243 2316 2273 in-

1258 2276 1527 2311 cidiffetexlibro
1548 2280 1593 2311 II.
1619 2278 1657 2311 de
1670 2280 1823 2313 Gener-ar.
1850 2282 1993 2314 Animal.
2020 2285 2061 2316 C.
2074 2285 2116 2317 V.
2143 2297 2158 2318 a
2182 2296 2230 2318 me
2243 2286 2315 2317 obi-

1259 2332 1309 2354 ter
1332 2323 1366 2353 in
1399 2321 1598 2354 Adversariis
1632 2323 1694 2355 VI.
1720 2321 1787 2365 (y)
1813 2325 1997 2366 prolatum,
2021 2339 2141 2370 eaque,
2167 2339 2203 2362 ut
2228 2342 2242 2361 a
2265 2339 2316 2361 me

1258 2364 1412 2407 produeta
1435 2364 1527 2405 sunt,
1551 2366 1643 2398 verba
1666 2365 1892 2409 descripsissem
1917 2368 1990 2402 satis
2014 2369 2148 2404 fidenter
2172 2384 2316 2415 pronun-

1260 2409 1359 2441 ciavit
1372 2431 1383 2448 ‚
1406 2407 1502 2443 verba
1523 2407 1584 2441 haec
1594 2408 1657 2441 loco
1670 2410 1793 2450 quidem
1805 2412 1905 2444 citato
1921 2412 2006 2446 haud
2016 2416 2145 2455 reperiri
2161 2442 2169 2456 ,
2181 2418 2314 2449 minime

1258 2453 1408 2494 cogitans
1419 2472 1432 2490 ,
1453 2452 1537 2484 alios
1550 2451 1764 2486 aliterdivisis
1778 2465 1812 2487 ac
1828 2454 1881 2487 sua
1894 2455 1977 2487 forte
1989 2457 2084 2490 essent
2096 2482 2109 2498 ,
2122 2461 2316 2502 exemplari-

1257 2496 1314 2529 bus
1327 2496 1375 2528 uti
1390 2491 1532 2536 poffeEt
1545 2506 1605 2537 ego
1618 2494 1747 2537 quidem
1761 2507 1835 2530 cum
1849 2498 2010 2540 Sylvestro
2020 2501 2136 2536 Mauro
2149 2512 2217 2537 tum
2230 2515 2315 2537 com-

1255 2549 1379 2573 munem
1394 2539 1541 2579 Operum
1554 2538 1737 2574 Aristotelis
1753 2541 1784 2573 in
1796 2539 1912 2581 libros,
1938 2544 1980 2575 ἐφ
1992 2545 2097 2586 capita
2108 2547 2291 2590 divifionem
2304 2572 2315 2586 ,

1257 2592 1329 2616 tum
1347 2591 1537 2615 communem
1551 2584 1670 2622 pariter
1683 2583 1915 2626 vei-fionem,vel
1930 2588 2036 2627 potius
2047 2588 2113 2629 ipsa
2125 2590 2314 2625 Aristotelis

1257 2626 1350 2659 verba
1374 2624 1517 2665 secutus,
1540 2625 1721 2669 sperabam,
1744 2626 1824 2669 liqui
1847 2629 1964 2663 vellent
1985 2630 2135 2666 conferre
2158 2657 2170 2674 ,
2205 2634 2314 2669 secun-

1257 2670 1336 2703 dum
1358 2679 1563 2702 communem
1598 2669 1785 2703 divisionem
1822 2672 2008 2714 quaesituros
2029 2699 2039 2714 ,
2076 2686 2131 2710 aut
2151 2701 2163 2716 ,
2197 2678 2218 2710 fi
2245 2678 2314 2711 sor-

1258 2723 1289 2746 te
1312 2724 1346 2745 ea
1368 2722 1511 2745 carerent
1533 2737 1545 2753 ,
1568 2714 1602 2746 in
1628 2713 1690 2747 suis
1715 2714 1792 2746 libri
1826 2716 1915 2749 illius
1952 2717 2075 2751 secundi
2111 2719 2311 2755 editionibus

1258 2756 1369 2791 locum
1393 2755 1486 2788 facile
1511 2757 1545 2788 in
1568 2768 1635 2799 quo
1657 2757 1696 2790 de
1719 2756 1943 2792 foecunditatis
1968 2762 2218 2803 probationibus
2243 2767 2312 2803 agi-

1255 2808 1308 2833 tur
1330 2824 1343 2841 ‚
1365 2800 1399 2833 in
1422 2811 1522 2842 eoque
1545 2799 1653 2832 eadem
1676 2800 1792 2839 verba,
1816 2811 1960 2836 autcerte
1982 2804 2112 2839 eandem
2123 2803 2312 2842 sententiam

1255 2854 1436 2887 reperturos
1459 2866 1467 2872 .
1505 2844 1701 2876 Sententiam
1733 2843 1801 2875 dixi
1826 2867 1838 2884 ,
1871 2856 1909 2877 ne
1942 2846 2029 2881 forte
2054 2850 2087 2882 in
2121 2852 2219 2885 verbo
2250 2853 2311 2885 illo

1257 2899 1322 2921 uno
1346 2887 1463 2920 haereas
1486 2885 1644 2924 colorent3
1667 2886 1702 2918 id
1727 2887 1812 2919 enim
1836 2889 2041 2925 Aristotelem
2074 2894 2207 2928 voluisse
2230 2919 2242 2936 ,
2277 2899 2310 2929 &

1256 2933 1344 2963 ratio
1367 2929 1489 2963 indicat
1515 2951 1524 2965 ‚
1565 2931 1597 2961 δε
1622 2928 1745 2963 Medici
1771 2929 1928 2966 affirmant
1954 2957 1963 2972 ‚
1986 2937 2020 2968 in
2044 2936 2146 2980 iisque
2170 2940 2309 2982 Niphus

1253 2977 1323 3017 (Z)
1347 2974 1403 3016 qui
1427 2979 1556 3004 centum
1579 2973 1699 3014 viginti
1734 2981 1805 3006 ante
1839 2976 1949 3010 Mauri
1981 2979 2185 3022 paraphrafin
2216 2986 2230 3022 <
2254 2997 2271 3018 a
2296 2988 2311 3023 2

1254 3019 1344 3050 annis
1367 3015 1501 3050 eundem
1535 3014 1716 3050 Aristotelis
1741 3020 1774 3051 δε
1797 3017 1918 3052 librum
1940 3044 1953 3061 ,
1985 3024 2018 3056 &
2055 3024 2164 3060 locum
2199 3030 2310 3071 expla-

1252 3070 1380 3094 naverat
1404 3084 1412 3092 .
1453 3058 1545 3094 Quin
1589 3059 1657 3092 imo
1692 3072 1767 3094 cum
1800 3073 1908 3102 graeco
1941 3066 1975 3098 in
2016 3075 2107 3102 textu
2141 3092 2150 3107 ‚
2184 3080 2219 3104 ut
2252 3082 2309 3114 par

1253 3113 1318 3137 erat
1349 3127 1362 3144 ,
1393 3100 1526 3135 verbum
1566 3114 1633 3145 quo
1665 3103 1736 3138 usus
1770 3104 1812 3138 est
1848 3107 2039 3142 Aristoteles
2072 3133 2084 3150 ,
2117 3112 2307 3156 inspicerem

1252 3149 1476 3192 ‚gpoepoejrlffmm
1522 3145 1608 3186 quod
1641 3146 1776 3181 colorent
1800 3171 1809 3185 ,
1856 3151 1982 3193 tingant
2002 3175 2011 3189 ‚
2045 3153 2191 3195 inficiant
2223 3169 2306 3193 certe

1250 3190 1428 3231 significat3
1452 3188 1586 3222 minime
1597 3188 1741 3223 dubitavi
1758 3214 1766 3227 ,
1779 3191 1820 3224 fic
1833 3191 1890 3226 effe
1902 3193 2095 3229 reddendum
2109 3221 2118 3235 ,
2141 3199 2281 3236 &facile
2297 3226 2307 3240 ,

1251 3243 1354 3265 errore
1387 3232 1569 3273 Operarum
1603 3233 1660 3267 esse
1691 3234 1812 3268 facffirm
1835 3258 1848 3275 ‚
1878 3238 1971 3270 utin
2002 3238 2139 3273 verfione
2174 3254 2233 3285 pro
2258 3247 2306 3279 in-

1250 3275 1364 3317 ficiant
1420 3276 1530 3316 inepte
1576 3276 1701 3318 legatur
1740 3277 1908 3320 perficiant
1950 3305 1957 3311 .
2012 3283 2095 3323 Qae
2141 3285 2304 3329 interjice-

1255 3330 1286 3351 re
1310 3319 1363 3351 hic
1392 3317 1517 3356 volui,
1550 3321 1722 3363 nequando
1762 3320 1920 3366 ejusmodi
1953 3322 2168 3361 haefita'tiones
2199 3353 2212 3369 ,
2249 3343 2304 3366 aut

1253 3363 1396 3396 censuras
1420 3363 1454 3394 in
1488 3361 1624 3398 laudatis
1650 3389 1659 3403 ‚
1693 3375 1748 3397 nec
1771 3365 1863 3396 lemel
1889 3367 2014 3401 exculiis
2051 3369 2304 3408 Differ-tationi-

1250 3405 1307 3439 bus
1342 3406 1484 3449 legentes
1505 3427 1516 3444 ‚
1547 3418 1584 3441 ex
1620 3417 1691 3440 meo
1723 3417 1877 3485 peffetuo
1918 3408 2049 3445 silentio
2078 3437 2088 3454 ‚
2133 3417 2299 3461 magisque

1837 3461 1852 3475 Ἴ
2221 3472 2259 3495 ex

1838 3474 1855 3483 u

1232 3584 2300 3607 ...Ἦ

1243 3682 1275 3705 Τ.
1293 3689 1314 3705 1.
1331 3681 1388 3706 Obs.
1409 3687 1460 3708 109.
1481 3682 1502 3706 δε
1518 3685 1579 3713 Eph.
1598 3686 1629 3709 N.
1648 3687 1677 3710 C.
1694 3688 1752 3709 Dec.
1768 3692 1791 3707 a.
1811 3686 1839 3708 Α.
1861 3693 1883 3713 9.
1899 3686 1956 3710 obs.
1974 3696 2012 3717 ⁴5,

1565 3714 1619 3743 (b)
1638 3716 1658 3745 §.
1678 3724 1713 3740 ιι.
1776 3717 1825 3744 (c)
1843 3724 1866 3738 n.
1886 3720 1921 3740 16.

1322 3742 1375 3775 (f)
1391 3743 1493 3776 ObL-8.
1512 3752 1535 3771 9-
1553 3752 1592 3767 20.
1661 3746 1718 3775 (g)
1734 3746 1814 3779 Opere
1830 3748 1860 3769 T.
1879 3754 1900 3775 3.
1918 3747 2011 3773 Offerv.
2030 3754 2067 3779 36.

1273 3772 1331 3801 (k)
1348 3782 1384 3797 20.
1403 3775 1442 3797 lue
1457 3781 1482 3797 in
1499 3775 1622 3802 Sepulchr.
1669 3777 1707 3806 (l)
1732 3775 1805 3804 Epist.
1824 3784 1860 3805 ¹5-
1878 3785 1901 3800 n.
1922 3785 1957 3808 ις.
2006 3780 2066 3809 (m)
2086 3784 2158 3811 Epist.
2172 3787 2206 3810 18.
2219 3795 2280 3818 mu,

1394 3834 1455 3863 (y)
1480 3805 1622 3862 έέἓῃῖὗῇό
1636 3813 1674 3830 1⁰·
1738 3806 1788 3836 (s)
1805 3807 1868 3836 EPh·
1887 3809 1919 3832 N·
1937 3810 1965 3837 C.
1978 3811 2058 3838 Cent-
2075 3814 2098 3837 8.
2116 3814 2173 3840 Obs-
2193 3825 2231 3846 9ο),
2282 3807 2290 3818 ⁹

1518 3843 1525 3860 ι
1554 3843 1567 3860 2
1586 3853 1593 3861 .
1628 3845 1649 3866 32
2211 3844 2214 3846 '
