2498 4075
531 251 684 320 Epist·
722 256 886 309 Anat.
921 255 1135 309 Medica
1168 253 1349 308 XXII.
1381 255 1501 308 Art.
1533 256 1614 310 28·

106 345 212 370 ratum
233 334 439 369 memineram
453 358 464 375 ,
485 334 603 378 quibus
624 343 663 367 ex
677 330 807 376 fervido
830 334 929 369 ulcere
950 359 964 376 ‚
996 334 1113 375 aphtha

111 378 289 422 appellato,
311 377 472 420 pulmonis
489 375 594 421 fistula
617 375 791 410 laboraret.
818 378 899 411 Non
922 378 1031 412 vitasse
1057 390 1112 412 au-

107 431 198 462 tem,
221 421 359 455 sciebam
384 434 392 454 :
424 420 604 454 trochiscos
626 427 734 462 autern
757 420 833 454 illos
855 432 893 455 ex
915 432 1026 456 natura
1047 447 1055 462 ,
1079 424 1110 454 δε

108 463 277 500 dulcedine
300 465 352 499 sua
375 463 540 498 stomacho
556 485 565 499 ‚
589 464 709 507 quippe
722 462 1001 506 hypochondriaci
1019 488 1028 503 ‚
1052 465 1111 497 ob-

110 507 227 549 fuiffe,
249 508 492 551 intelligebam.
517 508 604 540 Cum
627 507 730 548 igitur
752 518 823 553 quae
839 506 920 542 mihi
943 507 1110 545 facienda,

107 563 179 595 quae
200 550 333 585 vitanda
355 549 449 584 essent
467 574 480 591 ,
509 545 737 584 constituiffem
761 563 769 586 3
794 551 878 585 sorte
903 551 1018 585 accidit
1040 574 1049 589 ,
1073 559 1110 585 ut

107 606 215 629 meum
237 595 473 629 communicare
493 590 661 627 con-silium
684 591 803 635 possem
818 606 891 629 cum
916 596 1013 629 Paulo
1030 595 1112 628 viel!

106 640 137 673 Ia
152 664 159 674 .
183 639 316 672 Medico
338 639 421 671 inter
441 636 657 670 Bononien-ses
676 637 841 679 praestante
852 662 865 679 ‚
887 640 943 682 qui
966 648 1043 672 tunc
1054 650 1114 671 no-

104 682 231 717 biscum
265 683 298 714 in
321 680 439 714 morbo
459 676 638 722 gravisfimo
668 680 799 713 curabat
818 682 977 726 Joannern
1003 683 1112 724 Bapti-

108 726 184 760 stam
211 724 344 760 Urfium
366 725 533 757 Comitem
557 749 567 762 ,
599 734 671 757 eum
694 725 751 768 qui
785 725 886 766 postca
910 725 1113 760 Caesenatum

106 768 261 804 Pontifex
283 768 368 803 fuit.
394 768 508 800 Paulus
531 775 637 800 autem
661 791 673 808 ,
705 766 761 801 etsi
784 780 856 811 quae
880 772 968 803 a‘me
995 780 1115 811 propo-

105 811 164 847 sita
186 821 299 852 erant,
321 821 387 844 non
408 810 616 853 improbabat
636 824 647 850 3
671 821 776 845 tamen
799 823 872 845 cum
898 813 986 853 sputa
1011 819 1113 844 atten-

104 865 137 889 te
150 854 340 899 *inspexisset
349 878 363 895 ,
386 851 613 897 accepissetque
634 879 643 894 ‚
676 854 788 897 saepius
821 854 861 888 sic
884 855 942 890 esse
975 857 1082 889 tenuia
1106 878 1115 893 ‚

105 904 138 933 &
160 911 256 944 pauca
271 922 281 938 ,
305 909 360 930 nec
384 897 504 939 semper
526 898 682 940 quidem,
705 898 755 932 sed
778 907 883 932 tamen
906 898 1038 939 subinde
1060 898 1115 932 sie-

105 945 133 977 ri
156 941 306 977 nonnihil
319 941 579 984 sanguinolenta;
602 953 732 980 vereor,
758 942 866 986 inquit
880 967 889 980 ‚
914 942 1115 984 plurimum,

104 995 141 1027 ut
175 986 277 1020 sanare
300 985 390 1028 poffis
421 984 489 1019 hzec
522 986 626 1021 ulcera
648 997 667 1023 ,·
714 996 760 1019 uae
785 994 997 1029 praeterquam
1019 984 1115 1028 ,quod

102 1028 348 1074 profundiorem
381 1028 485 1063 sedem
512 1028 642 1063 fortasse
662 997 786 1073 *hibent
806 1054 815 1069 ,
845 1037 928 1062 certe
947 1052 960 1069 ‚
992 1026 1016 1062 si
1038 1028 1117 1071 quid

101 1072 221 1109 video,
243 1071 284 1106 ad
307 1084 405 1115 genus
430 1072 584 1106 accedunt
606 1072 764 1116 ejusmodi
775 1072 915 1115 herpetis
924 1095 937 1112 ,
959 1080 996 1106 ut
1020 1070 1042 1105 si
1066 1073 1115 1106 vel

102 1118 137 1150 in
161 1125 234 1151 cute
256 1117 324 1159 ipsa
349 1126 494 1158 extaret,
517 1115 636 1150 summa
658 1127 732 1149 cum
755 1115 947 1150 difficultate
970 1114 1007 1148 ad
1031 1116 1114 1149 cica-

103 1161 221 1194 tricem
243 1159 470 1203 perduceretur
491 1184 499 1192 .
534 1159 636 1203 Quod
659 1158 818 1193 indicium
841 1183 852 1199 ,
876 1169 911 1194 ut
936 1159 1078 1201 magistri
1105 1183 1115 1198 ‚

101 1206 138 1238 in
162 1215 194 1237 re
217 1202 395 1247 praesertim
417 1203 599 1246 chirurgica
619 1226 632 1243 ‚
665 1202 687 1236 si
711 1204 784 1246 quis
808 1203 889 1238 alius
911 1228 919 1241 ‚
953 1205 1115 1244 experien-

102 1247 212 1283 tiffimi
237 1246 317 1281 fecit
338 1247 491 1291 quidem,
514 1256 550 1281 ut
574 1258 622 1281 me
645 1246 730 1281 nihil
756 1245 929 1290 promisisse
953 1270 964 1287 ‚
996 1246 1115 1290 gaude-

100 1303 188 1330 rem3
211 1303 249 1324 ne
272 1301 379 1327 tamen
403 1304 436 1325 ea
459 1303 528 1334 qua?
550 1290 778 1324 constitueram
799 1313 811 1329 ,
833 1292 993 1331 experirer
1012 1313 1020 1327 ‚
1052 1300 1118 1325 non

102 1335 203 1370 fecit.
229 1336 311 1369 Erat
326 1336 408 1369 *anni
431 1334 558 1377 tempus
579 1345 645 1377 quo
671 1336 702 1367 &
729 1334 809 1367 aeris
831 1333 966 1378 injurias
978 1333 1117 1378 diligen-

101 1379 218 1413 tiffime
242 1380 344 1412 vitare
366 1387 528 1421 oporteret
549 1402 560 1418 ,
593 1388 648 1411 nec
672 1387 805 1420 propter
836 1378 982 1420 ineptum
1016 1377 1117 1420 pabu-

102 1424 172 1458 lum
206 1434 223 1456 a
255 1422 426 1457 brutarum
458 1423 673 1456 animantium
692 1421 787 1459 ,κᾶε
808 1420 936 1464 'sperari
977 1421 1117 1456 multum

101 1464 236 1511 posset.
373 1468 486 1510 Itaque
518 1467 659 1509 primum
691 1464 839 1507 omniurn
872 1466 906 1498 in
940 1465 1086 1508 tepidum
1106 1489 1119 1506 ,

102 1521 159 1544 nec
184 1519 290 1545 tamen
316 1510 439 1544 humile
463 1534 475 1550 ,
510 1518 563 1543 aut
588 1506 753 1550 angustum
785 1508 971 1543 cubiculum
1007 1508 1116 1543 homi-

100 1564 176 1588 nem
199 1554 363 1589 includere
387 1553 435 1591 se,
458 1552 554 1596 jubeo
573 1575 585 1592 ‚
608 1552 719 1594 ibique
739 1575 752 1592 ‚
783 1551 878 1585 missis
900 1553 986 1585 curis
1009 1553 1117 1585 omni-

100 1596 184 1635 bus,
209 1599 334 1632 amicos
348 1623 356 1636 ,
380 1609 414 1631 ac
428 1596 603 1629 familiares
627 1595 734 1628 audire
747 1597 867 1637 magis,
890 1606 987 1638 quam
1008 1595 1116 1639 ipsum

101 1641 196 1685 loqui
217 1665 231 1682 ,
264 1640 362 1685 idque
386 1638 532 1674 submissa
552 1662 565 1678 ,
597 1640 630 1671 &
654 1639 788 1671 minime
800 1640 977 1672 aconcitata
999 1650 1077 1672 voce
1103 1664 1111 1670 .

101 1685 195 1719 Tum
219 1686 259 1718 iis
284 1682 481 1726 praescriptis
505 1693 577 1725 quae
600 1681 699 1714 lenire
723 1683 893 1721 arteriam,
919 1693 976 1716 nec
1000 1682 1117 1717 stoma-

100 1727 199 1762 chum
221 1726 333 1761 laedere
356 1734 468 1759 tamen
489 1723 610 1769 possent
634 1748 647 1765 ,
677 1727 710 1758 &
734 1724 797 1758 hoc
832 1725 869 1759 ad
894 1726 991 1761 laffis
1024 1726 1118 1761 usum

98 1780 216 1815 parato
234 1794 246 1811 ,
269 1769 425 1805 muliebre
448 1770 496 1802 lac
519 1771 643 1811 impero
666 1769 808 1811 primum
830 1770 959 1812 quidem
983 1781 1046 1803 non
1070 1772 1117 1804 ita

100 1815 267 1856 multum,
291 1812 436 1848 tentandi
459 1812 575 1853 causa,
599 1821 670 1846 tum
694 1811 868 1856 deinceps,
890 1825 966 1847 cum
989 1815 1116 1857 optime

99 1858 245 1898 cederet,
266 1868 424 1901 quantum
437 1856 562 1899 sagaci,
586 1858 619 1890 &
643 1863 769 1889 attento
779 1867 865 1899 aegro
890 1856 1037 1892 selibram
1051 1859 1114 1891 cir-

100 1903 180 1936 citer
203 1913 327 1945 aequare
349 1900 536 1939 videretur,
558 1900 723 1934 matutino
734 1909 878 1943 tempore
892 1925 901 1940 ,
925 1902 1116 1936 tantundem

99 1944 284 1988 vespertino
305 1957 321 1978 e
354 1944 503 1978 mammis
526 1942 700 1985 sugendum
731 1942 822 1977 horis
853 1954 994 1988 quatuor
1015 1969 1028 1985 ‚
1061 1955 1115 1980 aut

97 1990 241 2033 quinque
265 1998 337 2023 ante
361 1986 553 2031 prandium,
575 1996 784 2031 coenamque.
810 1987 962 2031 Qorum
986 1997 1114 2023 utrum-

98 2044 161 2075 que
183 2041 248 2066 erat
271 2031 432 2066 mediocre
449 2055 462 2072 ,
485 2029 535 2063 sed
560 2029 627 2063 haec
653 2032 779 2072 magis,
803 2029 865 2064 sine
890 2033 970 2064 vino
983 2042 1112 2066 utrum-

99 2088 180 2119 que,
208 2078 240 2110 &
263 2075 359 2120 fiquae
384 2076 444 2108 alia
468 2085 581 2107 nocere
606 2072 728 2114 possent
751 2086 762 2112 3
785 2073 838 2108 sed
862 2086 927 2110 non
951 2075 1014 2108 sine
1040 2079 1112 2118 pul-

98 2128 131 2154 te
154 2131 193 2153 ex
216 2118 329 2153 hordei
353 2118 477 2157 farina,
499 2128 570 2160 quae
592 2115 711 2151 radicis
734 2116 840 2151 chinae
854 2119 980 2160 pulvere
1006 2120 1043 2152 ad
1058 2131 1116 2154 un-

99 2164 187 2197 ciam
211 2164 244 2196 in
268 2163 366 2197 libras
389 2160 548 2204 singulas,
572 2160 665 2207 nullo
690 2169 794 2194 autem
821 2160 967 2194 sacchar-o
992 2185 1004 2202 ,
1029 2162 1116 2206 adje-

99 2208 175 2244 ἃο,
200 2207 291 2240 lento
313 2207 387 2248 igne
409 2206 513 2239 fuerat
536 2204 623 2245 quasi
647 2204 681 2235 in
703 2204 822 2236 calcem
847 2204 997 2245 redacta,
1021 2208 1053 2238 δε
1077 2218 1116 2240 ex

100 2251 184 2284 laste
199 2274 211 2290 ,
236 2260 341 2283 recens
364 2260 380 2282 e
403 2258 496 2281 vacca
518 2246 662 2291 emulc'to
683 2269 695 2285 ,
727 2257 797 2288 quae
821 2245 946 2279 hordeo
969 2271 980 2287 ‚
1004 2251 1037 2280 ἂν
1061 2260 1116 2291 pa.

101 2295 184 2334 leis‚·
205 2304 269 2326 non
293 2291 390 2332 faba,
413 2293 445 2324 &
469 2289 580 2326 foeno3
606 2288 810 2331 pascebatur„
837 2289 1010 2324 Nutricem
1034 2304 1116 2334 quo-

100 2348 185 2380 que,
209 2335 314 2369 sanam
337 2336 371 2368 in
394 2334 531 2377 primis,
553 2341 590 2365 ut
613 2331 738 2366 idoneis
761 2341 904 2367 uteretur
928 2335 1115 2377 alimentis,

104 2383 138 2414 δε
163 2377 305 2420 horum,
327 2389 395 2422 quo
416 2376 456 2411 ad
479 2375 546 2419 ejus
569 2374 638 2408 fieri
664 2375 785 2417 posset,
807 2378 997 2410 varietatem
1023 2377 1116 2421 fuge-

101 2432 167 2461 ret,
195 2422 444 2462 admonueram;
464 2431 535 2463 quae
556 2429 601 2452 res
625 2419 765 2460 neglecta
785 2442 799 2460 ‚
822 2431 882 2453 una
905 2422 1043 2454 maxime
1066 2425 1115 2456 vi-

103 2466 197 2500 detur
219 2465 320 2499 facere
340 2488 349 2502 ,
385 2472 422 2498 ut
446 2462 525 2505 saepe
556 2463 591 2495 in
615 2461 770 2495 medendo
807 2464 951 2497 mulieris
976 2465 1024 2497 lac
1048 2477 1111 2500 non

102 2508 226 2553 praestet
250 2508 326 2542 lac'ti
349 2516 536 2541 caeterarum
560 2505 796 2545 animantium,
819 2508 1059 2549 quamvisillud
1075 2518 1111 2542 ur

94 2551 286 2598 familiare,
307 2549 501 2593 ejusdemque
524 2547 680 2591 nobiscum
702 2557 820 2582 nature
834 2574 842 2587 ‚
865 2553 986 2584 cereris
998 2552 1109 2595 prefe-

104 2594 215 2630 rebant
236 2595 276 2627 ad
298 2592 441 2637 tabificos
463 2590 594 2636 affeEZus
617 2593 665 2624 vel
681 2593 806 2636 antiqui
830 2593 883 2627 illi
898 2594 1022 2628 Medici
1037 2618 1049 2635 ,
1074 2597 1107 2629 in

101 2638 280 2681 primisque
305 2636 513 2680 Euryphon‚
536 2639 567 2669 &
591 2635 784 2669 Herodotus
803 2658 811 2672 ‚
835 2648 851 2668 a
874 2638 1002 2671 Galerio
1026 2639 1109 2683 (s)

101 2681 226 2716 laudati
252 2706 258 2714 .
285 2682 343 2713 Per
367 2680 435 2714 haec
458 2679 496 2712 ab
519 2687 665 2713 extremo
689 2679 874 2714 Novembri
897 2680 941 2715 ad
965 2681 1108 2716 medium

101 2724 232 2768 Maium
255 2723 493 2767 diligentiffime
517 2721 660 2762 servata,
682 2723 730 2756 ita
743 2721 844 2757 homo
868 2724 1032 2759 restitutus
1044 2726 1108 2764 est,

101 2777 139 2803 ut
164 2768 323 2802 sexdecim
343 2767 429 2810 ipsos
454 2777 554 2800 annos
577 2767 702 2810 egregie
715 2767 873 2802 valuerit.
899 2769 1028 2807 Quibus
1043 2770 1110 2803 ela-

103 2810 185 2855 psis,
208 2810 275 2853 eius
299 2810 423 2853 sanguis
446 2812 566 2844 iterum
587 2808 786 2853 corpusculis
817 2810 1025 2847 erodentibus
1048 2811 1111 2846 foe-

103 2865 155 2890 tus
169 2878 177 2892 ‚
198 2852 267 2888 haec
292 2866 344 2897 per
366 2855 531 2888 biennium
553 2855 587 2887 in
610 2862 684 2887 cute
707 2852 764 2888 sub
787 2856 1019 2899 impetiginum
1042 2855 1112 2889 for-

103 2910 156 2933 ma
179 2897 327 2940 deposuit
351 2923 359 2930 .
393 2897 453 2931 Sed
477 2896 528 2930 his
551 2897 588 2931 de
613 2897 795 2940 improviso
818 2898 1073 2934 evanescentibus
1096 2926 1108 2942 ‚

103 2943 164 2977 imi
188 2941 279 2983 pedes
302 2942 461 2975 acerrimis
483 2940 650 2974 doloribus
663 2951 737 2974 cum
761 2941 870 2984 aliquo
884 2953 1012 2977 tumore
1026 2970 1034 2983 ,
1060 2943 1111 2977 sed

104 2985 223 3028 majori
248 2984 400 3019 rubedine
424 3009 432 3023 ‚
459 2986 546 3028 capti
572 2984 641 3018 sunt
665 3009 672 3016 .
699 2984 783 3022 Quae
808 2985 878 3028 post
899 2987 967 3020 dies
989 2989 1110 3030 viginti

105 3041 180 3064 cum
205 3037 332 3069 repente
356 3027 501 3062 abiissent
523 3052 533 3067 ,
567 3039 636 3061 ecce
663 3027 724 3060 tibi
758 3038 815 3071 per
839 3029 975 3065 biduum
1009 3032 1110 3065 urinae

106 3071 298 3116 suppressio:
320 3074 352 3105 δε
370 3071 439 3114 post
452 3071 531 3105 hanc
552 3081 798 3106 crurumtumor
821 3071 900 3116 saepe
910 3075 1112 3116 evanescens,

107 3116 187 3159 saepe
210 3114 358 3155 rediens,
381 3124 453 3148 tum
475 3114 600 3153 febres,
624 3115 751 3149 tandem
775 3116 859 3149 inter
883 3117 1076 3152 umbilicum
1100 3143 1113 3160 ,

107 3163 139 3193 &
153 3159 271 3202 pubem
294 3158 373 3193 dura
396 3157 541 3202 quaedam
564 3160 688 3192 interna
712 3159 953 3203 protuberantia
975 3187 984 3202 ,
1018 3171 1112 3205 atque

107 3204 170 3237 alia
193 3212 342 3245 praeterea
365 3202 696 3237 ventrisincommoda
710 3228 718 3242 ,
739 3204 857 3247 quibus
879 3205 1086 3240 confliistatus
1101 3229 1111 3244 ‚

108 3246 238 3280 vivendi
262 3245 400 3289 denique
424 3244 520 3279 finem
536 3245 633 3280 fecit.
658 3246 717 3280 Sed
741 3247 953 3290 haecomnia,
976 3249 1116 3283 absenti-

106 3290 166 3324 bus
189 3289 304 3327 nobis,
328 3290 492 3331 contigere
515 3302 524 3320 :
551 3300 621 3331 quae
644 3291 688 3324 ob
711 3290 745 3325 id
768 3292 994 3327 tantummodo
1025 3305 1116 3327 com-

108 3334 380 3373 memoravimus,
403 3341 439 3366 ut
448 3332 647 3367 curationem
659 3334 750 3369 illam
763 3335 901 3370 nostram
915 3335 1088 3379 perfectam
1104 3361 1115 3377 ,

108 3376 350 3420 absolutamque
373 3374 486 3416 fuisse,
508 3376 724 3420 intelligeres,
746 3389 822 3413 cum
846 3379 950 3414 homo
973 3391 1036 3414 non
1062 3381 1112 3415 so-

108 3421 176 3456 lum
198 3420 313 3456 tandiu
335 3420 471 3454 valuerit
486 3445 495 3461 ,
520 3418 571 3452 sed
594 3422 627 3453 &
649 3421 816 3465 postquam
840 3425 961 3459 iterum
973 3435 1113 3466 aegrota..

109 3476 141 3498 re
165 3465 266 3506 coepit
279 3487 290 3503 ,
314 3472 364 3498 tot
386 3465 469 3498 inter
492 3462 622 3496 morbos
644 3474 805 3507 nunquam
828 3469 936 3510 primo
958 3468 1019 3501 illo
1042 3478 1111 3502 ten-

109 3517 195 3543 tatus
219 3507 277 3541 lit.
304 3508 414 3546 Quem
436 3518 509 3540 cum
534 3504 690 3549 phthisim
712 3508 824 3551 fuisse,
847 3513 944 3555 vulgo
957 3511 1118 3546 existima-

110 3560 201 3589 rent3
224 3562 288 3585 non
312 3550 377 3585 fuit
400 3548 579 3593 phthisicus
603 3551 637 3583 in
658 3553 816 3593 civitate,
840 3558 896 3597 qui
922 3555 1053 3589 eundem
1077 3556 1118 3590 si-

107 3596 141 3629 bi
164 3596 343 3629 curationis
377 3593 509 3629 modum
532 3604 597 3627 non
620 3595 832 3636 praescriberet
851 3610 864 3639 ‚-
895 3610 989 3633 nemo
1012 3609 1117 3636 tamen

113 3641 224 3673 eorum
247 3638 363 3671 evasit.

193 3683 360 3725 Morgagni
370 3682 405 3717 de
414 3685 435 3714 S
437 3682 483 3715 ed.
498 3685 541 3718 ψ
551 3682 637 3725 faus.
653 3683 756 3717 Morb.
770 3685 870 3719 Tom.
887 3688 915 3720 Ι.

2007 273 2099 327 233

1176 362 1178 365 .
1206 335 1258 367 28.
1284 335 1364 369 Sunt
1388 338 1418 369 δι
1443 337 1512 370 aliae
1536 335 1641 369 multo
1663 335 1760 368 etiarn
1801 333 2010 376 profundiores
2043 339 2165 373 arteriae

1162 377 1292 420 Asperae
1316 376 1517 416 affectiones,
1541 390 1617 421 quas
1640 378 1753 421 vulgus
1790 377 1890 422 §pius
1905 404 1918 421 ‚
1952 378 2113 415 interdum
2135 384 2168 414 δε

1163 421 1286 455 Medici
1309 444 1317 458 ,
1355 432 1429 456 cum
1454 421 1576 464 phthisi
1599 421 1799 456 confundant
1823 445 1835 462 ‚
1865 424 1899 456 in
1921 423 2038 465 quibus
2061 433 2166 463 tamen

1162 462 1465 507 affectionibus‘ipsi
1491 466 1659 507 pulmones
1683 466 1746 499 sani
1772 462 1842 502 sunt
1863 491 1872 499 .
1908 467 1960 500 Sic
1982 477 1994 505 ς
2027 476 2065 500 ne
2088 468 2165 501 alias

1162 513 1174 548 (
1196 516 1212 542 t
1233 511 1247 548 )
1269 507 1308 540 ad
1332 517 1364 541 te
1385 508 1518 550 scriptas
1540 509 1791 542 Observationes
1813 507 1868 543 hic
1893 517 2031 551 repetam
2052 522 2066 551 ;
2088 509 2129 544 sic
2154 535 2166 551 ,

1162 553 1320 593 inquam,
1345 552 1529 586 Valsalvam
1551 553 1683 586 memini
1707 551 1831 589 dicere,
1853 553 1887 585 in
1910 554 2033 586 nemine
2056 552 2169 597 sepul-

1162 594 1323 632 chriores,
1347 602 1445 638 quam
1468 596 1502 628 in
1525 594 1854 629 Forocorneliensium
1879 596 2044 640 Episcopo
2067 598 2169 631 Zanio

1163 638 1332 682 pulmones
1355 637 1466 673 vidisse
1480 662 1489 678 ,
1509 639 1561 672 cui
1586 639 1696 673 vitiati
1718 638 1924 675 credebantur
1947 639 1990 672 ob
2014 641 2133 675 multos
2158 666 2168 681 ‚

1163 682 1502 725 quosexpe&orabat,
1529 682 1698 723 humores,
1724 682 1893 725 apropriis
1914 682 2063 723 videlicet
2075 685 2171 717 bron-

1164 725 1315 759 chiorum
1339 725 1500 768 glandulis
1523 724 1657 759 secretos
1678 750 1685 757 .
1722 726 1793 769 Q
1815 724 1870 759 etsi
1895 736 1999 759 revera
2024 727 2087 760 nbn
2109 727 2170 760 sint

1166 769 1353 812 purulenti3
1374 769 1540 805 interdurn
1565 778 1671 802 tamen
1694 768 1851 803 e'usmodi
1876 769 1948 803 sunt
1967 792 1981 810 ,
2016 779 2052 804 ut
2075 769 2172 814 siquis

1167 812 1353 855 purulentos
1375 812 1456 854 effe,
1478 811 1653 847 contendat
1667 838 1676 852 ‚
1702 781 1797 846 flatile
1820 815 1904 846 inter
1926 823 1978 846 tot
2002 814 2072 847 illas
2078 815 2174 856 puris

1161 854 1288 898 formas
1309 867 1345 889 ac
1361 856 1481 899 species
1503 867 1581 899 quas
1603 857 1747 891 Aretaeus
1769 859 1784 895 (
1806 867 1826 889 u
1850 860 1862 896 )
1886 855 1928 889 sic
1950 858 2146 891 enumeravit
2160 882 2173 898 ‚

1168 908 1204 932 ut
1223 908 1319 941 prope
1341 899 1485 943 infinitas
1507 897 1583 944 effe,
1607 897 1749 938 diceret,
1774 899 1915 943 aliquam
1940 902 2077 943 reperiat
2099 923 2111 940 ‚
2134 901 2173 935 ad

1166 953 1262 985 quam
1288 941 1407 977 referre
1428 944 1505 977 illos
1527 942 1612 985 posse
1635 942 1853 986 quadantenus
1873 943 2040 979 videatur.
2066 945 2177 989 Atque

1166 986 1291 1020 utinam
1313 997 1387 1020 cum
1411 986 1574 1021 dubitatio
1597 986 1760 1021 interdum
1784 987 2073 1030 aliquainjicitur,
2097 997 2176 1022 tunc

1167 1037 1263 1063 certae
1287 1029 1407 1072 semper
1427 1053 1439 1070 ‚
1462 1032 1494 1062 δε
1518 1029 1556 1063 de
1579 1030 1694 1072 quibus
1717 1032 1801 1064 inter
1822 1041 1931 1064 omnes
1954 1033 2138 1066 conveniret
2161 1055 2175 1071 „

1165 1073 1233 1104 veri
1258 1075 1346 1114 puris
1369 1081 1454 1107 notae
1475 1073 1623 1115 signaque
1646 1082 1790 1108 extarent
1816 1098 1824 1105 .
1859 1074 1949 1107 Nam
1972 1076 2060 1116 quod
2081 1075 2177 1117 jaco-

1165 1116 1232 1150 tius
1254 1119 1268 1156 (
1290 1126 1312 1150 x
1333 1120 1370 1156 ),
1394 1117 1533 1159 exempli
1557 1117 1661 1159 gratia
1688 1140 1697 1153 ,
1729 1119 1774 1149 ita
1798 1128 1856 1159 pus
1880 1128 1896 1150 a
1920 1118 2040 1161 pituita
2063 1118 2177 1154 distin-

1166 1161 1265 1202 guit,
1288 1168 1325 1193 ut
1348 1159 1430 1194 illud
1453 1160 1641 1193 cinericium
1666 1158 1726 1199 sit,
1751 1160 1819 1194 haec
1842 1159 1911 1194 alba
1935 1184 1948 1201 ,
1979 1161 2064 1197 illud
2086 1161 2179 1195 foeti-

1165 1202 1245 1237 dum
1269 1202 1380 1236 saltem
1403 1202 1550 1241 modice,
1576 1203 1642 1236 haec
1661 1214 1868 1246 nequaquam
1889 1226 1899 1243 ‚
1933 1204 2015 1240 illud
2039 1206 2180 1240 secedens

1166 1248 1201 1279 in
1226 1254 1330 1289 partes
1354 1248 1490 1280 maxime
1514 1247 1536 1280 si
1560 1247 1594 1280 in
1619 1258 1733 1291 aquam
1755 1245 1950 1289 conjiciatur
1972 1271 1981 1287 ,
2015 1249 2083 1283 haec
2106 1250 2180 1292 giu-2

1167 1289 1295 1328 tinosa3
1320 1289 1404 1324 haud
1428 1289 1504 1324 satis
1528 1290 1620 1331 scio,
1642 1301 1704 1333 qua
1729 1292 1853 1324 ratione
1877 1288 1949 1325 haec
1969 1294 2079 1326 omnia
2104 1304 2179 1328 cum

1166 1334 1288 1368 Aretaei
1310 1333 1459 1367 d03rina
1480 1334 1655 1375 conciliet,
1678 1335 1735 1377 qui
1759 1336 1844 1368 iuter
1868 1336 1955 1377 puris
1978 1348 2089 1380 genera
2109 1336 2182 1380 glra

1169 1376 1307 1420 tinosum
1328 1389 1479 1421 quoque,
1506 1375 1539 1412 δι’
1561 1375 1650 1411 odore
1671 1388 1780 1412 carens
1802 1376 1920 1413 diserte
1942 1382 2181 1420 collocaverat,

1169 1420 1347 1463 praesertim
1369 1432 1446 1455 cum
1468 1421 1514 1454 ibi
1540 1420 1574 1455 id
1598 1419 1710 1454 fecerit
1734 1422 1896 1460 Aretaeus,
1922 1423 1977 1456 ubi
2003 1425 2182 1470 abJacotio

1169 1464 1319 1499 laudatur
1341 1463 1431 1510 quod
1446 1463 1514 1507 Jblo
1539 1464 1663 1507 aspefi'u
1684 1474 1744 1506 pus
1767 1476 1785 1498 a
1806 1465 1901 1508 sputo
1935 1466 2183 1510 dcssinguendum

1168 1508 1324 1542 censuerit
1353 1533 1366 1550 ‚
1399 1519 1454 1542 nec
1477 1508 1613 1542 multam
1630 1507 1872 1551 suppurationis
1894 1510 2045 1545 notitiam
2076 1510 2184 1546 haberi

1167 1551 1207 1585 ab
1231 1553 1272 1585 iis
1304 1553 1359 1595 qui
1379 1551 1585 1586 humiditates
1608 1551 1677 1594 igne
1708 1551 1761 1585 vel
1784 1562 1865 1594 aqua
1887 1552 2053 1594 explorant
2077 1579 2088 1594 ‚
2125 1565 2187 1588 no-

1169 1605 1239 1629 tans
1271 1595 1423 1630 videlicet
1454 1596 1511 1639 qui
1536 1595 1755 1637 Hippocratis
1786 1594 1973 1636 aphorismo
1993 1600 2051 1639 cy
2074 1603 2116 1639 ),
2149 1599 2184 1631 iri

1167 1640 1286 1673 Coacis
1311 1643 1322 1679 (
1348 1651 1372 1682 z
1392 1643 1408 1679 )
1429 1638 1569 1681 repetito
1583 1663 1590 1675 ,
1616 1637 1778 1682 alteroque
1801 1640 1838 1672 in
1858 1637 1911 1672 his
1923 1638 2049 1682 adjesto
2071 1645 2085 1681 <
2107 1653 2125 1674 a
2147 1646 2185 1682 >v

1169 1681 1206 1715 ad
1231 1694 1288 1725 pus
1310 1681 1563 1726 dignoscendum
1586 1681 1791 1723 abutuntur,
1816 1682 1946 1725 quando
1970 1695 2078 1718 neuter
2099 1710 2109 1725 ‚
2144 1685 2185 1719 si-

1171 1733 1227 1760 cut
1250 1727 1332 1760 tetste
1351 1726 1500 1771 Jacotius
1524 1724 1674 1759 admonet
1699 1723 1737 1759 ad
1773 1727 1861 1769 puris
1884 1726 2063 1770 diagnosim
2085 1753 2097 1771 ,
2134 1727 2187 1763 sed

1171 1780 1303 1814 uterque
1324 1768 1492 1814 manifesto
1524 1768 1564 1804 ad
1586 1770 1702 1804 mortis
1725 1769 1914 1812 prognosim
1944 1770 2079 1814 scriptus
2106 1773 2150 1807 est
2172 1797 2188 1816 ς

1170 1811 1232 1846 sive
1256 1812 1412 1856 phthisici
1430 1814 1582 1855 sputum,
1605 1814 1675 1856 igni
1689 1813 1876 1856 impositum
1893 1838 1904 1855 ,
1927 1818 2059 1858 gravius
2073 1818 2157 1851 oleat
2170 1842 2187 1859 ³

1167 1855 1229 1889 sive
1254 1856 1390 1890 subsidat
1414 1857 1569 1901 injeerum
1592 1858 1627 1890 in
1660 1868 1773 1902 aquam
1797 1860 1987 1898 marinam,
2021 1873 2093 1906 quae
2116 1862 2187 1895 vale

1168 1900 1304 1943 quidem
1337 1913 1426 1934 aeneo
1456 1904 1665 1936 contineatur
1685 1926 1694 1935 .
1730 1903 1833 1939 Quale
1867 1914 1920 1936 vas
1953 1915 2011 1938 cur
2043 1906 2186 1948 requirat

1165 1944 1408 1987 Hippocrates,
1434 1946 1489 1978 etsi
1502 1948 1644 1991 Duretus
1667 1948 1681 1984 <
1703 1943 1721 1978 b
1744 1949 1777 1985 )‚
1803 1948 1835 1980 &
1859 1946 1924 1990 ipse
1938 1949 2087 1994 Jacotius
2112 1960 2187 1981 cau⁴

1166 1986 1232 2020 sam
1258 1987 1387 2022 reddere
1410 1990 1519 2022 conati
1545 1991 1646 2028 sunt;
1678 1999 1790 2023 vereor
1828 1999 1935 2024 tamen
1958 2017 1968 2034 ,
2002 2002 2037 2027 ut
2073 1993 2147 2027 satis
2173 2018 2187 2034 5

1165 2041 1230 2064 non
1253 2032 1360 2065 dicam
1385 2033 1447 2066 tibi
1473 2059 1481 2074 ,
1507 2032 1557 2065 sed
1583 2031 1642 2066 {ibi
1666 2032 1741 2075 ipsis
1765 2032 1899 2068 fecerint
1925 2048 1932 2069 :
1968 2039 2000 2071 &
2023 2046 2107 2071 certe
2132 2038 2191 2071 hic

1164 2075 1244 2107 alter
1267 2086 1305 2107 eo
1329 2074 1412 2108 redit
1435 2076 1572 2118 denique
1596 2098 1606 2114 ‚
1640 2085 1675 2108 ut
1700 2078 1887 2113 Hollerium
1910 2080 1960 2121 (c
1983 2085 1996 2121 )
2029 2081 2150 2116 secutus
2176 2102 2190 2118 ‚f

1168 2118 1283 2152 referre
1307 2128 1421 2161 parum
1443 2118 1577 2161 credat,
1598 2131 1665 2164 quo
1691 2120 1759 2153 vase
1783 2133 1862 2165 aqua
1897 2124 1953 2156 illa
1978 2127 2185 2168 excipiatur:

1167 2160 1256 2203 quod
1289 2171 1366 2194 num
1391 2164 1589 2206 Hippocrati
1623 2165 1657 2196 in
1682 2174 1768 2198 tanta
1803 2167 1958 2200 brevitate
1981 2171 2152 2202 conveniat
2177 2193 2194 2206 ,a

1167 2205 1235 2246 ipse
1271 2203 1389 2253 videris
1412 2231 1419 2238 .
1448 2208 1590 2252 joannes
1623 2216 1730 2241 autem
1762 2210 1986 2253 Hieronymus
2011 2213 2186 2246 Zanichel--

1167 2247 1257 2288 lius,
1279 2249 1345 2280 Vir
1366 2250 1423 2291 qui
1448 2252 1550 2283 multa
1576 2252 1611 2282 in
1636 2262 1667 2284 re
1691 2262 1767 2285 cum
1792 2252 1937 2296 medica,
1961 2264 2031 2290 tum
2053 2256 2189 2294 chvmh

1167 2302 1205 2324 ca
1226 2300 1377 2333 expertus
1401 2302 1488 2332 era-t,
1512 2305 1585 2327 cum
1611 2305 1735 2329 mecum
1760 2297 1908 2331 Venetiis
1940 2295 2125 2342 loqueretur
2147 2301 2189 2334 de

1166 2335 1290 2369 Amico
1316 2336 1481 2379 utriusque
1514 2337 1658 2371 nostrum
1686 2339 1878 2373 Doetiffimo
1901 2342 2062 2376 Viftorio
2085 2346 2187 2378 Fran-⁴

1167 2377 1254 2411 cisco
1279 2378 1468 2419 Stancario,
1493 2392 1588 2423 quem
1615 2382 1769 2415 Bononiae
1796 2383 1934 2425 phthisis
1960 2409 1971 2426 ‚
1995 2387 2124 2429 tullirn,
2150 2392 2183 2422 ὃς

1164 2419 1329 2464 sanguinis
1352 2423 1480 2498 sputum
1503 2425 1693 2463 consecuta,
1717 2437 1829 2460 vexare
1850 2427 1913 2470 jam
1936 2440 2078 2474 coeperat
2106 2457 2116 2472 ‚
2152 2436 2185 2467 ἒς

1165 2464 1296 2498 tabidos
1320 2476 1363 2498 mi
1393 2468 1403 2498 i
1427 2469 1609 2501 nominaret
1631 2467 1712 2502 duos
1726 2480 1780 2511 per
1800 2471 1975 2515 eclegmata
1997 2471 2187 2520 restitutos,

1163 2508 1300 2540 alterum
1325 2507 1459 2551 quidem
1484 2522 1537 2553 per
1562 2511 1643 2545 illud
1678 2512 1769 2555 quod
1793 2512 1846 2547 rob
1871 2527 1990 2552 nucum
2013 2530 2146 2557 vocatur
2170 2548 2184 2564 2

1164 2552 1300 2584 alterum
1325 2562 1430 2586 autem
1465 2565 1518 2596 per
1543 2555 1595 2589 rob
1629 2566 1827 2592 maturarum
1860 2559 1947 2595 ebuli
1981 2563 2148 2601 baccarum

1162 2604 1248 2628 certa
1271 2596 1409 2638 quadam
1434 2598 1556 2631 ratione
1579 2598 1768 2645 confedizum
1790 2627 1799 2641 ‚
1831 2614 1887 2637 nec
1910 2605 1998 2649 quod
2034 2610 2099 2652 ipse
2123 2594 2184 2653 proi-

1163 2649 1281 2684 arcano
1301 2639 1459 2683 babebat,
1483 2641 1610 2684 sileret,
1633 2643 1810 2679 balsamum
1833 2647 1996 2692 sulphuris
2010 2653 2085 2687 curn
2109 2655 2180 2688 bal-

1163 2684 1252 2725 samo
1287 2684 1431 2725 copaibae
1468 2697 1616 2729 paratum
1638 2712 1647 2727 ‚
1677 2700 1814 2732 cum-que
1849 2691 1926 2726 inde
1946 2718 1962 2734 ,.
2001 2706 2037 2730 ut
2070 2696 2107 2731 sit
2144 2700 2180 2733 irr

1164 2727 1341 2759 sermonem
1375 2727 1459 2762 forte
1501 2729 1662 2765 incidisset
1694 2733 1733 2766 de
1776 2734 1835 2768 isto
1869 2738 2086 2781 Hippocratis
2129 2742 2178 2775 lo.

1162 2769 1374 2820 coges-edere
1400 2772 1453 2813 se,
1478 2774 1616 2809 ostendit
1636 2799 1648 2816 ,
1679 2787 1733 2819 per
1755 2788 1876 2813 aeneum
1901 2792 1951 2815 vas
1975 2784 2099 2827 aliquid
2122 2785 2179 2819 de-

1163 2813 1247 2847 trahi
1273 2817 1405 2849 marinae
1429 2828 1539 2860 aquae,
1563 2828 1599 2853 ut
1612 2819 1652 2852 sic
1678 2819 1794 2855 resistat
1805 2824 1905 2865 paulo
1931 2827 2178 2863 minusdescen..

1162 2857 1311 2891 dentibus
1336 2858 1461 2901 sputis,
1483 2873 1578 2904 quam
1599 2862 1624 2895 fi
1647 2863 1716 2895 alio
1737 2874 1773 2896 ac
1795 2877 1883 2899 aeneo
1897 2890 1905 2904 ,
1930 2870 1999 2903 vase
2010 2874 2177 2906 continea-

1162 2912 1217 2950 tur
1239 2914 1249 2940 ,-
1284 2901 1323 2935 ad
1347 2903 1428 2937 illud
1451 2908 1537 2937 enim
1558 2908 1813 2948 experimentum
1846 2909 1973 2948 facilius
1996 2917 2177 2959 certiusque

1162 2947 1338 2979 ineundum
1361 2958 1462 2990 neque
1486 2947 1630 2983 idoneam
1656 2950 1712 2983 effe
1726 2974 1740 2991 5
1762 2961 1799 2985 ut
1821 2957 1918 2989 multi
1941 2959 2139 2994 arbitrantur
2166 2986 2176 2999 .

1163 3000 1281 3038 aquam·
1300 3001 1414 3040 puram
1433 3015 1441 3029 ‚
1473 2994 1593 3034 quippe
1618 2995 1724 3027 minus
1755 3007 1853 3038 quarn
1875 3010 2007 3042 oportet
2027 3027 2040 3044 ‚
2075 3017 2174 3047 neque

1164 3042 1244 3065 item
1267 3044 1445 3073 marinam,
1468 3036 1588 3082 quippe
1622 3037 1721 3080 paulo
1743 3042 1843 3083 magis
1866 3054 1963 3086 quam
1995 3059 2076 3090 opus
2099 3048 2140 3083 est
2164 3075 2172 3087 ,

1164 3075 1372 3110 resistentem.
1398 3079 1621 3114 confirmabat
1634 3090 1763 3121 autem,
1788 3084 1846 3119 sibi
1862 3087 1919 3121 hac
1943 3092 2066 3124 ratione
2077 3104 2173 3135 quam

1165 3122 1320 3164 proponit
1346 3121 1583 3170 Hippocrates,
1607 3126 1786 3167 periculum
1810 3130 1889 3173 saepe
1913 3130 2066 3171 facienti,
2091 3147 2172 3169 nun-

1166 3175 1263 3206 quam
1278 3175 1340 3197 non
1354 3165 1623 3206 Hippocraticam
1632 3169 1876 3212 praediffionem
1892 3175 2080 3218 respondisse
2095 3190 2171 3212 :nec

1164 3219 1306 3250 quorum
1338 3207 1430 3250 spUta
1452 3211 1605 3245 natalient
1624 3237 1636 3252 ‚
1669 3224 1724 3247 eos
1744 3215 1789 3247 ita
1821 3217 1907 3251 brevi
1931 3244 1939 3256 ,
1973 3230 2008 3253 ut
2032 3232 2169 3264 quorum

1166 3250 1388 3301 subsederant,
1411 3254 1557 3302 periisse3
1581 3264 1692 3290 utnon
1704 3257 1865 3294 dubitaret
1876 3287 1889 3303 ‚
1912 3261 1934 3294 fi
1948 3264 2072 3304 postea,
2095 3278 2169 3299 cum

1166 3293 1309 3328 deterior
1345 3295 1494 3330 Videlicet
1519 3297 1625 3334 factus«
1654 3301 1728 3334 esset
1750 3313 1862 3337 eorum
1898 3307 2031 3341 morbus
2054 3335 2062 3347 ‚
2097 3319 2167 3344 turn

1165 3338 1272 3389 rursus
1302 3348 1434 3390 captum
1457 3340 1528 3375 esset
1561 3346 1813 3386 experimentum
1833 3373 1842 3387 ‚
1874 3360 1937 3382 non
1970 3349 2133 3386 dubitaret
2157 3376 2167 3391 ,

1165 3393 1314 3425 inquam,
1337 3394 1415 3424 quin
1430 3383 1531 3430 *sputa
1555 3386 1686 3422 fuissent
1709 3389 1746 3421 ad
1770 3388 1907 3425 fundum
1931 3394 2070 3435 lapsura.
2096 3397 2169 3429 Nec

1162 3436 1237 3458 vero
1259 3427 1395 3474 colleeta
1420 3428 1533 3473 sputa,
1557 3430 1643 3472 quod
1666 3432 1761 3465 multi
1785 3431 1909 3469 faciunt
1930 3460 1943 3477 ‚
1965 3437 2003 3471 de
2027 3440 2110 3481 pelvi
2134 3442 2170 3473 in

1162 3481 1277 3512 aquam
1299 3470 1417 3513 dejici,
1442 3472 1492 3506 sed
1518 3473 1557 3506 ab
1579 3475 1655 3516 aegri
1688 3473 1783 3518 ipsius
1806 3490 1859 3512 ore
1879 3503 1892 3520 ,
1925 3489 1962 3514 ut
1984 3482 2170 3525 Hippocra-

1168 3522 1217 3564 tes
1234 3514 1344 3558 jubet,
1369 3516 1402 3548 in
1428 3526 1542 3559 aquam
1567 3518 1678 3564 rejici.
1703 3516 1852 3562 voleba't,
1875 3525 1944 3556 imo
1967 3524 2006 3557 ab
2031 3526 2102 3568 ipso
2125 3539 2167 3560 ae-

1168 3568 1218 3600 gri
1251 3559 1401 3601 pulmone
1420 3583 1429 3596 ‚
1460 3562 1494 3593 δε
1531 3560 1565 3593 id
1596 3562 1708 3604 saepius
1729 3585 1741 3603 ,
1776 3566 1875 3608 probe
1897 3567 2043 3602 conscius
2064 3594 2076 3611 2
2110 3581 2167 3604 nec

1171 3600 1263 3643 sputa
1287 3602 1404 3645 semper
1437 3614 1453 3636 a
1476 3606 1616 3638 maxime
1647 3606 1761 3641 vitiata
1785 3610 1948 3651 pulmonis
1982 3622 2070 3654 parte
2093 3615 2171 3649 edu-

1169 3647 1200 3678 ci
1220 3668 1230 3684 ,
1264 3648 1297 3679 &
1318 3655 1430 3679 contra
1453 3646 1532 3690 quid
1556 3646 1630 3691 ipsis
1652 3649 1817 3693 postquam
1839 3653 1951 3687 eduera
1976 3655 2048 3689 sunt
2073 3678 2082 3694 ‚
2118 3668 2173 3700 per

1686 3694 1720 3726 G
1741 3707 1762 3737 g
2012 3711 2129 3734 moram

106 3756 2180 3784 Ἢ

169 3815 184 3843 (
196 3814 239 3844 s)
253 3818 290 3840 De
305 3815 394 3841 suecor.
410 3815 481 3841 bonit
509 3816 533 3840 ἃ
549 3816 594 3840 vit.
610 3824 624 3841 e
649 3826 672 3846 ⁴·

170 3845 355 3904 ἓῖἒςοηπη.
374 3854 397 3873 1·
413 3846 438 3871 in
454 3847 472 3871 l.
490 3850 512 3870 6.
529 3848 553 3872 S.
570 3855 593 3871 a„
610 3848 675 3877 Aph.
695 3855 717 3877 9.
732 3850 832 3874 Coacar.

895 3852 935 3882 (y
950 3853 1134 3884 >Se&.5.11.

262 3884 286 3900 in
303 3878 375 3902 Coae.
395 3879 409 3902 l.
429 3885 451 3900 2..
469 3885 490 3901 c.
510 3884 547 3907 17.
567 3885 589 3901 n,
607 3886 630 3907 3.

693 3880 707 3909 (
723 3887 734 3903 e
749 3880 763 3908 )
779 3882 877 3905 Comm.
895 3883 920 3907 in
936 3889 977 3907 eit.
997 3884 1056 3912 Aph.
1076 3893 1111 3909 xo.

734 3818 749 3847 (
765 3824 777 3842 ι
793 3818 890 3849 )Epist.
907 3830 929 3850 4.
946 3829 971 3846 n.
988 3829 1026 3847 ιιΔ
1044 3825 1066 3848 8:
1081 3823 1154 3853 Epist.
1173 3834 1211 3851 ιο.
1229 3834 1254 3851 n.
1274 3835 1310 3852 11.

1372 3828 1384 3851 (
1399 3836 1415 3851 u
1431 3831 1442 3854 >
1458 3831 1494 3853 De
1510 3829 1575 3854 enus
1597 3828 1619 3852 &
1637 3834 1687 3853 not.
1705 3829 1812 3856 diuturni
1831 3832 1909 3859 affe-st.
1929 3834 1944 3858 l.
1962 3841 1984 3860 x·
2001 3842 2022 3859 c.
2039 3842 2059 3865 9.

1196 3858 1211 3886 (
1227 3864 1244 3884 z
1261 3856 1270 3887 )
1287 3857 1340 3887 aph
1369 3858 1441 3883 modo
1456 3860 1499 3885 cit.
1563 3863 1577 3890 ζ
1594 3868 1609 3884 a
1626 3859 1640 3889 )
1658 3860 1718 3890 Aph.
1738 3870 1776 3887 io.
