2498 4075
439 181 595 248 Epist.
627 180 791 232 Anat.
827 176 1045 235 Medica
1081 175 1230 229 XVI.
1268 172 1393 239 Art.
1423 170 1503 241 48,
1538 174 1593 226 ὃ(
1627 187 1707 237 49.

47 260 235 298 anxietate,
258 256 406 301 scripsit,
429 257 486 292 esse
509 256 717 299 conjunetum
739 267 750 291 ‚·
779 258 812 289 &
834 253 1049 289 Hoffmannus

56 303 198 337 Viduam
211 326 218 339 ,
241 313 338 345 quarn
356 300 471 334 ‘eodem
495 300 649 336 afflictam
671 300 786 331 morbo
805 299 1049 346 memoravimus

56 350 71 387 (
92 358 110 379 a
132 350 164 386 ),
186 346 223 379 de
245 345 352 387 mssagno
371 345 502 386 pondere
531 354 582 377 cor
601 350 790 385 aggravante
810 366 822 382 ,
853 342 897 375 &⁶
919 340 1050 382 resprra-

58 391 172 426 tionem
194 388 377 430 impediente
400 388 512 430 aegrius
531 385 717 427 conquestam
733 383 828 429 fuiffe
847 409 856 422 ,
879 383 1013 417 tradidit
1038 407 1046 414 .

57 434 133 466 Huc
155 432 261 465 virum
283 429 397 467 referes
412 456 419 468 ,
442 431 497 473 qui
523 432 669 463 Pantono
692 430 774 470 patri
810 433 821 468 (
845 428 864 461 h
886 433 900 469 )
927 426 1049 470 gravis-

53 475 130 518 fimo
147 476 279 518 pondere
299 474 434 516 pectoris
449 472 485 514 se
501 472 535 514 se
558 471 714 513 opprimi,
739 471 891 512 dicebat,
913 470 970 503 nisi
982 470 1050 503 for-

56 528 89 552 te
111 516 304 560 copiofiffimo
337 516 504 560 pei-icardii
529 515 595 548 sero
629 514 664 547 id
687 515 793 549 minus
826 513 1051 557 imputandum

55 560 244 603 suspicaris,
267 572 361 603 quam
381 558 463 594 duro
484 557 641 600 densoque
663 558 827 600 pulmoni,
851 568 886 591 ut
899 556 1051 600 quemad-

55 604 193 646 modum
212 603 392 640 franciscus
415 602 542 643 Sylvius
563 604 577 640 (
599 601 649 642 c-)
673 611 737 634 non
761 613 831 635 raro
854 599 1067 640 offenderam.

54 649 184 683 minime
206 647 454 681 membranaceus
472 668 485 684 ,
510 644 564 687 sed
582 643 674 687 plane
697 645 839 689 carnosus
861 645 1019 677 videretur
1044 669 1051 676 .

53 692 98 724 At
123 690 251 728 facilius
275 689 410 732 {peecare
434 688 495 721 huc
517 711 529 729 ‚
565 687 671 721 credes
690 685 865 730 preffionem
896 688 988 720 illam
1020 688 1053 721 in

51 734 196 776 Ρεῐὲονε,
220 737 253 767 &
277 740 385 766 tantas
407 730 479 763 illas
501 731 603 764 cordis
615 729 810 772 oppreffiones
822 755 833 771 ,
856 742 931 774 quas
955 732 989 763 in
1000 743 1053 772 pe-

55 777 185 811 ricardii
210 776 354 820 hydrope
378 773 571 807 adnotarunt
594 774 647 807 Cl.
660 774 736 806 Viri
751 772 949 809 Schreiberus
972 774 1059 813 (d),

55 824 88 854 δε
113 819 278 855 Fischerus
300 822 314 858 (
336 829 350 851 e
372 821 385 857 )
414 843 421 849 .
457 820 580 851 Verum
602 816 669 850 haec
701 815 756 849 etsi
782 819 898 850 rationi
933 828 1059 860 quoque

55 864 195 897 consona
222 863 318 903 sunt;
339 872 447 895 vereor
458 871 562 894 tamen
574 884 587 901 ‚
610 869 645 894 ut
655 859 717 906 sint
741 861 847 903 qualia
861 865 1057 904 quaerimus,

54 918 127 940 curn
147 909 181 939 in
206 905 361 940 accuratis
386 903 561 939 Vieuffenii
586 904 873 938 Obiervationibus
905 902 988 947 (f)
1013 904 1060 935 vi·

54 948 145 983 deam
170 948 374 992 praetermiffa
395 972 408 989 ,
430 950 464 981 in
488 947 721 982 observatione
744 957 849 981 autem
873 948 953 980 Olai
977 948 1057 980 Bor-

57 993 156 1026 richii
179 995 192 1031 (
211 1004 233 1035 g
253 996 268 1032 )
291 991 408 1025 diserte
431 1001 543 1034 negata
558 1015 567 1028 ‚
593 1000 688 1033 atque
711 1003 721 1029 3
744 1000 780 1025 ut
805 990 961 1024 Valsalvae
985 990 1057 1032 plu-

61 1047 108 1069 res
130 1037 305 1075 omittam;
326 1046 399 1068 cum
423 1037 555 1069 Senator
578 1034 785 1067 Bononiensis
807 1038 820 1073 (
842 1034 862 1067 h
884 1038 919 1074 )‚
944 1037 1057 1066 &mu-

54 1080 146 1112 lieres
168 1079 238 1112 duae
261 1083 274 1118 (
298 1079 310 1111 i
331 1082 345 1118 >
370 1102 380 1118 ‚
413 1079 446 1112 in
470 1078 588 1120 quibus
619 1078 769 1111 omnibus
793 1076 963 1119 pericardii
994 1075 1057 1118 hy-

55 1122 191 1165 dropem
212 1121 388 1164 conspexi,
412 1122 533 1155 nullam
556 1131 697 1163 unquam
711 1119 749 1153 de
772 1120 927 1164 ejusmodi
953 1119 990 1153 ad
1002 1132 1058 1153 cor

53 1174 111 1199 aut
137 1164 305 1207 ponderis,
328 1174 383 1198 aut
408 1165 559 1198 molestiae
582 1163 840 1207 sensuquerelam
864 1164 1055 1198 habuerint:

53 1211 87 1242 δε
111 1210 258 1251 quamvis
280 1219 389 1243 earum
412 1210 507 1241 altera
532 1210 565 1241 in
590 1209 719 1241 thorace
744 1208 867 1250 pondus
893 1208 1021 1241 sentiret
1046 1220 1056 1246 5

54 1253 88 1284 in
114 1252 210 1295 ipsius
233 1262 338 1285 tamen
362 1252 505 1285 thoracis
517 1252 667 1292 dextero,
695 1250 881 1294 finistroque
903 1263 981 1284 cavo
991 1262 1058 1283 ma-

54 1306 115 1338 gna
139 1297 186 1329 vis
211 1307 297 1339 aqua:
321 1305 386 1328 erat
410 1294 524 1329 effusa.
550 1294 647 1328 Unde
670 1292 793 1328 saecum
816 1294 859 1328 est
878 1319 890 1335 ,
923 1304 958 1329 ut
983 1294 1061 1327 alte-

55 1350 124 1372 ram
149 1340 288 1373 Fautoni
313 1341 413 1380 patris
436 1342 449 1377 (
472 1341 522 1379 lt)
547 1338 814 1372 Observationem
842 1360 851 1375 ‚
883 1341 915 1371 &
939 1338 1059 1372 Gerbe-

51 1384 99 1416 zii
122 1385 136 1422 (
159 1382 171 1415 l
192 1386 226 1423 )‚
251 1383 371 1416 Boneti
394 1385 408 1422 (
429 1393 460 1415 m
484 1386 494 1421 )
517 1405 526 1419 ,
561 1382 705 1417 Kellneri
732 1386 747 1421 (
768 1392 788 1414 n
808 1386 823 1422 )
843 1405 856 1422 ‚
886 1383 1058 1417 Reimanni

54 1429 69 1466 (
92 1438 108 1460 ο
131 1429 174 1466 )‚
196 1425 333 1469 aliasque
358 1426 457 1469 paulo
481 1435 551 1459 ante
574 1436 638 1458 non
661 1425 870 1467 produxerim
888 1448 896 1455 .
930 1426 1060 1466 Nempe

30 1474 32 1477 ’
54 1471 90 1502 in
116 1468 203 1502 hisce
226 1469 264 1502 de
285 1479 373 1503 onere
396 1479 506 1512 magno
525 1468 645 1510 petrori
667 1468 808 1510 impofito
828 1494 835 1508 ,
867 1467 905 1501 de
925 1468 1061 1509 pesteris

49 1512 233 1555 gravitate,
256 1511 293 1547 de
313 1514 484 1555 gravatim
516 1510 616 1545 dolore
636 1512 676 1544 ad
699 1510 837 1551 sternam
860 1513 960 1545 imum
983 1537 993 1553 ‚
1024 1511 1062 1544 de

51 1555 190 1597 petieris
206 1555 365 1598 siriHuris
376 1578 388 1596 ,
411 1558 453 1589 ἵν
475 1553 690 1589 anxietatibus
710 1554 964 1595 praecordialibus
983 1579 992 1595 ‚
1025 1555 1063 1587 de

55 1597 192 1641 angustia
212 1599 472 1641 praecordiorum,
495 1601 526 1630 &
550 1596 588 1630 de
610 1595 697 1630 sensu
720 1598 819 1631 cordis
835 1596 897 1640 filn'
913 1596 1065 1641 compreffi

53 1641 191 1685 querelas
225 1639 415 1683 conjunctas
437 1641 569 1682 quidem
605 1639 677 1682 lego
699 1651 772 1675 cum
806 1639 951 1684 hydrope
978 1644 1066 1682 peri-

53 1685 178 1718 cardii:
205 1684 254 1718 sed
277 1683 362 1717 hunc
386 1682 479 1716 fimul
505 1683 577 1725 lego
600 1683 635 1716 in
658 1684 772 1725 primis
795 1694 934 1728 quatuor
944 1684 1065 1719 Obser-

52 1728 235 1762 vationibus
248 1739 324 1761 cum
348 1725 493 1769 hydrope
505 1726 648 1760 thoracis
671 1726 902 1770 conjunctum,
924 1730 959 1762 in
971 1730 1067 1772 quin-

53 1773 105 1804 &a
128 1781 235 1805 autem
258 1782 332 1804 cum
357 1770 571 1813 amplitudine
594 1769 721 1812 cordis,
745 1771 879 1815 aliisque
902 1770 969 1815 ejus
989 1796 1001 1813 ,
1033 1775 1067 1805 &

54 1815 183 1856 Magnae
207 1816 330 1849 arteriae
355 1815 466 1853 vitiis,
492 1826 564 1858 quae
586 1812 692 1848 cordis
717 1814 932 1858 magnitudO,
955 1827 1009 1850 nec
1032 1827 1065 1848 ea

51 1857 218 1900 vulgaris,
242 1867 308 1891 erat
335 1858 433 1891 etiam
455 1859 489 1891 in
512 1866 624 1902 quarta
638 1880 650 1897 ,
674 1868 773 1901 neque
796 1860 831 1891 in
854 1858 988 1893 secunda
1011 1860 1066 1893 de-

53 1899 182 1936 fuerant
207 1902 269 1935 alia
292 1924 302 1938 ‚
337 1904 370 1936 &
394 1902 590 1935 nominatim
608 1900 825 1944 glandulosum
856 1912 966 1945 corpus
983 1902 1067 1945 scir-

52 1943 177 1986 rhosum
191 1966 201 1981 ‚
224 1944 333 1988 quod,
356 1953 474 1979 remoto
490 1944 590 1983 sterno
614 1968 622 1981 ‚
648 1943 683 1986 se
717 1944 860 1979 exhibuit
881 1969 891 1985 ‚
927 1955 1066 1980 extremo

53 1998 113 2030 imo
130 1987 291 2029 pulmonis
313 1988 417 2022 dextri
440 1985 585 2030 inferiori
607 1987 674 2021 lobo
697 1986 826 2032 affixum
842 2011 855 2028 ,
888 1989 986 2023 altero
1010 2001 1066 2024 au-

53 2040 120 2063 tem
143 2031 322 2071 mediastino
342 2054 351 2070 ‚
387 2031 429 2064 ἕ]-
452 2030 687 2073 diaphragmari
703 2055 713 2066 .
744 2034 858 2074 Itaque
880 2031 934 2065 etfi
958 2045 1065 2068 earum

54 2074 256 2117 querelarum
280 2074 407 2108 causam
429 2085 468 2107 ex
500 2083 589 2116 parte
612 2074 711 2107 velim
743 2077 834 2118 aquis
858 2075 997 2111 tribuere
1029 2079 1063 2110 in

54 2117 235 2159 pericardio
258 2117 531 2156 redundantibus5
556 2127 662 2151 tamen
685 2119 774 2162 quod
797 2121 830 2156 in
854 2121 961 2162 priore
985 2122 1066 2153 Fan-

54 2163 128 2194 toni
151 2160 392 2195 Observatione
416 2159 501 2198 feci,
525 2160 565 2206 iti*
582 2162 616 2192 in
640 2159 691 2193 his
714 2172 839 2203 quoque
862 2161 993 2204 singulis
1017 2162 1066 2195 fa-

54 2215 123 2237 cere
143 2205 274 2239 coaetus
298 2201 409 2243 essem,
431 2212 467 2237 ut
492 2203 600 2245 plusne
624 2205 665 2235 iis
688 2205 778 2245 aquis
798 2228 809 2243 ,
835 2216 873 2238 an
897 2207 969 2239 aliis
992 2217 1066 2239 cau-

60 2247 98 2281 sis
124 2247 351 2290 imputandum
375 2245 452 2285 esse,
475 2246 680 2286 dubitarem,
703 2257 772 2288 quae
795 2247 938 2288 autsuo,
965 2260 1068 2292 eoque

56 2289 198 2332 majori,
223 2290 362 2332 pondere
383 2287 590 2332 diaphragma
615 2300 847 2332 praegravarent
873 2313 883 2328 ,
916 2301 970 2326 aut
994 2293 1067 2334 pul-

57 2344 187 2373 mones,
212 2336 244 2367 &
267 2344 323 2366 cor
347 2332 453 2375 ipsum
470 2357 480 2372 ‚
501 2342 555 2366 aut
578 2332 669 2373 vasa,
694 2342 830 2376 utroque
853 2337 1065 2377 pertinentia,

57 2376 253 2413 coarctando
273 2402 283 2416 ,
316 2376 416 2409 aliave
438 2377 543 2418 aliqua
576 2377 699 2408 ratione
724 2376 876 2418 expedito
900 2378 1063 2420 sanguinis

58 2432 113 2464 per
138 2431 194 2452 cor
216 2416 362 2453 transitui
387 2417 559 2452 officiendo
578 2442 591 2458 ‚
623 2430 678 2451 eos
701 2419 782 2452 alios
806 2419 909 2454 sensus
932 2421 1063 2456 induce-

53 2466 128 2498 'rent
151 2463 189 2497 de
211 2463 326 2506 quibus
349 2461 474 2494 dietum
497 2461 539 2495 est
560 2485 568 2493 .
606 2461 679 2495 Post
700 2474 770 2512 quae
805 2465 908 2498 minus
934 2465 1066 2500 necessa-

58 2509 144 2542 rium
165 2505 244 2547 esse,
265 2515 347 2548 puto
374 2529 383 2544 ,
408 2504 554 2547 Epistola
578 2505 753 2547 praesertim
776 2508 903 2549 longius
922 2532 935 2549 ,
968 2521 1065 2552 quam

58 2551 158 2584 initio
179 2548 328 2588 credidi,
352 2546 508 2589 producta
528 2572 542 2590 ,
577 2560 614 2581 an
639 2549 689 2581 illi
713 2548 772 2591 ipfi
804 2550 905 2585 sensus
928 2553 976 2585 vel
1002 2552 1063 2586 fine

36 2596 38 2598 ’
58 2595 130 2629 ullo
152 2592 323 2637 pericardii
347 2589 493 2634 hydrope
514 2616 524 2634 ,
557 2592 686 2627 aliunde
709 2592 767 2628 esse
804 2595 968 2630 interdum
991 2597 1066 2640 pos-

58 2637 141 2675 fint‚
165 2636 363 2679 disquirere,
387 2635 554 2679 multoque
578 2637 682 2670 minus
706 2635 745 2670 de
767 2638 1002 2680 palpitatione,
1025 2641 1064 2673 de

27 2693 29 2696 ·
55 2679 225 2724 pulsibus,
251 2678 288 2712 de
310 2678 492 2713 lumborum
515 2678 626 2713 dolore
646 2703 660 2722 ,
682 2681 720 2715 de
743 2681 859 2724 quibus
884 2682 977 2727 supra
999 2686 1065 2725 (p)

61 2724 137 2758 satis
159 2723 283 2757 dietum
305 2722 371 2763 est,
395 2722 485 2756 verba
509 2721 631 2756 facere.

104 2768 157 2811 48.
183 2767 268 2808 Qae
290 2767 398 2799 omnia
430 2777 503 2800 cum
527 2767 573 2799 ita
595 2765 657 2800 fint
680 2781 689 2805 3
720 2767 843 2802 diutius
868 2769 971 2808 adhuc
1008 2768 1067 2803 effe

62 2810 310 2854 expectandum,
332 2810 431 2857 facile⁴
448 2808 552 2843 credes
566 2836 575 2849 ,
600 2820 770 2854 antequam
783 2812 823 2846 ad
847 2812 931 2847 hunc
953 2824 1066 2847 curan-

62 2855 141 2889 dum
164 2852 311 2887 morbum
335 2853 368 2886 in
392 2854 482 2887 usum
502 2852 663 2888 ducantur
686 2855 866 2889 terebratio
890 2855 1007 2896 sterni,
1032 2859 1064 2889 &

63 2897 234 2944 pericardii
258 2895 439 2938 perforatio
460 2919 470 2935 ‚
504 2897 544 2930 ab
567 2898 712 2930 Riolano
749 2900 782 2931 in
815 2899 1066 2942 Anthropotzra-

62 2942 141 2985 phia
163 2943 177 2980 (
197 2951 216 2982 q
237 2942 273 2980 )‚
296 2941 328 2975 &
352 2939 427 2973 alibi
459 2945 469 2980 (
494 2951 508 2972 r
532 2944 545 2980 )
577 2940 725 2974 indicatae
748 2967 757 2982 ‚
788 2942 810 2975 fi
835 2941 925 2984 juxta
949 2943 1066 2976 Schro-

64 2985 134 3019 ckii
156 2983 267 3027 (s),
291 2985 324 3015 ἃ·
346 2984 487 3017 Graetzii
510 2987 524 3023 <
545 2992 560 3017 t
581 2988 594 3025 )
619 2985 743 3018 monita
758 3009 767 3024 ‚
792 2985 953 3029 certrffime
973 2995 1064 3020 antea

63 3028 196 3069 constare
219 3025 307 3075 debet
330 3026 364 3059 de
386 3027 478 3069 ipsius
493 3027 558 3070 seri
580 3027 772 3063 abundantia
803 3029 835 3062 in
855 3030 1031 3071 pericardz'o
1054 3055 1064 3063 .

54 3070 216 3108 ,Necdum
239 3080 326 3102 enim
348 3070 435 3109 Ars,
456 3080 610 3114 quantum
633 3070 727 3104 video
750 3099 761 3113 ,
787 3071 866 3106 adeo
888 3072 1027 3115 profecit
1050 3097 1063 3114 ,

65 3124 103 3149 ut
126 3114 160 3148 id
183 3112 351 3146 certiffime
371 3134 380 3149 ‚
414 3115 447 3146 Sc
469 3115 628 3148 evidenter
650 3116 799 3158 cognosci
822 3126 916 3158 queat
940 3141 948 3149 .
987 3118 1064 3150 Uti-

65 3170 140 3192 nam
164 3157 290 3195 liceret,
319 3154 430 3197 saepius
452 3160 596 3199 repetitis
618 3159 892 3202 observationibus
910 3185 919 3199 ,
954 3159 976 3193 fi
999 3172 1064 3194 non

67 3203 129 3236 alia
162 3200 246 3243 ligna
280 3198 525 3249 animadvertere
545 3212 622 3240 ,at
658 3215 695 3236 ex
726 3205 766 3237 iis
800 3215 870 3247 quae
903 3203 1063 3247 proposita

67 3245 160 3282 sunt,
185 3256 256 3287 quae
280 3243 413 3286 saepius,
435 3254 504 3290 quae
529 3247 628 3280 rarius
650 3255 720 3281 tum
743 3249 829 3281 inter
852 3248 968 3284 initia,
992 3257 1064 3281 tum

68 3289 177 3322 saltem
202 3297 299 3330 prope
321 3286 426 3319 morbi
449 3287 565 3329 linem,
585 3289 689 3332 ipsum
711 3293 923 3330 comitentur,
952 3290 1066 3325 statue-

67 3343 119 3366 re.
147 3331 228 3364 Non
251 3341 322 3363 raro
345 3332 430 3363 enim
443 3331 557 3369 video,
581 3332 644 3366 hoc
655 3333 800 3368 detentos
824 3345 862 3368 ex
876 3335 1042 3378 improviso
1056 3361 1065 3375 ‚

68 3383 183 3418 praeter
205 3374 398 3418 afficientium
410 3374 652 3417 expeaationem
668 3401 680 3418 ,
703 3379 865 3420 inopinata
876 3387 996 3419 morte,
1019 3389 1067 3412 re-

64 3419 195 3465 pentina
217 3425 316 3452 morte
338 3417 487 3453 deceffiffe
511 3421 525 3457 (
547 3430 566 3451 u
586 3422 618 3459 ).
749 3423 873 3456 Interea
907 3422 961 3456 ubi
986 3422 1066 3455 alio-

1958 186 2043 233 ¹5¹

1097 263 1170 286 -rum
1194 248 1351 283 abfuerint
1385 249 1574 286 morborum
1598 246 1718 280 indicia
1739 269 1749 286 ‚
1782 246 1870 281 illius
1901 257 1980 279 vero
2010 248 2109 290 quem

1099 295 1175 331 huic
1214 291 1303 325 valde
1325 292 1452 325 affinem
1476 290 1533 326 esse
1557 313 1567 329 ‚
1598 290 1721 324 constat
1740 313 1753 330 ,
1783 289 1939 332 hydropis
1962 286 2106 324 thorae?⁵

1098 339 1160 373 ¹alia
1182 335 1312 379 quidem
1334 334 1494 369 abfuerint
1510 359 1521 375 ,
1542 344 1579 368 ut
1604 333 1821 367 fluetuationis
1844 332 1945 370 sensus
1966 332 2001 365 in
2023 331 2102 366 tho-

1099 382 1180 415 racis
1205 378 1378 422 praesertim
1404 379 1544 420 partibus
1569 390 1584 410 a
1607 377 1702 410 corde
1719 376 1946 410 remotioribus
1963 398 1973 414 ,
1994 384 2031 410 ut
2047 375 2115 418 spi*

1101 423 1190 458 randi
1214 423 1315 455 ereeta
1348 422 1466 456 cervice
1490 421 1646 455 necessitas
1679 419 1748 462 post
1771 420 1886 461 primas
1916 418 2113 462 potiffimum

1101 468 1203 501 somni
1227 464 1345 505 horas,
1368 474 1403 498 ut
1425 464 1593 499 decubitus
1617 465 1650 496 in
1675 464 1866 497 alterutrum
1899 463 1982 496 latus
2004 463 2112 498 multo

1102 510 1270 545 difficilior
1291 521 1301 547 5
1335 519 1436 552 neque
1457 509 1543 541 enim
1568 507 1678 550 saepius
1702 505 1820 539 accidit
1841 530 1854 546 ,
1888 515 1924 539 ut
1946 517 2000 547 par
2020 517 2112 549 aquae

1099 555 1196 596 ..copia
1219 555 1252 585 in
1275 560 1445 593 utrumque
1467 551 1609 584 thoracis
1630 561 1744 584 cavum
1767 550 1850 582 intra
1873 547 1959 584 idern
1988 559 2113 592 tempus

1096 605 1294 639 congeratur
1315 608 1326 634 5
1361 595 1421 628 alia
1446 604 1550 629 autem
1574 591 1899 637 ejusdemffhydropis
1923 591 2043 625 indicia
2064 592 2112 624 vel

1105 641 1190 674 nulla
1214 638 1297 679 fint,
1321 639 1368 674 vel
1393 639 1497 672 multo
1522 639 1641 670 leviora
1656 661 1669 677 s
1691 645 1727 671 ut
1752 646 1881 671 artuum
1903 645 2011 670 tumor
2031 659 2044 676 ‚
2075 643 2113 670 ut

1105 683 1216 723 tuffis,
1237 691 1272 716 ut
1296 681 1387 719 sitis;
1410 694 1495 724 aeger
1519 692 1592 714 vero
1604 681 1643 714 ad
1665 679 1765 721 ipsam
1788 680 1893 713 cordis
1905 677 2006 712 sedem
2030 689 2113 720 pon-

1102 728 1162 761 dus
1185 725 1271 770 quasi
1294 724 1456 768 quoddam
1479 724 1594 759 sentiat
1617 747 1627 761 ,
1653 724 1691 756 ad
1715 733 1840 756 motum
1864 731 1971 757 autem
1994 733 2114 762 corpo-

1111 772 1154 803 ris
1177 772 1318 812 opprimi
1341 781 1419 809 cor,
1442 772 1474 802 &
1498 765 1582 811 quafi
1605 767 1780 809 constringi
1804 789 1812 803 ,
1836 766 1950 809 spiritu
1973 765 2117 808 quadan-

1111 825 1201 847 tenus
1224 811 1388 846 deficiente
1410 836 1423 853 ‚
1456 811 1523 845 haec
1546 822 1621 843 vero
1652 810 1718 853 ipsa
1743 810 1897 845 tollantur
1919 820 1996 841 mox
2015 832 2028 849 ‚
2062 816 2117 841 aut

1111 859 1278 896 leventur,
1301 867 1375 889 cum
1397 856 1498 898 quieti
1524 853 1551 886 se
1575 853 1736 892 restituet,
1760 851 2023 895 commodiusque
2034 850 2117 888 hanc

1108 902 1215 943 capiat
1238 899 1427 933 decumbens
1451 898 1566 932 humili
1589 899 1714 938 capite:
1738 896 1793 930 ubi
1813 921 1825 937 ‚
1849 897 1978 938 inquam
2001 919 2013 936 ,
2047 894 2118 928 haec

1111 945 1217 976 omnia
1242 942 1333 976 simul
1359 942 1501 982 fuerint,
1524 950 1579 974 aut
1604 940 1713 973 saltem
1735 940 1902 983 complura
1924 951 1934 977 3
1959 950 2018 980 ego
2041 939 2115 980 qui-

1108 987 1180 1020 dem
1204 985 1247 1019 ob
1271 985 1432 1028 plerasque
1455 995 1564 1017 earum
1586 1010 1593 1022 ,
1626 996 1694 1025 quae
1719 981 1809 1026 supra
1842 992 1894 1016 aut
1917 980 2082 1024 descriptae
2107 1002 2119 1019 ,

1110 1039 1164 1064 aut
1188 1039 1445 1062 commemoratae
1459 1028 1528 1061 sunt
1543 1051 1551 1064 ‚
1577 1026 1871 1062 Observationurm
1896 1024 1951 1058 etsi
1977 1036 2036 1068 pro
2051 1035 2120 1058 cer-

1110 1084 1146 1108 to
1170 1084 1234 1106 non
1258 1071 1503 1115 pronunciab03
1526 1071 1590 1102 veri
1616 1078 1720 1103 tamen
1745 1069 1972 1108 simillimum,
1996 1071 2028 1100 δε
2051 1077 2120 1101 ma-

1109 1120 1195 1152 xime
1219 1115 1383 1159 probabile
1396 1113 1477 1154 esse,
1498 1114 1609 1147 dixero
1627 1134 1635 1148 ‚
1660 1111 1836 1154 hydropem
1849 1111 1906 1146 esse
1931 1110 2120 1153 pericardi—i.

1109 1162 1234 1195 Dixero
1256 1168 1362 1192 autem
1387 1167 1478 1190 tanto
1502 1157 1629 1190 facilius
1649 1179 1660 1196 ,
1694 1154 1718 1187 fi
1741 1166 1888 1196 praeterea
1911 1166 1949 1187 ex
1972 1155 2012 1187 iis
2035 1153 2122 1186 forte

1109 1216 1191 1248 aeger
1213 1202 1252 1236 fit
1274 1204 1329 1245 qui
1355 1211 1435 1235 tunc
1455 1199 1512 1233 fibi
1537 1211 1592 1232 cor
1614 1197 1697 1240 quasi
1723 1198 1755 1230 in
1780 1211 1858 1243 aqua
1882 1207 1989 1232 natare
2014 1221 2026 1238 ,
2051 1196 2122 1229 sen-

1110 1250 1196 1282 tiunt
1223 1273 1231 1285 ,
1257 1255 1310 1278 aut
1334 1247 1367 1278 in
1392 1245 1505 1287 quibus
1527 1242 1720 1286 significatio
1743 1241 1802 1275 alia
1827 1242 1934 1285 aliqua
1967 1240 2010 1274 est
2033 1251 2123 1282 aquae

1110 1293 1144 1324 in
1168 1290 1307 1324 distento
1329 1288 1507 1331 pericardio
1526 1311 1539 1329 ,
1563 1298 1626 1319 non
1651 1286 1727 1318 alibi
1754 1310 1761 1322 ,
1794 1285 1984 1321 Ηυξὶιιειηῑὶς
2006 1309 2013 1315 .
2048 1284 2122 1316 Nec

1110 1347 1185 1368 vero
1207 1333 1264 1369 ubi
1287 1333 1453 1374 complura
1475 1342 1585 1365 eorum
1609 1329 1729 1363 fuerint
1753 1340 1823 1371 quae
1834 1329 2034 1367 memoravi,
2058 1326 2123 1362 alia.

1111 1377 1258 1421 quaedam
1280 1386 1484 1410 contemnam
1508 1374 1612 1417 signa,
1638 1384 1670 1406 ut
1690 1372 1797 1405 cordis
1822 1374 1857 1405 iu
1882 1372 1994 1414 primis
2016 1370 2124 1412 palpi-

1112 1423 1270 1455 tationem
1291 1430 1302 1460 ,·
1335 1430 1519 1463 quanquam
1541 1419 1596 1450 vix
1621 1417 1653 1448 in
1689 1427 1748 1449 una
1774 1415 1839 1448 fuit
1863 1428 1877 1448 a
1903 1426 1953 1448 me
1983 1414 2046 1447 tibi
2070 1412 2126 1446 de-

1114 1465 1303 1508 scriptarum
1327 1472 1380 1496 tot
1404 1462 1680 1495 Observationum
1703 1458 1938 1497 animadversa3
1962 1465 2127 1492 utextre-

1114 1521 1163 1542 ma
1187 1518 1314 1550 quoque
1337 1505 1539 1548 subfrigida,
1565 1514 1600 1541 ut
1627 1504 1780 1545 pallorem
1804 1501 1922 1541 faciei,
1947 1500 2129 1534 labrorum-

1113 1564 1174 1596 que
1198 1551 1372 1594 praesertim
1393 1572 1406 1589 ,
1441 1552 1472 1582 &
1498 1547 1718 1592 palpebrarum
1738 1570 1751 1586 ,
1786 1546 1824 1579 ad
1848 1545 2033 1587 plumbeum
2055 1555 2127 1576 ver-

1115 1604 1243 1639 gentem
1265 1618 1278 1634 ,
1309 1596 1341 1630 &
1364 1605 1435 1636 quae
1460 1592 1531 1625 sunt
1556 1589 1652 1632 hujus
1676 1590 1800 1632 generis
1823 1589 1882 1622 alia
1911 1612 1920 1626 ‚
1953 1599 2025 1632 quae
2048 1598 2127 1622 cum

1101 1639 1279 1673 vinterdum
1302 1645 1357 1670 aut
1379 1646 1540 1680 quaerere,
1563 1643 1656 1675 atque
1679 1631 1838 1665 attendere
1871 1632 2034 1678 negligant
2056 1631 2131 1664 Me·

1118 1683 1206 1720 dici,
1229 1691 1284 1714 aut
1306 1681 1384 1722 aegri
1409 1679 1535 1719 dicere,
1556 1679 1676 1720 quippe
1699 1677 1789 1710 rudes
1813 1677 1947 1719 persaepe
1958 1673 2104 1709 homines
2118 1700 2128 1714 ,

1120 1731 1152 1761 &
1176 1724 1378 1767 gravioribus
1403 1722 1520 1759 afflieti
1544 1734 1553 1765 5
1587 1732 1650 1753 non
1677 1721 1796 1753 mirum
1822 1719 1894 1752 esset
1919 1741 1928 1756 ,
1965 1717 1987 1751 fi
2007 1742 2020 1759 ‚
2052 1729 2127 1754 cum

1117 1764 1268 1809 fuissent,
1292 1769 1324 1800 in
1348 1765 1666 1809 quibusdam-tamen
1691 1760 1894 1805 praetermissa
1905 1760 2001 1796 effent
2025 1760 2129 1797 histo.

1119 1816 1209 1847 riiis.
1345 1811 1424 1843 Haec
1449 1810 1487 1843 de
1511 1807 1674 1844 Thoracis
1699 1806 1883 1850 Hydrope,
1908 1808 1940 1839 δε
1964 1804 2060 1847 hujus
2072 1817 2128 1838 oc-

1117 1856 1260 1894 casione,
1284 1855 1382 1887 etiam
1405 1852 1576 1888 Pericardii
1600 1852 1632 1884 in
1657 1850 1820 1894 praesentia
1846 1848 2026 1893 habuiquae
2050 1849 2127 1886 scri-

1117 1904 1225 1937 berem
1238 1924 1246 1932 .
1271 1898 1352 1933 Vale
1367 1923 1374 1930 .

1160 2044 1213 2077 49.
1240 2033 1378 2066 HANC
1396 2054 1405 2071 ‚
1430 2039 1467 2066 ut
1493 2031 1530 2066 ad
1554 2040 1585 2064 te
1610 2032 1804 2066 remitterem
1819 2057 1833 2075 ,
1867 2032 2049 2077 Epistolam
2072 2034 2128 2067 vix

1116 2076 1329 2109 recensueram
1357 2099 1370 2116 ,
1408 2087 1482 2109 cum
1511 2076 1667 2109 eximium
1702 2075 1740 2109 de
1771 2077 1893 2111 Cordis
1927 2076 2092 2111 &rustum
2116 2100 2131 2117 5

1116 2121 1279 2158 Aetione,
1302 2122 1334 2152 δε
1357 2119 1486 2152 Morbis
1510 2119 1702 2153 Tractatum
1726 2122 1848 2155 Summi
1874 2122 1949 2154 Viri
1975 2124 2007 2154 &
2027 2119 2133 2163 Regis-

1119 2162 1330 2195 Potentiffimi
1352 2163 1524 2196 Gallorum
1547 2161 1714 2195 Archiatri
1739 2166 1823 2197 Petri
1847 2166 1970 2198 Senacii
1989 2165 2131 2210 Joannes

1118 2205 1259 2251 Baptista
1283 2206 1478 2240 Molinarius
1503 2206 1710 2239 Doetiffirnus
1736 2208 1907 2249 Medicus,
1930 2206 2131 2243 Humaniffi-

1117 2251 1274 2291 mulque,
1297 2249 1354 2292 qui
1378 2260 1428 2282 me
1452 2250 1512 2282 illo
1535 2248 1628 2282 sciret
1651 2249 1896 2292 jamquinetum
1919 2262 1957 2284 ex
1972 2263 2036 2294 quo
2059 2250 2130 2285 edi-

1117 2300 1168 2325 tus
1193 2293 1318 2337 fuerat,
1343 2303 1462 2325 annum
1486 2293 1626 2326 invitum
1650 2304 1772 2330 carere,
1797 2295 2130 2337 perliberaliterVin-

1118 2334 1246 2368 dobona
1270 2338 1388 2378 ulque,
1414 2337 1475 2369 huc
1499 2335 1536 2369 ad
1559 2348 1608 2369 me
1632 2335 1851 2378 perferendum
1874 2340 1996 2372 curavit
2025 2364 2032 2371 .
2058 2339 2127 2372 Ni-

1115 2378 1163 2412 hil
1187 2378 1253 2421 jam
1276 2379 1331 2411 diu
1355 2381 1470 2421 aegrius
1495 2379 1576 2418 tuli,
1599 2390 1695 2423 quam
1721 2379 1787 2413 sero
1812 2381 1935 2414 adeoin
1961 2394 2043 2415 meas
2058 2393 2130 2425 per-

1115 2421 1229 2457 venisse
1253 2433 1362 2455 manus
1386 2421 1539 2464 ejusmodi
1563 2425 1683 2464 Opus,
1707 2424 1744 2456 ex'
1768 2436 1833 2467 quo
1856 2436 1930 2458 cum
1953 2426 2042 2467 plura
2067 2426 2129 2459 alia

1116 2463 1239 2501 didici;
1264 2474 1334 2498 tum
1357 2465 1437 2498 illud
1461 2477 1525 2497 non
1547 2465 1609 2498 sine
1633 2469 1771 2508 ingenuo
1795 2467 1936 2509 pudore,
1962 2472 1993 2502 ἃ
2015 2481 2128 2512 magna

1116 2508 1329 2542 admiratione
1352 2509 1497 2541 intellexi
1519 2532 1532 2548 ,
1555 2518 1681 2543 tanturn
1706 2509 1926 2544 mediocritati
1951 2511 2027 2546 huic
2052 2524 2127 2547 meae

1119 2564 1134 2585 a
1170 2550 1423 2585 Praestantiffimo
1448 2554 1533 2585 Viro
1566 2553 1668 2586 tribui
1697 2576 1709 2593 ,
1742 2564 1899 2595 quantum
1929 2567 2029 2599 neque
2067 2568 2127 2590 eeo

1118 2595 1308 2638 agnoscere,
1332 2606 1430 2638 neque
1458 2595 1595 2629 tribuere
1619 2596 1788 2639 quisquam
1813 2598 1903 2640 poffit
1924 2622 1936 2639 ,
1959 2600 2017 2633 nisi
2042 2593 2129 2633 foi-“te

1116 2640 1251 2673 Amicus
1276 2639 1607 2685 beneyolentiffimus‚
1632 2651 1821 2684 mecumque
1845 2642 1925 2682 usu,
1948 2643 2127 2687 officiisque

1116 2683 1265 2718 omnibus
1288 2683 1559 2725 conjunffiffimus
1582 2708 1589 2714 .
1627 2685 1747 2717 Verum
1770 2684 1856 2726 quod
1890 2684 1991 2719 facere
2013 2688 2126 2721 tandiu

1117 2737 1181 2759 non
1205 2727 1328 2769 potui,
1363 2735 1400 2759 ut
1425 2735 1520 2759 tantae
1555 2738 1626 2769 erga
1649 2739 1699 2761 me
1733 2727 1927 2761 humanitati
1953 2731 2127 2771 gratiffimo

1119 2770 1230 2820 saltem
1254 2771 1364 2805 animo
1388 2769 1608 2812 responderem
1626 2794 1638 2810 ‚
1673 2782 1738 2803 non
1761 2770 1899 2804 definam
1922 2771 2025 2806 facere
2047 2773 2126 2808 dum

1119 2824 1243 2846 Vivam.
1389 2851 1391 2853 r

1118 2859 1340 2899 Litterarum,
1362 2856 1477 2889 nescire
1500 2866 1531 2889 te
1556 2856 1633 2889 nolo

1118 2900 1212 2934 sttem
1233 2903 1412 2935 Auctorem
1437 2898 1583 2942 scripsisse
1606 2899 1644 2932 de
1667 2901 1826 2943 Hydrope
1850 2903 2022 2937 Pericardii
2058 2908 2125 2946 (x)

1118 2956 1152 2976 ea
1175 2947 1289 2988 copia,
1315 2957 1349 2978 ac
1371 2943 1540 2985 diligentia
1563 2967 1575 2984 ,
1598 2954 1673 2984 quas
1688 2942 1838 2987 frequens
1863 2968 1876 2985 ,
1892 2946 1894 2948 ’
1909 2958 2011 2989 eoque
2033 2947 2124 2991 inge-

1120 2989 1177 3020 nio
1192 3014 1200 3027 ‚
1224 3001 1258 3021 ac
1280 2988 1404 3030 judicio
1429 3011 1441 3027 ‚
1465 2999 1534 3029 quae
1557 2986 1694 3031 defficilis
1715 2988 1840 3030 cognitu
1857 3012 1871 3028 ,
1903 2991 1947 3024 (φ’
1968 2989 2123 3034 difficilior

1109 3030 1250 3075 sanata,
1273 3041 1309 3065 ut
1333 3042 1401 3062 vere
1429 3031 1498 3071 ait,
1522 3033 1651 3063 morbus
1675 3041 1705 3062 re
1731 3030 1855 3065 uirebat
1878 3056 1885 3064 .
1914 3035 2035 3067 Partite
2052 3058 2066 3075 ,
2087 3046 2122 3069 ac

1115 3074 1256 3109 dilucide
1280 3073 1343 3117 ejus
1368 3075 1494 3113 causas,
1517 3083 1683 3114 naturam,
1719 3086 1818 3118 lgna,
1841 3078 2039 3111 curationem
2050 3090 2122 3112 exa-

1115 3122 1217 3153 minat
1233 3144 1240 3150 .
1266 3120 1311 3151 Et
1332 3118 1420 3161 quod
1444 3117 1482 3151 ad
1505 3118 1586 3150 hanc
1611 3119 1726 3169 attinet
1742 3141 1755 3159 ,
1780 3119 1894 3153 auxilii
1918 3120 1956 3153 ab
1980 3122 2121 3155 Riolano

1117 3161 1275 3205 propositi
1301 3162 1352 3204 (y
1375 3165 1389 3201 )
1413 3162 1520 3195 locum
1543 3161 1583 3195 fic
1607 3162 1711 3195 mittat
1738 3186 1750 3202 ‚
1774 3172 1810 3196 ut
1833 3174 1932 3205 neque
1956 3164 2120 3197 Mamma-

1115 3207 1161 3239 ria
1185 3207 1298 3238 arteria
1320 3229 1332 3246 ,
1355 3216 1452 3247 neque
1475 3216 1531 3238 cor
1553 3205 1667 3250 poffint
1690 3207 1846 3240 vulnerari
1873 3229 1886 3246 ‚
1917 3205 1970 3239 sed
1993 3208 2120 3241 utiliter

1117 3261 1196 3292 aqua
1220 3261 1235 3281 e
1269 3248 1400 3282 thorace
1425 3247 1549 3288 educi,
1584 3247 1606 3281 fi
1632 3248 1717 3282 forte
1752 3249 1844 3291 hujus
1877 3249 2022 3291 hydrops
2057 3262 2118 3293 pro

1117 3292 1287 3335 pericatdii
1312 3292 1456 3334 hydrope
1479 3294 1657 3335 imponeret
1679 3317 1687 3326 .
1723 3293 1826 3334 Cujus
1850 3302 1952 3325 tamen
1976 3292 2061 3336 figna
2085 3307 2119 3328 ea

1116 3347 1190 3369 cura
1215 3345 1303 3369 antea
1329 3336 1493 3377 perpendit
1515 3359 1523 3373 ,
1556 3339 1589 3369 δε
1612 3344 1705 3377 auget
1738 3337 1865 3369 innixus
1890 3338 1923 3369 &
1946 3336 2081 3371 aliorum
2105 3361 2119 3379 ‚

1118 3391 1257 3422 quorum
1279 3379 1432 3413 nonnulla
1457 3380 1580 3422 Scripta
1603 3379 1686 3412 mihi
1710 3374 1773 3411 fion
1797 3389 1884 3412 erant
1906 3380 1941 3413 in
1953 3382 2118 3420 manibus,

1120 3427 1152 3457 δι
1185 3424 1249 3458 suis
1272 3422 1559 3478 Observationibus
1579 3447 1592 3465 ,
1622 3431 1657 3456 ut
1691 3421 1728 3455 ab
1756 3421 1902 3466 hydrope
1940 3422 2083 3501 thorlacffs
2105 3447 2119 3466 ‚

1994 3479 2079 3501 au-

130 3615 144 3639 (
160 3619 176 3636 a
192 3611 206 3639 2
222 3619 245 3636 n.
261 3618 301 3641 44.
362 3613 374 3637 <
389 3612 403 3637 b
418 3615 429 3640 >
445 3611 504 3637 Obs.
522 3613 593 3637 Anat.
609 3614 678 3642 Med.
699 3623 733 3647 ις.

130 3644 145 3672 (
159 3651 171 3667 e
187 3642 202 3671 )
217 3642 273 3669 Ast.
289 3644 323 3667 N.
341 3644 371 3670 C.
385 3645 460 3668 Tom.
476 3644 501 3669 8.
518 3643 578 3667 obs.
595 3651 633 3673 31·

129 3674 170 3702 (i
187 3673 196 3702 )
211 3673 294 3702 supra,
311 3680 335 3698 n.
353 3676 390 3703 36.
408 3675 446 3704 38.
509 3673 516 3705 (
534 3673 551 3697 k
569 3675 578 3704 )
597 3675 657 3700 Obs.
672 3677 714 3702 cit.
732 3685 769 3708 37.

130 3704 206 3763 {⁶2³
221 3703 265 3727 Ast
293 3706 318 3728 N
343 3705 363 3728 C
392 3706 503 3763 'rom-15.
520 3705 580 3731 obs.
598 3713 618 3730 1.

161 3742 173 3757 r
474 3754 480 3760 .
499 3743 521 3765 3.
538 3742 558 3759 c.
575 3743 599 3765 4.

133 3765 147 3788 f
163 3772 179 3786 u
195 3764 209 3793 )
225 3765 280 3789 Vid-
299 3765 387 3795 supra.
405 3774 429 3792 n.
446 3770 471 3791 6.
487 3774 524 3795 ¹7·
540 3773 579 3796 24·
597 3770 633 3797 36.
652 3769 688 3797 38.
705 3767 729 3793 δι

135 3793 178 3826 (y
194 3796 205 3826 )
221 3795 302 3826 supra,
320 3805 344 3821 n.
359 3798 398 3826 48.

797 3618 805 3642 (
823 3627 834 3643 ε
849 3617 863 3646 )
879 3616 1004 3646 Sepulchr.
1023 3620 1041 3643 1.
1058 3625 1080 3641 2.
1100 3619 1124 3644 S.
1141 3625 1164 3645 1.
1180 3618 1242 3643 obs.
1260 3628 1299 3649 50-

693 3646 728 3677 (ff
748 3646 757 3678 )
773 3648 826 3676 Vid.
845 3648 926 3676 supra,
944 3656 966 3673 n.
984 3657 1020 3676 24.
1038 3651 1059 3673 δε
1076 3656 1114 3678 ²5·

814 3681 846 3710 ⁴<
862 3680 871 3704 1
887 3678 901 3707 )
918 3680 979 3708 Eph.
998 3681 1031 3703 N.
1048 3681 1077 3703 C.
1094 3682 1153 3704 Dee.

681 3709 689 3736 (
707 3708 745 3737 ο)
765 3709 873 3736 Eorund.
892 3711 966 3738 Tom-
981 3719 1003 3735 ι.
1022 3709 1080 3734 Obs.
1099 3718 1151 3739 ¹70-

661 3736 704 3767 (s
717 3739 724 3765 l
736 3740 797 3768 Eph.
814 3744 848 3765 N.
864 3743 893 3765 C.
909 3743 967 3765 Dec.
984 3748 1007 3770 3.
1025 3742 1054 3764 A.
1071 3749 1096 3769 4.
1113 3741 1172 3766 Obs.
1191 3746 1244 3768 118.

743 3771 796 3796 Ast.
812 3774 846 3796 N.
862 3773 892 3795 C.
907 3773 984 3797 Tom.
1002 3780 1023 3801 5.
1042 3771 1099 3796 Obs.
1121 3780 1170 3798 ιιι.
1186 3775 1210 3799 Bt
1225 3778 1302 3802 Tom.
1318 3779 1342 3800 6.
1358 3774 1417 3799 obs.
1435 3783 1486 3806 143.

1361 3618 1370 3649 <
1387 3621 1403 3644 d
1422 3621 1429 3648 l
1449 3620 1505 3645 Vid.
1524 3623 1607 3650 supra,
1624 3629 1647 3646 n.
1662 3624 1700 3651 46.

1180 3651 1194 3679 (
1205 3658 1224 3680 g
1241 3650 1255 3678 )
1271 3649 1393 3678 Sepulchr.
1410 3651 1472 3676 sest.
1490 3653 1531 3677 cit.
1550 3652 1607 3676 Obs.
1625 3655 1662 3677 86.

1171 3688 1193 3711 3.
1212 3683 1242 3705 A.
1258 3690 1283 3709 7.
1300 3681 1358 3705 oss.
1379 3683 1430 3706 18⁶.

1214 3712 1281 3742 (p)
1298 3719 1321 3735 ¹¹·
1339 3720 1379 3742 23·
1396 3722 1433 3741 4¹-
1450 3722 1488 3744 44-

1722 3649 1887 3681 (b)1-;pist.
1907 3658 1945 3674 xo.
1962 3658 1987 3675 n.
2010 3658 2046 3679 xta

1495 3685 1503 3715 (
1522 3693 1545 3707 m
1562 3685 1574 3713 )
1593 3682 1711 3713 sepulchr.
1731 3685 1747 3706 1.
1763 3684 1826 3716 ²23·
1845 3689 1866 3706 ι.
1884 3680 1941 3706 Obs.
1960 3689 1984 3712 3.

1551 3712 1870 3744 sq>l.3.e.7.1nfin.

1305 3743 1318 3771 (
1333 3750 1344 3767 t
1359 3747 1372 3769 )
1390 3745 1455 3774 Disp.
1474 3745 1541 3776 supra
1556 3745 1584 3769 ad
1602 3754 1624 3769 n.
1641 3752 1679 3768 ιιι.
1695 3744 1735 3769 cit.
1755 3744 1776 3774 §.
1795 3752 1832 3774 ²5·

1549 3779 1592 3802 (x
1608 3777 1622 3806 )
1638 3777 1655 3800 l.
1673 3785 1696 3806 4.
1712 3774 1749 3800 ch·
1767 3784 1797 3805 5..

1379 2814 1478 2846 Nunc
1510 2812 1598 2855 quod
1623 2813 1824 2857 propositum
1859 2815 1983 2857 flagitat
2010 2816 2125 2851 harum
2137 2827 2162 2861 3}

1654 2881 1665 2896 ,
1689 2859 1771 2891 inter
1793 2858 1873 2891 alios
1896 2860 2028 2893 morbos
2042 2861 2126 2895 Illu-

2170 3377 2191 3393 ἱ
