2498 4075
374 196 528 262 Epist.
567 195 731 248 Anat.
767 194 982 260 Medica
1015 188 1311 245 XXXVII.
1348 187 1468 244 Art.
1499 191 1578 254 4²ss
1612 189 1666 240 δι
1700 196 1773 251 43.

59 277 137 312 riter
161 277 218 311 fibi
241 286 351 312 notam
375 278 545 312 foeminam
570 276 681 310 scribit
705 275 905 319 molesizffima
938 284 973 307 ac
1006 272 1061 306 ad-

60 320 182 353 modum
204 321 351 354 diuturna
373 321 510 355 ifseritia
528 330 584 362 per
598 319 710 353 calculi
720 330 789 353 cum
812 318 880 352 alvi
890 326 1060 350 recremen-

64 364 109 396 tis
140 364 345 397 excretionem
378 363 571 397 liberatam.
607 363 812 396 Salomonem
844 361 974 393 Alberti
1001 358 1056 401 sce-

58 416 99 447 pe
124 409 161 438 ab
182 406 278 440 iflero
299 407 489 441 diuturniori
510 405 644 440 calculos
661 416 718 448 per
741 407 847 439 alvum
868 403 961 441 dejici
972 424 982 440 5
1006 402 1058 434 Ob-

55 448 187 493 servaJJe
203 476 210 486 .
235 460 273 482 ex
300 450 406 483 Praecl.
432 449 567 483 Hallero
589 452 602 488 (
624 460 641 481 o
664 453 675 488 )
699 449 788 488 scio;
808 460 847 482 an
882 446 971 489 plura
1004 457 1057 480 au-

63 501 129 525 tem
152 492 291 532 duxerit,
314 494 440 532 nescio,
461 494 582 535 quippe
606 490 672 534 ejus
693 493 857 531 Oratione,
880 500 977 532 quam
1001 487 1056 522 hic

62 535 144 568 citat
166 539 210 567 ΙΙ.
233 547 350 574 careo,
373 548 436 570 non
459 536 514 568 illa
536 536 669 577 quidem
703 547 775 578 quae
806 536 840 567 in
872 533 975 566 tribus
1013 531 1055 565 est

61 576 155 611 editis
178 579 219 610 A.
247 580 339 620 1585.
362 579 413 614 sed
435 591 505 621 quae
529 580 573 612 est
606 581 640 611 in
673 588 813 621 quatuor
845 577 983 617 vulgatis
1016 578 1059 608 A.

25 663 26 666 Ἴ
62 631 158 662 15903
182 620 264 655 hanc
287 624 372 656 enim
394 622 555 664 designari
575 645 587 662 ,
620 632 684 655 non
708 622 826 655 dubito
849 645 858 660 ,
890 631 985 660 quam
1009 620 1060 651 in-

59 664 211 706 scriptam
234 664 293 698 ess‘e
316 665 410 699 video
432 664 515 707 apud
539 664 735 699 Lindenium
759 663 846 706 (p)
870 664 904 696 de
918 660 996 704 felle
1019 663 1058 695 ad

61 705 202 745 intestina
225 707 411 753 restagnante
434 709 503 741 &a
528 707 767 751 Malpighium‚
793 707 932 749 lapidem
957 707 1059 738 aMa-

60 759 155 783 trona
178 750 338 792 dejeelum
358 750 421 793 post
443 752 582 794 ingentes
604 752 745 792 dolores,
767 751 809 784 Θ
828 749 952 792 longam
984 748 1058 782 itte-

61 793 171 827 ritiam
196 793 366 836 scripfiffe,
388 795 511 828 diuum
533 793 576 828 est
601 795 692 837 supra
716 799 727 834 (
752 796 768 812 *
789 797 820 833 ).
855 791 1059 834 Ruyscliium

59 839 74 876 (
96 847 114 878 q
135 839 150 876 )
173 836 332 870 asservasse
351 837 505 872 calculum
528 849 542 872 e
565 838 663 880 vesica
676 836 775 880 fellea
793 847 851 879 per
873 847 965 868 anum
997 846 1059 875 ele-

59 878 167 919 etum,
190 881 272 922 legi3
297 892 361 913 non
381 879 677 923 quaedejeetionem
700 877 940 914 anteceffiffent.
966 880 1059 912 Alios

62 931 171 955 autem
195 923 293 956 sciens
315 924 459 961 omitto,
484 926 541 966 qui
565 934 618 958 aut
641 935 705 957 non
730 925 821 967 plura
844 934 940 964 quam
968 924 1058 964 Ruy-

58 964 165 998 {chius
183 986 193 1002 ‚
218 976 270 999 aut
295 979 334 1000 ne
358 977 409 1000 tot
434 968 565 1011 quidem
590 976 673 1011 quot
686 966 909 1009 Malpighi'us,
934 965 971 998 de
983 976 1061 1007 prae-

59 1007 167 1051 greffis
191 1009 394 1045 indicarunt.

103 1061 159 1092 42.
182 1050 313 1087 Praestat
336 1056 439 1099 igitur
463 1054 501 1089 ad
524 1065 576 1088 eos
598 1054 730 1088 transire
752 1054 811 1096 qui
824 1051 946 1086 doloris
958 1051 1060 1086 sedem

59 1102 138 1128 tunc
164 1096 371 1137 praecedentis
395 1107 612 1131 memorarunt
629 1122 636 1130 .
661 1096 878 1130 Hoffmannus
892 1106 1001 1138 pater,
1024 1105 1059 1128 ut

62 1136 154 1171 filius
177 1143 191 1178 (
214 1150 230 1171 r
249 1142 266 1178 )
288 1140 385 1174 refert
401 1165 410 1179 ,
435 1140 621 1183 acutzffimos
642 1139 755 1180 fuisse,
778 1138 927 1181 scripsit,
958 1138 1061 1172 dextri

58 1179 280 1222 hypochondrii
301 1185 436 1218 dolores.
461 1185 623 1217 Dillenius
645 1188 655 1223 (
672 1182 698 1226 s
708 1183 725 1224 )
749 1183 952 1226 postdolores
975 1183 1061 1216 idern

58 1222 345 1274 hypochondrium
368 1226 439 1262 bene
453 1228 506 1262 diu
518 1236 713 1268 occupantes
728 1249 736 1264 ‚
761 1225 926 1260 succeffiffe
949 1225 1062 1258 colico-

61 1266 272 1316 nephritzcos.
297 1269 506 1304 Bartholinus
531 1275 542 1310 (
567 1278 582 1303 t
605 1275 615 1308 )
641 1282 681 1303 ex
702 1270 871 1304 Tine³torii
899 1269 1063 1302 Observa-

57 1318 150 1343 tione
182 1312 303 1346 multas
326 1313 467 1357 querelas
490 1315 525 1347 de
547 1314 651 1347 dextri
674 1312 784 1346 lateris
806 1313 907 1346 dolore
934 1319 1061 1354 proten-

51 1352 91 1395 so
113 1354 153 1387 ad
175 1355 341 1396 intestina.
372 1358 531 1391 Lentilius
553 1359 567 1396 (
589 1368 608 1390 u
634 1359 645 1394 )
667 1356 749 1390 circa
772 1358 924 1399 regionem
937 1355 1062 1397 hepatis

57 1395 192 1442 dolorem
209 1399 391 1441 summum,
414 1411 484 1434 cum
508 1409 625 1439 tumore
649 1420 658 1435 ‚
694 1399 730 1432 de
751 1410 810 1440 quo
833 1407 936 1432 tamen
959 1398 1062 1431 dolore

53 1449 123 1480 jam
143 1451 197 1482 per
220 1443 398 1477 decennium
420 1443 592 1486 conquestus
624 1453 707 1483 :eger
734 1442 863 1486 fuerat.
883 1440 1062 1477 'Wolfstri-

12 1527 15 1530 .
56 1482 162 1525 gelius
186 1489 196 1524 (
221 1496 242 1519 x
265 1490 296 1525 ),
321 1488 378 1529 qui
400 1485 605 1528 fusiusquam
617 1488 748 1527 caeteri,
768 1484 957 1527 descripsit,
983 1496 1062 1523 prae-

55 1525 176 1575 gressus
191 1528 306 1571 fiepius
330 1529 447 1563 dolores
471 1554 480 1567 ,
514 1527 814 1570 colico-nephriticos
847 1528 1028 1561 aemulantes
1051 1553 1059 1566 ‚

49 1569 213 1613 saemffime
225 1574 354 1606 demum
366 1570 569 1615 recruduiffe:
595 1573 764 1614 recidivo,
790 1580 826 1604 ut
849 1570 930 1613 saepe
955 1569 1036 1603 solet
1052 1597 1060 1611 ,

57 1612 123 1647 hoc
148 1616 266 1649 inorbo
288 1616 421 1650 dolorem
443 1615 637 1652 lumborum,
662 1615 705 1647 &¹
727 1614 965 1648 lancinationem
999 1614 1064 1647 cir-

57 1668 93 1689 ca
117 1658 376 1700 lirpochondrium
396 1659 541 1692 dextrum
565 1681 577 1698 ,
609 1656 663 1691 ubi·
685 1657 769 1692 locus
792 1656 969 1700 insertionis
992 1656 1063 1690 cho-

58 1699 173 1734 lidochi
196 1702 307 1736 duetus
330 1702 362 1734 in
385 1702 552 1735 duodenum
586 1701 624 1739 esi
649 1713 657 1734 ε
691 1702 810 1734 iterum
835 1700 979 1734 recidivo
1010 1700 1063 1733 do-

57 1743 172 1783 lorem,
198 1745 251 1787 qui
273 1744 394 1786 quidem
426 1744 556 1778 colz'cum
582 1744 691 1786 potius
723 1743 929 1778 aenzulabatar
950 1768 959 1784 ,
993 1754 1062 1776 cum

57 1797 117 1819 non
149 1788 231 1820 circa
263 1785 385 1820 lumbos
420 1788 462 1820 Θ
499 1786 758 1830 hypochondrium
790 1788 935 1821 dextrum
956 1809 969 1826 ,
1007 1786 1062 1828 secl

55 1829 245 1872 potiffimum
268 1828 375 1871 versus
398 1829 582 1864 umbilicum
610 1830 835 1873 persentiretur
852 1856 860 1864 .
895 1830 1062 1863 Vallisne-

57 1874 126 1906 rius
146 1874 275 1908 tandem
299 1873 403 1906 noster
426 1877 479 1915 (y
494 1873 537 1915 ),
560 1875 620 1916 qui
642 1875 751 1907 omnia
777 1873 841 1915 ipse
864 1885 993 1916 quoque
1016 1873 1065 1908 di-

58 1918 196 1959 ligenter
219 1919 262 1951 est
285 1916 466 1958 persecutus
490 1938 497 1952 ‚
530 1928 604 1950 cum
631 1917 664 1949 in
690 1918 795 1950 Patria
821 1916 871 1950 sua
898 1919 1063 1958 primum,

57 1959 172 1994 deinde
207 1961 260 1994 hic
285 1961 382 1992 etiam
409 1961 533 1993 Patavii
557 1959 737 1994 consimiles
748 1960 836 1994 casus
847 1959 1062 1998 observaffet3

41 2004 150 2047 ‘quod
173 2006 209 2037 ad
233 2004 361 2037 dolores
394 2004 511 2036 attinet
537 2025 550 2042 ,
582 2003 664 2036 nihil
690 2004 777 2038 aliud
814 2003 940 2046 scripsit
963 2027 973 2043 ,
1007 2004 1063 2037 nisi

57 2071 85 2089 2,
109 2047 289 2081 saeviffimns
312 2048 348 2079 in
369 2048 498 2089 regione
510 2046 636 2088 hepatis
649 2045 764 2087 fuisse,
787 2047 860 2080 &se
871 2048 1063 2081 umbilicum

58 2113 82 2130 3,
105 2090 209 2125 versus
233 2089 426 2124 extendisse.
450 2112 473 2128 ‚‚
501 2092 529 2122 A
557 2091 682 2124 Vatero
705 2094 715 2130 (
740 2102 764 2134 ζ
787 2094 820 2129 ),
843 2094 981 2124 &tanto
999 2103 1067 2124 ma-

58 2137 109 2179 gis
132 2147 147 2167 a
172 2134 315 2167 Bezoldo
337 2136 351 2173 (
372 2145 390 2166 a
415 2137 424 2170 )
449 2134 608 2176 proposui
633 2132 745 2167 casusa
772 2144 819 2165 me
832 2134 980 2167 consulto
995 2133 1065 2167 sunt

57 2179 218 2222 praeteriti
250 2177 294 2210 ob
317 2176 517 2210 calculorum
543 2176 824 2218 magnitudinem,
849 2179 906 2218 qui
932 2188 965 2211 ut
988 2176 1066 2210 faci-

57 2224 89 2257 le
113 2223 146 2255 in
172 2220 271 2254 vesica
294 2219 387 2253 fellea
410 2220 546 2253 initium
569 2219 768 2255 habuerint,
791 2230 864 2253 cum
887 2223 1064 2253 incremen-

58 2275 135 2300 tum
158 2274 266 2298 tamen
291 2262 442 2306 accepisse
466 2264 499 2296 in
534 2263 694 2296 intestinis
726 2262 829 2303 videri
863 2263 998 2306 poffint,
1026 2265 1065 2296 ab

58 2308 113 2344 his
136 2310 245 2349 potius
269 2317 367 2349 quam
390 2318 406 2339 a
428 2308 608 2340 Communi
632 2306 707 2339 bilis
731 2306 846 2339 Canali
879 2316 956 2340 tunc
990 2319 1064 2350 pro-

60 2350 180 2386 venisse
203 2351 387 2386 dicerentur
412 2374 419 2380 .
457 2351 500 2383 Et
525 2350 666 2382 Vaterus
691 2350 824 2392 quidem
859 2349 1064 2392 vehementis-

54 2395 135 2439 sima
169 2395 292 2427 ventris
324 2393 458 2426 tormina
491 2392 584 2426 fuisse
609 2415 631 2430 ,-
653 2392 766 2426 scribit
788 2415 802 2432 ,
834 2403 898 2435 quae
925 2394 1064 2435 primum

63 2439 216 2481 regionem
238 2435 382 2470 umbilici
404 2443 594 2478 occuparunt
620 2460 630 2474 ‚
664 2436 843 2477 tandemque
875 2437 907 2468 in
944 2440 1063 2478 regione

59 2480 237 2516 lumborum
264 2478 470 2521 firbsliterunt
494 2502 501 2509 .
537 2478 698 2512 Bezoldus
743 2490 847 2512 autem
894 2480 1062 2522 postquam

54 2534 114 2568 per
130 2524 188 2565 fiex
210 2523 252 2556 (9‘
274 2521 359 2555 ultra
393 2532 487 2555 annos
524 2520 677 2555 doloribus
711 2522 930 2565 hypocboudrii
961 2523 1065 2557 dextri

59 2578 147 2609 aegra
171 2567 287 2599 mirum
309 2572 460 2607 quantum
484 2565 587 2598 fuerat
611 2563 811 2607 defatigata,
832 2565 970 2608 lapidem
995 2576 1063 2599 tan-

58 2611 133 2646 dem
158 2608 250 2643 fuisse
283 2607 441 2651 dejectum
473 2619 531 2641 non
555 2607 664 2651 absque
688 2607 873 2642 torminibus
889 2633 896 2640 .
922 2610 1065 2650 Nullum

59 2650 166 2697 igisur
189 2655 223 2686 in
247 2651 296 2685 his
327 2653 453 2686 cunfitis
488 2652 781 2686 Observationibus
813 2654 948 2686 indicari
972 2654 1067 2687 dolo-

61 2709 129 2733 rem
153 2695 240 2729 vides
262 2694 319 2739 qui
342 2696 379 2729 ad
403 2696 626 2738 cartilaginem
650 2693 854 2729 ensisormem
881 2699 1065 2737 pertineat.

192 2739 254 2774 Sed
279 2750 380 2782 neque
405 2739 566 2773 indicatus
589 2752 606 2773 a
628 2739 755 2773 duobus
781 2739 989 2773 Hoffmannis
1008 2741 1068 2783 Jo.

62 2785 256 2820 Mauricio,
291 2785 321 2815 &
354 2783 517 2818 Friderico
542 2808 549 2815 .
585 2783 645 2815 Ille
678 2784 763 2816 enim
786 2786 800 2821 (
822 2782 841 2816 b
865 2787 875 2821 )
909 2785 1066 2817 anteriora

63 2828 198 2872 quidem
223 2837 380 2860 memorat
404 2840 417 2864 ·,
449 2826 498 2860 sed
521 2827 566 2858 ita
591 2836 749 2859 memorat
771 2849 784 2866 ,
817 2836 851 2859 ut
882 2828 1066 2859 diuturnum

63 2871 201 2906 dolorem
225 2868 375 2911 tenfinum
397 2870 438 2903 Θ
474 2869 672 2906 vellicantem
708 2869 799 2903 fuisse
820 2892 829 2907 ,
862 2870 950 2902 dicat
971 2895 980 2910 ‚
1007 2868 1067 2911 sub

64 2913 292 2958 hypochondrio
313 2912 422 2946 dextro
446 2913 602 2947 anteriora
634 2911 742 2953 versus
773 2913 928 2952 molestum
954 2937 962 2946 .
999 2913 1067 2946 Hic

62 2969 143 2993 vero
168 2961 182 2996 (,
203 2969 217 2990 c
239 2959 254 2997 >
276 2964 390 2997 praeter
410 2955 637 2990 intolerabilem
660 2956 692 2989 in
714 2956 823 2989 dextro
840 2957 936 2990 latere
959 2955 1066 2997 &sub

64 3001 152 3042 costis
170 2999 291 3043 spuriis
313 2998 445 3034 dolorem
467 3000 523 3033 etsi
549 2999 617 3033 haec
640 2998 728 3033 addit
751 3013 761 3037 3
795 2999 877 3032 circa
905 2999 1067 3041 scrobicu-

65 3046 132 3080 lum
154 3043 255 3077 cordis
273 3041 448 3084 perfistebat
470 3043 556 3076 dolor
586 3042 750 3077 vehemens
780 3041 943 3085 prefforius
967 3063 979 3080 ,
1012 3044 1067 3084 qui

66 3090 163 3123 etiam
185 3088 223 3120 ad
246 3084 457 3119 umbilicalem
481 3086 571 3129 usque
597 3087 632 3129 se
665 3085 847 3119 extendebat
881 3086 1030 3128 regionem
1052 3098 1063 3124 5

63 3142 173 3169 tamen
205 3140 308 3172 neque
349 3128 547 3163 scrobiculos
577 3129 685 3165 cordis
721 3129 942 3170 cartilaginem
985 3130 1063 3162 enfi-

66 3175 208 3210 formem
231 3172 477 3215 comprehendit
501 3195 510 3211 ‚
543 3183 597 3207 aut
623 3172 643 3206 si
671 3174 723 3207 hic
749 3172 825 3205 velis
857 3171 1067 3214 comprehen-

66 3219 165 3260 dere;
189 3215 368 3251 meminisse
392 3226 523 3259 oportet
548 3239 558 3255 ‚
592 3218 626 3249 in
660 3229 697 3250 ea
728 3217 966 3249 Observatione
1000 3228 1064 3249 non

67 3263 108 3296 de
130 3262 232 3305 lapide
265 3260 359 3293 verba
383 3257 453 3293 fieri
474 3284 486 3300 ,
518 3260 569 3293 sed
601 3260 639 3293 de
675 3270 801 3293 amurca
834 3258 943 3300 biliosa
967 3284 977 3300 ‚
1010 3261 1066 3291 du-

66 3305 153 3341 itum
186 3302 397 3338 choledochum
430 3303 594 3336 obturante
615 3315 629 3343 ,·
659 3313 697 3337 ut
731 3302 772 3336 fic
806 3303 913 3344 potius
946 3301 1064 3337 confir-

157 3347 321 3391 Morgagni
331 3348 365 3380 de
377 3347 443 3380 Sed.
454 3347 497 3379 (φ
506 3345 592 3388 Caus.
605 3346 707 3380 Morb.
722 3347 822 3380 Tom.
833 3347 848 3378 I
854 3348 867 3378 Ι
873 3370 880 3377 .

212 3515 241 3539 ad
258 3513 343 3539 Boerh.
359 3512 506 3547 Ptelea-§-
524 3513 577 3542 343-
593 3516 646 3537 not.
663 3521 688 3538 m
704 3514 733 3537 ⁴².

217 3545 285 3570 Praef.
303 3544 331 3569 ad
347 3543 415 3568 Thes.
433 3544 540 3568 Animal.
558 3545 580 3568 1.

213 3578 285 3601 Cent.
302 3584 327 3604 4-
344 3575 403 3598 Hist.
420 3576 492 3598 Anat.
508 3581 548 3603 49.

217 3606 291 3636 Epist.
309 3606 375 3635 supra
390 3605 420 3629 ad
436 3613 459 3629 n.
477 3612 514 3634 13.
532 3605 572 3628 cit.

153 3615 173 3700 *κηκὶς
157 3556 175 3602 ,νὴ
155 3525 168 3542 0

182 3518 202 3790 „usauuuvfflw

214 3636 275 3666 Eph.
293 3638 325 3660 N.
345 3638 376 3660 C.
394 3637 451 3660 Dec.
469 3644 490 3660 ιι.
510 3638 540 3660 Α.
557 3643 581 3664 7.
599 3634 660 3660 Obs.
683 3642 740 3663 244.
802 3639 809 3666 (
828 3645 840 3661 c
855 3638 870 3666 )
886 3637 959 3666 paulo
975 3641 1031 3660 ante
1046 3635 1089 3659 cit.

228 3668 274 3692 bid.
291 3666 352 3691 Obs.
372 3669 395 3690 6.
457 3666 472 3695 (
486 3674 504 3696 g
520 3668 530 3695 )
545 3668 684 3691 Comment-
703 3665 770 3695 supra
785 3668 815 3692 ad
832 3675 858 3692 n.
875 3674 912 3697 ις.
928 3666 971 3691 cit.
990 3666 1011 3696 §.
1031 3673 1089 3695 950.

213 3696 270 3723 Diis.
286 3698 314 3722 de
329 3698 395 3722 Mot-
411 3696 458 3721 Bil.
476 3696 531 3727 Fig.
548 3705 566 3721 1.
629 3696 644 3725 (
659 3695 676 3720 k
690 3697 704 3725 )
721 3705 746 3720 n.
761 3705 801 3726 44.
819 3700 841 3722 8:
858 3697 903 3727 seq·

126 3518 150 3791 mflfl«flrv-7-,n

159 3708 176 3790 ⁴20·-

217 3731 273 3785 gas·
289 3758 331 3783 cit.
348 3757 416 3789 supra
433 3758 463 3783 ad
478 3766 503 3782 n.
523 3766 558 3787 ¹7·
620 3758 636 3787 ζ,
650 3758 688 3788 ν)
707 3758 767 3782 Hist.
784 3758 826 3783 cit.
844 3759 912 3789 supra
929 3758 959 3782 ad
976 3764 1001 3781 n.
1018 3764 1057 3781 20.

788 3544 792 3547 ,
825 3520 846 3544 p
859 3514 874 3543 )
892 3518 996 3539 renovat.
1014 3505 1043 3537 d&
1059 3513 1149 3542 Seript.
1166 3513 1237 3537 Med.
1255 3512 1272 3536 1.
1291 3519 1312 3536 i.

612 3573 620 3604 (
637 3544 682 3603 ‘Sl'
695 3543 817 3608 ἓξὲξ-,αἰὲς
826 3546 940 3600 ἑθῦεἷ..
950 3552 982 3599 24
990 3546 1029 3599 [ἴ
1036 3551 1070 3603 7²?
1078 3545 1205 3603 311121]ξᾶ

634 3605 648 3634 ί
664 3613 683 3633 z
697 3605 711 3633 )
727 3605 818 3630 Differt.
839 3614 887 3636 qua
901 3605 961 3630 obs.
978 3605 1050 3630 rariss‘.
1069 3605 1156 3629 euicui.
1173 3603 1232 3628 Obs.
1251 3611 1272 3633 3.

241 3729 272 3752 id.
288 3728 339 3756 eius
360 3729 443 3753 Vitam
455 3743 462 3756 ,
480 3727 503 3750 δε
519 3726 667 3753 ‘testimonia
677 3742 684 3755 ,
700 3727 884 3753 Metauorhecae
901 3697 974 3756 ejusd.
991 3696 1228 3755 lviitlblaciiaeni’rfffixa
1240 3742 1247 3748 .

1111 271 1192 305 mari
1225 267 1345 311 possent
1379 270 1433 303 illa
1467 281 1537 313 quae
1572 267 1663 306 supra
1687 269 1697 306 (
1721 266 1773 308 d)
1796 263 2028 307 disputavimus
2059 261 2098 294 de

1110 313 1323 355 ambiguitate
1355 313 1417 347 hoc
1448 313 1570 355 signum
1589 307 1814 345 consecutura,
1838 319 1909 349 quae
1931 315 2016 338 certe
2039 305 2097 353 alia

1109 368 1240 400 quoque
1272 355 1478 398 consequitur
1510 355 1596 397 signa
1638 353 1671 384 in
1716 353 1860 395 proxima
1906 347 2097 396 Hoffmanm

1110 400 1346 433 observatione
1369 404 1383 439 (
1404 411 1418 432 e
1439 403 1472 439 >.
1498 400 1664 430 Caeterum
1688 398 1721 428 in
1746 395 1860 428 ultima
1885 391 1935 434 (f
1958 396 1971 430 )
1993 389 2098 440 ubide

1109 443 1239 477 calculis
1263 443 1339 484 ipfis
1364 444 1469 483 agitur
1488 465 1500 481 ‚
1532 440 1664 474 dunum
1699 438 1791 472 illurn
1826 434 2067 482 obstruentibus
2092 454 2101 480 ⁸.

1107 495 1217 520 acutus
1240 487 1459 527 proponitur,
1482 487 1524 518 (9
1546 484 1604 517 vix
1625 480 1798 516 tolerabilis
1831 479 1953 521 hepatis
1985 486 2098 526 regioni

1100 529 1227 572 firmius
1259 527 1390 570 infistens
1424 527 1507 561 dolor
1529 550 1539 565 ,
1572 522 1850 559 intercurrentibus
1891 519 2103 568 intestinorum

1112 571 1267 605 doloribus
1288 595 1297 611 ‚
1330 573 1383 612 qui
1411 580 1466 612 per
1489 568 1657 603 intervalla
1687 564 1919 615 remittebant.
1952 565 2100 604 Denique

1111 616 1226 657 scripta
1250 627 1266 647 a
1304 613 1489 655 peritiffirno
1530 611 1707 645 Archiatro
1738 611 1909 642 Swiettnio
1942 607 2029 648 (g)
2053 614 2103 636 in-

1112 659 1195 698 spice
1219 681 1231 698 ,
1273 658 1328 691 ubi
1362 669 1433 700 quae
1473 666 1551 688 tunc
1591 653 1740 688 accidant
1766 677 1775 692 ,
1807 663 1824 684 a
1867 651 1894 683 se
1936 649 2101 698 observata

1110 703 1302 745 proponit3
1334 700 1372 734 de
1410 699 1523 733 dolore
1562 698 1600 731 ad
1632 696 1834 730 enliformern
1876 693 2102 733 cartilaginem

1110 745 1246 787 reperies
1278 743 1360 777 nihil
1385 769 1392 777 .
1425 742 1514 777 Cum
1547 750 1653 774 autem
1676 763 1688 779 ‚
1718 738 1872 771 omnibus
1894 746 1971 777 quas
1995 744 2104 776 protu-

1110 789 1230 824 limus,
1255 786 1548 820 Observationibus
1581 782 1745 826 penfitatis
1770 807 1780 822 ‚
1816 777 1979 813 extensum
2011 776 2104 825 dolo-

1112 843 1179 865 rem
1203 832 1240 864 ad
1272 830 1496 872 cartilaginem
1530 828 1622 861 illam
1664 836 1826 868 nunquam
1850 848 1858 862 ,
1896 821 1935 855 ad
1971 818 2104 853 umbili-

1110 886 1184 908 cum
1207 884 1332 911 autem‚
1358 874 1419 907 five
1453 874 1492 907 ad
1528 869 1747 905 umbilicalem
1781 869 1942 911 regionem
1967 863 2048 897 haud
2065 861 2110 894 se-

1109 917 1173 951 mel
1208 918 1467 951 animadverteris
1490 928 1502 956 ;
1546 914 1566 947 si
1609 912 1693 946 forte
1738 912 1814 944 velis
1856 909 2109 951 explicationem

1111 970 1216 1002 petere
1247 973 1311 994 nou
1347 960 1386 993 ab
1418 959 1540 1004 Jejuno
1572 956 1721 989 intestino
1744 978 1753 992 ‚
1788 956 1821 986 in
1856 952 1943 995 quod
1970 948 2110 1001 .D⁰O.de‘

1111 1015 1190 1038 num
1213 1003 1244 1036 se
1268 1002 1418 1045 producit
1441 1027 1454 1043 ,
1487 1002 1539 1035 sed
1562 1001 1601 1033 ab
1633 996 1834 1045 Suspensorii
1871 996 1994 1044 hepatis
2028 994 2111 1036 liga-

1113 1049 1214 1081 menti
1250 1048 1305 1080 illa
1330 1057 1417 1089 parte
1440 1057 1512 1088 quae
1544 1041 1721 1078 Eustachio
1756 1045 1766 1080 (
1789 1046 1809 1074 h
1830 1044 1843 1079 )
1878 1040 1989 1073 melius
2013 1047 2109 1086 quam

1112 1089 1343 1124 Reverliorstio
1386 1092 1400 1128 (
1430 1090 1443 1122 i
1470 1089 1487 1130 )
1533 1097 1607 1120 nota
1639 1108 1647 1120 7
1690 1087 1868 1118 comitatur
1912 1079 2110 1115 Umbilicale

1113 1134 1280 1168 vinculum
1300 1155 1310 1169 ,
1344 1143 1398 1165 aut
1430 1133 1527 1165 etiarn
1560 1130 1600 1162 ab
1644 1128 1704 1162 hoc
1748 1126 1879 1160 vinculo
1909 1135 1920 1163 ς
1963 1134 2016 1166 per
2061 1135 2110 1156 me

1113 1188 1178 1211 non
1210 1178 1315 1210 minus
1356 1174 1468 1208 licebit
1493 1199 1502 1213 ,
1544 1183 1642 1215 quam
1688 1171 1727 1203 ab
1781 1168 1978 1209 Suspensorii
2026 1177 2112 1211 parte

1111 1221 1235 1264 reliqua
1256 1243 1266 1259 ‚
1312 1231 1385 1253 curn
1422 1217 1450 1251 se
1473 1225 1726 1257 nonnunquam,
1762 1222 1798 1246 ut
1830 1212 1871 1245 ab
1907 1211 1976 1243 aliis
2007 1211 2115 1242 obscr-

1110 1275 1222 1298 vatum
1257 1263 1322 1304 est,
1353 1262 1391 1297 ad
1414 1260 1616 1295 ensisormem
1639 1258 1864 1299 cartilaginem
1886 1252 2034 1291 extendet
2056 1252 2115 1287 do-

1112 1308 1163 1341 lor
1179 1333 1186 1340 .

1155 1362 1213 1394 43-
1247 1351 1282 1385 Si
1315 1359 1392 1393 ergo
1425 1346 1536 1382 hilarii
1569 1345 1717 1385 calculi,
1752 1353 1788 1377 ut
1826 1341 2111 1390 haftenusosten-

1112 1396 1182 1429 sum
1206 1394 1250 1427 est
1274 1416 1285 1432 ‚
1318 1396 1351 1426 δε
1376 1404 1453 1426 mox
1477 1397 1486 1432 (
1511 1389 1563 1432 lt)
1586 1387 1855 1424 confirmabitur,
1881 1397 1918 1418 ne
1951 1395 2023 1418 tum
2045 1393 2117 1426 qux-

1113 1439 1184 1472 dem
1208 1448 1282 1470 cum
1308 1437 1475 1470 molientes
1498 1435 1643 1470 exitum,
1666 1431 1765 1474 usque
1790 1430 1867 1464 adeo
1881 1428 2014 1477 ‘molesti
2027 1426 2118 1477 sunt,

1113 1482 1290 1524 peculiari,
1314 1480 1494 1515 constanti,
1521 1485 1676 1519 perpetuo
1700 1475 1856 1517 quopiam
1869 1474 1959 1514 ligno
1983 1471 2011 1504 se
2026 1470 2119 1503 sem-

1114 1526 1248 1561 dieant3
1273 1533 1400 1566 quanto
1435 1524 1541 1556 minus
1574 1519 1608 1553 id
1642 1527 1792 1562 poterunt
1825 1517 1859 1548 in
1892 1517 1946 1549 sua
1980 1512 2119 1564 vesicula

1112 1565 1343 1611 quiescentes?
1473 1567 1520 1597 At
1543 1565 1629 1596 enim
1650 1562 1850 1597 calculorum
1872 1569 2002 1602 quoque
2026 1568 2059 1590 m
2073 1568 2119 1588 re-

1114 1614 1232 1649 nibus,
1256 1613 1287 1644 &
1311 1609 1450 1643 urinaria
1473 1606 1574 1641 vesica
1598 1605 1826 1639 inhaerentium
1851 1600 1937 1644 signa
1953 1623 1961 1637 ‚
1986 1601 2093 1643 inquis
2110 1622 2117 1633 .

1113 1655 1252 1699 persaepe
1275 1653 1427 1694 ambigua
1451 1650 1523 1684 sunt
1539 1676 1548 1690 ‚
1573 1660 1629 1682 nec
1655 1657 1762 1681 tamen
1786 1659 1802 1680 a
1825 1646 1967 1680 Medicis
1991 1646 2025 1677 in
2050 1655 2121 1677 tan-

1114 1708 1149 1733 ta
1173 1700 1219 1732 rei
1241 1696 1439 1730 obscuritate
1463 1701 1739 1728 contemnuntur.
1766 1692 1837 1733 Ego
1861 1701 1936 1723 vero
1959 1699 2060 1731 neque
2084 1687 2122 1719 il-

1114 1743 1143 1775 la
1168 1753 1238 1785 qua:
1260 1740 1298 1773 de
1322 1738 1450 1782 cysticis
1464 1736 1699 1782 proferuntur,
1719 1743 1916 1771 contemn03
1942 1731 1992 1767 sed
2017 1731 2053 1764 ad
2071 1730 2122 1765 su<

1114 1783 1302 1828 spicandum'
1328 1785 1455 1822 potius,
1480 1793 1575 1823 quarn
1599 1779 1638 1813 ad
1661 1790 1713 1814 eos
1738 1790 1796 1818 pro
1818 1786 1905 1810 certo
1928 1774 2123 1817 cognoscen-

1114 1830 1173 1864 dos
1197 1837 1268 1871 apta
1295 1826 1375 1865 esse,
1397 1836 1579 1867 conqueror
1604 1827 1613 1863 (
1640 1822 1649 1856 l
1674 1826 1708 1863 ).
1735 1820 1837 1861 Quod
1861 1818 1882 1852 fi
1902 1821 1935 1853 in
1971 1820 2123 1868 suspicioj

1115 1874 1211 1906 nibus
1237 1869 1464 1904 subsistendum
1498 1867 1539 1901 est
1566 1879 1585 1907 ;.
1621 1878 1685 1900 non
1723 1865 1826 1898 solum
1849 1862 2043 1898 commendo
2064 1873 2123 1904 qui

1114 1917 1166 1951 his
1188 1914 1312 1957 pondus
1337 1913 1469 1955 aliquod
1494 1910 1606 1944 addere
1641 1911 1791 1943 nituntur
1826 1916 1977 1950 augentes
2011 1917 2123 1940 nume-

1116 1971 1189 1994 rum
1215 1958 1437 1995 indiciorum3
1463 1955 1513 1988 sed
1547 1955 1630 1987 inter
1653 1953 1726 1986 illos
1749 1962 1866 1985 nomen
1891 1951 1958 1992 ipse
1993 1960 2124 1994 quoque

1115 2001 1277 2046 profiteor
1301 2011 1426 2034 meum.
1454 2001 1570 2040 Itaque
1594 1996 1651 2030 etsi
1673 1995 1769 2039 cystis
1792 1994 1920 2039 lapillos
1944 2005 2009 2027 non
2043 1991 2124 2026 sern-

1116 2058 1172 2089 per
1195 2056 1269 2078 cum
1295 2045 1357 2078 bile
1369 2041 1547 2085 conjungi,
1570 2040 1660 2080 scio,
1682 2052 1752 2081 quae
1764 2050 1926 2072 amurcam
1951 2039 2100 2071 imitetur
2116 2064 2125 2077 ‚

1117 2101 1175 2123 nec
1203 2089 1322 2130 semper
1346 2098 1421 2121 curn
1446 2085 1596 2121 urinariis
1619 2084 1771 2120 calculis;
1795 2093 1902 2117 tamen
1927 2093 2028 2124 neque
2052 2081 2125 2123 Syl-

1118 2133 1164 2164 vii
1191 2131 1423 2172 suspicionem,
1447 2139 1545 2172 quam
1577 2128 1612 2161 iu
1644 2127 1855 2169 Sepulchreto
1890 2130 1956 2166 (m
1979 2130 1992 2166 )
2023 2126 2125 2158 etiam

1117 2174 1215 2209 habes
1230 2199 1238 2212 ,
1262 2177 1399 2207 omnino
1421 2171 1628 2216 spernendam
1651 2172 1731 2209 effe,
1756 2170 1876 2208 credo,
1897 2169 2034 2203 verentis
2052 2192 2063 2208 ,
2088 2181 2125 2202 ne

1118 2220 1176 2258 oui
1200 2216 1398 2259 ejuscemodi
1423 2217 1524 2251 bilem
1549 2225 1686 2249 vomunt
1706 2238 1715 2253 ,
1740 2216 1773 2247 in
1797 2225 1910 2248 eorum
1926 2213 2006 2259 cysti
2029 2213 2127 2254 lapil‹

1119 2263 1143 2294 li
1167 2262 1392 2298 concrescant,
1419 2271 1521 2302 neque
1544 2269 1648 2293 meam
1669 2260 1801 2292 alteram
1824 2257 1888 2291 tibi
1912 2256 2125 2302 suspicionem

1118 2305 1340 2338 reticendam.
1368 2305 1438 2347 Ipse
1461 2303 1546 2336 enirn
1571 2314 1646 2336 cum
1667 2311 1782 2345 praeter
1805 2302 1878 2334 illos
1915 2312 1996 2343 quos
2033 2300 2122 2333 simul

1116 2350 1220 2382 felleis
1243 2370 1253 2386 ‚
1288 2348 1379 2381 simul
1403 2347 1552 2380 urinariis
1584 2346 1716 2380 calculis
1739 2345 1902 2379 obnoxios
1927 2345 2001 2377 alias
2034 2343 2086 2386 (n
2110 2348 2123 2383 )

1116 2405 1134 2425 a
1159 2404 1208 2426 me
1231 2392 1316 2425 visos
1340 2390 1543 2427 memoravi,
1580 2391 1660 2424 alios
1693 2400 1825 2432 quoque
1849 2387 1987 2422 viderim
2007 2412 2016 2427 ,
2040 2387 2122 2420 alios

1115 2436 1271 2478 legerim,
1293 2437 1376 2468 inter
1400 2432 1588 2467 versandum
1614 2442 1719 2467 autem
1741 2444 1790 2466 eas
1814 2443 1950 2474 quarum
1975 2441 2062 2473 parte
2089 2433 2123 2464 in

1115 2479 1168 2512 his
1200 2480 1334 2511 Litteris
1367 2476 1500 2511 subinde
1522 2477 1592 2510 usus
1614 2477 1684 2511 sum
1701 2501 1710 2515 ,
1733 2476 1987 2509 Observationes
2011 2485 2124 2517 quam-

1116 2523 1277 2564 plurimos
1301 2521 1422 2562 pariter
1445 2521 1644 2557 invenerim3
1669 2530 1733 2552 non
1769 2519 1907 2555 fortuito
1941 2519 2006 2552 haec
2040 2521 2122 2553 acci-

1115 2564 1212 2603 dere,
1234 2565 1329 2599 facile
1344 2564 1518 2605 intellexi.
1542 2565 1594 2597 Ex
1617 2564 1657 2597 iis
1682 2573 1762 2606 quos
1788 2562 1828 2597 sic
1864 2561 1992 2597 affec-“tos
2027 2563 2090 2607 legi
2118 2591 2125 2598 .

1118 2620 1221 2642 unum
1245 2608 1331 2643 haud
1354 2609 1530 2646 omitt-am,
1565 2607 1702 2649 dignum
1737 2618 1800 2649 prae
1835 2608 1958 2640 caeteris
1989 2608 2045 2650 qui
2078 2608 2123 2641 ob

1120 2652 1174 2685 sua
1197 2654 1231 2686 in
1256 2652 1415 2686 Medicam
1440 2651 1636 2685 Facultatem
1669 2651 1782 2684 merita
1813 2661 2087 2684 commemoretur
2111 2675 2121 2689 ,

1119 2695 1316 2731 michaelem
1341 2696 1523 2728 Mercatum
1549 2695 1601 2738 (o
1622 2698 1653 2735 ).
1681 2695 1746 2728 Hic
1772 2694 1958 2737 nephriticis
1970 2697 2123 2728 cruciati-

1119 2740 1180 2773 bus
1201 2739 1387 2776 conferatis,
1412 2749 1486 2771 cum
1517 2737 1637 2779 lapides
1659 2738 1762 2777 duos,
1786 2749 1841 2771 nec
1866 2738 2017 2780 parvulos
2044 2764 2052 2778 ‚
2087 2740 2120 2772 in

1120 2783 1319 2819 ureteribus,
1344 2783 1378 2816 in
1402 2782 1532 2817 renibus
1566 2790 1672 2815 autem
1697 2780 1858 2826 sexaginta
1883 2792 1944 2816 tres
1969 2791 2022 2815 aut
2056 2784 2122 2815 mi-

1119 2838 1212 2860 nores
1245 2837 1353 2859 omnes
1376 2850 1387 2866 ‚
1413 2834 1474 2857 ‘aut
1508 2824 1662 2865 quosdam
1697 2825 1834 2864 saltem,
1871 2835 1905 2858 ut
1942 2825 2129 2860 Praeceotor.

1119 2869 1191 2911 ejus
1213 2869 1335 2912 scripsit
1370 2867 1570 2909 Caesalpinus
1595 2893 1605 2909 ,
1639 2869 1778 2909 ingentes
1813 2868 1963 2904 haberem
1996 2863 2121 2912 in'cy-

1121 2913 1159 2947 sti
1183 2915 1281 2947 etiam
1304 2911 1417 2949 fellea,
1440 2913 1587 2953 quamvis
1610 2911 1714 2943 ietero
1737 2938 1746 2952 ,
1782 2912 1870 2954 quod
1905 2923 2084 2946 memorent
2108 2937 2120 2953 ,

1118 2968 1284 3000 nunquam
1310 2964 1473 2993 tentatus,
1496 2954 1611 2987 habuit
1623 2953 1717 2986 sex&
1741 2955 1896 2996 triginta,
1921 2955 2051 2990 obscuri
2065 2969 2120 2989 co-

1117 3001 1218 3037 loris,
1237 3002 1272 3045 βε
1296 2999 1480 3041 angulares,
1504 2998 1615 3031 ciceris
1640 2999 1879 3039 magnitudine.
1907 3000 1990 3035 Quis
2014 3011 2119 3034 aurem

1119 3055 1194 3078 cum
1217 3042 1284 3077 haec
1307 3041 1345 3075 cle
1369 3041 1537 3078 Mercato,
1560 3051 1631 3074 tum
1654 3042 1687 3073 in
1722 3042 1789 3075 illis
1808 3043 1935 3084 insuper
1967 3053 2017 3077 tot
2048 3045 2120 3077 Ob-

1117 3086 1353 3120 servationibus
1376 3084 1501 3125 legens,
1528 3084 1726 3126 Episcopum
1759 3085 1853 3119 illum
1877 3086 1970 3119 Lazlii
1996 3101 2012 3120 a
2037 3089 2120 3121 Fon·

1117 3140 1148 3163 te
1169 3133 1224 3171 (p
1245 3133 1258 3168 )
1288 3141 1327 3161 ex
1350 3139 1459 3160 renum
1483 3139 1612 3170 quoque
1637 3127 1754 3161 lithiafi
1771 3129 1916 3162 laborare
1939 3130 2121 3164 consuevis-

1120 3173 1171 3212 se,
1196 3171 1435 3206 Hoechstetteri
1464 3172 1478 3209 <
1499 3182 1519 3212 q
1539 3175 1554 3210 )
1575 3172 1740 3204 Comitem
1765 3173 1934 3211 arenulas,
1958 3175 1989 3204 &
2025 3173 2119 3215 lapil-

1117 3218 1230 3250 lumin
1245 3216 1372 3248 renibus
1384 3213 1524 3248 habuisse
1536 3238 1544 3252 ‚
1560 3214 1704 3255 Wepferi
1716 3218 1726 3253 (
1740 3215 1774 3255 r)
1789 3216 1958 3249 Victorem
1968 3216 2001 3247 in
2014 3217 2118 3258 papil-

1117 3261 1175 3293 lari
1199 3259 1369 3292 caruncula
1404 3258 1533 3290 alterius
1566 3259 1651 3290 renis
1675 3258 1777 3298 lapilli
1801 3256 1969 3291 frustulum
1991 3281 2003 3297 ,
2039 3259 2119 3294 Bor-

1117 3303 1214 3337 richii
1250 3301 1332 3345 (s)
1364 3300 1534 3334 foeminam
1577 3312 1616 3334 ex
1667 3299 1766 3333 vesica
1813 3312 1944 3344 utraque
1982 3301 2122 3336 calculos

1679 3343 1717 3376 M
1999 3345 2078 3378 cffu-

268 3430 1676 3447 »-—-—-——-—-———-———-——-———-—-——b—-=—··h——ffi

1217 3551 1243 3573 3.
1259 3543 1285 3566 in
1300 3542 1343 3566 fin.
1374 3511 1389 3541 ε
1403 3510 1419 3571 ἶ
1431 3513 1549 3572 Jysszli.
1567 3544 1598 3566 N.
1616 3543 1646 3566 C.
1663 3542 1721 3565 Dec.
1738 3548 1760 3570 3.
1775 3541 1805 3565 A.
1823 3547 1845 3569 9.
1860 3539 1918 3565 Obs.
1936 3544 1989 3570 24⁶·

1268 3573 1308 3603 (x
1323 3573 1336 3602 )
1352 3574 1457 3597 Earund.
1475 3575 1533 3597 Dec.
1551 3580 1571 3597 ι.
1591 3573 1620 3596 A.
1637 3579 1660 3595 2.
1678 3570 1737 3594 obs.
1753 3572 1792 3600 89.

1334 3604 1347 3631 (
1364 3610 1379 3626 a
1394 3603 1410 3662 )(
1424 3603 1483 3662 131}
1492 3602 1684 3662 ribertfflmkmho
1700 3600 1751 3625 cas.
1770 3610 1794 3625 2.

1634 3634 1641 3663 (
1659 3641 1670 3656 e
1686 3631 1699 3659 )
1715 3639 1737 3655 c.
1754 3632 1808 3657 eod,
1825 3641 1849 3662 3.
1865 3632 1922 3657 obs.
1941 3641 1961 3662 ς.

1153 3666 1168 3695 (
1184 3665 1199 3689 h
1214 3664 1227 3692 )
1242 3665 1304 3688 Tab.
1321 3667 1392 3687 Anat.
1411 3664 1444 3688 11.
1460 3664 1511 3692 Fig.
1530 3672 1552 3693 3.
1570 3666 1591 3687 8:
1607 3672 1631 3691 4.

1106 3635 1184 3664 capite
1203 3643 1222 3664 3·
1240 3632 1299 3657 ΟΜ.
1315 3642 1338 3662 4.

1262 3696 1277 3723 (
1291 3702 1314 3717 m
1332 3694 1345 3722 )
1361 3696 1379 3718 1.
1398 3701 1419 3722 3.
1439 3696 1462 3718 S.
1480 3697 1517 3718 18.
1534 3695 1595 3719 ΟΜ.
1612 3703 1635 3723 9.
1695 3693 1739 3721 (n
1758 3693 1766 3723 l
1784 3693 1857 3722 Epist.
1877 3695 1948 3720 Anat.
1967 3700 1986 3719 1.
2005 3702 2028 3718 nr
2045 3693 2085 3722 48.

1309 3724 1315 3751 (
1332 3731 1348 3753 p
1370 3726 1376 3752 l
1394 3725 1466 3749 cons.
1483 3725 1523 3748 cit.
1542 3726 1607 3754 supra
1623 3723 1650 3746 ad
1669 3731 1693 3746 n.
1713 3730 1749 3750 31.

1120 3756 1184 3788 (s)
1202 3756 1255 3780 Vid.
1272 3754 1408 3780 Bartlmlin.
1424 3756 1478 3781 Ast.
1497 3757 1575 3780 Hafa.
1595 3754 1647 3780 Vol.
1666 3764 1690 3783 5.
1708 3753 1766 3778 Obs.
1785 3756 1821 3783 63..
