2498 4075
357 190 509 257 Epist.
549 190 708 241 Anat.
744 189 957 263 Medica
990 185 1397 241 XLVIII-Art.
1419 185 1491 250 38.
1515 187 1765 250 39.&40.

51 286 147 317 quem
170 276 292 317 aperite
313 274 464 308 consulto
487 273 666 311 noluimus,
704 273 894 306 anatomicis
926 272 1052 314 perqui-

53 319 224 352 {itionibus
248 318 321 351 sat—is
344 318 471 353 idonei,
495 316 643 356 pleraque
668 316 728 349 alia
773 315 902 349 dissecta
948 315 1018 349 sunt
1042 327 1052 352 3

53 361 103 395 sed
127 361 209 395 nihil
233 374 267 395 ea
291 373 366 395 cura
389 373 451 403 qua
477 362 622 394 Venter.
650 360 688 392 In
713 359 774 393 hoc
791 361 893 401 igitur
906 369 979 391 cum
993 358 1054 390 alia

52 416 124 448 quae
148 405 212 439 huc
235 416 299 439 non
323 406 483 443 attinent,
506 413 576 437 tum
601 401 666 435 haec
691 403 841 435 adnotata
855 402 946 436 sunt.
964 402 1055 434 Ven-

52 450 187 482 triculus
210 449 410 491 praelongus‚
435 457 604 489 antequam
631 446 667 479 ad
684 447 800 488 pylori
824 447 965 479 Antrum
981 456 1052 486 per-

52 493 203 533 veniret,
227 491 256 524 se
280 490 493 525 contrahebat
518 501 573 531 per
593 490 733 522 tractum
765 489 893 531 aliquot
920 488 1051 530 ‘digito-

51 546 145 574 rum,
172 547 248 569 mox
270 535 376 569 rursus
400 536 433 566 in
457 533 538 566 illud
564 535 705 566 Antrum
731 532 759 565 se
771 532 1053 574 explicabat.co-

50 577 105 611 lon
129 578 338 618 intestinum,
363 586 573 620 praeterquam
598 577 717 615 initio,
741 577 817 608 adeo
849 576 1053 609 contrafium

50 630 139 660 erat,
162 632 198 656 ut
221 623 319 663 digiti
347 618 747 663 pollicis.craffitiem·vix
770 618 951 660 superaret.
987 618 1054 651 Te-

51 666 126 698 nuia
150 666 297 700 intestina
321 678 336 697 a
361 664 495 697 sinistris
518 661 605 705 quasi
629 662 831 695 inflammata
855 661 1051 704 quibusdam

50 708 130 742 locis
155 710 369 746 videbantur3
394 706 451 750 nisi
476 706 508 739 id
535 705 620 739 forte
644 714 711 739 erat
737 717 752 737 a
777 706 934 738 teretibus
967 706 1051 739 lum·

50 751 167 789 bricis,
193 762 334 795 quorum
357 751 472 792 aliquis
496 752 529 782 in
563 749 745 783 ventriculo
789 747 892 783 suerat
915 773 922 781 .
971 750 1052 781 Lien

50 806 166 828 carneo
189 797 276 828 intus
292 817 305 834 ‚
329 803 393 827 non
418 802 513 831 atro,
539 793 669 832 colore,
693 792 916 834 magnitudine
954 792 1055 824 ferme

50 839 210 871 naturali.
235 840 282 870 At
305 837 394 879 jecur
419 847 597 879 magnum,
622 836 655 869 in
679 836 837 871 sinistrum
861 835 1055 877 hypochon-

51 881 159 915 drium
184 882 214 914 se
237 880 453 919 extendebat,
478 880 590 913 lobum
614 890 718 913 autem
742 879 910 912 dexterum
956 877 1056 911 habe-

51 926 106 958 bat
128 926 162 958 in
187 924 269 959 facie
292 936 368 957 cava
392 935 445 966 per
470 921 665 965 profundam
682 946 691 960 ,
715 933 771 956 nec
796 922 949 958 brevem,
972 919 1066 954 fissum

52 979 118 1002 ram
139 968 220 1002 duos
242 969 275 1002 in
299 967 392 1000 lobos
417 978 494 1008 pene
518 967 679 999 divisum.
706 966 859 1007 Hepatici
882 963 996 997 duetus
1007 975 1060 996 ra-

52 1013 136 1045 dices
160 1013 245 1045 intra
269 1010 377 1053 jecur,
401 1010 526 1052 alioqui
550 1009 682 1048 sanum,
708 1009 811 1042 multo
833 1007 992 1042 craffiores
1005 1005 1057 1039 of-

53 1055 163 1095 fendi,
187 1066 283 1098 quam
307 1065 438 1093 earum,
462 1062 553 1086 extra
576 1052 665 1094 jecur
690 1053 920 1094 prodeuntium
938 1076 946 1088 ‚
972 1049 1059 1083 cras-

51 1098 158 1132 {itudo
183 1099 397 1140 proportione
420 1096 594 1140 postularet
610 1122 617 1128 .
643 1098 770 1130 Renum
796 1093 988 1136 superficies¹
1012 1094 1060 1125 lo-

53 1145 98 1176 cis
124 1142 286 1175 nonnullis
309 1141 496 1182 inaequalis,
522 1139 595 1173 sana
620 1150 726 1174 tamen
748 1140 903 1172 interiore
917 1137 1061 1170 substan-

53 1187 118 1219 tia.
145 1186 183 1218 In
210 1186 331 1218 ventris
355 1184 440 1226 pelvi
466 1193 546 1225 aqua
571 1194 635 1216 non
662 1183 785 1217 multa.
811 1183 935 1216 Uterus
970 1180 1061 1213 valde

52 1233 87 1264 in
111 1229 193 1263 latus
215 1227 382 1262 dexterum
408 1228 600 1263 inclinatu53
625 1236 659 1260 ut
684 1227 762 1260 tuba
778 1250 785 1263 ‚
812 1228 843 1259 &
866 1223 951 1258 testis
976 1225 1014 1256 ab
1025 1235 1061 1257 ea

55 1283 141 1315 parte
165 1275 200 1305 in
222 1272 347 1305 aretum
370 1270 554 1312 compulsa,
581 1271 620 1302 ab
645 1271 742 1303 altera
773 1270 877 1303 multo
910 1268 1060 1300 latiorem

54 1317 211 1351 haberent
236 1314 359 1349 sedem.
384 1315 534 1355 Denique
556 1313 641 1345 [σξιο
665 1314 702 1346 ad
726 1312 937 1355 diaphragma
973 1321 1060 1344 venae

54 1362 154 1394 Cavae
177 1369 312 1396 trunco,
337 1356 465 1400 sanguis
487 1355 644 1395 defluxit,
670 1358 783 1399 niger,
806 1358 840 1389 in
866 1353 1061 1397 grumosque

54 1412 226 1438 concretus
241 1427 248 1434 .

97 1446 148 1489 38.
173 1446 300 1479 ANUI
325 1455 396 1478 crus
419 1444 588 1479 dexterum
613 1444 702 1478 canis
727 1441 966 1476 momorderat.
1001 1441 1063 1473 Po-

54 1490 114 1524 stea
139 1501 211 1523 cum
236 1488 287 1522 fiti
312 1499 426 1530 magna
452 1489 514 1521 alvi
538 1487 675 1524 fluxus}
698 1489 730 1520 &
754 1486 910 1522 febricula
936 1483 1067 1518 accesse-

55 1542 145 1567 rant.
174 1533 247 1566 Post
270 1533 391 1566 multos
415 1531 483 1564 dies
507 1531 561 1564 ille
584 1531 696 1568 defiit3
722 1542 784 1563 non
820 1531 886 1563 haec
912 1553 919 1561 .
968 1530 1061 1561 Tum

56 1579 184 1610 vomitu
206 1585 354 1617 correpta
377 1574 421 1608 est
444 1586 510 1616 quo
536 1575 714 1610 lumbricos
760 1575 863 1606 etiam
908 1571 1026 1613 rejecit
1051 1594 1059 1602 .

54 1622 206 1662 Denique
231 1620 328 1652 finito
352 1619 503 1656 vomitu,
528 1619 686 1657 paulatim
718 1616 872 1650 deficiens
893 1639 906 1656 ‚
940 1615 1063 1648 ibidem

56 1664 97 1698 cll
126 1672 253 1697 mortua
279 1663 336 1695 sub
359 1663 494 1694 initium
518 1662 635 1696 Martii
665 1671 758 1704 1741.
785 1660 875 1693 Huic
900 1668 1065 1701 aegrotan-

54 1711 78 1741 ti
105 1705 210 1749 pulsus
232 1705 364 1748 quidem
389 1715 555 1747 nunquam
579 1704 704 1739 validus
728 1702 814 1737 fuir,
841 1715 925 1736 raras
960 1713 1067 1734 tamen

54 1751 170 1785 habuit
192 1747 460 1782 intermiffiones:
483 1748 571 1781 tuffis
595 1750 695 1782 etiam
720 1746 783 1781 fuit
797 1746 992 1789 aliquando->
1018 1744 1068 1779 sed

54 1796 150 1828 levis.
178 1794 262 1832 Quae
289 1792 355 1825 duo
380 1803 436 1826 cur
461 1791 664 1829 addiderim,
696 1800 749 1833 per
794 1800 827 1824 te
872 1789 1032 1831 intelliges
1055 1811 1069 1827 ‚

53 1850 129 1872 cum
151 1847 223 1880 quae
248 1838 281 1868 in
306 1835 402 1869 corde
419 1856 428 1871 ‚
452 1838 482 1868 δι
506 1846 578 1877 quae
602 1836 640 1869 ad
675 1835 846 1878 pulmones
890 1833 1066 1866 adnotave-

54 1883 143 1920 rim‚
164 1891 241 1913 mox
265 1878 423 1913 scribam.
448 1878 566 1921 Neque
590 1880 677 1912 enim
701 1879 821 1911 ventris
835 1886 986 1913 tantum,
1015 1875 1065 1908 sed

54 1929 85 1959 &a
108 1923 277 1961 thoracis,
301 1925 333 1955 &
356 1922 473 1964 capitis
495 1924 673 1959 interiora,
700 1931 796 1962 atque
821 1921 900 1954 alias
912 1930 1064 1962 praeterea

53 1979 123 2010 quae
149 1969 211 2000 huc
236 1968 340 1999 minus
364 1968 529 2006 attinent,
550 1963 760 2008 strigofiffimi
794 1963 960 1997 cadaveris
993 1973 1066 2004 par-

53 2023 119 2047 tes,
143 2010 293 2053 quamvis.
312 2011 400 2043 intra
424 2014 599 2051 perpaucos
621 2009 706 2045 dies,
733 2007 806 2041 satis
830 2006 1068 2050 diligentetlu-

54 2056 242 2088 stravimus.
376 2053 647 2087 CEREBRUM
671 2051 834 2086 di‘ss‘esturi
849 2074 856 2088 ‚
880 2061 984 2084 aereas
995 2050 1069 2083 bul-·

54 2099 135 2132 lukas
180 2099 215 2130 in
263 2095 341 2130 vasis
365 2095 652 2130 animadvertimus
674 2096 833 2136 meningis
856 2095 1003 2133 Tenuis,
1037 2095 1068 2126 δε

54 2143 112 2177 iub
135 2140 195 2175 hac
242 2150 382 2182 aquam,
405 2148 441 2173 ut
465 2138 582 2173 deinde
628 2141 662 2173 in
686 2139 878 2172 ventriculis
907 2148 1037 2179 quoque
1058 2162 1067 2176 ,

54 2186 106 2220 sed
129 2196 196 2219 non
219 2184 358 2217 multam
374 2209 383 2223 ,
406 2193 508 2226 neque
531 2192 570 2217 ut
592 2181 778 2216 Choroides
811 2182 922 2224 plexus
968 2180 1067 2221 palle--¹

54 2239 123 2263 rent
138 2253 145 2261 .
276 2226 431 2264 Thorace
479 2226 622 2264 recluso,
650 2225 821 2266 pulmones
864 2223 1063 2258 offendimus

54 2285 124 2306 aere
146 2271 297 2314 turgidos
314 2295 323 2311 ‚
367 2269 406 2304 ad
451 2270 598 2313 ipsosque
645 2267 851 2302 Brouchiales
897 2267 1066 2310 glandulas

56 2317 196 2354 multas,
219 2318 250 2348 δι
274 2315 308 2346 in
334 2312 386 2347 his
408 2313 530 2356 aliquas
555 2312 766 2355 amplificatas
782 2335 791 2350 ‚
817 2323 872 2346 nec
896 2311 960 2344 line
997 2320 1065 2342 tar-

53 2369 141 2394 tarea
187 2356 307 2392 inclusa
354 2360 487 2390 materia
512 2383 519 2390 .
552 2357 674 2390 Cordis
698 2366 833 2397 uterque
865 2355 1065 2388 ventriculus

54 2401 220 2446 polypofis
244 2399 348 2434 fartus
369 2409 440 2434 erat
463 2400 749 2439 concretionibus,
773 2410 851 2441 quas
873 2399 959 2431 inter
995 2398 1064 2430 san-

53 2448 125 2489 guis
150 2455 237 2484 ater,
259 2443 334 2487 ipsae
358 2454 465 2477 autem
488 2456 529 2478 ex
552 2444 626 2477 albo
648 2441 746 2476 flavae
770 2465 778 2479 ‚
825 2446 855 2476 &
900 2441 1062 2475 nonnullae

52 2488 180 2529 crassae,
203 2499 269 2522 non
294 2485 390 2521 facile
414 2487 648 2530 discerpendae.
678 2487 823 2520 Mitrales
847 2487 986 2519 valvulae
1023 2484 1062 2517 ad

52 2535 157 2567 imum
180 2544 220 2566 ex
244 2531 409 2573 compacta
431 2553 439 2568 ‚
460 2532 596 2572 albaque
621 2532 710 2564 intus
734 2528 909 2563 substantia
933 2529 1026 2562 faecae
1048 2550 1060 2567 ,

52 2588 152 2619 eaque
176 2575 354 2619 praesertim
378 2586 450 2617 quae
474 2575 604 2617 Magnae
636 2574 760 2607 arteriae
804 2574 938 2616 propior
985 2571 1028 2605 est
1052 2594 1060 2603 .

52 2619 161 2663 Cujus
183 2619 383 2652 valvularum
406 2619 493 2651 nulla
514 2617 751 2651 inchoamentis
793 2615 886 2650 osseis
932 2615 1062 2657 prorsus

53 2665 180 2699 caruit:
204 2673 266 2697 una
291 2670 397 2695 autem
419 2673 484 2703 qua
507 2658 589 2696 facie
614 2664 769 2704 parietem
804 2661 929 2693 arteriae
962 2657 1063 2699 respi-

51 2707 179 2746 ciebat,
203 2715 274 2739 tota
298 2704 364 2738 fere
386 2715 452 2738 erat
477 2704 586 2745 ossea,
608 2714 710 2748 eoque
735 2703 842 2747 aspera
864 2726 874 2740 ‚
906 2704 938 2735 &
982 2704 1062 2734 inae«

53 2751 160 2794 qualis
183 2749 352 2791 particulis
375 2748 525 2782 videlicet
550 2759 628 2791 quas
651 2759 759 2782 revera
784 2746 882 2781 osseas
914 2746 1035 2778 diceres
1050 2771 1060 2786 ‚

53 2792 141 2838 quasi
166 2802 346 2834 granorum
370 2791 472 2825 sabuli
498 2793 620 2830 instar,
644 2802 788 2834 quorum
812 2792 874 2824 alia
900 2789 969 2822 aliis
1002 2789 1061 2822 im-

53 2838 157 2880 posita
181 2834 264 2872 sint,
287 2833 398 2877 paffim
420 2834 639 2870 exstantibus.
664 2836 762 2868 Facie
787 2835 888 2868 altera
931 2831 1062 2875 corpus-

52 2881 164 2915 culum
177 2904 186 2918 ,
211 2891 226 2911 a
251 2889 300 2911 me
316 2877 512 2915 restitutum,
526 2878 668 2922 superius
681 2877 858 2915 divulsum,
874 2879 908 2910 in
917 2887 1064 2911 carneam

53 2922 323 2959 excrescentiam‚
347 2923 442 2964 paulo
465 2934 564 2965 quam
587 2922 693 2964 ipsum
709 2945 718 2960 ,
744 2922 919 2963 majorem,
966 2920 1062 2961 dege-

53 2967 209 3002 nerabat.
341 2968 379 2999 In
403 2967 529 3000 Ventre
545 2988 554 3003 ,
577 2976 676 3007 quem
721 2968 865 3008 primum
911 2965 1060 2997 omnium

52 3011 275 3047 secueramus,
297 3010 496 3043 ventriculus
519 3010 663 3043 occurrit
688 3020 758 3043 aere
782 3008 1006 3044 subtumidus‚
1030 3009 1061 3038 δε

52 3066 109 3099 per
133 3054 164 3088 se
190 3063 344 3094 magnus,
366 3065 403 3086 eo
425 3053 522 3095 usque
547 3051 764 3089 descendens,
800 3061 837 3086 ut
881 3049 1060 3093 subjefium

30 3112 33 3115 ·
52 3097 113 3141 ipfi
137 3095 325 3131 intestinum
347 3097 456 3129 Colon
482 3097 556 3130 ess'et
579 3096 664 3129 infra
687 3095 882 3133 umbilicum
907 3121 915 3128 .
961 3093 1063 3131 Quod

52 3141 244 3176 intestinum
259 3162 268 3177 ‚
295 3148 331 3174 ut
354 3140 389 3172 in
411 3151 446 3173 ea
469 3139 508 3173 de
532 3153 594 3183 qua
620 3139 789 3173 noviffime
811 3140 939 3174 dic‘tum
986 3138 1028 3171 est
1053 3160 1063 3175 ‚

53 3186 190 3221 foemina
213 3185 227 3221 (
249 3194 265 3216 c
287 3185 320 3223 ),
343 3191 473 3220 totum,
497 3182 518 3215 fi
544 3185 677 3217 initium
700 3182 768 3225 ejus
791 3184 951 3225 excipias,
976 3181 1066 3223 quod

54 3240 130 3265 cum
152 3228 251 3260 Caeco
274 3234 342 3259 e-rat
367 3237 435 3260 aere
458 3227 626 3268 turgidum
643 3252 652 3266 ,
676 3227 754 3261 adeo
780 3227 810 3260 se
833 3234 1063 3263 contraxerat,

51 3286 88 3312 ut
110 3282 210 3308 unum
233 3281 274 3303 ex
296 3270 469 3304 Tenuibus
490 3269 548 3303 ess'e
571 3271 751 3305 videretur.
765 3273 891 3304 Contra
907 3293 915 3306 ‚
932 3269 1065 3302 Duode-

52 3330 132 3354 num
158 3313 264 3348 multo
289 3314 514 3356 amplius*erat
536 3325 635 3357 quam
660 3313 764 3355 solet,
788 3314 996 3356 longiorique
1011 3313 1064 3345 in-

53 3364 150 3405 super
173 3357 282 3391 trafiu
304 3369 320 3389 a
345 3356 469 3390 dextris
491 3358 712 3393 vertebrarum
758 3359 786 3391 se
832 3356 1028 3392 demittebat
1054 3380 1061 3387 .

55 3406 183 3441 Tenuia
208 3401 333 3442 reliqua
356 3400 526 3439 obsoleto,
550 3404 581 3434 &
603 3400 707 3435 livido
731 3402 842 3436 colore
855 3410 963 3434 erant.
990 3400 1062 3432 Nie-

52 3451 141 3485 saraei
164 3443 325 3491 glandulae
348 3455 414 3476 non
437 3445 583 3485 exiguae,
609 3444 658 3477 sed
683 3446 886 3485 mediocres,
910 3443 967 3476 sub
999 3442 1061 3475 levi

53 3491 275 3538 pinguedine,
299 3489 330 3521 δι
353 3486 444 3527 visu,
468 3489 499 3519 δε
524 3488 614 3520 tastu
637 3490 897 3531 percipiebantur
922 3513 928 3519 .
961 3486 1062 3530 Jecur

54 3546 207 3580 magnum
226 3544 235 3563 -“
259 3533 296 3564 in
318 3542 422 3574 eoque
447 3529 526 3564 sulci
549 3530 614 3564 duo
629 3554 638 3568 ‚
662 3535 752 3575 quasi
775 3533 890 3574 digitis
916 3542 980 3563 non
1015 3531 1059 3562 le-

1928 195 2026 248 239

1109 273 1194 312 viter
1211 271 1380 313 immeffi,
1405 282 1421 303 a
1443 281 1595 304 convexae
1619 267 1711 302 faciei
1735 271 1863 302 summo
1884 288 1897 306 ‚
1940 267 2026 299 inter
2073 264 2104 299 se

1107 316 1208 350 ferme
1231 315 1393 356 paralleli,
1419 325 1481 347 non
1506 311 1723 346 breviffimum
1748 312 1786 345 ad
1810 310 1948 344 “aequm
1979 318 2107 342 antror-

1106 360 1175 392 sum
1196 357 1450 391 descendebant.
1477 357 1586 397 AEquo
1609 355 1738 388 craffior
1762 355 1846 392 lien,
1872 355 1904 387 &
1928 352 2027 394 gibba
2060 350 2109 384 fa-

1104 405 1153 436 cie
1175 400 1369 444 quibusdam
1390 400 1477 442 quali
1524 400 1632 441 granis
1665 398 1836 440 subasper,
1859 395 1968 429 colore
2003 401 2108 428 autem

1104 448 1192 479 intus
1214 445 1360 487 pallido.
1388 446 1511 478 Uterus
1544 443 1680 484 denique
1712 440 1924 476 sinistrorsum
1968 438 2107 472 inclina-

1105 499 1177 526 tus,
1203 497 1308 522 totam
1333 487 1447 521 habuit
1472 487 1663 521 interiorem
1688 484 1806 520 faciem
1831 483 1968 526 asperam
1993 504 2005 521 ,
2052 490 2109 522 nec

1105 542 1213 566 tamen
1237 532 1470 567 exulceratam,
1495 530 1645 572 quamvis
1669 538 1742 562 atro
1765 527 1916 569 sanguine
1960 523 2082 559 foedam
2097 546 2107 560 ‚

1104 585 1232 615 totam,
1255 576 1407 617 inquam,
1432 572 1546 610 fundi,
1573 583 1636 606 non
1658 573 1812 610 cervicis5
1836 567 1962 605 tametsi
1987 567 2109 603 uterini

1104 619 1205 654 osculi
1228 629 1348 651 corona
1371 628 1435 651 erat
1459 616 1603 651 craffior.

1144 674 1198 705 39.
1221 661 1295 695 Nec
1322 660 1403 695 mihi
1427 669 1542 702 praeter
1564 671 1612 692 eas
1635 669 1713 700 quas
1737 657 1904 700 pollicitus
1929 658 2016 692 ium,
2040 653 2111 687 aliae

1102 706 1218 739 desunt
1237 705 1348 742 ¹uteri,
1371 705 1405 737 in
1429 704 1513 737 latus
1536 703 1697 739 alterum,
1724 700 1776 734 sed
1798 713 1815 733 a
1839 710 1967 733 tumore
1991 700 2026 731 in
2051 709 2111 738 op-

1105 749 1212 791 pofito
1234 745 1356 789 latere,
1380 747 1551 783 inclinati,
1577 744 1963 778 Obse1·vationes.,Satis
2007 750 2112 774 autern

1105 795 1139 825 in
1166 790 1333 834 praesentia
1357 790 1405 823 hae
1431 790 1503 823 sunt
1529 800 1608 831 quas
1633 788 1671 821 ad
1694 789 1769 821 oe'to
1792 785 1923 826 addidi,
1947 785 2017 833 aliis
2043 784 2114 831 Lit-

1106 837 1184 869 teris
1207 835 1243 868 ad
1269 844 1299 867 te
1325 834 1458 875 scriptas
1475 858 1485 874 ,
1510 834 1652 872 primum
1676 830 1909 873 utintelligas‚
1932 837 2018 862 uteri
2029 827 2116 860 obli-

1106 880 1264 921 quitatem
1289 889 1352 911 non
1376 878 1439 910 elle.
1458 875 1669 915 rariffimam,
1691 873 1824 910 deinde,
1846 883 1881 907 ut
1905 870 2118 905 omnibusin-

1108 931 1157 956 ter
1180 921 1210 956 se
1233 922 1382 961 collatis,
1406 920 1538 959 noscaS,
1563 930 1639 952 num
1664 917 1702 951 sae
1729 919 1779 951 ius
1802 917 1882 955 illa,
1905 914 1992 959 quod
2037 922 2115 946 non-

1109 965 1191 1000 nulli
1215 965 1370 998 videntur
1392 964 1537 1000 credere,
1561 930 1766 995 dextroriiim
1790 959 1932 996 acidae,
1959 970 1997 992 an
2033 955 2118 990 haud

1112 1010 1217 1042 minus
1242 1008 1323 1049 saepe
1346 1007 1580 1042 sinistrorsum,
1606 1005 1687 1039 Non
1710 1003 1765 1038 hic
1790 1012 1881 1037 vacat
1907 1003 2022 1035 alienas
2044 999 2118 1048 Ob-

1114 1051 1310 1084 sei-vationes
1332 1050 1513 1091 inspicere:
1533 1048 1595 1082 Sed
1621 1058 1729 1081 tamen
1775 1045 1815 1080 de
1838 1046 1960 1080 duabus
1983 1054 2061 1086 quas
2083 1052 2117 1074 1n

1114 1094 1323 1136 Sepulchreto
1348 1093 1454 1135 legisse
1480 1092 1612 1125 memini
1633 1091 1771 1133 ⁴loannis
1803 1090 1941 1122 Riolani
1985 1087 2121 1121 alteram

1114 1139 1168 1181 (d
1190 1141 1226 1176 ),
1252 1138 1383 1170 alteram
1408 1135 1569 1169 Francisci
1594 1135 1696 1176 Sylvii
1732 1138 1745 1174 (
1767 1144 1781 1166 e
1806 1136 1840 1171 )‚
1873 1132 1928 1165 illa
1972 1130 2122 1164 dextror-

1113 1182 1206 1221 sum,
1230 1179 1297 1214 haec
1322 1178 1537 1212 {inisti-orsum
1561 1179 1738 1221 proponit.
1763 1176 1850 1209 Illud
1874 1175 2034 1216 denique,
2056 1172 2124 1205 col-

1112 1225 1186 1259 latis
1211 1223 1324 1258 nostris
1347 1224 1520 1261 omnibus,
1545 1221 1638 1255 facile
1662 1220 1814 1264 colliges:
1841 1230 1911 1261 quae
1935 1213 2124 1257 Ruyschias

1112 1267 1197 1311 (f)
1222 1267 1334 1309 gravia
1361 1265 1569 1300 incommoda
1595 1266 1634 1299 ab
1658 1264 1782 1298 laterali
1807 1263 1890 1296 uteri
1935 1261 2127 1305 inclinatio-v

1113 1324 1153 1346 ne
1178 1310 1293 1349 fuisse,
1317 1310 1479 1346 credidit,
1502 1309 1651 1343 dolorem
1687 1305 1889 1350 hypogastrii
1916 1331 1924 1343 ,
1970 1311 2126 1338 conatum

1114 1352 1296 1397 expellendi
1318 1353 1633 1396 frequentiffimum‚
1658 1351 1824 1394 mingendi
1849 1348 2038 1383 desiderium
2049 1357 2128 1380 con-

1115 1401 1246 1433 tinuum
1264 1420 1273 1434 ‚
1298 1406 1352 1430 aut
1376 1407 1461 1430 certe
1486 1408 1550 1430 non
1575 1396 1649 1430 satis
1680 1393 1867 1437 expeditam
1901 1393 2095 1426 mietionem
2119 1411 2129 1427 9

1115 1444 1155 1476 de
1180 1441 1227 1475 his
1249 1439 1404 1474 foeniinas
1426 1443 1458 1473 in
1484 1441 1602 1482 quibus
1625 1451 1641 1473 a
1665 1450 1715 1473 me
1737 1439 1771 1473 id
1797 1438 1918 1472 vitium
1952 1436 2040 1469 uteri
2074 1433 2131 1469 de-

1118 1483 1306 1525 prehensum
1333 1485 1399 1525 est,
1422 1495 1486 1516 non
1513 1483 1571 1516 effe
1595 1482 1805 1524 conquestas;
1828 1480 1954 1514 tametfi
1987 1480 2020 1512 in
2056 1478 2132 1521 qui-

1119 1529 1252 1563 busdam
1278 1537 1343 1560 rron
1369 1527 1436 1560 leve
1462 1527 1494 1559 id
1518 1526 1613 1566 esset,
1637 1537 1692 1560 nec
1716 1524 1857 1558 defuerit
1881 1523 1991 1557 crebra
2018 1521 2131 1556 Medi-

1115 1583 1230 1606 corum
1253 1572 1490 1613 interrogatio,
1512 1580 1660 1612 quaenam
1685 1568 1769 1611 ipsas
1814 1568 1896 1601 male
1940 1566 2097 1606 haberent
2122 1590 2129 1602 ,

1117 1617 1213 1658 Quin
1238 1613 1454 1657 Ruyschiaua
1478 1615 1559 1646 Icon
1583 1612 1694 1656 (g),
1720 1623 1783 1654 qua
1816 1611 1993 1643 inclinatus
2025 1619 2132 1642 uterus

1119 1659 1312 1696 exhibetur,
1335 1669 1400 1690 non
1423 1656 1563 1690 ostendit
1589 1668 1659 1690 eam
1683 1666 1818 1698 quoque
1843 1665 1971 1687 annexae
2005 1653 2133 1695 vaginae

1120 1712 1242 1747 partem
1268 1712 1408 1743 quacum
1434 1701 1519 1734 arRe
1546 1699 1662 1734 scimus
1685 1698 1826 1732 urethrae
1850 1699 1983 1738 initium
2026 1695 2137 1730 cohae-

1121 1758 1211 1783 rere,
1238 1745 1280 1778 {ic
1303 1747 1490 1778 inclinatam
1507 1769 1516 1781 ,
1540 1754 1576 1776 ut
1600 1752 1767 1785 oporteret
1791 1740 1828 1775 ad
1874 1741 2042 1775 mifiionis
2086 1741 2136 1773 in-

1120 1789 1291 1823 commoda
1317 1789 1372 1821 illa
1396 1800 1470 1821 curn
1497 1786 1672 1829 Rnyschio
1695 1786 1770 1820 inde
1795 1785 1969 1827 repetenda
1992 1809 2000 1815 .

1122 1834 1180 1867 Sed
1204 1834 1241 1865 de
1265 1832 1463 1874 obliquitate
1488 1834 1569 1865 uteri
1596 1831 1670 1864 satis
1695 1855 1702 1862 .
1838 1830 1923 1863 Rara
1963 1827 2009 1865 est
2032 1837 2136 1871 Qcon-

1119 1874 1271 1914 torsionis
1294 1875 1331 1909 ad
1356 1876 1590 1918 obliquitatem
1615 1873 1733 1908 additae
1758 1872 1982 1911 Observatio,
2003 1872 2035 1904 in
2082 1869 2137 1903 hi-

1118 1921 1223 1953 storiis
1249 1916 1382 1961 legenda
1407 1930 1478 1961 quae
1502 1920 1534 1950 in
1560 1927 1702 1951 extrema
1726 1926 1818 1959 parte
1855 1916 1926 1949 sunt
1959 1914 2135 1949 laudabilis

1119 1963 1364 1997 Dissertationis
1389 1961 1561 2003 Rudolphi
1582 1962 1701 2005 jacobi
1725 1960 1905 1993 Camerarii
1930 1962 1943 1999 (
1965 1958 1985 1992 h
2009 1962 2042 1999 ).
2068 1959 2136 1992 Re.

1121 2016 1229 2048 pertus
1254 2007 1341 2039 enim
1366 2006 1408 2050 est
1433 2016 1541 2040 uterus
1566 2006 1598 2038 in
1623 2005 1708 2039 latus
1726 2001 1883 2045 simflrum
1906 2004 1952 2036 ita
1998 2001 2134 2036 inclina-

1121 2057 1196 2090 tm,
1220 2057 1255 2082 ut
1277 2059 1350 2090 pars
1365 2048 1462 2092 fundi
1484 2048 1621 2082 anterior
1643 2047 1749 2089 versus
1773 2047 1852 2080 idem
1864 2046 1949 2080 latus
1966 2044 2065 2088 fimul
2084 2046 2134 2079 in-

1121 2101 1207 2126 torta
1232 2093 1415 2127 videretur.
1439 2093 1585 2134 Eratque
1609 2104 1641 2124 ea
1666 2090 1792 2132 intorfio
1812 2112 1822 2128 ‚
1865 2100 1902 2124 ut
1927 2101 2005 2124 mox
2047 2093 2061 2129 (
2084 2089 2098 2122 i
2120 2092 2131 2127 )

1122 2135 1297 2175 scribitur,
1322 2135 1503 2178 conspicua,
1526 2135 1570 2168 (φ’
1595 2134 1752 2178 orificium
1786 2135 1869 2168 uteri
1916 2132 2099 2176 angustando
2123 2158 2132 2170 ,

1113 2187 1246 2221 partum
1259 2177 1350 2221 forte
1366 2178 1462 2222 simul
1485 2178 1697 2221 impediebat,
1731 2176 1829 2211 foetus
1873 2178 2056 2221 praesertim
2101 2179 2133 2210 &

1119 2222 1246 2265 peffime
1269 2224 1390 2262 locati,
1412 2225 1444 2256 δι’
1466 2234 1561 2265 :equo
1585 2221 1741 2264 majoris,
1766 2223 1798 2254 ὅ(
1824 2222 1857 2254 in
1884 2231 1987 2255 matre
2011 2231 2133 2264 parva,

1117 2266 1291 2310 eademque
1314 2265 1408 2299 obesa
1424 2290 1431 2296 .
1457 2266 1582 2306 Vides,
1604 2274 1689 2308 quot
1710 2264 1876 2298 interdum
1901 2264 2019 2308 poffint
2049 2262 2132 2297 infe-

1117 2310 1189 2343 licis
1214 2320 1322 2352 partus
1344 2310 1444 2343 causae
1468 2321 1534 2343 uno
1557 2318 1704 2352 tempore
1726 2311 1923 2342 convenire.
1951 2308 2031 2341 Sunt
2057 2318 2135 2341 vero

1116 2356 1147 2386 &
1171 2354 1240 2386 aliae
1256 2380 1265 2393 ‚
1291 2363 1326 2386 ut
1350 2366 1424 2387 cum
1450 2354 1560 2386 cervix
1582 2354 1666 2387 uteri
1691 2351 1909 2386 excrescentia
1934 2352 2041 2394 aliqua
2075 2363 2133 2385 oc-

1115 2397 1279 2433 cluditur,
1306 2398 1393 2430 vclut
1418 2398 1451 2429 in
1478 2396 1615 2429 muliere
1642 2394 1734 2437 cujus
1755 2394 1979 2429 diffefflonem
2015 2394 2131 2428 Histo-

1116 2441 1163 2473 ria
1187 2440 1316 2473 exhibet
1342 2442 1456 2483 Regiae
1482 2442 1697 2473 Scientiarum
1743 2439 1928 2479 Academiae
1953 2437 2132 2474 Parisieniis

1113 2487 1127 2522 (
1150 2484 1168 2523 k
1191 2487 1222 2522 ).·
1248 2494 1305 2516 aut
1330 2495 1403 2518 cum
1427 2495 1463 2516 os
1487 2485 1570 2517 uteri
1595 2483 1717 2523 duritie
1751 2483 1794 2515 est
1818 2482 1917 2516 ferme
1963 2482 2132 2525 cartilagi-

1113 2539 1171 2561 nea
1187 2549 1195 2563 ,
1219 2528 1313 2570 quale
1336 2529 1369 2560 in
1394 2527 1531 2560 foemina
1556 2537 1655 2560 annos
1679 2535 1753 2559 nata
1777 2527 1911 2559 necdum
1936 2526 2133 2567 quadragin-

1114 2580 1146 2605 ta
1170 2569 1380 2612 deprehendit
1407 2571 1515 2604 l’raecl.
1536 2569 1802 2603 Helmstadienfis
1827 2569 1989 2604 Professor
2013 2570 2130 2603 Fabria

1113 2617 1181 2649 cius
1205 2619 1215 2653 <
1240 2614 1252 2648 l
1275 2618 1311 2653 ),
1338 2617 1370 2647 δε
1395 2615 1533 2652 merito„
1557 2614 1677 2657 quippe
1699 2614 1903 2647 vehementer
1926 2613 2065 2648 resistens
2076 2625 2130 2647 ne-

1113 2657 1251 2692 cessariae
1275 2660 1308 2691 in
1334 2666 1426 2700 partu
1450 2658 1661 2696 dilatationi,
1684 2658 1767 2691 inter
1791 2657 1898 2691 causas
1923 2667 2034 2700 partus
2063 2657 2130 2691 dif-

1113 2701 1232 2738 ficilis,
1254 2704 1283 2734 δε
1310 2701 1583 2744 praeternaturalis
1609 2700 1743 2741 referri,
1769 2702 1912 2735 censuit:
1945 2701 2011 2734 five
2054 2712 2131 2736 cum

1115 2745 1279 2779 funiculus
1304 2745 1502 2778 umbilicalis
1525 2744 1630 2778 multo
1655 2744 1786 2777 brevior
1806 2755 1904 2786 quam
1928 2744 2031 2782 solet,
2069 2745 2130 2778 ob-

1114 2789 1172 2822 stat
1197 2788 1322 2828 fectus,
1345 2791 1472 2824 exitum
1496 2787 1554 2821 fibi
1581 2788 1748 2820 molientis
1770 2788 1945 2821 conatibus
1970 2810 1980 2825 ‚
2014 2797 2070 2821 aut
2103 2788 2127 2823 fi

1114 2832 1150 2866 hi
1176 2832 1349 2866 validiores
1373 2831 1455 2870 sint,
1481 2833 1518 2865 ad
1545 2842 1778 2873 praeproperam
1803 2832 1955 2873 placentae
1989 2830 2128 2865 avulsio-

1116 2887 1211 2915 nem,
1238 2878 1308 2908 imo
1333 2877 1431 2908 etiam
1455 2876 1494 2909 ad
1519 2875 1565 2908 sui
1591 2873 1687 2915 ipsius
1711 2875 1937 2917 abruptionem
1959 2874 2001 2909 est
2014 2884 2127 2918 aptus.

1116 2921 1170 2953 Sic
1194 2917 1339 2961 videbis,
1362 2929 1486 2961 quanto
1511 2919 1544 2951 in
1569 2918 1713 2960 periculo
1736 2921 1767 2951 &
1794 2917 1918 2956 foetus,
1946 2921 1978 2952 δε
2020 2928 2125 2952 mater

1116 2962 1260 2998 fuerint,
1285 2973 1358 2996 curn
1383 2961 1548 2996 funiculus
1570 2961 1628 2994 vix
1649 2959 1682 2993 6?
1705 2961 1897 3004 transversos
1919 2961 2034 3004 digitos
2058 2962 2125 2995 lon-

1111 3017 1171 3048 gus
1196 3019 1212 3039 a
1236 3006 1291 3038 (ΣΙ,
1315 3006 1510 3047 Stegmanno
1534 3006 1599 3047 (m
1623 3007 1634 3043 )
1659 3004 1847 3047 conspeetus
1870 3007 1912 3040 est
1933 3030 1940 3038 .
1975 3006 2027 3039 Ex
2050 3006 2126 3040 reli-

1114 3051 1187 3092 quis
1213 3059 1320 3083 autem
1343 3059 1452 3091 partus
1476 3047 1752 3085 difficiliscaufis,
1777 3049 1906 3089 quando
1918 3060 2017 3091 prope
2030 3051 2125 3084 innu=

1116 3105 1210 3126 merae
1235 3093 1328 3130 sunt,
1353 3097 1383 3125 &
1410 3094 1470 3126 alia
1496 3092 1589 3124 nobis
1614 3092 1715 3125 multa
1739 3091 1843 3125 adhuc
1867 3116 1880 3132 ,
1903 3096 1934 3126 &
1957 3094 2045 3126 varia
2070 3105 2120 3126 re-

1114 3137 1222 3174 stanr5
1247 3148 1343 3170 unam
1359 3160 1368 3174 ‚
1395 3136 1444 3170 scd
1469 3139 1553 3169 inter
1577 3136 1707 3169 illarum
1732 3137 1910 3178 praecipuas
1933 3147 1997 3169 non
2020 3134 2123 3170 infre-

1115 3189 1290 3223 quentem,
1315 3181 1376 3214 hoc
1401 3180 1475 3213 loco
1499 3179 1660 3222 praestabit
1684 3180 1861 3221 attingere.

1164 3236 1216 3265 40.
1244 3226 1288 3256 Ea
1314 3225 1356 3257 est
1378 3223 1477 3257 foetus
1500 3225 1534 3255 in
1558 3232 1652 3256 utero
1675 3231 1842 3256 mortuus.
1866 3222 1937 3264 Qui
1960 3221 2043 3256 hanc
2056 3224 2124 3265 pri-

1120 3277 1208 3301 mum
1231 3266 1458 3301 difficultatem
1469 3276 1576 3303 creat,
1600 3275 1636 3300 ut
1660 3266 1838 3308 plurimum
1851 3265 2032 3309 dubitetur,
2044 3277 2122 3301 num

1118 3321 1226 3344 revera
1250 3311 1289 3343 iit
1314 3320 1482 3345 mortuus.
1615 3310 1715 3343 Erant
1739 3309 1820 3342 olim
1843 3309 1900 3351 qui
1924 3310 2020 3343 nimis
2046 3308 2125 3343 faci-

1115 3355 1165 3392 le,
1190 3363 1223 3387 ut
1250 3354 1351 3395 tristia
1376 3354 1557 3388 docuerunt
1583 3353 1752 3395 exempla,
1774 3353 1809 3385 in
1843 3352 1943 3394 signis
1983 3353 2122 3395 quibus-

1113 3398 1185 3430 dam
1212 3398 1462 3439 acquiescerent,
1488 3402 1518 3431 &
1543 3395 1564 3429 fi
1589 3398 1798 3435 meconium,
1821 3396 1960 3438 exempli
1993 3395 2087 3431 causa
2111 3420 2121 3436 ‚

1115 3452 1170 3482 per
1196 3441 1354 3476 naturalia
1379 3440 1590 3484 parturientis
1631 3439 1807 3478 deflueret,
1831 3439 2014 3473 extinfium
2057 3439 2123 3481 jam

1114 3484 1175 3517 esse
1199 3483 1340 3523 foetum,
1365 3495 1429 3518 non
1453 3485 1640 3518 dubitarent
1656 3508 1664 3517 .
1689 3482 1794 3525 Cujus
1837 3481 1999 3516 fallaciam
2044 3482 2124 3526 signi

1113 3539 1188 3561 cum
1213 3528 1270 3560 alii
1294 3529 1398 3566 alibi,
1423 3538 1494 3562 tum
1515 3525 1581 3569 ipse
1606 3527 1711 3561 multo
1733 3525 1966 3561 evidentiffioee
1988 3524 2043 3560 hic
2065 3538 2124 3562 co-

1925 3579 1939 3592 ·
1978 3580 2081 3611 gnov1

53 3670 2103 3689 --.-...----—---—---——-—-—-———-——————————-—————-

108 3747 117 3771 (
134 3754 145 3769 ⁶
160 3746 173 3773 3
190 3754 213 3769 n·
233 3753 268 3775 3⁷-
331 3745 343 3773 ζ
360 3745 375 3768 d
391 3745 404 3773 2
421 3745 480 3771 Seu.
499 3746 543 3769 hac
561 3744 596 3773 38-
615 3743 672 3767 obt
690 3750 711 3769 φ.
732 3743 753 3773 §.
770 3742 793 3764 8.

106 3778 149 3806 (Ε
166 3777 176 3808 )
196 3777 256 3802 ibid.
274 3776 324 3804 Fie.
343 3779 382 3804 69.
401 3774 423 3798 *-

110 3807 143 3832 (Ι
162 3809 170 3837 )
188 3810 267 3837 Progr.
286 3806 357 3831 Aca-1.
374 3805 432 3831 edit.
450 3808 478 3831 Α,
497 3815 563 3836 1730,
581 3806 621 3828 Μ,
640 3808 740 3836 Januar.

854 3744 862 3767 (
880 3751 892 3765 e
909 3744 919 3767 )
936 3738 995 3763 Sest.
1016 3745 1050 3761 ro.
1069 3737 1122 3761 libri
1139 3737 1210 3766 huius
1229 3746 1255 3767 3.
1274 3735 1334 3760 Obs.
1352 3737 1391 3760 28.

484 3777 498 3804 (
515 3777 529 3800 b
548 3776 555 3804 )
571 3774 673 3801 specim.
692 3772 815 3802 Experim.
833 3773 897 3797 cista
914 3773 1027 3798 Generat.
1047 3769 1105 3792 Hist.
1126 3777 1143 3793 1.

806 3803 861 3834 (m
878 3805 891 3832 )
908 3804 969 3834 Eph.
987 3803 1019 3824 N·
1039 3801 1066 3823 C.
1084 3802 1142 3824 Dec.
1163 3811 1188 3831 3.
1208 3802 1236 3822 A.
1255 3809 1275 3829 4,
1294 3797 1425 3826 obs-113.

1451 3736 1465 3764 (
1480 3735 1495 3764 f
1515 3734 1520 3757 l
1536 3737 1608 3794 3Cent.
1625 3733 1682 3758 Obs.
1700 3736 1772 3757 Anat.
1792 3732 1860 3756 Chir.
1878 3733 1915 3757 88.

1479 3772 1486 3797 i

1209 3769 1223 3797 (
1241 3770 1250 3791 i
1267 3769 1275 3797 )
1293 3767 1316 3789 in
1336 3766 1414 3792 Schol.
1504 3765 1519 3789 k
1567 3769 1594 3790 A.
1614 3773 1680 3795 1705.
1698 3764 1752 3788 Obs
1764 3765 1846 3787 Anat.
1865 3772 1892 3791 7.
