2498 4075
483 262 637 330 Epist.
673 264 834 316 Anat.
868 261 1082 315 Medica

73 343 289 386 amplificata.
314 342 373 378 Sed
397 343 454 378 etsi
479 344 568 377 nervi
592 340 662 388 ejus
683 342 766 376 vires
796 342 838 377 fic
872 343 981 386 augeri
1014 354 1073 384 po-

72 387 191 429 tuisse,
236 387 452 424 existimares3
497 396 602 419 tamen
626 387 744 427 justum
769 385 989 420 musculorum
1020 396 1075 419 ro·

70 431 160 473 bur,
182 433 214 465 δι
239 432 380 474 partium
405 431 618 464 nutritionem
635 455 643 469 ‚
667 430 698 461 δι
722 432 910 463 arteriarum
946 428 1076 470 praeser-

73 475 138 507 tim
161 474 288 518 pulsum
312 474 378 508 fine
401 473 481 516 justa
504 471 673 506 influentis
696 484 824 516 quoque
848 472 1010 513 sanguinis
1021 483 1077 505 co-

76 518 150 560 pia,
174 517 325 561 justoque
348 519 473 561 impetu
488 538 496 552 ‚
520 526 586 549 non
608 515 824 558 intelligeres.
849 518 948 551 Certe
972 525 1077 549 autem

73 561 206 595 occluso
230 562 394 604 praecipuo
419 561 544 593 arteriae
570 569 686 593 trunco
702 584 711 599 ‚
744 570 850 593 ramos
898 557 1043 593 laterales
1066 580 1080 597 ,

76 602 151 638 licet
168 615 225 647 per
242 604 276 647 se
296 614 411 647 parvos
427 627 435 641 ,
456 602 555 648 postea
579 600 704 640 distendi
717 625 726 639 ,
743 602 936 645 filiquz'dum
951 625 961 641 ‚
977 600 1081 644 solum

76 646 109 680 in
134 658 183 680 eos
206 655 300 689 agar,
326 648 401 681 Viri
426 645 632 683 Doetiffimi,
658 648 689 679 δε
715 647 747 678 in
772 644 821 679 his
844 645 994 679 Hallerus
1015 645 1084 686 (r),

79 700 118 724 ex
134 690 293 732 phyficis‚
317 691 359 722 (φ
380 688 574 731 hydraulicis
591 699 654 722 non
668 688 861 723 dubitabant
877 702 885 721 :
910 690 987 729 quin
999 688 1085 721 idern

79 733 232 766 Hallerus
252 735 267 772 (
282 733 308 777 s
323 736 337 773 )
360 735 391 766 &
414 731 506 773 vulgo
529 739 635 767 notum
658 731 734 775 effe,
759 735 790 766 &
816 731 844 765 se
860 729 1083 776 vidiffe,con-

76 775 281 814 firmaverat,
307 775 420 819 reseb't'a
441 776 560 808 arteria
585 775 699 808 radzali
711 798 723 815 ,
745 775 790 807 ita
812 773 981 808 dilatatam
996 771 1083 818 fuis-

70 818 106 861 fe
122 817 231 862 sensim
253 819 409 857 ulnarem,
433 824 470 851 ut
493 819 574 851 rami
595 828 721 857 omnes,
744 816 854 859 quibus
873 817 1023 859 prospicit
1034 827 1084 850 ra-

76 861 172 895 dialis
189 885 202 902 ,
226 863 293 895 inde
308 861 492 905 sanguinem
515 861 706 903 acciperent.
731 861 810 899 Qm
833 862 934 904 magis
965 869 1084 901 optan-

75 903 154 938 dum
177 905 244 945 est,
267 914 302 937 ut
327 906 361 936 in
386 903 594 937 cadaveribus
617 914 733 939 eorum
756 904 874 946 quibus
896 904 977 936 olim
1002 913 1085 937 arte—

78 950 126 981 ria
149 946 215 989 ipsa
240 946 442 985 Brachialis‚
467 946 702 989 aneurysmatis
735 947 869 983 curandi
915 947 1004 980 causa
1051 947 1086 978 in

78 989 203 1026 brachii
226 990 340 1031 flexu,
363 991 510 1033 obligata
534 988 653 1030 fuerit,
677 992 819 1028 iterum,
842 992 1023 1033 iterumque
1047 989 1087 1022 ab

78 1035 318 1074 Anatomicis,
340 1034 553 1076 inprimisque
587 1034 626 1067 ab
671 1034 782 1067 eodem
828 1032 1086 1068 Praestantiffimo

78 1078 273 1112 Molinellio
297 1077 491 1120 perquifitio
513 1076 698 1119 hujusmodi
724 1086 912 1119 repetatur,
935 1085 970 1110 ut
995 1075 1088 1109 ficuti

77 1132 149 1163 quae
173 1122 206 1154 in
231 1120 289 1156 hac
315 1122 416 1164 prima
440 1120 673 1162 deprehendit,
699 1130 843 1155 accurate
870 1120 947 1154 adeo
970 1130 1088 1160 propo-

79 1165 169 1204 suit,
194 1165 239 1198 ita
264 1166 297 1198 in
323 1164 395 1198 aliis
419 1165 552 1203 eadem,
577 1176 614 1198 an
638 1165 698 1197 alia
723 1173 897 1199 occurrant
932 1162 1088 1206 injeffitio-

81 1208 130 1241 nis
154 1210 252 1241 etiarn
279 1209 427 1247 auxilio,
451 1209 604 1241 certiores
627 1206 762 1241 fiamus.
789 1207 842 1241 Ut
867 1207 952 1240 enim
999 1206 1089 1239 illius

78 1252 204 1285 atteriae
221 1260 362 1292 truncus
385 1262 460 1285 raro
484 1251 602 1292 duplex
626 1252 687 1291 sit;
708 1262 813 1284 ramos
836 1260 943 1284 tamen
969 1249 1087 1292 abipso

77 1304 150 1329 tum
173 1297 206 1327 in
230 1295 412 1331 muntem,
438 1303 507 1328 turn
532 1296 562 1328 in
590 1294 756 1329 Radialem
781 1296 973 1337 pertinentes
1006 1303 1088 1336 quos

77 1338 150 1371 Cel.
177 1338 389 1372 Winsloxvius
410 1341 423 1377 (
446 1346 461 1370 c
484 1342 494 1377 )
518 1338 731 1373 Collaterales
765 1347 896 1377 vocat,
942 1347 1006 1370 non
1054 1336 1088 1369 in

79 1382 204 1416 cunetis
229 1384 360 1422 quidem
386 1382 576 1424 corporibus
601 1382 638 1416 ad
662 1381 798 1415 eundem
824 1381 957 1414 modum
982 1379 1011 1412 se
1033 1378 1089 1412 ha-

79 1426 180 1466 bere,
204 1423 256 1459 sed
280 1426 384 1467 plures
406 1427 439 1459 in
465 1423 624 1468 plerisque
647 1424 705 1459 esse
721 1450 729 1464 ,
755 1425 854 1459 velex
865 1425 954 1466 ejus,
980 1423 1091 1458 &lau-

81 1467 153 1502 dati
181 1467 304 1502 Halleri
328 1473 341 1509 <
366 1480 386 1503 u
407 1471 422 1510 )
442 1469 570 1503 collatis
594 1469 679 1503 inter
705 1468 733 1502 se
756 1468 1031 1510 descriptionibus
1044 1465 1091 1499 sa-

80 1513 123 1545 tis
147 1511 291 1545 constat.
316 1513 397 1546 Veri
423 1513 534 1556 itaque
558 1512 660 1546 simile
684 1512 748 1548 est.
773 1511 841 1546 fore
866 1520 901 1544 ut
925 1511 1002 1544 alias
1036 1519 1089 1542 aut

80 1567 147 1590 uno
170 1555 298 1597 plures,
321 1566 375 1590 aut
400 1566 481 1589 unus
505 1555 623 1597 aliquis
649 1557 751 1597 magis
773 1555 928 1589 dilatatus
952 1552 1085 1587 exCol-

81 1599 269 1633 lateralibus
293 1602 389 1633 ramis
414 1599 443 1633 se
468 1598 497 1632 se
519 1600 625 1632 oculis
648 1599 808 1641 objiciat:
832 1608 1018 1640 quanquam
1051 1607 1088 1628 ne

82 1642 125 1676 fic
151 1642 282 1684 quidem
306 1642 381 1676 satis
404 1643 545 1683 intelligi
571 1640 672 1683 posset
699 1641 787 1684 quod
822 1640 974 1675 Valsalva
1006 1640 1091 1673 circa

84 1687 256 1727 minelum
280 1685 318 1718 ab
341 1686 443 1728 ligata
470 1685 585 1719 arteria
608 1685 695 1720 diem
718 1684 944 1719 observaverat
973 1697 982 1721 3
1018 1693 1093 1716 nam

82 1729 106 1762 ii
132 1740 297 1763 ramorum
322 1729 459 1763 illorum
482 1729 634 1763 dilatatio
657 1728 730 1763 fieri
766 1728 923 1771 paulatim
966 1727 1060 1761 debet
1083 1739 1092 1762 5

81 1773 249 1814 quomodo
273 1782 340 1806 tam
362 1774 432 1807 cito
456 1774 566 1816 pulsus
592 1772 629 1807 ad
654 1773 835 1806 naturalem
868 1770 956 1814 quasi
993 1773 1096 1812 impe-

83 1824 157 1851 turn
182 1817 345 1850 redierat?
479 1818 529 1851 De
553 1817 659 1849 nervis
684 1825 815 1853 autenm
849 1816 976 1848 tametsi
1021 1817 1094 1848 bra-

79 1858 237 1893 chialium
260 1861 577 1893 communicationes
600 1861 685 1893 inter
711 1859 764 1899 se,
801 1862 831 1892 δι
862 1857 1011 1901 frequens
1048 1867 1098 1890 ra-

79 1913 209 1937 morum
233 1914 297 1936 non
323 1904 419 1937 unius
442 1914 481 1937 ex
506 1903 572 1937 illis
595 1904 629 1938 in
654 1914 755 1938 unum
780 1900 960 1936 musculum
992 1899 1098 1934 distri-

81 1946 177 1980 butio
200 1942 307 1981 facere
323 1945 465 1980 fortasse
486 1946 625 1985 debent,
655 1958 694 1980 ne
718 1957 785 1980 tam
810 1945 933 1979 solicite
956 1944 995 1979 de
1019 1944 1094 1987 ipfis

78 1990 166 2023 idem
188 1989 280 2032 quod
305 1989 343 2024 de
367 1991 515 2028 arteriis,
538 2000 742 2031 quaeramus3
781 1991 850 2023 sane
896 1990 951 2023 illa
996 1999 1094 2030 quam

80 2034 149 2066 Vir
171 2032 225 2068 Cl.
252 2033 512 2073 animadvertit,
535 2033 614 2075 illa,
640 2036 796 2076 inquam,
821 2033 909 2066 nervi
935 2032 1095 2069 fimu1‚ut

80 2077 238 2118 videtur,
262 2088 337 2112 curn
362 2078 478 2110 arteria
502 2077 597 2119 ligati
624 2079 657 2111 in
683 2077 871 2120 praegrande
894 2076 982 2118 quali
1018 2086 1095 2118 gan-

82 2120 186 2163 glium
211 2121 358 2156 mutatio
380 2121 484 2167 digna·
503 2121 545 2155 est
567 2132 638 2164 quae
662 2123 809 2163 pluribus
844 2119 1096 2153 Observationi-

81 2165 143 2199 bus
165 2165 199 2198 in
221 2164 433 2198 cadaveribus
455 2164 710 2206 eiusdemmodi,
733 2173 787 2198 aut
810 2165 843 2196 in
867 2165 971 2197 brutis
996 2163 1094 2196 etiam

83 2209 305 2242 animantibus
327 2207 403 2241 data
424 2219 521 2250 opera
545 2208 647 2249 magis
670 2208 882 2242 confirmetur
906 2228 916 2244 ‚
950 2207 1095 2249 inquira-

84 2260 228 2295 turque,
252 2261 291 2285 an
317 2249 487 2284 influentis
511 2251 547 2284 in
569 2251 675 2294 ipsum
699 2249 841 2285 arteriosi
874 2251 954 2284 rami
987 2250 1091 2283 mani-

87 2294 261 2330 festiffimae
284 2294 494 2335 dilatationi,
516 2305 580 2335 an,
602 2295 625 2328 fi
649 2294 717 2330 haec
742 2293 866 2339 semper
890 2304 955 2326 non
979 2303 1095 2327 occur-

86 2348 158 2376 rat,
181 2339 341 2380 vinetum
363 2338 474 2380 potius
497 2340 587 2373 nervi
610 2338 826 2382 amplificatio
850 2336 905 2371 illa
917 2338 1092 2371 debeatur.

218 2383 285 2416 Cui
310 2390 392 2415 voto
416 2379 582 2424 postquam
616 2381 684 2417 haec
715 2382 897 2425 scripseram
922 2402 931 2418 ,
975 2382 1095 2414 interea

87 2424 165 2459 satis
187 2424 247 2459 esse
270 2423 414 2462 fastum,
437 2425 503 2466 jam
527 2424 622 2459 video
644 2427 700 2469 (x
721 2430 732 2465 )
756 2433 914 2468 quantum
949 2424 987 2458 ad
1020 2425 1096 2458 bru-

87 2478 138 2504 tas
160 2470 301 2502 attinent
325 2469 522 2506 animantes,
547 2471 780 2511 experimentis
803 2479 877 2512 quae
901 2476 937 2502 ut
962 2479 1018 2510 per
1064 2466 1096 2500 se

89 2512 182 2546 laude
205 2521 270 2545 non
293 2511 419 2554 vulgari
443 2512 542 2554 digna
564 2513 698 2553 cense03
720 2514 766 2547 ita
792 2512 813 2546 si
851 2511 986 2545 debeam
1031 2522 1091 2554 pro

90 2554 253 2590 Valsalvae
279 2556 428 2597 repetitis
451 2557 681 2598 experimentis
712 2557 857 2599 accipere
881 2569 890 2593 3
935 2553 1015 2597 quid
1059 2556 1094 2587 in

88 2598 167 2641 ipsis
189 2597 383 2636 desiderem,
406 2600 471 2633 erit
495 2600 594 2636 alibi,
620 2609 655 2634 ut
700 2600 791 2642 spero
822 2621 831 2636 ,
875 2599 1096 2641 opportunior

91 2642 252 2677 scribendi
277 2643 385 2677 locus.
412 2643 514 2676 Nunc
537 2644 625 2677 enim
647 2643 727 2678 illud
752 2643 815 2676 tibi
843 2644 949 2675 multo
980 2643 1093 2675 utilius

92 2685 218 2726 fuerit,
241 2685 265 2720 fi
288 2697 367 2728 quas
392 2686 501 2720 eadem
524 2687 687 2721 luculenta
702 2709 710 2724 ‚
735 2690 767 2720 δε
789 2685 948 2729 frugifera
971 2683 1096 2719 Disser-

90 2730 216 2762 tatione
238 2729 518 2770 Observationes,
542 2728 892 2770 animadversionesque
915 2729 971 2762 Cl.
997 2727 1100 2762 Moli-

90 2772 208 2805 nellius
233 2772 404 2815 proposuit
429 2774 468 2807 de
491 2773 685 2807 instituenda
710 2772 945 2816 aneurysmatis
975 2774 1008 2805 in
1042 2782 1101 2804 cu-

90 2816 156 2850 biti
180 2812 271 2848 flexu
294 2818 459 2849 curatione
484 2826 554 2850 tum
579 2818 761 2860 expeditius
785 2828 919 2850 nervum
945 2826 1020 2849 cum
1054 2825 1103 2847 ar-

93 2860 175 2893 teria
198 2858 413 2900 colligando,
436 2868 507 2894 tum
530 2871 608 2893 vero
634 2863 736 2894 tutius
759 2860 851 2895 sacco
875 2861 975 2893 etiam
1008 2869 1101 2891 aneu-

96 2902 249 2944 rysmatis
272 2902 399 2935 vincula
422 2902 625 2945 injiciendo,
648 2913 770 2937 attente
783 2905 1019 2946 diligenterque
1031 2913 1104 2945 per-

97 2945 238 2989 pendas,
261 2947 292 2978 &
316 2956 389 2991 cum
413 2947 453 2979 iis
476 2958 555 2989 quas
577 2948 610 2980 in
635 2948 793 2990 posterum
821 2956 975 2989 peragat,
1009 2956 1102 2979 cura-

98 2989 246 3023 tionibus
268 2999 447 3031 conjungas
462 3013 469 3020 .
494 2991 620 3024 Verum
644 3000 678 3024 ut
704 2990 759 3024 ille
783 2991 879 3024 nobis
902 2989 1101 3030 superiorem

100 3031 265 3066 Valsalvae
290 3031 563 3068 Observationem
607 3032 741 3076 perfecit
766 3046 777 3073 3
823 3033 864 3067 sic
909 3030 994 3067 haud
1026 3031 1103 3065 satis

100 3075 168 3125 scio
186 3098 195 3114 ,
219 3085 258 3109 an
282 3076 430 3110 invenire
451 3087 536 3111 nunc
558 3077 671 3121 poffim
691 3078 749 3121 qui
772 3077 995 3120 insequentem
1011 3075 1107 3119 perfi-

99 3128 167 3154 ciat
190 3145 199 3153 .

144 3174 175 3204 9.
200 3162 406 3204 QJIDAM
428 3164 614 3206 aneurysma
640 3166 674 3198 in
699 3162 825 3198 sinistro
848 3163 977 3206 poplite
998 3162 1108 3209 decem

103 3206 235 3239 circiter
269 3215 368 3238 annos
412 3208 608 3248 pertulerat,
634 3208 857 3242 vehementem
869 3207 1016 3240 dolorem
1034 3206 1108 3239 aste-

103 3260 198 3289 tens,
221 3252 252 3283 &
274 3250 435 3283 diametro
456 3252 562 3288 uncias
587 3252 802 3285 Bononienses
825 3261 887 3284 tres
911 3261 985 3285 cum
998 3248 1109 3283 semis-

105 3292 135 3326 se
156 3291 260 3325 ferme
283 3303 430 3334 aequans.
457 3295 489 3326 Is
510 3302 623 3328 cuma
649 3296 802 3329 Valsalva
833 3305 965 3328 curatus
999 3293 1072 3327 esset
1098 3306 1110 3330 3

106 3334 275 3369 noviffime
297 3345 403 3369 tamen
428 3338 524 3379 periit
545 3338 590 3370 ob
613 3339 748 3372 alterum
771 3341 805 3372 in
826 3338 959 3372 ,dextero
984 3339 1108 3381 poplite

108 3378 316 3420 aneurysma.
449 3380 504 3415 IN
551 3381 793 3416 THORACE
833 3393 964 3425 quoque
1011 3392 1107 3414 aneu-

108 3421 216 3465 rysma
249 3421 336 3456 aliud
369 3421 484 3458 habuit
529 3422 567 3457 ad
612 3427 734 3460 arteriae
779 3426 908 3469 Magnae
953 3433 1108 3459 curvatu-

108 3476 177 3500 ram
191 3488 198 3496 .

158 3519 209 3543 ιο,
231 3509 319 3558 βοτη
344 3508 775 3555 Medicus,a(chirurgus
797 3534 806 3549 ‚
852 3512 949 3554 fiquis
993 3505 1083 3545 alius
1099 3535 1108 3549 ‚

110 3551 353 3587 Eruditiffimus
374 3553 569 3587 Laurentius
590 3554 754 3591 Heisterus
777 3558 812 3589 in
836 3567 872 3589 ea
906 3555 1113 3590 Dissertatio-

1114 260 1173 313 Lz
1208 259 1329 312 Art.
1344 274 1390 326 9.
1423 261 1498 313 10'.
1550 259 1699 312 &m
1959 263 2057 325 269

1123 352 1162 375 ne
1185 351 1256 382 quae
1280 341 1314 374 de
1325 344 1463 376 Genuum
1479 339 1644 374 structura
1655 362 1669 381 ‚
1691 349 1852 382 eorumque
1871 339 1995 374 Morbis
2018 340 2132 374 inscri-

1125 394 1179 428 pta
1202 382 1245 416 est
1267 386 1322 425 (y
1347 388 1380 422 ),
1402 384 1591 421 monuerit,
1610 382 1790 425 pauczffima
1814 384 1851 416 in
1875 385 2000 426 poplite
2033 395 2131 417 aneu-

1127 426 1267 470 rysrnata
1291 426 1384 461 fuisse
1408 428 1585 464 adnotata,
1609 429 1639 460 &
1663 426 1733 461 sane
1756 436 1875 468 preter
1901 439 1935 461 ea
1959 438 2030 470 quae
2065 426 2131 467 ipse

1128 478 1284 505 memorat
1298 496 1307 510 ,
1332 472 1388 505 vix
1409 471 1448 505 de
1470 469 1596 504 duobus
1618 481 1666 503 me
1682 469 1789 511 legisse
1803 472 2028 507 meminerim,
2049 481 2134 511 quo-

1128 525 1200 548 rum
1223 514 1359 547 alterurn
1383 526 1450 549 uno
1493 514 1594 548 verbo
1636 514 1718 548 olim
1752 511 1921 548 indicavit
1965 515 2133 547 Severinus

1129 557 1189 601 (z
1211 560 1245 595 )‚
1274 557 1413 592 alterum
1436 558 1620 599 nuperrime
1650 566 1808 600 quantam
1852 558 1921 590 vim
1967 557 2134 600 sanguinis

1130 603 1332 638 contineret,
1356 598 1478 644 scripsit
1500 600 1650 634 Matanus
1675 604 1685 639 (
1709 599 1761 641 a)
1781 612 1791 636 ·‚
1828 609 1999 643 propterea
2042 600 2135 634 nolui

1133 644 1218 680 hanc
1233 669 1242 683 ,
1263 645 1411 687 quamvis
1434 641 1606 678 obscuram
1621 665 1632 681 ,
1654 641 1677 676 si
1711 642 1826 684 speeies
1861 655 1897 676 ea
1941 655 2012 685 quae
2059 653 2136 676 mox

1135 686 1263 724 dicam,
1287 690 1319 720 δι’
1352 685 1576 730 ι’ῐῃρετῑεᾶειπι
1600 708 1610 723 ,
1655 685 1813 719 Valsalvae
1859 686 2135 720 observationem

1136 733 1310 770 omittere,
1334 740 1484 772 praeterea
1507 728 1570 764 hoc
1593 738 1677 763 certe
1701 728 1938 767 ostendentem,
1977 740 2136 771 quantum

1128 773 1410 816 —aneurysmatibus
1433 772 1496 807 fint
1518 783 1655 814 corpora
1677 772 1824 814 quaedam
1848 772 2012 806 obnoxia.

1136 818 1210 851 Etsi
1236 827 1311 851 vero
1335 815 1636 858 Experientiffimus
1673 814 1840 849 Heisterus
1873 815 2006 849 eandem
2043 825 2140 856 quam

1136 861 1173 893 ad
1197 860 1345 895 cubitum
1369 858 1602 902 aneurysmatis
1625 859 1827 893 curationem
1843 880 1852 895 ‚
1876 860 1910 892 in
1922 859 2048 902 poplite
2059 869 2143 896 quo-

1135 915 1200 945 que
1223 914 1279 936 non
1303 902 1512 945 impoffibilem
1535 903 1617 942 esse,
1641 901 1802 936 existimet
1825 904 1839 941 (
1863 902 1882 935 b
1904 904 1918 940 )
1940 901 1985 934 ob
2009 901 2140 934 eandem

1138 947 1221 988 spem
1245 950 1369 988 (quam
1393 957 1477 980 nunc
1502 947 1626 980 videbis
1661 957 1677 979 a
1706 945 1968 978 Praestantiffimo
2004 945 2164 986 I-lallerov

1138 989 1225 1033 (c)
1250 991 1497 1028 confirmatam)
1521 1001 1684 1024 ramorum
1710 989 1835 1022 arteriae
1869 1000 1884 1021 a
1908 988 2008 1022 latere
2050 997 2145 1021 com-

1140 1035 1375 1068 municantium
1391 1058 1400 1073 ,
1425 1034 1504 1075 quin
1530 1034 1580 1073 se,
1604 1032 1661 1067 ubi
1683 1032 1770 1067 casus
1802 1031 1937 1069 tulerit,
1960 1042 2029 1065 earn
2052 1041 2147 1065 cura-

1139 1079 1265 1110 tionem
1293 1075 1510 1118 suscepturum
1534 1076 1593 1110 effe
1611 1101 1619 1114 ,
1643 1074 1836 1118 profiteatur
1860 1088 1869 1112 3
1915 1085 2023 1107 tamen
2068 1083 2142 1107 cum

1140 1122 1230 1164 plura
1255 1130 1352 1162 quarn
1377 1120 1409 1151 in
1435 1118 1569 1153 historia
1594 1119 1797 1160 scripserim,
1828 1117 1866 1151 de
1899 1129 1931 1151 re
1961 1115 2143 1151 istiusmodi

1140 1176 1157 1197 a
1180 1162 1332 1197 Valsalva
1357 1161 1462 1196 addita
1488 1163 1644 1206 nusquam
1670 1162 1727 1195 esse
1752 1160 2060 1198 animadverterem3
2084 1169 2148 1201 qua

1139 1206 1207 1250 ipse
1230 1207 1355 1240 ratione
1378 1204 1534 1245 curasset,
1560 1206 1694 1240 statuere
1718 1214 1783 1238 non
1808 1204 1964 1238 audebam
1989 1227 1997 1236 .
2043 1203 2147 1235 Erant

1141 1251 1273 1293 quidem
1296 1251 1381 1283 inter
1405 1249 1564 1282 Valsalvae
1590 1248 1718 1283 schedas
1742 1250 1854 1281 leones
1887 1247 1957 1280 duae
1980 1270 1993 1287 ‚
2038 1245 2115 1279 scite
2140 1264 2150 1281 2

1142 1304 1236 1337 atque
1259 1293 1418 1335 eleganter
1441 1292 1627 1333 delineatae,
1649 1303 1787 1334 quarum
1823 1292 1919 1324 altera
1955 1289 2146 1331 Poplitaeam

1142 1339 1293 1373 arteriam
1317 1338 1355 1370 ab
1379 1349 1413 1370 ea
1439 1334 1521 1371 facie
1545 1348 1608 1380 qua
1633 1334 1765 1379 respicit
1788 1336 1949 1368 exteriora
1964 1360 1974 1374 ‚
1998 1334 2094 1366 altera
2110 1330 2150 1364 ab

1141 1380 1289 1423 opposita
1316 1380 1518 1423 repraesentat
1546 1381 1573 1414 se
1598 1380 1637 1413 ab
1659 1380 1817 1413 exteriore
1843 1377 1924 1411 facie
1957 1377 2152 1410 dilatantem

1144 1425 1177 1457 in
1202 1423 1327 1459 saccum
1350 1424 1557 1465 oblongum,
1582 1427 1613 1458 &
1637 1436 1704 1466 quo
1742 1424 1842 1465 magis
1890 1420 2031 1454 ascendit
2054 1441 2068 1458 ,
2113 1428 2154 1450 eo

1145 1469 1388 1509 angustiorem,
1413 1478 1470 1500 nec
1493 1466 1557 1500 sine
1582 1468 1686 1501 tribus
1719 1465 1950 1500 arteriosorum
1988 1471 2154 1512 ramorum

1143 1511 1281 1548 osculis,
1304 1522 1378 1544 cum
1403 1510 1582 1553 angustiore
1605 1510 1684 1544 sacci
1713 1519 1802 1550 parte
1814 1510 2155 1554 communicantrumi

1142 1565 1176 1588 ut
1202 1554 1260 1587 nifi
1286 1566 1321 1587 ea
1345 1565 1439 1594 pars,
1465 1554 1557 1587 sicuti
1585 1553 1662 1586 solet
1690 1554 1800 1587 Praecl.
1826 1553 2055 1589 Molinellius,
2082 1558 2157 1580 vm-

1141 1599 1216 1632 culo
1240 1598 1411 1630 constmsta
1435 1596 1530 1636 esset,
1566 1596 1814 1638 perdifficilem,
1835 1598 1865 1629 δι
1889 1597 2019 1638 longam
2046 1601 2158 1628 manus

1147 1653 1277 1683 operam
1302 1639 1543 1683 requisivisset;
1567 1643 1596 1673 St
1622 1650 1728 1673 tamen
1753 1640 1859 1673 saccus
1905 1640 1945 1673 ab
1994 1640 2157 1672 exteriore

1146 1685 1227 1720 facie
1272 1694 1410 1717 omnino
1452 1686 1578 1727 integer
1624 1683 1825 1717 ostenditur.
1852 1682 2101 1725 Quamobrem,
2124 1684 2156 1713 &

1146 1727 1236 1771 quod
1259 1738 1326 1761 erat
1351 1728 1450 1762 homo
1474 1728 1517 1760 ob
1542 1726 1732 1770 aneurysma
1758 1735 1905 1760 mortuus
1930 1726 2017 1769 quod
2041 1728 2075 1759 in
2110 1724 2157 1757 al-

1147 1782 1217 1805 tero
1240 1771 1366 1813 poplite
1390 1780 1595 1808 excreverat3
1621 1771 1682 1804 hoc
1707 1774 1817 1813 potius
1840 1781 1936 1811 quam
1963 1769 2041 1803 illud
2065 1767 2156 1811 quod

1147 1825 1297 1849 curatum
1322 1813 1416 1854 esset,
1441 1814 1565 1856 piStum
1590 1811 1704 1852 fuisse,
1729 1823 1762 1847 ut
1787 1826 1802 1846 e
1827 1824 1959 1847 mortuo
2006 1813 2156 1845 Valsalva

1150 1856 1338 1897 exemisset,
1362 1858 1596 1899 propemodum
1620 1856 1836 1898 conjiciebam
1852 1882 1860 1890 .
1883 1857 1946 1892 Sed
1970 1867 2079 1890 tamen
2115 1855 2155 1888 il-

1149 1902 1204 1936 lud
1228 1903 1363 1935 alterum
1386 1901 1472 1943 quali
1498 1901 1629 1934 curasset
1655 1902 1804 1939 ratione,
1829 1911 1894 1933 non
1941 1899 2123 1944 assequebar
2146 1921 2156 1936 ,

1146 1947 1248 1979 donec
1271 1942 1327 1978 Cl.
1354 1944 1511 1978 Benevoli
1536 1944 1793 1979 Observationes
1816 1944 1945 1978 versans
1977 1947 2009 1978 in
2046 1944 2157 1977 locum

1146 1988 1233 2023 forte
1258 1987 1381 2027 incidi,
1406 1988 1458 2021 ubi
1482 1990 1496 2026 (
1519 1989 1572 2030 d)
1597 1988 1729 2023 modum
1751 1987 1904 2027 laudans,
1938 2000 1954 2021 a
2001 2000 2050 2021 me
2094 1987 2160 2020 tibi

1147 2033 1225 2067 alias
1249 2032 1298 2074 (e
1320 2034 1334 2071 )
1356 2040 1676 2073 commemoratum,
1708 2044 1774 2075 quo
1808 2031 1960 2065 Valsalva
1993 2031 2117 2064 solebat
2147 2054 2157 2069 ‚

1148 2075 1301 2118 sanguine
1346 2075 1458 2117 saepius
1504 2074 1595 2108 misso
1623 2099 1633 2112 ,
1679 2078 1710 2108 δε
1755 2075 1939 2109 tenuissimo
1960 2075 2035 2109 dein
2063 2074 2153 2108 vistu

1149 2120 1371 2161 aneurysmata
1416 2129 1527 2152 curare
1550 2141 1563 2159 ‚
1608 2118 1650 2153 fic
1694 2121 1797 2152 curati
1824 2141 1850 2158 ‚‚
1871 2121 1905 2151 in
1942 2120 2060 2153 arteria
2095 2129 2153 2159 po-

1149 2186 1170 2203 „
1197 2164 1286 2204 plitis
1310 2185 1333 2201 ,‚
1358 2164 1544 2204 exemplum
1567 2162 1598 2196 ie
1622 2165 1656 2196 in
1682 2162 1842 2197 Valsalvae
1887 2163 1985 2205 ipsius
2031 2162 2157 2196 Musaeo

1149 2204 1283 2244 vidiffe,
1308 2206 1460 2244 testatur,
1485 2218 1524 2239 ex
1546 2206 1679 2240 homine
1701 2208 1758 2247 qui
1783 2206 1852 2248 post
1873 2217 1941 2239 eam
1954 2207 2159 2239 curationem

1145 2250 1261 2284 morbo
1284 2249 1349 2282 alio
1370 2248 1536 2283 confeffitus
1559 2249 1688 2284 fuerat.
1714 2249 1779 2283 His
1801 2251 1892 2283 enim
1915 2249 2006 2283 lestis
2021 2276 2030 2290 ‚
2053 2247 2159 2291 iisque

1146 2294 1300 2327 leonibus
1326 2295 1357 2326 in
1382 2304 1492 2327 manus
1515 2292 1670 2336 sumptis,
1713 2304 1796 2327 cumr
1833 2293 2124 2327 animadverterem
2153 2313 2162 2328 υ

1147 2338 1309 2371 diametro
1333 2347 1418 2370 certe
1443 2337 1540 2379 longe
1565 2338 1687 2370 minori
1711 2348 1810 2378 quam
1846 2337 1938 2378 supra
1982 2334 2072 2379 (f)
2116 2333 2162 2369 est

1147 2383 1372 2424 propositum,
1400 2380 1524 2414 saccum
1550 2378 1768 2422 repraesentari
1791 2392 1802 2418 5
1847 2382 1994 2422 cogitare
2040 2380 2128 2421 coepi
2151 2400 2164 2417 ‚

1147 2434 1272 2458 tantam
1296 2424 1378 2458 sacci
1402 2425 1661 2458 contractionem
1686 2433 1852 2464 acceptam
1877 2422 2075 2457 referendam
2102 2420 2163 2456 esse

1147 2471 1176 2502 ei
1199 2470 1376 2501 curationis
1401 2469 1533 2510 generi:
1559 2466 1648 2510 quod
1672 2466 1727 2500 etsi
1753 2467 1906 2501 Valsalva
1931 2466 2079 2500 adversus
2111 2467 2165 2498 in·

1146 2521 1256 2549 terna,
1281 2524 1378 2554 eaque
1403 2512 1595 2552 incipientia
1621 2507 2058 2552 aneuryfmatainstituerat,
2085 2508 2163 2542 huic

1148 2557 1244 2589 etiarn
1269 2552 1421 2592 fortasse,
1448 2554 1556 2588 addita
1580 2555 1817 2596 comprimente
1840 2552 1937 2587 fascia
1961 2565 2037 2587 cum
2070 2554 2166 2586 auxi-

1148 2600 1202 2633 liis
1225 2599 1294 2632 aliis
1317 2599 1560 2638 exrerioribus,
1583 2597 1737 2631 adhibere
1761 2596 1910 2631 voluisset
1936 2620 1944 2630 .
1989 2597 2161 2639 Qoniam

1148 2653 1256 2677 tamen
1279 2641 1427 2684 quaedam
1452 2642 1546 2676 video
1568 2650 1641 2683 quae
1664 2652 1737 2675 cum
1761 2639 1820 2675 hac
1864 2639 2049 2682 conjectura
2097 2651 2162 2673 non

1150 2686 1226 2721 satis
1269 2685 1472 2719 consentiant
1506 2707 1516 2723 ‚
1559 2685 1633 2718 ideo
1677 2693 1773 2718 tuum
1818 2684 1979 2726 judicium
2026 2683 2110 2718 facio
2145 2696 2153 2715 :

1152 2742 1214 2772 ego
1259 2727 1341 2763 nihil
1387 2729 1570 2772 pronuncio
1602 2751 1613 2766 ‚
1657 2731 1688 2761 &

1152 2774 1233 2808 deo-

1200 2826 1248 2850 11.
1273 2816 1399 2850 VIRO
1425 2815 1641 2859 quadraginta
1664 2823 1762 2847 annos
1796 2823 1875 2848 nato
1918 2825 2032 2857 parvus
2056 2837 2066 2852 ,
2112 2813 2165 2848 sed

1154 2859 1302 2905 pulsans,
1326 2869 1437 2893 tumor
1460 2861 1547 2893 circa
1571 2860 1689 2901 inguen
1713 2857 1880 2891 dexterum
1901 2858 2016 2892 senfim
2052 2857 2167 2892 obori-

1155 2913 1230 2937 tur.
1252 2904 1404 2936 Triennii
1430 2902 1536 2946 spatio
1557 2903 1591 2934 in
1615 2902 1682 2934 dies
1707 2910 1862 2942 augetur,
1885 2900 2078 2945 grandisque
2101 2901 2160 2934 fit.

1154 2950 1281 2988 Quarto
1303 2947 1434 2980 circiter
1457 2956 1531 2980 ante
1553 2946 1683 2979 obitum
1710 2944 1813 2978 mense
1845 2945 2164 2982 doloribus,vexare

1153 2992 1270 3033 incipit
1286 3012 1297 3028 ,
1322 2999 1525 3032 magnoque,
1549 2988 1707 3030 &aequali
1730 2989 1893 3023 oedemate
1915 2988 2098 3023 universum
2123 2988 2165 3020 il·-

1157 3035 1225 3068 lum
1250 3043 1355 3066 artum
1390 3032 1579 3066 inferiorem
1613 3030 1807 3066 tumefacere
1831 3056 1839 3066 .
1889 3032 1997 3067 Mense
2043 3032 2163 3065 ultimo

1158 3077 1346 3111 atrociffimi
1367 3076 1495 3109 dolores
1519 3075 1626 3114 fiunt,
1650 3086 1752 3117 neque
1773 3075 1809 3109 ad
1833 3085 1996 3110 tumorem
2029 3075 2133 3108 solum
2151 3096 2164 3114 ‚

1159 3121 1212 3155 sed
1236 3123 1266 3153 &
1291 3119 1465 3161 aliquando
1488 3117 1571 3152 infra
1594 3119 2062 3162 malleoluminternum:quo
2087 3128 2156 3158 uno

1159 3165 1255 3202 loco,
1279 3166 1307 3196 &
1332 3163 1538 3196 saevientibus
1562 3162 1728 3195 dumtaxat
1751 3162 1939 3200 doloribus,
1965 3174 2017 3204 pes
2042 3160 2160 3195 sentie-

1158 3209 1236 3243 bat,
1260 3208 1347 3239 omni
1375 3207 1519 3249 alioquin
1544 3204 1723 3246 sentiendi,
1756 3208 1788 3239 δε
1818 3206 1971 3239 movendi
2006 3204 2163 3240 facultate

1158 3254 1323 3294 privatus.
1349 3249 1448 3283 Nulla
1475 3260 1616 3290 unquam
1641 3249 1705 3283 hoc
1728 3257 1801 3283 toto
1826 3248 1932 3282 mense
1967 3261 1983 3282 a
2006 3249 2164 3283 cruciati-

1158 3296 1217 3329 bus
1240 3295 1350 3335 qnies,
1375 3293 1482 3331 nullus
1505 3294 1657 3330 somnus,
1680 3293 1804 3331 donec,
1828 3292 2059 3334 languentibus
2084 3291 2162 3324 viri-

1159 3340 1236 3375 bus,
1263 3338 1388 3378 aliquot
1411 3337 1479 3370 dies
1502 3335 1706 3376 semisopitus
1728 3347 1815 3378 aeger
1837 3334 1961 3376 jacuit,
1985 3345 2083 3377 atque
2113 3336 2161 3367 ita

1158 3381 1298 3417 defecit.
1431 3378 1808 3413 ANEURYSMATIS
1842 3377 1938 3420 hujus
1962 3380 2073 3421 ingens
2097 3387 2164 3410 erat

1158 3436 1293 3460 cavum3
1317 3433 1389 3455 nam
1414 3435 1429 3455 a
1452 3432 1526 3456 cute
1551 3424 1664 3456 summi
1689 3421 1821 3456 femoris
1847 3424 2006 3455 anteriore
2029 3422 2067 3454 ad
2079 3421 2164 3454 cras-

1159 3468 1310 3502 sissimum
1334 3476 1509 3499 nervorum
1531 3469 1680 3499 omniurn
1704 3466 1872 3499 Cruralem
1899 3464 2060 3511 Posticum
2085 3474 2158 3506 per-

1160 3512 1326 3545 veniebat.
1352 3511 1396 3542 Et
1420 3510 1540 3542 arteria
1564 3508 1697 3551 quidem
1719 3509 1885 3545 Cruralis‚
1908 3519 1947 3541 ex
1968 3519 2063 3549 quus
2083 3508 2166 3541 dila-

1161 3555 1286 3588 tatione
1307 3563 1417 3587 tnmor
1439 3554 1624 3594 inceperat,
1649 3552 1858 3587 mediocriter
1883 3552 2015 3585 dilatata
2039 3560 2162 3591 reperta

2047 3594 2127 3632 ests

1734 2727 1773 2761 ad
1815 2729 1954 2761 certiora
1998 2726 2064 2769 jam
2107 2737 2157 2760 re-

117 3685 2156 3703 fflssd——ffl———dffl

174 3750 184 3780 (
199 3761 211 3776 ν
226 3753 240 3782 )
258 3753 355 3778 niffen.
369 3753 398 3778 de
415 3753 509 3779 Arteria
524 3753 618 3779 Braehii
636 3758 689 3778 not.
704 3753 735 3777 ad
752 3753 775 3784 §.
793 3761 832 3784 45·

175 3784 189 3812 (
205 3790 215 3806 e
230 3785 244 3812 )
278 3784 362 3812 Expos.

116 3818 139 3840 6.
156 3814 179 3838 ἃ
195 3813 311 3840 Guatrani
330 3816 392 3840 Hist.
412 3816 453 3840 tit.
472 3814 524 3844 Fig.
541 3823 564 3840 ι.

202 3853 219 3875 7

176 3846 192 3903 ἓ
208 3876 222 3901 b
235 3848 362 3904 §abigere
381 3877 485 3902 indicata
499 3884 525 3900 n.
541 3881 580 3905 76.
598 3885 634 3907 77.

395 3786 468 3810 Anat.
500 3790 530 3808 tr.
545 3785 587 3809 des
602 3787 681 3809 Arter.
698 3792 722 3808 n.
742 3792 793 3813 ¹⁴0-
811 3786 834 3810 ἃ
851 3790 901 3808 caet.

894 3754 909 3783 (
920 3753 960 3784 J)
977 3751 1002 3776 in
1019 3749 1105 3774 Boerh.
1123 3749 1230 3775 Froelest.
1245 3749 1274 3773 ad
1292 3748 1367 3772 Instit.
1387 3748 1409 3778 §.
1425 3751 1481 3777 692.
1499 3752 1553 3772 not.
1569 3756 1590 3772 e.

965 3785 973 3810 (
994 3791 1010 3806 u
1032 3788 1037 3810 2
1055 3781 1149 3805 Differ-t.
1167 3781 1208 3805 cit.
1228 3780 1251 3810 ᾗ.
1271 3788 1306 3808 ¹7-
1328 3788 1363 3805 19.
1382 3780 1405 3802 δε
1421 3779 1482 3809 seqq.
1501 3782 1524 3802 ὃ(
1542 3781 1576 3802 22.
1596 3781 1632 3808 35.
1650 3787 1686 3808 Δις.
1707 3779 1773 3803 Adde
1789 3787 1852 3804 nunc
1869 3780 1954 3805 Fascic.
1983 3781 2048 3804 reon,
2084 3781 2158 3805 Anat.

626 3816 639 3843 (
657 3824 671 3839 x
685 3816 699 3844 )
714 3818 750 3840 De
765 3818 857 3840 Bonon-
876 3817 912 3839 Se.
931 3815 985 3839 Inst.
1002 3815 1074 3837 Tum>
1093 3820 1112 3840 3-
1132 3812 1156 3835 in
1173 3812 1262 3841 opusc.
1279 3810 1302 3833 &-

390 3848 394 3860 ’
416 3854 432 3873 z
451 3847 457 3873 )
474 3847 510 3869 De
526 3845 621 3870 recond—
639 3847 738 3872 Absceff.
758 3852 807 3870 nat.
824 3846 865 3875 ¹4·
882 3853 926 3873 ιη.
943 3852 1015 3874 prope
1030 3844 1103 3867 finem
1120 3842 1149 3866 ad
1160 3850 1174 3866 n
1188 3852 1209 3866 2.

697 3880 705 3907 (
722 3885 734 3901 ι·
750 3877 764 3905 )
779 3877 869 3901 Fascic.
885 3878 956 3901 leon.
973 3880 1046 3901 Anat.
1065 3882 1086 3902 5.
1102 3874 1131 3898 ad
1150 3874 1212 3898 Tab.
1229 3883 1252 3903 4.

1320 3811 1404 3842 Quaest.
1426 3809 1524 3834 Praefide
1540 3812 1624 3834 Hazon
1644 3809 1714 3834 Paris.
1733 3811 1824 3839 propos.
1845 3820 1863 3840 5.
1881 3813 1949 3835 Febr.
1970 3819 2028 3838 1750
2057 3820 2079 3834 n.
2098 3822 2111 3835 ,ι

1272 3844 1286 3872 (
1301 3850 1316 3865 a
1333 3843 1346 3869 )
1364 3846 1398 3867 De
1411 3840 1602 3872 Aneurysmatict
1613 3841 1725 3868 praecord.
1739 3841 1834 3866 Morbis
1844 3843 1971 3867 animadv.
1983 3841 2089 3865 nonanti
2102 3841 2160 3871 §71-

1314 3873 1534 3906 (d)Osserv.1r
1608 3872 1762 3901 (e)l;'pist.
1782 3882 1858 3902 ›7.n.
1878 3881 1914 3901 30-
1977 3872 2114 3901 (53¹²ss
