2498 4075
550 252 703 320 Epist.
740 252 901 307 Anat.
937 249 1153 304 Medica
1189 247 1380 303 XLIII.
1415 248 1537 302 Art.
1567 261 1631 311 14.

72 329 267 369 confirmet,
291 329 430 376 effeHum
453 331 483 367 se
503 332 609 377 'vidiae
631 330 805 366 mirabilem
818 344 829 370 3
855 342 944 371 rem,
968 331 993 364 fi
1008 329 1069 363 tibi

69 373 112 407 fic
132 374 256 416 placet,
281 376 313 407 in
338 375 444 409 medio
468 376 669 417 relinquam,
703 375 877 416 prazsertim
909 384 982 407 cum
1028 372 1069 405 fi-

70 418 143 459 quis
168 418 243 450 velit
267 418 430 451 herniosus
453 419 719 456 corroborantia,
742 420 772 451 &
816 417 1065 459 adun-ingentia,

69 460 190 493 lumbis
205 487 213 500 ‚
237 461 291 494 ubi
316 460 344 494 se
368 463 504 496 annecfffit
527 461 773 500 mesenteriurn,
797 472 957 504 apponere
980 482 993 500 ,
1036 460 1064 491 ei

66 504 249 537 Benevolus
274 516 337 537 non
362 515 534 547 repugnet.
669 505 835 538 Caeterum
861 517 876 537 a
903 504 1065 535 Benevolo

70 546 136 579 visa
161 557 225 581 non
248 547 342 581 credo
367 559 437 589 quae
462 548 571 581 multis
595 556 666 581 ante
691 548 781 580 annis
814 547 980 589 scripserat
1011 546 1063 578 Cl.

67 589 198 623 Rostius
222 594 235 629 (
258 591 326 633 i),
347 602 420 624 cum
444 592 476 623 in
510 590 660 623 hernioso
691 591 801 623 laxum
845 589 1069 623 mesenterium

68 632 265 673 invenisset,
289 645 403 674 nempe
425 633 708 675 verisimillimum
732 632 805 676 effe,
830 633 954 666 hermas
986 641 1069 665 rnre-

64 675 196 715 Jiinales
220 676 274 710 hoc
294 676 444 718 primitus
468 678 644 717 requirere,
676 677 818 718 quoniam
852 675 995 714 intestina
1026 675 1071 708 ei-

71 719 137 751 dem
163 719 349 753 mesenterio
365 718 502 761 firmiter
524 719 717 761 alligantur,
742 721 870 760 adeoque
893 730 907 752 ε
925 718 996 760 sede
1011 717 1071 760 sua

67 760 220 804 deflebie're
243 770 394 804 nequeunt
408 786 417 802 ,
437 762 493 804 nifi
506 763 718 801 mesenrerz'um
741 762 777 795 ob
791 762 979 804 quascunque
1001 762 1071 794 vio-

67 803 180 837 lentias
199 806 291 845 prius
314 806 423 838 cedat.-
446 816 546 848 neque
568 805 686 843 credo,
711 805 748 838 ad
774 805 882 838 1³raecl.
908 804 1069 838 Brendelii

68 857 180 881 manus
203 847 356 881 Benevoli
383 848 645 881 Differtationem
670 848 842 890 pervenisse
857 871 869 888 ,
892 859 965 881 cum
998 858 1071 881 ean-

69 887 143 923 dem
166 892 268 933 magis
290 890 496 925 confirmavit
522 892 708 925 sententiam
731 894 744 929 (
766 890 783 930 l<
806 894 840 930 ).
864 890 926 932 „Ad
960 890 1071 924 Rostii

67 934 152 978 enim
177 933 465 972 observationem,
490 935 628 977 aliasque
642 934 794 968 Benevoli
808 956 816 971 ,
830 934 983 979 illamque
997 944 1074 975 prac-

67 978 178 1010 sertim
202 980 235 1011 in
261 979 409 1016 Sartore,
431 976 524 1020 cujus
549 990 669 1020 magnae
695 978 891 1011 enteroceles
915 987 1071 1023 majorem

69 1029 191 1061 partem
216 1032 279 1053 non
302 1020 367 1062 jam
390 1023 563 1059 intestina,
598 1021 648 1056 sed
694 1021 872 1054 mesenterii
920 1021 1071 1062 expansio

61 1061 227 1108 faciebat,
251 1064 346 1098 habes
369 1076 385 1098 a
410 1066 583 1099 Brendelio
607 1066 766 1108 praecipue
788 1074 865 1106 quas
889 1064 1040 1106 adjungas
1058 1084 1071 1101 ,

67 1106 279 1145 asseverante‚
304 1120 376 1141 curn
401 1109 572 1151 aliquoties
599 1110 632 1142 id
662 1109 848 1150 >inquireret
872 1129 881 1144 ,
913 1107 1071 1141 mesente-

66 1152 152 1183 rium
178 1152 217 1184 ab
241 1150 308 1192 ipsa
330 1152 458 1194 origine
482 1151 643 1185 immodice
683 1150 802 1193 semper
845 1149 1006 1189 laxatum,
1030 1149 1072 1182 (9¹

66 1193 149 1235 quast
171 1194 332 1233 distentum
356 1193 527 1231 invenisse,
551 1196 619 1228 imo
643 1195 675 1227 in
700 1193 808 1235 bajulo
830 1193 935 1235 ipsum
960 1193 1007 1226 ibi
1018 1204 1070 1235 pe-

68 1239 244 1270 ritonaeum
271 1239 424 1280 amagnis
448 1236 527 1271 vafis
551 1237 749 1279 sejanum,
774 1236 999 1271 mesenterium
1016 1248 1070 1269 au-

66 1288 135 1312 tem
158 1283 192 1314 in
215 1281 276 1314 illo
298 1290 394 1324 atque
419 1283 452 1314 in
478 1281 581 1314 altero
606 1281 690 1314 ultra
708 1280 805 1323 fidem
828 1280 1012 1319 distentum,
1035 1288 1072 1312 ut

66 1330 153 1357 cette
175 1325 208 1356 in
233 1325 334 1357 altero
358 1326 414 1358 ubi
438 1336 534 1367 quam
558 1325 727 1358 minimum
750 1323 810 1357 effe
836 1323 913 1356 solet
929 1347 937 1361 ‚
960 1326 999 1357 iis
1022 1322 1073 1356 lo-

68 1367 116 1399 cis
138 1367 237 1400 trium
262 1375 431 1409 quatuorve
447 1367 682 1409 spitlmmarum
708 1365 801 1411 effet.
826 1368 870 1400 ,Et
903 1378 941 1400 ne
986 1367 1072 1400 forte

67 1410 225 1443 existimes
240 1437 250 1452 ,
274 1423 290 1444 a
315 1411 540 1454 prolapsorum
563 1412 788 1445 intestinorum
820 1411 958 1453 pondere
1005 1411 1073 1443 haec

65 1453 162 1494 fieri,
185 1463 220 1487 ut
246 1456 277 1487 &
299 1454 487 1488 lumborum
530 1454 682 1494 dolores,·
706 1454 840 1488 Rostius
886 1455 1036 1488 admonet
1060 1476 1070 1491 ‚

65 1498 123 1538 qui
147 1510 163 1530 a
187 1495 350 1539 quassante
376 1498 578 1541 equitatione
602 1498 726 1532 hernias
750 1496 968 1537 contrahunt,
998 1497 1070 1539 sen-

66 1540 130 1574 tire
152 1541 305 1574 ordinarie
326 1542 419 1583 prius
442 1540 604 1583 tenfionem
628 1539 817 1583 dolorificam
841 1540 878 1574 ad
912 1541 1039 1574 lumbos
1057 1563 1067 1579 ‚

65 1591 245 1625 argumento
267 1582 349 1616 baad
371 1583 494 1626 obscuro
516 1582 632 1626 afflicr‘i
641 1607 654 1623 ,
678 1584 774 1625 tensi,
796 1583 847 1617 vel
869 1583 988 1617 diduffi
1021 1584 1069 1616 ibi

65 1627 152 1659 affixi
177 1627 377 1660 mesenterii.
402 1627 494 1668 an
519 1628 618 1659 etiam
640 1628 877 1668 animadverti,
912 1636 1072 1661 attentum

65 1669 233 1703 Medicum
257 1668 449 1703 Riedlinum
472 1673 486 1709 (
506 1673 523 1688 ⁹‘
546 1674 577 1709 ),
602 1682 675 1703 cum
720 1669 838 1705 futurae
881 1670 1075 1705 enteroceles

66 1712 154 1754 signa
178 1713 260 1755 apud
284 1713 445 1746 Auuores
468 1724 533 1746 non
558 1714 740 1751 inveniret,
765 1725 803 1747 ex
835 1714 888 1747 sua
932 1716 1072 1757 quadam

65 1756 307 1789 observatione
332 1756 435 1790 multo
459 1766 551 1790 antea
574 1757 726 1791 indicasse
749 1769 788 1797 ex
811 1758 928 1800 quibus
953 1759 988 1793 id
1020 1758 1072 1791 su-

64 1799 180 1841 spicari
204 1799 376 1841 poffimus;
398 1799 484 1834 iniis
497 1811 603 1834 autem
626 1802 734 1843 primo
755 1799 829 1833 loco
842 1801 1072 1842 posuiffelum-

66 1842 183 1877 borum
195 1843 320 1876 dolores
336 1869 342 1876 .
356 1843 401 1875 At
416 1845 503 1877 enim
517 1868 525 1883 ,
539 1846 649 1886 inquis
661 1867 670 1881 ,
690 1853 815 1877 certum
827 1844 868 1877 est
885 1844 924 1877 ab
937 1845 1071 1879 Eximio

65 1888 266 1920 Anatomico
288 1895 448 1928 repertum
472 1888 531 1921 esse
554 1888 587 1919 in
611 1887 794 1924 oscheocele
816 1887 1037 1923 mesenterium
1059 1912 1072 1929 ‚

66 1930 158 1971 quod
183 1928 324 1972 obesum,
344 1928 487 1971 funiculi
503 1929 631 1972 simile,
655 1930 793 1972 tensum,
820 1933 989 1974 durumque
1011 1943 1071 1965 una

64 1983 136 2010 cum
160 1972 313 2013 intestinis
336 1972 550 2015 descenderat.
568 1973 657 2010 Quid
680 1984 757 2016 ergo
781 1975 889 2007 laxum
907 2001 916 2015 ‚
941 1984 995 2009 aut
1018 1975 1071 2009 de-

63 2016 130 2049 bile
155 2018 188 2049 in
212 2015 372 2059 ejusmodi
398 2018 587 2051 mesenterio
610 2016 696 2056 fuit,
721 2018 773 2051 cui
800 2016 922 2052 herniae
967 2020 1071 2062 origi·-

65 2070 141 2093 nem
163 2057 392 2102 imputemus?
415 2061 487 2102 Ego
512 2071 588 2095 vero
611 2072 649 2093 ex
671 2070 702 2094 te
724 2072 866 2103 quaeram
881 2087 890 2101 ,
924 2073 1000 2096 num
1035 2076 1072 2097 eo

65 2112 212 2146 tempore
224 2115 301 2149 ‘quo
325 2102 511 2143 descendit,
533 2103 692 2137 existimes
715 2103 756 2137 fic
769 2105 917 2145 tensum,
940 2107 1076 2140 durum-

65 2158 128 2188 que
151 2146 270 2186 fuisle,
296 2158 351 2179 nec
375 2147 424 2178 iili
449 2147 555 2189 postea
578 2147 611 2180 id
642 2148 783 2181 accidere
817 2148 952 2191 potuisse
985 2151 1073 2191 quod

34 2219 36 2221 ,
66 2191 147 2224 mihi
174 2193 207 2223 in
231 2188 300 2232 ipso
324 2192 506 2232 intercepto
527 2199 660 2224 omento
683 2190 886 2234 conspeaum
910 2191 991 2229 esse,
1022 2192 1072 2226 di-

67 2235 178 2267 cebam
194 2258 202 2273 ‚
226 2242 279 2266 aut
304 2234 390 2275 quod
413 2234 446 2265 in
472 2233 581 2267 eodem
606 2233 760 2273 durioris,
783 2237 814 2267 &
836 2234 1072 2278 quafiscirrhofi

67 2277 206 2316 laudatis
230 2276 525 2309 Observationibus
551 2275 779 2316 Mammam,
805 2280 842 2311 ¹&
887 2279 1071 2320 Sprogelius

67 2318 287 2353 adnotavere?
310 2330 512 2362 quaerantque
535 2320 686 2360 insuper,
713 2320 898 2362 quomodo,
933 2321 992 2356 nisi
1025 2323 1072 2356 la-

63 2366 136 2397 xius
160 2361 268 2396 suisset
284 2383 293 2399 ‚
318 2374 392 2396 cum
418 2363 544 2404 aliquot
569 2363 734 2396 Tenuium
758 2362 989 2398 intestinorum
1024 2367 1071 2400 ul.

61 2410 112 2439 nis
138 2403 289 2448 potuisset
315 2407 350 2438 in
375 2405 599 2446 ampliffirnam
626 2406 1072 2443 herniamdescenderdcer·

57 2458 91 2483 te
114 2452 199 2482 enim
224 2447 396 2485 secuudum
421 2458 569 2482 naturam
593 2447 622 2481 se
646 2449 764 2483 hahens
788 2453 898 2493 nequit
913 2452 1071 2487 ‘deorsum

58 2491 137 2526 adeo
162 2494 343 2534 pervenire.
368 2493 457 2525 Cave
481 2501 592 2533 putes,
615 2491 683 2525 haec
709 2506 724 2526 a
749 2505 798 2527 me
824 2494 975 2528 Benevoli
1014 2509 1071 2539 po-

58 2537 123 2570 tius
141 2561 150 2577 ,
174 2547 272 2578 quam
298 2535 394 2573 veri,
419 2544 577 2577 quantum
602 2535 853 2580 ipseintelligo,
881 2539 992 2572 tuendi
1005 2542 1071 2574 stu-

58 2580 140 2620 dio,
164 2578 222 2613 esse
245 2579 352 2616 dista,
379 2578 552 2620 praesertim
575 2590 668 2617 curn,
695 2582 782 2622 quod
806 2581 860 2614 ille
893 2580 1031 2616 faciebat
1059 2610 1070 2625 ‚

63 2635 128 2657 non
152 2624 260 2656 omnia
286 2621 488 2661 mesenterii‚
513 2621 564 2656 sed
588 2624 709 2668 aliquid
735 2625 1068 2670 peritonaeiquoque‚

63 2670 95 2699 &
121 2667 312 2701 annulorum
335 2665 464 2699 laxitati
485 2676 560 2700 cum
583 2666 724 2708 Rostio,
747 2671 779 2701 δε
801 2668 971 2703 Brendeiio
1005 2673 1068 2703 tri-

66 2710 183 2744 buam.

117 2763 165 2796 14.
202 2753 253 2786 Ex
282 2754 322 2788 iis
350 2763 421 2797 quae
453 2754 621 2797 attigimus
645 2777 658 2795 ,
687 2756 719 2788 δε
752 2756 856 2790 multo
886 2755 983 2791 etiam
1007 2769 1073 2792 ma-

70 2797 118 2838 gis
152 2806 192 2829 ex
225 2797 290 2829 illis
324 2808 405 2838 quos
437 2798 651 2831 indicavimus
674 2820 685 2836 ,
721 2799 942 2840 Epistularum
966 2801 1070 2839 locis,

70 2844 105 2880 in
140 2840 330 2873 memoriam
367 2839 497 2874 redieris
517 2863 526 2878 ‚
563 2841 642 2883 quid
675 2841 713 2875 de
746 2842 926 2876 observatis
963 2855 979 2876 a
1011 2855 1071 2878 no-

69 2883 121 2916 bis
166 2883 370 2916 Bu'oonocele
400 2905 410 2921 ,
451 2883 646 2918 Oscheocele
670 2908 680 2924 ,
725 2884 959 2927 Omphalocele
981 2911 992 2928 ,
1039 2890 1071 2921 δε

70 2927 232 2961 Merocele
255 2948 269 2966 ‚
300 2929 332 2958 δι
364 2925 404 2973 de
437 2928 583 2969 partibus
616 2936 687 2960 tum
711 2929 864 2971 prolapsis
887 2930 963 2963 alias
984 2942 1073 2965 acce-

71 2971 155 3013 peris
171 2994 179 3009 ,
204 2979 240 3004 ut
265 2980 328 3001 non
353 2970 391 3001 sit
412 2981 491 3012 opus
514 2970 566 3004 hic
592 2972 724 3004 iterare.
744 2971 847 3014 Juvat
881 2975 990 3015 potius
1033 2975 1072 3008 de

70 3014 195 3047 duabus
226 3013 290 3046 illis
328 3012 451 3046 ultimis
483 3014 603 3048 herniis
636 3015 759 3056 aliquid
793 3015 965 3058 adjungere
990 3043 998 3051 .
1032 3017 1072 3052 In

72 3055 309 3099 Omphalocele
351 3054 406 3088 etsi
433 3080 441 3095 ‚
488 3057 759 3099 quemadmodum
802 3071 817 3092 a
860 3060 953 3093 nobis
976 3084 988 3101 ,
1034 3062 1073 3095 ab

72 3100 207 3142 aliisque
229 3106 390 3141 repertum
415 3097 475 3139 est,
499 3111 664 3135 omentum
691 3102 817 3136 videtur
840 3125 851 3141 ,
897 3102 974 3137 sicut
1006 3103 1072 3146 ejus

72 3144 158 3176 sedes
182 3143 326 3179 indicat,
348 3141 461 3175 debere
484 3145 654 3178 concludi:
679 3156 743 3178 non
778 3145 928 3180 rariffime
966 3156 1071 3181 tamen

72 3185 174 3220 abesse
191 3211 200 3226 ,
224 3187 274 3220 sed
293 3184 406 3230 Jejuni
427 3185 575 3231 intestini
600 3213 609 3227 ,
642 3197 695 3222 aut
718 3190 796 3222 Coli
828 3199 963 3231 -partem
1008 3191 1070 3225 fine

71 3230 132 3264 illo
155 3241 344 3268 occurrere,
367 3232 398 3260 oc
423 3235 498 3267 lua,
522 3232 552 3263 &
575 3232 734 3272 Arnaldi,
760 3244 794 3265 ac
820 3234 917 3266 Petiti
948 3234 1071 3270 Obser-

72 3274 260 3307 vationibus
282 3272 418 3305 ostendit
442 3272 573 3306 Rostius
597 3274 656 3316 (ἢ)
672 3301 680 3315 ,
704 3277 760 3308 ubi
785 3278 816 3309 δε
841 3277 901 3310 alia
926 3279 1069 3312 animad-

72 3319 174 3350 vertit
197 3317 234 3350 de
258 3317 385 3349 vomitu
408 3326 467 3357 pro
491 3317 580 3349 vario
602 3318 782 3359 intercepto
826 3321 979 3353 intestino
1021 3323 1064 3355 ci-

72 3362 156 3399 tius,
181 3358 316 3393 seriusve
340 3358 548 3396 adveniente,
573 3371 628 3394 nec
652 3363 782 3396 eandem
806 3366 974 3398 materiam
1008 3366 1066 3407 eji-

71 3404 200 3443 ciente,
221 3413 293 3445 quae
317 3412 349 3435 te
384 3400 490 3443 legisse
522 3413 586 3435 non
619 3406 822 3445 poenitebit·-
952 3407 1066 3444 Mero-

159 3446 324 3489 Morgagni
335 3445 369 3478 de
379 3445 445 3478 Sed.
462 3448 504 3480 Θ
514 3447 600 3487 faus.
613 3448 714 3481 Morb.
727 3450 827 3483 Tom.
842 3450 889 3485 ΙΙ.

1963 249 2047 305 ³85

1118 326 1184 359 cele
1208 334 1315 359 autem
1340 325 1526 360 affeftorum
1550 325 1572 358 si
1597 324 1683 357 forte
1705 321 1904 357 disseuiones
1920 346 1928 362 ‚
1952 336 2028 367 quas
2064 325 2116 358 ad-

1118 371 1173 403 das
1197 368 1424 410 Sepulchreto,
1448 369 1623 406 desideras,
1646 368 1681 399 in
1705 367 1998 401 observationibus
2031 371 2118 400 inve-

1118 415 1186 446 nies
1209 423 1287 453 quas
1333 412 1424 454 supra
1448 416 1462 452 (
1484 412 1496 445 Z
1517 415 1530 451 )
1553 410 1694 444 indicavi
1720 433 1728 447 ,
1772 416 1989 453 praet'ereaque
2034 408 2119 452 apud

1117 454 1304 491 Genselium
1329 457 1345 530 ἵ
1365 466 1394 488 m
1417 459 1453 495 ),
1477 456 1655 497 praesertim
1681 464 1756 486 vero
1780 453 1862 494 apud
1886 466 1959 488 eum
1980 455 2038 497 qui
2080 455 2118 486 de

1115 498 1174 534 hae
1199 500 1329 532 Femora
1346 501 1380 538 i,
1404 500 1467 532 sive
1491 498 1622 531 Crurali
1646 497 1731 530 dieta
1754 497 1877 530 Hernia
1910 498 2120 532 Dissertatio-

1117 553 1189 575 nem
1215 543 1386 584 vulgavit,
1409 542 1461 573 Cl-
1489 542 1661 574 Danielem
1696 538 1792 573 Koch
1838 542 1891 583 (n
1915 544 1925 579 )
1950 565 1958 573 .
1993 541 2085 582 Qas
2106 562 2119 577 ‚

1120 584 1254 626 illasque
1281 584 1535 618 Observationes
1558 584 1730 626 inspiciens
1753 606 1766 623 ,
1799 594 1872 617 curn
1897 583 2059 626 plerasque
2085 583 2120 615 in

1121 630 1199 661 viris
1223 628 1349 662 habitas
1371 626 1462 661 fuiffe
1484 649 1496 667 ,
1528 626 1789 661 animadverteris
1811 640 1820 663 3
1853 628 1959 660 minus
1994 623 2120 660 fortasse

1120 673 1183 704 tibi
1210 672 1352 714 placebit
1375 671 1463 714 quod
1488 670 1527 703 ab
1551 671 1692 704 Erudito
1716 670 1861 712 alioquin
1884 670 2019 704 Medico
2044 669 2122 702 scri—

1122 725 1213 757 ptum
1236 714 1304 755 esi,
1326 724 1383 747 non
1400 710 1502 756 facile
1527 714 1611 747 viros
1636 713 1710 747 huic
1734 713 1853 746 herniae
1874 711 2120 753 obnoxiosfleri:

1121 769 1306 801 quanquam
1331 757 1411 791 mihi
1434 780 1447 797 ,
1484 766 1519 790 ut
1545 767 1656 790 verum
1680 755 1781 789 fatear
1807 778 1816 794 ,
1863 756 1998 789 necdum
2018 777 2031 795 ,
2063 753 2123 787 nisi

1122 803 1156 833 in
1181 801 1347 840 foeminis,
1371 801 1510 837 accidit,
1535 810 1570 834 ut
1594 812 1664 833 eam
1677 800 1839 833 viderem.
1972 798 2124 832 Rariores

1122 844 1274 886 quasdam
1297 869 1306 885 ,
1339 844 1388 878 seu
1411 845 1519 877 locum
1543 843 1658 885 speeies
1681 855 1748 886 quo
1771 841 1854 876 fiunt
1878 868 1887 883 ,
1919 841 1971 875 seu
2020 850 2124 883 partes

1122 899 1193 928 quae
1219 888 1414 929 procidunt,
1439 899 1496 920 nec
1522 886 1698 927 Valsalva,
1721 898 1777 920 nec
1801 884 1868 929 ipse
1891 885 2060 928 conspexi.
2085 885 2125 917 ln

1123 931 1191 964 illis
1213 943 1247 964 ea
1269 932 1311 965 est
1331 942 1404 973 quae
1427 930 1589 972 contingit
1612 941 1674 973 qua
1697 930 1904 971 Obturator,
1927 940 1962 962 ut
1989 938 2127 969 vocant,

1123 985 1239 1007 nervus
1261 986 1334 1008 cum
1358 972 1438 1007 vafis
1460 973 1599 1015 ejusdem
1623 976 1763 1008 nominis
1787 973 1920 1016 prodit,
1945 982 2041 1016 quem
2053 982 2125 1004 ner-

1122 1018 1235 1050 vulum
1260 1017 1345 1051 haud
1369 1017 1455 1058 scio,
1480 1028 1535 1050 cur
1559 1017 1613 1050 ille
1635 1017 1719 1051 idem
1745 1017 1920 1057 Eruditus,
1943 1028 2040 1061 quem
2052 1028 2124 1051 mo-

1122 1060 1165 1093 do
1189 1060 1416 1103 designabam‚
1439 1060 1587 1094 Medicus
1597 1060 1748 1094 erm-alem
1768 1059 1962 1101 posteriorem
1983 1060 2125 1103 dixerit,

1123 1115 1190 1146 quo
1211 1106 1316 1137 caeteri
1342 1103 1501 1136 vocabulo
1525 1104 1673 1136 omnium
1697 1102 1910 1137 craffiffimum
1944 1103 2126 1145 significant

1123 1158 1281 1181 nervum.
1305 1146 1470 1181 Caeterum
1494 1146 1613 1180 dehac
1647 1146 1755 1179 hernia
1801 1146 1945 1181 consules
1988 1149 2045 1189 qui
2090 1150 2125 1181 in

1123 1192 1334 1226 Commercio
1357 1191 1536 1223 Litterario
1558 1194 1572 1228 ζ
1594 1201 1611 1222 o
1635 1191 1668 1230 >,
1691 1192 1720 1223 &
1746 1190 1828 1232 apud
1853 1191 2037 1224 Platnerum
2060 1194 2128 1233 (p)

1124 1235 1317 1269 laudantur.
1451 1232 1506 1266 Est
1530 1232 1590 1266 hac
1612 1232 1718 1266 multo
1743 1235 1847 1267 rarior
1870 1245 1940 1276 quae
1976 1245 1992 1267 a
2026 1233 2128 1267 Chri-

1124 1278 1279 1321 stophoro
1303 1277 1450 1312 Henrico
1475 1277 1582 1319 Papen
1615 1281 1628 1316 (
1651 1287 1669 1317 q
1693 1280 1703 1315 )
1725 1301 1734 1317 ,
1770 1276 1848 1311 sicut
1895 1278 1929 1310 in
1974 1277 2128 1312 cadavere

1123 1323 1313 1361 invenerat,
1336 1322 1507 1364 diligenter
1530 1318 1690 1362 descripta
1714 1318 1776 1358 est,
1811 1323 1960 1354 maximae
2006 1322 2127 1364 lagenae

1124 1366 1274 1409 oblongae
1297 1365 1460 1399 simillima
1479 1387 1491 1404 ,
1515 1365 1555 1397 ab
1578 1363 1713 1398 dextero
1749 1364 1800 1397 ani
1832 1363 1930 1398 latere
1963 1365 2131 1409 incipien-

1125 1411 1188 1447 tis,
1213 1413 1243 1442 &
1266 1411 1353 1442 intra
1377 1409 1502 1443 saccum
1518 1430 1532 1447 ,
1556 1409 1735 1449 peritonaeo
1759 1409 1983 1442 continuatum
2005 1433 2014 1448 ‚
2060 1410 2130 1444 Te-

1123 1454 1199 1486 nuia
1221 1452 1369 1486 intestina
1393 1463 1465 1488 cum
1491 1453 1638 1486 mesas-aco
1664 1452 1753 1486 valde
1776 1452 1953 1495 elongato,
1978 1456 2008 1486 &
2030 1453 2135 1490 initio.

1122 1497 1199 1530 Coli
1222 1497 1439 1530 includentis:
1461 1507 1531 1539 quae
1555 1495 1678 1530 viscera
1701 1507 1774 1530 cum
1793 1506 1852 1537 per
1873 1496 2041 1538 incisuram
2086 1497 2130 1540 is.

1119 1538 1259 1573 chiadico
1276 1540 1422 1582 sacram,
1446 1550 1482 1573 ut
1506 1539 1591 1572 τεᾶς
1615 1541 1641 1572 is
1663 1539 1790 1576 censet,
1816 1539 1855 1574 ad
1877 1551 1972 1583 quem
2007 1539 2131 1574 Obser-

1122 1584 1214 1616 vatio
1238 1582 1325 1616 missa
1349 1584 1413 1621 est,
1436 1582 1507 1616 Cel.
1532 1582 1703 1622 Hallerus,
1727 1582 1875 1616 deorsum
1901 1583 2134 1626 procidiffent;

1123 1627 1181 1659 nos
1205 1627 1337 1661 Herniae
1347 1626 1498 1661 Dorsalis
1521 1635 1638 1659 nomen
1662 1626 1712 1659 illi
1737 1626 1845 1668 potius
1868 1628 1980 1665 alteri,
2005 1628 2133 1672 siquan-

1123 1670 1168 1703 do
1192 1669 1220 1703 se
1243 1670 1381 1712 prodat,
1409 1669 1640 1704 reservabimus
1664 1680 1760 1712 quam
1795 1668 1913 1704 Paulus
1957 1672 2132 1707 Barbettus

1124 1717 1137 1752 (
1161 1724 1176 1745 ν
1198 1717 1230 1753 ),
1277 1724 1311 1746 ut
1335 1714 1415 1749 bene
1439 1713 1564 1749 Aueior
1588 1713 1702 1751 novit,
1727 1713 1758 1746 &
1782 1721 1819 1746 tu
1853 1715 1887 1747 in
1922 1716 2132 1759 Sepulchreto

1123 1766 1253 1800 qnoque
1279 1757 1359 1799 (s)
1381 1757 1499 1794 habes,
1521 1755 1571 1790 his
1596 1756 1702 1789 verbis
1726 1756 1945 1793 indicaverat:
1970 1762 2132 1801 experien-

1122 1801 1171 1833 tia
1194 1810 1241 1833 me
1264 1801 1392 1841 docuit,
1410 1801 1614 1843 peritonaeum
1638 1802 1735 1833 etiam
1759 1803 1791 1836 in
1833 1808 1926 1842 parte
1966 1803 2129 1846 posteriori

1122 1842 1240 1885 versus,
1253 1842 1373 1885 dorsum
1391 1842 1472 1886 poffe
1494 1842 1648 1885 defiurrzpi
1660 1868 1669 1882 ‚
1692 1843 1734 1876 Θ·
1756 1842 1802 1876 ibi
1822 1843 1960 1879 herniam
1982 1845 2095 1889 efficere
2118 1874 2127 1882 .

1259 1890 1295 1919 In
1320 1887 1385 1920 illis
1410 1897 1517 1921 autem
1540 1884 1659 1920 herniis
1683 1887 1716 1918 in
1741 1887 1858 1930 quibus
1870 1897 1975 1930 partes
1988 1892 2131 1933 speeiem.

1123 1939 1178 1964 tur
1199 1942 1270 1974 quae
1293 1942 1364 1964 raro
1412 1930 1651 1972 prolabuntur,
1674 1930 1844 1972 cystocele
1867 1932 1909 1965 est
1931 1958 1937 1966 .
1972 1934 2046 1969 Qua
2091 1938 2131 1971 de

1123 1973 1236 2008 hernia
1259 1985 1333 2008 cum
1357 1974 1432 2008 alias
1457 1978 1467 2013 (
1491 1980 1506 2006 τ
1527 1977 1540 2013 )
1564 1973 1602 2008 ad
1625 1981 1658 2007 te
1681 1973 1820 2008 scribens
1845 1978 2042 2012 mentionem
2086 1980 2131 2016 fic

1124 2016 1282 2059 fecerim,
1307 2027 1344 2052 ut
1368 2020 1401 2051 in
1426 2017 1615 2051 mulieribus
1640 2019 1778 2060 analogo
1813 2019 1955 2061 quodam
1999 2023 2131 2067 modo,

1125 2061 1276 2095 videlicet
1301 2072 1365 2094 non
1389 2073 1442 2105 per
1465 2063 1583 2103 inguen
1608 2061 1799 2103 procidente
1822 2062 1919 2097 vesica
1941 2088 1950 2103 ,
1984 2068 2130 2102 accidere

1127 2105 1364 2143 indicaverim3
1387 2114 1470 2139 nunc
1495 2104 1632 2150 addam,
1655 2105 1689 2137 in
1713 2105 1785 2148 ipsis
1807 2118 1937 2151 quoque
1979 2122 2036 2154 per
2080 2114 2133 2146 jn-

1125 2159 1208 2189 guen
1231 2148 1405 2190 aliquando
1430 2147 1575 2189 prolabi,
1598 2157 1633 2182 ut
1656 2149 1726 2183 duae
1739 2150 1990 2188 Observationes
2013 2156 2130 2191 docent

1125 2191 1240 2233 saepius
1264 2192 1389 2227 laudati
1413 2192 1568 2226 Benevoli
1594 2192 1611 2234 (
1632 2203 1652 2224 u
1674 2197 1709 2232 ).
1737 2193 1884 2237 Qarutn
1920 2198 2019 2233 altera
2053 2211 2133 2235 cum

1124 2234 1291 2272 ostendat,
1316 2245 1395 2278 quot
1420 2237 1510 2269 annis
1535 2244 1608 2268 ante
1629 2235 1662 2269 id
1688 2237 1803 2272 vitium
1839 2239 1982 2284 coepisset
2006 2255 2020 2284 ,·
2063 2256 2129 2279 non

1123 2277 1181 2312 esse
1205 2279 1307 2321 igitur
1331 2288 1418 2321 patet
1444 2280 1587 2322 aprima
1610 2278 1895 2325 conformatione,
1918 2288 2130 2328 quemadmo-

1123 2322 1200 2356 dum
1224 2323 1365 2364 Meryus
1389 2327 1399 2362 (
1426 2333 1447 2356 x
1471 2326 1481 2361 )
1504 2323 1708 2357 existimabat
1733 2331 1743 2362 3
1778 2326 1951 2368 praesertim
1998 2334 2129 2374 quando

1124 2375 1181 2399 nec
1207 2375 1256 2399 tot
1281 2366 1416 2401 aliarum
1437 2378 1516 2410 quas
1541 2376 1617 2400 tunc
1642 2379 1681 2401 ex
1703 2368 1780 2402 viris
1803 2370 1946 2405 indicavi
1969 2398 1982 2415 ‚
2027 2377 2126 2412 ullam

1123 2409 1201 2448 esse,
1226 2411 1358 2444 memini
1380 2409 1471 2454 cujus
1494 2412 1630 2444 initium
1655 2423 1670 2444 a
1695 2413 1885 2453 primordiis
1909 2416 2007 2461 usque
2031 2432 2128 2463 appa-

1123 2453 1219 2488 ruisse
1243 2454 1409 2487 videatur.
1433 2455 1502 2490 Qui
1525 2454 1582 2487 fiat
1605 2455 1708 2496 igitur
1725 2478 1735 2493 ,
1760 2457 1888 2499 inquis,
1923 2471 1957 2494 ut
1990 2464 2124 2499 veficam

1125 2496 1178 2531 seu
1204 2498 1352 2540 plenam,
1378 2498 1429 2531 seu
1452 2508 1582 2531 vacuam
1608 2507 1679 2531 tum
1702 2498 1753 2532 sua
1778 2503 1929 2541 vincula,
1954 2509 1983 2538 δι
2007 2518 2128 2548 nexus,

1123 2549 1195 2574 tum
1218 2544 1431 2583 peritonaeum
1448 2562 1456 2577 ‚
1480 2544 1511 2574 &
1527 2540 1661 2574 musculi
1675 2541 1854 2578 abdominis
1867 2558 1919 2588 per
1933 2548 2125 2588 alterutrum

1127 2585 1248 2626 inguen
1278 2586 1362 2618 exire
1386 2583 1516 2617 sinant?
1540 2583 1665 2626 Legefis
1689 2586 1846 2627 ingeniosi
1872 2591 1946 2624 Viri
1967 2594 2125 2637 Jo.Salz-

1127 2629 1238 2662 manni
1261 2628 1528 2662 Dissertationem
1550 2633 1605 2674 §y
1623 2628 1661 2669 )‚
1685 2630 1741 2662 ubi
1765 2630 1802 2664 ad
1826 2644 1860 2666 ea
1894 2646 1963 2676 quae
2002 2639 2125 2674 petitus

1127 2673 1141 2710 (
1163 2684 1186 2714 ζ
1205 2672 1222 2713 )
1243 2693 1252 2708 ,
1286 2671 1352 2714 ipse
1374 2684 1502 2714 quoque
1527 2671 1684 2712 ejusmodi
1709 2673 1828 2709 herniae
1854 2676 2063 2721 observator,
2085 2683 2124 2718 ad

1128 2715 1184 2748 has
1208 2714 1414 2750 infirmandas
1437 2714 1640 2749 difficultates
1663 2718 1841 2757 protulerat
1861 2743 1870 2758 ,
1904 2722 1963 2754 alia
1995 2725 2123 2769 insuper

1129 2757 1239 2796 addit,
1266 2770 1321 2801 per
1341 2771 1412 2801 quae
1438 2758 1558 2792 easdem
1581 2760 1718 2792 minoris
1742 2759 1862 2803 facias,
1893 2765 2045 2810 illamque
2090 2772 2125 2804 jn

1129 2803 1243 2844 primis
1265 2814 1336 2845 quae
1361 2814 1376 2835 a
1401 2805 1578 2844 peritonaeo
1607 2801 1755 2837 obstante
1801 2808 2037 2852 repetebatur,
2069 2812 2125 2848 hic

1124 2856 1306 2880 memorato
1332 2858 1348 2878 a
1371 2847 1501 2883 multis,
1525 2857 1589 2878 non
1613 2845 1874 2887 advertentibus,
1900 2853 2034 2888 vesicam
2058 2867 2124 2891 non

1123 2887 1240 2926 inesse,
1263 2888 1312 2921 sed
1338 2888 1451 2922 subesse
1477 2890 1674 2930 peritonaeO.
1699 2891 1789 2932 Qas
1810 2904 1919 2928 omnes
1951 2891 2013 2931 etfi*
2055 2901 2125 2942 pla-

1124 2931 1246 2965 niffirne
1270 2931 1436 2965 dissolvere
1460 2944 1524 2965 non
1549 2933 1657 2965 liceret
1681 2944 1692 2971 5
1727 2944 1791 2967 non
1816 2945 1921 2975 tamen
1945 2939 2012 2975 haec
2048 2943 2123 2979 hes,

1124 2977 1178 3008 nia
1201 2976 1308 3018 negari
1333 2974 1452 3017 posset,
1478 2987 1574 3018 quam
1600 2987 1662 3008 non
1688 2978 1785 3011 modo
1809 2979 1895 3014 ,alias
1941 2985 2122 3022 indicatum

1120 3017 1251 3060 signum
1275 3018 1504 3052 evidentiffirne
1527 3018 1866 3062 pathognomonicum
1886 3047 1895 3062 ,
1929 3027 1980 3062 sed
2011 3032 2042 3064 δι
2085 3033 2120 3066 in

1123 3065 1261 3097 mortuis
1284 3061 1493 3103 inspectiones
1516 3060 1748 3097 confirmarunt
1775 3091 1784 3105 ‚
1815 3075 1894 3101 tunc
1929 3074 2049 3112 pariter
2071 3075 2123 3109 in-

1123 3106 1261 3145 dicatae,
1286 3114 1320 3138 ut
1345 3105 1445 3138 nostri
1463 3105 1518 3149 Ji),
1542 3107 1713 3140 Dominici
1739 3109 1817 3143 Salae
1840 3113 1921 3153 apud
1956 3115 2123 3151 Bartholi-

1122 3158 1221 3189 num,
1244 3153 1274 3183 δε.
1298 3147 1457 3190 Ruyscliii
1502 3148 1628 3192 ipfius5
1675 3161 1708 3185 ut
1756 3155 1876 3187 mirum
1921 3155 1958 3189 fit
1983 3182 1992 3197 ‚
2026 3158 2121 3195 fuisse

1122 3194 1179 3234 qui
1226 3203 1309 3225 anno
1352 3193 1481 3226 demum
1528 3203 1620 3235 1713.
1664 3193 1752 3228 hun'o
1797 3198 1945 3232 morbum
1980 3212 2040 3243 pro
2063 3215 2124 3237 no-
2161 3214 2163 3217 ’

1121 3244 1163 3267 νο
1188 3235 1360 3275 haberent,
1383 3238 1413 3269 δέ
1437 3236 1492 3269 alii
1517 3237 1556 3268 ab
1581 3237 1668 3277 alio,
1693 3237 1743 3271 sed
1766 3240 1849 3273 circa
1881 3241 1961 3276 illud
1993 3254 2121 3289 tempus

1122 3279 1264 3320 primum
1287 3279 1492 3313 observatum
1515 3277 1593 3318 esse,
1626 3282 1854 3316 contenderent
1881 3297 1889 3317 :
1934 3298 2119 3331 quanquam

1121 3322 1201 3356 olim
1245 3323 1340 3356 etiam
1385 3323 1525 3356 Platerus
1548 3345 1557 3361 ,
1605 3323 1726 3356 ibidem
1771 3338 1788 3358 a
1821 3328 1915 3361 nobis
1962 3342 2122 3367 memora-

1121 3372 1173 3398 tus
1195 3389 1208 3406 ,
1250 3365 1355 3399 statim
1399 3376 1492 3408 atque
1536 3376 1575 3399 ex
1620 3366 1727 3400 scroto
1770 3369 1805 3402 in
1838 3369 1977 3407 ischuria
2011 3374 2120 3411 veficae

1116 3408 1254 3444 distento
1289 3431 1299 3447 ³
1356 3409 1589 3461 vulneratoque
1629 3412 1737 3485 Altina
1782 3411 1944 3454 profluxit
1978 3438 1987 3452 ,
2039 3418 2119 3454 hanc

1684 3465 1701 3487 a

1956 3470 2080 3503 cogno-

230 3674 263 3700 ἃ.
280 3675 315 3698 Ν.
333 3674 360 3698 C.
376 3674 448 3697 Tom.
466 3681 489 3697 2.
505 3673 564 3699 obs.
584 3676 635 3704 178.

229 3704 289 3729 Obs.
308 3704 374 3733 supra
389 3704 417 3727 ad
436 3712 497 3733 ηας.
516 3705 558 3729 cit.
620 3708 635 3736 (
651 3707 660 3730 l
676 3707 690 3736 )
707 3716 730 3733 n.
747 3717 772 3738 7.

253 3766 257 3769 ἱ
410 3735 452 3763 (o
466 3735 480 3763 )
497 3737 528 3759 A.
548 3743 611 3766 1743.
631 3738 710 3762 Hebd.
728 3747 766 3767 47.
784 3747 808 3763 n.
826 3747 845 3764 1.

184 3765 198 3793 )
212 3766 326 3795 Chirurg.
345 3767 371 3789 Ρ.
390 3772 412 3789 1.
429 3772 449 3789 c.
467 3767 488 3789 8.
506 3766 561 3791 vers.
579 3767 621 3791 fin.
682 3768 690 3797 (
706 3769 747 3798 s)
765 3769 823 3794 See‘c.
842 3770 885 3795 hac
902 3778 938 3799 29.
955 3770 1013 3795 Obs.
1030 3772 1054 3795 8.

184 3795 199 3823 )
229 3797 308 3819 Mem.
339 3795 368 3820 de
399 3795 416 3819 l’
431 3796 504 3820 Acad.
536 3799 566 3821 R.
598 3798 640 3823 des
671 3799 708 3823 Se..
739 3801 771 3823 A.
803 3808 869 3831 17¹3-
902 3800 961 3826 obs.
994 3808 1015 3831 3.

130 3676 165 3702 (z

127 3705 170 3759 {n
188 3735 197 3764 )
213 3743 233 3759 c.
250 3743 270 3760 2.
292 3734 312 3764 §.
330 3745 350 3765 ς.

129 3766 170 3822 {2

126 3824 138 3853 s
155 3832 173 3853 ζ
187 3825 199 3853 )
215 3825 312 3852 Histoir.
330 3826 359 3851 de
374 3825 470 3852 l'Acad.
487 3829 517 3852 R.
533 3827 574 3852 des
589 3830 625 3853 Sc.
643 3831 674 3855 A.
692 3836 759 3860 17¹7·

696 3678 710 3708 (
725 3677 741 3702 k
757 3678 771 3707 )
786 3679 865 3708 Progr.
882 3679 910 3705 de
926 3678 1035 3704 nemin.
1052 3680 1161 3704 Natalib.

909 3740 918 3769 (
932 3747 947 3770 p
961 3741 974 3767 )
996 3740 1088 3765 Differt.
1105 3740 1134 3765 de
1150 3741 1280 3771 Hydrocel.

1223 3681 1237 3710 ζ
1251 3661 1294 3708 '‘x)
1311 3679 1372 3708 Eph.
1389 3679 1425 3703 Ν.
1441 3680 1471 3703 C.
1488 3681 1545 3704 Dee.
1563 3688 1584 3709 3·
1602 3683 1630 3705 A.
1649 3688 1670 3709 9·
1688 3678 1711 3704 &
1730 3687 1765 3706 io.
1783 3680 1840 3706 obs.
1858 3689 1910 3713 150-

835 3711 848 3738 (
864 3718 887 3734 m
903 3711 917 3739 )
934 3709 992 3739 Eph.
1010 3712 1045 3734 N.
1063 3712 1092 3734 C.
1111 3713 1207 3738 Cent.7.
1224 3714 1245 3735 δι
1261 3712 1284 3734 8.
1302 3710 1327 3734 in
1345 3709 1453 3739 append.
1470 3709 1512 3734 ubi
1528 3711 1607 3736 const.
1625 3711 1693 3739 Epid.
1710 3713 1817 3742 Hungar.
1835 3713 1969 3742 A.1713.in
1981 3715 2117 3744 septembr.

1302 3740 1322 3770 §-
1339 3748 1362 3764 2.
1382 3745 1437 3764 not.
1454 3750 1486 3764 τ.
1548 3743 1562 3769 (
1578 3750 1592 3769 q
1608 3743 1621 3770 )
1641 3741 1714 3770 Epist.
1731 3742 1759 3767 de
1776 3743 1887 3772 stupenda
1903 3745 1992 3770 Hernia.
2009 3746 2115 3772 Dorsali.

1116 3770 1126 3802 (
1143 3778 1153 3795 ι
1168 3774 1177 3800 )
1195 3772 1268 3801 Epist.
1284 3779 1321 3800 4¹·
1341 3779 1365 3796 n.
1384 3778 1419 3795 1²-
1478 3770 1491 3798 (
1507 3775 1547 3797 u)
1565 3773 1688 3797 Offervaz.
1709 3779 1745 3802 23-
1763 3776 1801 3797 26.

1077 3801 1148 3833 (y)
1180 3803 1216 3827 De
1246 3801 1335 3827 Hernia
1367 3801 1452 3827 vesicae
1483 3801 1583 3828 Urinar.
1616 3801 1674 3828 thes.
1709 3802 1862 3834 22.&seqq.
