2498 4075
469 267 632 338 Epist„
655 269 817 324 Anat.
836 267 1066 336 *Medica*
1099 265 1270 324 LXV.
1306 268 1422 322 Art.
1439 283 1508 335 ¹9³>
1538 270 1593 324 &
1627 284 1710 329 κο.

85 344 179 388 cujus
202 344 373 382 historiam
387 354 532 380 accurate
555 345 704 388 scriptam
717 346 894 391 diligentiae
913 346 1072 386 Villi(r)

83 390 236 424 dabemus
262 412 280 423 .,
302 389 388 423 Cum
421 390 507 423 enim
541 391 785 432 quatuordecim
818 397 914 427 annos
948 399 1073 423 tantam

83 442 207 467 ventris
230 432 347 466 molem
373 431 569 473 pertulisset,
592 442 626 466 ut
651 434 734 468 intra
747 433 1067 475 octoannosp'rimos

82 474 208 519 pondus
231 475 376 517 corporis
398 473 497 517 duplo
521 474 621 519 majus
645 476 683 510 'ad
708 475 827 513 lancem
851 474 947 516 esset,
969 481 1077 519 quamj

84 529 254 560 antequam
279 520 410 553 morbus
447 520 597 562 inciperet
632 531 750 554 annum
772 520 932 558 'yidelicet
957 520 1078 561 agenti«

84 563 276 605 vigesimum
299 560 488 601 secundum,
515 562 643 597 tandem
668 566 699 595 in
725 567 866 599 ventrem
890 562 1034 606 prolapsa
1054 583 1064 599 ‚

83 608 207 647 crepitu
229 606 317 641 intus
341 615 491 646 percepto
513 606 601 648 quasi
628 609 775 649 tympani
800 606 935 649 disrupti
961 608 993 639 in
1019 617 1075 644 re-.

84 652 181 693 gione
206 645 326 682 finistra
351 648 535 691 epigastrica
559 649 666 691 (quae
690 655 744 683 res‘
761 677 769 690 ‚
806 652 836 685 δι
859 651 992 684 initium
1017 659 1070 683 tu-

84 693 186 726 moris
212 702 250 724 ex
275 690 371 724 latere
396 690 504 724 endem
530 692 630 733 pelvis
652 715 662 730 ,
698 695 728 725 &
753 694 838 735 signa
862 695 959 727 etiam
983 703 1072 734 quae-

81 736 174 772 dam,
201 733 360 776 ejusmodi
384 733 545 775 hydropes
567 736 605 769 de
627 735 744 777 quibus
756 737 808 771 hic
819 737 1002 780 loquimur,
1017 747 1072 769 co-

84 783 259 817 mitantia,
284 778 320 811 ad
345 776 460 812 horum
485 777 624 820 aliquem
648 779 734 813 hunc
758 779 851 815 facile
874 778 1072 814 referendum

81 821 165 862 esse,
187 820 411 863 indicabant)
434 831 556 856 tantam
579 823 743 865 limpidae,
765 826 795 856 &
819 823 962 861 inodorae
986 833 1078 865 aquaev

82 877 137 909 per
163 865 328 903 intervalla
353 865 496 906 mingere
526 867 652 908 copiam
675 869 777 908 coepit
800 889 814 907 ,
847 876 882 900 ut
906 868 990 899 intra
1016 876 1075 898 no-

83 919 157 943 vem
180 908 248 942 dies
272 910 393 943 ventris
416 918 528 942 tumor
563 910 726 944 evanuerit
748 933 760 949 ,
791 921 847 944 nec
883 909 982 951 lon'go
1006 907 1076 951 post

84 961 231 991 tempore
255 951 296 985 fic
318 952 540 989 conv-aluerit,
564 962 600 986 ut
616 963 712 985 annos
736 952 978 996 jamquinque,
1001 961 1074 985 cum

81 995 213 1031 historia
238 996 321 1030 edita
347 996 409 1031 est,
434 996 616 1029 valetudine
640 996 713 1028 satis
737 996 883 1038 prospera
909 1005 1073 1030 uteretur.

81 1039 189 1074 Antea
213 1049 290 1071 vero
314 1051 329 1073 a
352 1037 604 1080 (schriftoph.
631 1039 762 1073 Ernesto
784 1040 880 1073 Cono
901 1039 983 1082 (s)
1007 1038 1075 1072 edi-

84 1091 116 1115 ta
141 1080 338 1115 Observatio
362 1080 465 1115 fuerat
491 1082 652 1116 Matronae
680 1103 690 1120 ‚
722 1094 812 1125 quae,
839 1084 978 1124 primum
1002 1093 1074 1124 gra-

82 1125 191 1159 vidam
216 1125 244 1159 se
267 1124 346 1161 effe,
370 1126 523 1166 credens,
546 1128 805 1167 quinquennium
830 1135 976 1168 exegerat
1002 1137 1074 1159 ven-

81 1178 133 1202 tre
157 1168 307 1209 tumido,
334 1168 381 1203 sed
405 1167 530 1204 florido
552 1168 646 1203 faciei
670 1169 801 1209 colore,
826 1170 971 1211 appetitu
993 1170 1077 1202 inte-

82 1223 161 1254 gro.
187 1213 301 1246 somno
325 1212 526 1255 tranquillo,
553 1212 760 1255 respiratione
776 1213 851 1247 satis
873 1213 969 1246 libera
984 1235 993 1251 ‚
1008 1212 1078 1246 nul-

83 1255 118 1289 lo
143 1255 262 1296 pedum
286 1266 432 1294 tumore,
458 1259 548 1291 urina
573 1268 636 1289 non
661 1257 858 1296 imminuta,
881 1255 996 1291 deinde
1023 1267 1076 1289 ve-

80 1309 119 1331 ro
142 1299 341 1333 tumentibus
365 1299 497 1340 pedibus
513 1321 525 1340 ,
549 1311 659 1333 ventre
675 1310 790 1342 autem
815 1300 893 1334 adeo
915 1299 1054 1333 distento
1066 1306 1085 1338 ,‘

81 1350 118 1375 ut
143 1353 219 1375 mox
243 1342 369 1379 dicetur
392 1363 400 1379 ‚
435 1354 509 1376 cum
547 1344 661 1385 septem
694 1342 757 1385 jam
791 1355 889 1376 annos
930 1343 1077 1384 perstaret

82 1386 241 1429 morbus,
265 1385 332 1428 ipsa
358 1386 551 1428 prolabens,
575 1387 611 1419 ad
636 1386 783 1419 siliceum
803 1387 935 1420 stratum
958 1385 1080 1429 gravis-

85 1426 163 1462 fime
187 1429 343 1463 abdomen
368 1429 483 1462 allisit.
512 1431 594 1463 Mox
619 1433 725 1463 autem
749 1430 834 1463 idem
854 1430 925 1471 vipsi
949 1452 959 1467 ‚
991 1429 1079 1473 quod

79 1470 218 1513 Virgini
238 1495 247 1511 ‚
272 1474 417 1512 accidit,
441 1483 476 1511 ut
500 1473 638 1515 ejusdem
666 1476 791 1516 generis
815 1476 940 1507 urinam
967 1484 998 1506 ea
1023 1485 1080 1506 co-

84 1517 138 1557 pia
164 1514 296 1551 subinde
322 1526 528 1556 excerneret,
550 1526 690 1560 quanta,
717 1517 807 1558 largo
830 1526 928 1550 etiam
952 1515 1079 1558 sponta-

78 1570 140 1592 neo
165 1558 278 1593 sudore
302 1559 490 1602 adjuvante,
515 1560 552 1593 ad
586 1560 972 1594 inaniendumvventrem
1007 1560 1079 1592 satis

81 1600 148 1636 fuit
165 1628 174 1641 ,
196 1605 253 1646 qui
279 1602 318 1637 fic
342 1603 501 1645 rugosus,
525 1614 558 1636 ac
585 1604 677 1644 plane
712 1603 892 1646 collapsus,
917 1603 1000 1636 ultra
1024 1614 1078 1646 ge-

78 1656 144 1678 nua
168 1647 417 1687 extendebatur:
446 1649 554 1688 itaque
577 1647 746 1680 biennium
772 1647 840 1679 sana
867 1648 947 1679 vixit
976 1671 984 1684 ‚
1021 1648 1077 1679 do-

81 1698 139 1722 nec
164 1690 338 1731 epidemica
371 1688 551 1730 dysenteria
577 1691 718 1723 eXtinc‘h
752 1688 824 1723 est.
860 1690 922 1722 His
954 1689 1078 1723 duabus

77 1733 185 1773 igitur
209 1732 363 1767 fortuitus
386 1731 488 1773 lapsus
521 1742 588 1766 tam
633 1733 711 1766 felix
735 1731 798 1766 fuit
825 1756 835 1772 ‚
869 1744 965 1775 quam
997 1734 1076 1765 toti-

78 1775 152 1808 dem
175 1774 291 1810 infelix
313 1778 351 1810 de
372 1776 489 1818 quibus
513 1775 601 1819 supra
625 1779 639 1815 (
662 1784 675 1809 t
696 1779 710 1815 )
733 1775 858 1809 diatim
883 1775 944 1808 est.
972 1777 1013 1809 Et
1040 1787 1077 1809 ne

84 1817 170 1851 sorte
194 1819 383 1860 suspiceris,
410 1820 545 1861 ngmr'
571 1819 646 1853 huic
666 1841 675 1856 ‚
708 1821 739 1854 ὃ(
764 1819 924 1851 Matronae
949 1819 1022 1852 ideo
1046 1831 1077 1852 a-

85 1873 184 1903 quam
209 1862 423 1904 profluxisle‚
449 1861 536 1905 quod
561 1873 623 1895 non
649 1863 788 1899 ventris,
814 1861 864 1895 sed
891 1864 977 1896 uteri
1001 1873 1081 1896 cavo

85 1904 327 1946 includeretur,
350 1915 387 1942 nt
410 1907 444 1938 in
467 1905 660 1948 quibusdam
684 1917 700 1938 a
723 1905 881 1940 Cunrado
904 1910 915 1946 (
938 1917 959 1939 u
978 1909 993 1946 >
1016 1917 1081 1939 me-

83 1950 242 1990 moratis,
288 1960 398 1985 uarum
422 1945 502 1981 felix
528 1950 647 1991 pariter
671 1946 775 1991 lapsus
798 1947 885 1986 fuit5
910 1961 968 1992 pro
993 1958 1083 1983 certo

83 1991 187 2037 habe,
211 1991 274 2035 dua
300 2003 336 2026 us
358 1992 396 2026 de
419 1992 539 2035 quibus
561 1993 763 2029 dicebamus,
790 2001 904 2035 aquam
927 2004 964 2026 ex
988 2003 1082 2027 utero

87 2034 356 2074 non..eff1uxiffe‚
383 2045 521 2077 utlpote
544 2047 615 2078 quae
640 2045 712 2068 non*
729 2045 842 2078 praeter
876 2036 1080 2070 voluntatem

87 2077 285 2117 reddebant,
310 2081 378 2113 imo
401 2089 461 2121 pro
486 2079 625 2116 arbitrio
648 2088 796 2121 poterant
820 2077 993 2113 cohibere.

130 2133 181 2163 19.
207 2124 258 2156 De
280 2135 319 2156 eo
343 2132 450 2156 autem
474 2134 569 2164 quem
594 2122 693 2156 modo
715 2121 862 2156 dicebam
887 2123 1004 2163 Uteri,
1028 2131 1082 2156 aut

90 2163 130 2199 de
167 2163 262 2207 hujus
293 2166 399 2199 Tubae
421 2166 582 2209 Hydrope
615 2164 696 2201 sane.
723 2165 981 2208 perpauca“‘sunt
1015 2177 1086 2207 quae

86 2206 232 2242 indicem
266 2208 474 2251 Sepulchreto
515 2208 692 2251 adjicienda
716 2233 723 2241 .
767 2210 897 2251 Nempe
928 2208 1087 2251 hydropis

80 2252 174 2286 tubae
197 2253 383 2294 exemplum
407 2264 507 2287 unum
530 2252 661 2296 quidem
688 2276 698 2292 ,
730 2254 761 2286 δι
785 2265 799 2286 a
825 2263 875 2285 me
906 2252 969 2285 tibi
1004 2253 1081 2286 alias

84 2300 95 2334 s
118 2305 143 2331 κ,
162 2299 201 2337 ),
224 2296 275 2330 sed
298 2296 395 2329 nimis
418 2296 535 2339 presse,
558 2306 633 2331 cum
657 2296 738 2329 liber
761 2296 894 2334 deesset,
921 2307 1082 2330 memora-

83 2347 151 2372 tum
167 2362 176 2377 ,
199 2350 257 2374 nec
282 2338 412 2382 vulgare
435 2338 582 2382 profecto
603 2339 785 2381 exemplum
806 2362 818 2379 ,
850 2339 972 2382 quippe
996 2339 1082 2372 tubae

83 2382 182 2416 libras
204 2395 293 2426 aquae
315 2394 446 2417 centum
468 2384 618 2422 circiter,
642 2386 673 2417 ὅ(
704 2383 944 2425 quinquaginta
976 2384 1084 2416 conti-

84 2427 191 2460 nentis
213 2428 249 2460 in
272 2427 408 2470 muliere
430 2438 550 2470 quam,
574 2428 714 2469 primum
738 2425 905 2469 gravidam
926 2449 939 2466 ‚
970 2426 1084 2461 deinde

1102 473 1267 510 ·fendilset
1291 483 1427 509 tumores
1449 476 1722 521 carcinomarosos.

1121 344 1284 392 asciticam
1307 354 1451 386 putatam
1466 369 1480 388 ‚
1503 345 1648 383 dissecuit
1673 346 1757 382 Abr.'
1779 347 1966 391 Cyprianus
1989 352 2042 393 (y
2064 356 2082 393 )
2096 359 2115 392 ,-

1122 389 1178 430 qui
1201 387 1375 432 curandam
1409 387 1560 433 suscipere
1594 390 1739 425 noluerat
1759 415 1769 432 ,
1805 391 2021 434 &sapienter
2041 396 2118 438 qui-

1122 431 1218 470 dem5
1244 443 1318 465 narn
1343 441 1457 474 praeter
1479 444 1594 476 aquam
1618 457 1630 474 ‚
1667 435 1755 469 intra
1780 434 1894 512 tuba&
1917 436 2037 512 {inultos
2058 438 2113 474 of,

1941 489 1976 512 ro
2001 490 2115 515 ictaua

1121 517 1185 551 te'm
1209 518 1310 552 Uteri
1343 520 1526 562 exemplum
1559 532 1575 553 a
1598 519 1752 555 Brehmio
1787 525 1798 561 (
1821 489 2044 564 ζ)Υ1Ἱεὸέὶ>τ“ς
2078 524 2114 558 in

1121 561 1274 600 Matrona
1299 572 1390 604 quae,
1416 573 1489 595 cum
1513 575 1529 597 a
1553 563 1694 601 Medicis
1717 564 1865 607 plurimis
1889 565 2022 600 Saccato
2051 564 2114 610 hy-

1120 603 1384 653 dropJe‘hborare
1407 605 1473 647 jam
1496 617 1551 648 per
1573 607 1739 641 biennium
1750 606 1955 649 crederetur,
1980 610 2112 653 sumpto

1122 647 1359 682 medicamento
1382 659 1612 691 emmenagogo
1636 649 1738 684 saccos
1762 661 1801 684 ex
1826 659 1919 684 utero
1941 652 2043 686 edidit
2067 653 2115 687 se-

1123 699 1230 732 ptem,
1253 702 1392 733 quorurn
1417 703 1482 726 uno
1504 692 1636 735 quidem
1660 693 1810 727 sceletum
1834 693 1935 728 foetus
1962 697 2117 730 contine<->

1124 734 1220 768 batur
1243 757 1253 773 ,
1285 734 1418 776 reliquis
1450 743 1557 779 autem
1593 735 1697 770 serum
1729 736 1913 779 graviffime
1933 739 2020 773 olens
2044 751 2054 777 3
2077 747 2116 773 ut

1125 775 1304 819 hydropem
1328 778 1367 810 ab
1389 777 1513 812 infelici
1539 778 1735 822 graviditate
1755 789 1868 813 ortum
1893 779 1953 813 effe
1974 806 1984 822 ‚
2019 782 2116 815 intel-

1126 821 1238 861 ligeres
1258 841 1268 857 ‚
1301 821 1387 853 intra
1421 820 1533 866 saccos
1549 832 1654 862 tamen
1678 822 1867 859 conclusum
1887 847 1895 855 .
1921 824 1959 856 In
1984 824 2116 859 historia

1127 873 1231 897 autem
1255 873 1325 904 quae
1350 864 1431 905 apud
1448 863 1682 905 'Cunradums
1707 877 1725 899 a
1746 869 1760 906 )
1783 867 1903 909 legitur
1926 890 1935 905 ,
1972 879 2037 901 uno
2060 869 2123 907 ins

1126 906 1214 949 genti
1240 909 1313 940 titre
1334 906 1594 949 comprehensam
1621 910 1686 943 vim
1710 920 1800 950 aquae
1823 911 2000 948 immanem
2024 922 2115 953 repe-

1126 950 1187 983 ries
1211 951 1243 981 in
1270 950 1398 984 muliere
1420 960 1492 993 quae
1517 962 1630 995 praeter
1653 953 1802 994 ponderis
1837 952 1962 988 sensum
1983 977 1995 995 ,
2029 955 2124 989 nulla..

1126 993 1186 1026 alia
1208 992 1245 1026 de
1269 1003 1300 1026 re
1323 994 1537 1036 querebatur,
1562 994 1694 1035 pedibus
1718 1006 1782 1029 non
1806 996 1943 1035 tumidis
1959 1020 1973 1038 ‚
1994 999 2026 1031 δι
2052 996 2117 1033 fine

1126 1035 1215 1076 ullo,
1236 1035 1313 1070 dum
1335 1048 1451 1080 corpus
1476 1047 1646 1078 moveret,
1671 1038 1855 1074 fluetuantis
1881 1052 1970 1082 aquae
1995 1039 2081 1074 sensu
2104 1047 2120 1079 ,¹

1126 1083 1177 1117 &,
1204 1078 1290 1122 quod
1316 1082 1453 1114 maxime
1475 1093 1585 1116 omnes
1609 1083 1829 1125 mirabantur,
1854 1095 1907 1125 per
1932 1083 2118 1123 sexennium

1126 1123 1276 1161 circiter;
1299 1132 1349 1156 tot
1374 1126 1457 1157 enim
1482 1135 1580 1158 annos
1602 1135 1761 1164 tumorem
1785 1125 1916 1169 gesserat
1936 1141 1945 1164 ς
1979 1138 2044 1161 non
2069 1126 2119 1160 so-

1127 1166 1194 1199 lum
1220 1177 1281 1199 non
1306 1176 1372 1199 erat
1395 1169 1548 1201 emaciata
1571 1190 1580 1206 ,
1617 1168 1666 1202 sed
1691 1179 1792 1212 nequ-e
1816 1170 1981 1205 menstruis
2005 1195 2015 1211 ,
2052 1171 2119 1205 rite

1129 1211 1393 1251 provenientibus
1420 1233 1434 1250 ,
1477 1212 1724 1253 purgationibus
1762 1224 1903 1254 unquam
1935 1222 2080 1248 caruerat
2106 1238 2117 1246 .

1129 1252 1213 1292 Qae
1237 1263 1302 1289 res,
1330 1257 1359 1287 &
1384 1254 1447 1296 ipsa
1471 1252 1617 1298 dissectio
1639 1254 1776 1289 dubium
1801 1254 1904 1289 facere
1927 1267 1958 1289 te
1984 1255 2086 1298 potest
2108 1276 2120 1293 ,

1129 1306 1167 1345 an
1193 1297 1339 1329 uter'ille
1363 1308 1422 1339 pro
1446 1307 1538 1332 utero
1572 1297 1670 1332 suerit
1705 1297 1866 1333 habendus
1887 1312 1897 1337 ς
1930 1301 2063 1343 plurimi
2087 1310 2121 1332 e-

1133 1349 1199 1371 nim
1222 1350 1259 1372 ex
1285 1341 1323 1373 iis
1347 1342 1403 1381 qui
1428 1340 1559 1375 sectioni
1584 1343 1783 1382 intererant,
1807 1354 1925 1385 corpus
1949 1342 2035 1376 aliud
2059 1352 2121 1384 po-

1132 1384 1198 1415 tius
1220 1384 1308 1424 quod
1333 1394 1458 1419 uterum
1480 1383 1669 1422 referebat,
1704 1384 1832 1427 ejusque
1865 1386 1968 1419 sedem
1993 1386 2123 1418 obtine-

1131 1425 1211 1463 bat3
1234 1426 1370 1468 indeque
1394 1437 1503 1461 tumor
1528 1428 1627 1471 pugni
1653 1428 1879 1471 magnitudine
1896 1433 2047 1470 primum
2070 1429 2123 1461 in-

1129 1479 1284 1511 ceperat,
1320 1480 1424 1504 revera
1451 1482 1578 1505 uterum
1604 1469 1695 1506 fuisse
1716 1497 1725 1511 ,
1765 1471 2006 1513 suspicabantur
2026 1497 2033 1505 .
2059 1471 2123 1506 Sed

1130 1515 1284 1554 quoniam
1311 1513 1342 1547 id
1369 1514 1472 1556 ipsum
1496 1518 1663 1557 corpusv&
1687 1515 1902 1556 studiosum,
1925 1516 1964 1550 &t
1981 1516 2050 1550 aliis
2072 1516 2124 1548 vi-

1131 1558 1185 1588 tiis
1208 1556 1417 1597 depravatum
1437 1564 1531 1597 erat,
1555 1570 1655 1601 neque
1677 1570 1750 1593 cum
1776 1561 1889 1601 vagina
1912 1583 1921 1598 ‚
1955 1559 2012 1594 sub
2048 1557 2123 1602 ipso

1132 1599 1259 1640 prorsus
1282 1601 1427 1637 occlusa,
1451 1602 1736 1641 communicabat3
1760 1603 2045 1637 communicabant
2069 1613 2131 1636 au-

1128 1652 1193 1675 tem
1218 1642 1396 1685 [anguifera
1423 1644 1490 1677 vasa
1514 1667 1523 1682 ,
1548 1657 1602 1687 per
1630 1655 1732 1679 utrem
1757 1646 1850 1679 illum
1876 1647 2018 1687 repentia
2043 1657 2053 1684 ;
2088 1654 2127 1678 tu

1129 1695 1202 1719 cum
1226 1687 1335 1720 omnia
1370 1688 1540 1730 perlegeris
1560 1713 1569 1727 ,
1604 1697 1791 1731 attenteque
1815 1688 2021 1731 perpenderis
2046 1714 2055 1728 ‚
2087 1698 2128 1722 an

1130 1728 1240 1766 saltem
1265 1741 1322 1772 pro
1346 1733 1431 1764 uteri
1454 1731 1587 1765 distenta
1614 1742 1702 1772 parte
1726 1742 1799 1765 uter
1821 1732 1876 1765 ille
1900 1731 1938 1765 fit
1962 1732 2128 1775 accipien-

1130 1773 1207 1811 dus,
1229 1773 1381 1815 conjicies
1397 1800 1405 1812 ,
1431 1776 1610 1817 intereaque
1622 1787 1659 1809 ex
1673 1774 1905 1810 Dissertatione
1929 1777 2038 1810 eadem
2061 1773 2130 1814 (b)

1134 1827 1223 1850 notas
1239 1816 1482 1858 considerabis,
1508 1829 1561 1859 per
1585 1829 1663 1860 quas
1688 1820 1771 1853 uteri
1796 1818 1942 1861 hydrops
1966 1818 2052 1862 poffe
2075 1818 2129 1852 di-

1133 1861 1217 1908 citur
1242 1861 1279 1894 ab
1303 1860 1374 1894 aliis
1400 1862 1463 1894 sive
1487 1861 1645 1904 hydropis
1671 1862 1832 1904 speciebus
1852 1884 1863 1901 ‚
1899 1861 1963 1895 five
1988 1862 2073 1896 uteri
2095 1863 2127 1896 i-

1133 1904 1217 1946 psius
1242 1906 1388 1942 morbis,
1413 1914 1448 1938 ut
1474 1904 1621 1945 scirrh0‚
1645 1908 1675 1939 ὃ(
1701 1907 1831 1939 Cancro
1851 1929 1861 1944 ‚
1887 1906 2084 1940 internosci.

1181 1957 1233 1981 20.
1263 1948 1362 1985 Quod
1386 1947 1424 1981 ad
1449 1946 1508 1982 hos
1531 1949 1664 1983 ultimos
1687 1950 1828 1989 attinet,
1855 1951 1932 1983 meis
1965 1950 2089 1983 duabus
2114 1957 2127 1989 ,

1135 1990 1210 2023 alias
1234 1993 1246 2034 (
1268 1993 1317 2032 c)
1343 1991 1515 2033 propositis
1540 2016 1548 2030 ,
1582 1992 1880 2027 observationibus
1904 1992 2041 2027 totidem
2068 2003 2125 2035 po-

1131 2037 1208 2068 teris
1233 2033 1402 2078 adjungere
1426 2046 1464 2067 ex
1486 2036 1538 2068 Cl.
1552 2036 1643 2069 Viris
1666 2036 1849 2078 Kieslingio
1871 2037 1922 2076 (d
1942 2040 1956 2076 )
1978 2039 2008 2070 δε
2034 2038 2126 2070 Roe-

1135 2076 1246 2110 derero
1270 2081 1282 2120 (
1303 2088 1317 2112 e
1339 2082 1355 2119 )
1374 2100 1386 2118 ,
1418 2080 1448 2111 dt.
1470 2090 1544 2112 cum
1568 2091 1601 2112 ea
1625 2092 1755 2123 quoque
1793 2081 1980 2114 ovariorum
2003 2102 2011 2117 ‚
2036 2080 2130 2114 tuba-

1138 2132 1272 2165 rumque
1298 2143 1306 2158 ,
1337 2125 1368 2155 ἀ
1393 2122 1539 2156 urinariae
1564 2122 1670 2157 veficae
1702 2123 1937 2157 constitutione
1960 2144 1970 2161 ‚
2005 2135 2076 2167 quae
2110 2134 2128 2157 a

1138 2176 1207 2201 me,
1234 2167 1265 2196 &
1289 2176 1359 2206 quae
1386 2165 1425 2198 ab
1449 2165 1582 2200 illorum
1607 2177 1767 2210 utroque.
1792 2176 1847 2201 aut
1872 2167 1972 2201 altero
1996 2176 2073 2201 tunc
2087 2166 2128 2200 fi-

1139 2210 1204 2241 mul
1230 2209 1362 2242 inventa
1387 2209 1452 2247 est,
1476 2220 1682 2251 comparare.
1711 2211 1776 2244 Hic
1800 2212 1886 2244 enim
1919 2211 1957 2243 de
1984 2211 2092 2244 Utero
2113 2216 2127 2251 ⁴,

1131 2253 1163 2283 &
1188 2250 1299 2286 Vesica
1315 2276 1322 2290 ‚
1345 2251 1530 2294 caeterisque
1554 2254 1739 2294 Urinariis,
1763 2257 1794 2287 &
1817 2254 2028 2288 Genitalibus
2052 2255 2129 2286 Par-

1132 2295 1220 2328 tibus
1243 2306 1259 2327 a
1284 2306 1333 2329 me
1366 2296 1426 2329 alia
1457 2306 1520 2328 non
1546 2297 1706 2331 adduntur
1729 2319 1739 2334 ‚
1772 2298 1892 2339 quippe
1922 2298 1960 2331 de
1984 2296 2126 2341 ipsarum

1133 2338 1257 2416 Ψοιώὶς
1303 2339 1395 2382 plura
1438 2338 1684 2383 insequentibus
1729 2341 1884 2384 Epistolis
1928 2341 2093 2385 scripturo
2118 2364 2129 2374 .

1170 2394 1238 2415 ae·

134 2622 647 2718 EPISTOLA
695 2609 1808 2723 ANAToMlco-MEDmA
1848 2662 2122 2726 LXVLv

346 2801 441 2856 Ad
477 2770 743 2856 Urinariae
778 2801 969 2857 Veficae
1003 2805 1212 2857 Morbos
1244 2803 1574 2872 potissimum
1607 2755 1832 2872 spestat.

236 2989 349 3024 nitales
370 2991 476 3025 Partes
499 2991 638 3025 attinent
664 3015 672 3029 ,
705 3000 740 3023 ut
764 2989 922 3031 superiore
945 2994 1074 3035 Episto-

235 3033 266 3066 la
288 3032 454 3075 pollicitus
476 3032 545 3068 sum
571 3059 580 3073 ,
601 3033 778 3075 scripturus
803 3058 809 3071 ‚
836 3035 975 3075 primurn
1000 3036 1074 3069 Ob-

89 3076 305 3111 servationem
329 3075 456 3110 afferam
481 3078 519 3112 ad
544 3077 697 3119 utrosque
719 3077 914 3118 spectantem
938 3103 959 3119 ‚X
983 3078 1072 3113 dein-

86 3121 125 3154 de
150 3119 208 3160 alja
232 3117 303 3161 quae
327 3119 364 3152 ad
388 3119 463 3153 illos
485 3143 494 3158 ,
528 3120 590 3155 alia
612 3132 685 3163 quae
718 3121 754 3153 ad
790 3119 848 3153 hos
874 3123 1072 3165 -fingillatim

86 3162 273 3206 pertinent,
298 3171 403 3196 tecum
428 3160 535 3200 hisce,
559 3167 588 3198 &
613 3165 770 3206 proximis
795 3164 927 3198 Litteris
965 3167 1076 3200 eadem

86 3218 152 3250 qua
173 3204 287 3238 solitus
311 3206 377 3239 sum
392 3231 400 3243 ‚
426 3208 552 3240 ratione
574 3206 825 3241 communicabo
840 3228 851 3240 ,ν

131 3261 158 3282 2.
186 3248 216 3282 A
240 3247 275 3281 N
301 3248 316 3282 1
339 3249 368 3283 C
391 3248 426 3289 U
450 3250 477 3282 L
500 3252 551 3288 A,
574 3263 645 3294 quae
667 3250 837 3283 doloribus
861 3250 898 3285 ad
930 3251 1077 3288 infimam

88 3292 213 3337 ventris
238 3300 362 3334 partem
385 3314 394 3330 ,
433 3294 516 3327 inter
553 3294 757 3332 mingendum
790 3293 965 3334 praesertim
990 3321 998 3335 ‚
1030 3297 1076 3330 se·

112 3347 177 3370 tem
201 3346 266 3376 jam
291 3335 408 3373 menses
430 3335 663 3376 laboraverat,
696 3337 809 3379 primis
833 3338 963 3379 quidem
990 3346 1076 3375 men..

104 3381 175 3414 ibus
198 3379 232 3411 in
257 3377 461 3412 Nosocomio
485 3379 612 3414 fuerat.
640 3381 733 3414 Unde
755 3382 888 3414 domum
922 3383 1039 3416 reversa
1063 3407 1073 3422 ‚

93 3422 260 3463 noviffime
284 3422 394 3455 eodem
421 3423 516 3462 rediit
540 3449 547 3461 ,
582 3425 777 3457 cruciatibus
821 3424 886 3458 illis
917 3426 1075 3459 acerbiffi-

90 3470 150 3502 mig,
175 3464 402 3510 saevientibus,
426 3468 457 3498 δε
481 3467 570 3500 urina
595 3491 605 3506 ‚
637 3467 894 3510 quotiescunque
921 3469 1074 3503 reddeba.

91 3521 165 3552 tur,
190 3508 330 3541 multum
355 3520 412 3550 pus
434 3510 616 3549 deponente
639 3535 646 3543 .
681 3510 955 3545 Convullionibus
983 3514 1074 3546 deni-

90 3565 152 3599 que
177 3549 327 3594 prehensa
351 3573 360 3589 ‚
391 3551 519 3586 decessit
543 3565 642 3596 prope
665 3555 763 3587 finem
787 3557 828 3587 A.
855 3564 948 3596 1757.

85 2945 252 3056 DE
274 2945 403 2980 Morbis
427 2946 483 2989 qui
507 2946 545 2981 ad
569 2947 740 2981 Urinarias
761 2969 773 2986 ,
804 2950 836 2981 &
868 2949 925 2991 qui
948 2949 985 2984 ad
1010 2949 1076 2985 Ge-

1129 2949 1209 2982 EX
1254 2948 1668 3000 CAD4VERE
1699 2952 1787 2996 quod
1819 2953 2118 2999 nonnisialiquot

1128 3000 1272 3041 almorte
1294 2992 1405 3026 diebus
1428 2994 1582 3037 inspicere
1607 3005 1751 3036 poteram
1769 3022 1777 3035 ‚
1800 3008 1874 3031 cum
1899 2999 2007 3033 statim
2029 3001 2114 3033 in'te-

1125 3038 1202 3069 stina
1225 3033 1333 3085 sal-tem
1355 3035 1481 3071 detrahi
1504 3038 1675 3081 juffiss'em3
1699 3039 1831 3081 praesens
1854 3042 1984 3076 tandem
2007 3046 2117 3079 omnia

1125 3090 1197 3122 quae
1221 3089 1344 3118 urinae‚
1367 3081 1399 3111 &
1421 3083 1640 3128 generationis
1660 3084 1752 3118 causa
1786 3095 1891 3119 creata
1917 3086 1990 3120 sunt
2015 3107 2025 3123 ,
2058 3098 2115 3120 or-

1126 3133 1228 3172 gana,
1252 3132 1321 3155 tum
1344 3121 1509 3164 deposita,
1534 3125 1740 3166 perlustravi.
1763 3127 1852 3161 Inter
1874 3130 1983 3162 ovaria
2007 3128 2078 3162 alba
2100 3151 2115 3169 ,

1126 3164 1307 3204 scirrhosa,
1330 3176 1448 3206 parva,
1473 3178 1587 3207 parvus
1609 3180 1740 3212 quoque
1763 3180 1870 3204 uterus
1894 3172 1977 3209 suit,
2002 3173 2112 3209 intus,

1127 3219 1277 3249 extraque
1301 3207 1342 3241 fic
1364 3207 1439 3242 satis
1463 3210 1573 3252 fanus,
1597 3212 1655 3244 nisi
1679 3214 1766 3255 quod
1790 3216 1928 3247 exterius
1949 3217 1983 3247 in
2016 3214 2112 3249 fundi

1129 3261 1220 3293 tergo
1242 3250 1358 3284 habuit
1382 3255 1551 3287 rotundam
1577 3254 1663 3298 quasi
1687 3258 1836 3299 papulam
1857 3279 1871 3296 5
1893 3258 2026 3292 subalbo
2049 3270 2111 3301 pu-

1127 3306 1159 3336 re
1184 3296 1330 3337 plenam·
1356 3295 1412 3329 Sed
1437 3299 1551 3340 vagina
1572 3320 1581 3335 ,
1615 3311 1631 3331 e
1653 3299 1744 3340 cujus
1773 3299 1904 3333 orificio
1937 3300 2109 3337 foediffima

1128 3338 1280 3387 prodibat
1305 3341 1464 3379 materia,
1486 3342 1629 3384 itemque
1653 3341 1752 3376 vesica
1776 3342 1912 3377 dissenis
1936 3368 1946 3383 ,
1981 3346 2114 3378 univer--

1126 3383 1155 3415 sa
1179 3381 1347 3423 utriusque
1370 3384 1505 3417 interior
1528 3383 1622 3418 facies
1645 3387 1796 3427 apparuit
1817 3386 1906 3427 quasi
1930 3388 2040 3426 exesa,
2065 3390 2110 3421 ci-

1125 3436 1303 3465 nereoque,
1327 3425 1650 3462 craffmfoetidiffimo
1662 3439 1737 3471 pure
1748 3439 1859 3471 operta
1874 3454 1883 3469 ,
1906 3431 1994 3472 quod
2007 3430 2028 3463 si
2040 3432 2110 3464 cul-

1125 3469 1167 3500 tri
1192 3469 1360 3501 manubrio
1384 3468 1506 3503 auferre
1529 3471 1623 3504 velles
1643 3495 1654 3512 ,
1685 3472 1872 3514 sequebatur
1893 3471 1985 3506 fimul
2009 3475 2110 3508 exesae

1126 3510 1288 3554 utriusque
1311 3513 1438 3546 illarum
1461 3512 1632 3547 substantia
1657 3529 1667 3553 3
1702 3524 1739 3548 ut
1771 3515 1974 3549 manifestum
1996 3516 2071 3551 esset
2095 3541 2105 3558 ,

1123 3554 1229 3588 ambas
1261 3557 1428 3589 teterrimo
1457 3557 1678 3593 carcinomate
1712 3558 1865 3594 laborasse
1887 3583 1899 3594 .
1933 3561 2025 3594 Puris
2055 3571 2111 3594 au-

2002 3611 2069 3637 tem

112 3688 2118 3705 ww*

212 3743 220 3772 )
234 3742 331 3768 Differe.
346 3742 376 3767 ad
393 3750 416 3766 n.
435 3745 470 3766 16.
487 3742 554 3771 supra
569 3743 612 3768 cit.
628 3751 653 3768 n.
669 3744 695 3767 6.

241 3773 331 3797 Differ-t.
348 3773 377 3796 de
393 3774 462 3803 Hydr
486 3773 558 3798 uteri
574 3781 594 3798 c.
611 3781 636 3802 4.
654 3773 682 3804 §a
696 3781 720 3802 3.
777 3774 786 3803 (
805 3781 820 3797 x
835 3775 848 3803 )
865 3774 936 3803 Epist.
954 3777 988 3803 38.
1007 3783 1030 3798 n.
1050 3779 1088 3798 66.

221 3804 234 3832 )
252 3803 342 3829 Dissert.
359 3804 425 3832 supra
441 3805 470 3828 ad
488 3811 511 3826 n.
534 3811 565 3833 ¹7·
583 3805 626 3829 cit.
645 3805 670 3835 §.
685 3811 707 3827 2.
768 3805 782 3834 (
797 3813 813 3829 a

216 3834 308 3895 ggpist
335 3836 371 3864 38.
390 3842 415 3857 n.
432 3841 462 3863 μ
487 3834 509 3857 δε
526 3834 595 3862 Epist.
614 3843 651 3863 39-
669 3842 695 3858 n.
711 3842 749 3864 33.

153 3744 167 3773 (
182 3751 194 3767 r

158 3777 165 3801 s
183 3783 200 3797 u

157 3807 204 3859 a}

157 3863 172 3893 (
187 3872 200 3888 e
264 3866 331 3891 xffert.
349 3865 377 3889 de
393 3864 462 3890 Uteri
478 3863 574 3890 scinne
588 3873 615 3891 n.
632 3867 668 3891 18.

755 3742 800 3773 (s
812 3743 820 3771 )
833 3744 928 3768 Dissert.
944 3743 1054 3773 inscripta
1071 3745 1143 3769 Casus
1157 3746 1301 3776 Hydropicae
1318 3746 1382 3774 lapsu
1398 3746 1496 3771 sanatae.

829 3805 843 3834 )
860 3806 952 3828 Dissert.
967 3805 1035 3834 supra
1051 3807 1079 3829 ad
1097 3814 1120 3829 n-
1138 3809 1170 3830 18.
1190 3807 1230 3831 cit.
1248 3815 1270 3831 e.
1290 3817 1308 3832 ι.
1328 3808 1341 3837 §
1375 3815 1408 3835 m.

811 3836 818 3863 (
834 3835 851 3859 d
865 3836 878 3863 )
895 3835 990 3860 Differt.
1004 3843 1057 3864 qua?
1074 3837 1209 3863 inscribitur
1225 3840 1315 3862 Uterus
1331 3838 1379 3867 post
1397 3843 1458 3867 part.
1475 3837 1593 3862 inflamm.
1611 3838 1625 3868 5

1152 3782 1156 3802 s
1175 3785 1192 3807 y
1208 3778 1220 3804 )
1237 3778 1309 3805 Epist.
1328 3777 1379 3801 hist.
1397 3776 1476 3801 exhib.
1495 3748 1571 3801 foetu}
1584 3746 1723 3806 hu3nP⁶pb6si
1737 3786 1775 3803 21.
1792 3780 1884 3805 menses
1898 3780 1945 3805 ἕω.

1467 3806 1567 3836 (b)c
1593 3816 1612 3837 3ι
1633 3808 1689 3837 §·3·

1630 3847 1688 3868 .ις.
