2498 4075
550 214 705 281 Epist.
745 208 906 267 Anat.
941 214 1164 269 Medica(
1189 212 1424 266 XXVII-¹
1461 212 1582 265 Art.
1614 212 1693 266 18.

101 293 188 330 mihi
209 292 343 337 quidem
364 292 516 329 videntur
538 304 603 326 non
626 293 672 325 ita
695 303 843 335 magnam
858 317 869 334 ,
890 305 966 329 cum
1000 303 1109 328 eorum

103 338 192 371 venit
226 338 260 370 in
283 345 420 370 mentem
443 349 514 379 quae
538 335 628 378 supra
650 337 664 373 (
684 339 742 375 x)
773 336 918 371 dicebam
952 349 1000 371 me
1033 347 1108 370 tunc

103 381 229 415 Amicis
251 379 508 414 commemorasse
532 403 539 410 .
575 377 675 420 Qod
699 377 723 411 fi
746 389 781 414 tu
804 382 944 424 exempla
969 381 1024 413 illa
1048 381 1111 413 mi-

103 434 162 458 nus
186 422 348 457 arbitraris
369 423 430 458 huc
453 423 589 456 attinere
603 443 613 457 ‚
635 421 757 466 quippe
780 425 979 458 calculorum
1002 425 1109 466 potius

102 474 200 509 quam
224 465 368 506 offiums
403 477 468 500 non
501 465 556 499 hic
577 464 755 507 disputabo
777 491 787 505 ‚
818 479 895 503 num
917 479 1052 509 corpora
1075 477 1110 499 ea

95 511 214 543 —omnia
240 521 342 543 revera
365 508 487 544 fuerint
511 508 669 542 calculosa
693 535 706 551 ,
749 515 781 546 &
804 536 815 551 ‚
861 510 885 545 fi
908 513 1006 544 etiam
1038 510 1109 543 fue.

89 553 170 586 „rint
192 575 205 593 ,
235 564 310 587 num
333 552 425 586 cordi
448 551 515 594 ipsa
561 563 628 586 non
671 554 796 588 officere
842 556 1007 597 potuerint
1030 576 1042 593 ,
1085 551 1108 585 fi

91 606 182 630 .meae
227 595 317 629 osseae
350 596 477 629 laminae
501 619 513 636 ,
558 607 717 640 quantum
751 598 909 638 existimas
932 621 944 638 ,
987 596 1110 630 officie-

96 639 181 673 bant
207 652 217 677 ς
262 638 312 673 sed
335 639 477 682 exempla
504 640 621 675 addam
645 642 706 674 alia
731 643 764 675 in
797 642 912 684 quibus
943 650 1017 673 vera
1046 636 1109 671 ossa

105 680 197 717 fuisse
221 704 230 719 2
275 693 329 715 nec
373 691 409 715 tu
434 704 442 719 a
490 695 546 717 nec
591 696 653 727 ego
698 684 915 720 dubitabimus
940 707 947 715 .
994 683 1110 724 Neque

102 727 186 759 enim
211 724 310 758 facere
331 736 407 760 cum
430 727 471 761 iis
495 727 617 769 possum
640 729 695 771 qui
719 753 732 770 ,
776 729 903 762 arteriis
935 728 1074 767 exceptis
1099 747 1112 765 ,

103 772 137 805 &
161 769 291 803 Falcato
312 767 612 814 Crassaemeningis
637 770 777 815 processu
799 795 812 811 ,
856 781 919 804 non
964 769 1112 802 videntur

104 813 184 846 alibi
208 809 304 845 osseas
327 816 546 849 concretiones
570 815 735 859 agnoscere
758 838 771 855 ,
803 813 853 847 sed
877 825 935 857 pro
969 813 1113 845 tartareis

105 857 207 898 magis
232 853 352 889 habent
378 879 389 894 ,
424 860 456 890 &
480 858 645 893 calculosis
668 873 679 892 =.·
712 867 749 893 ut
773 868 871 901 neque
894 867 969 891 cum
993 857 1034 888 iis
1056 856 1113 896 qui

104 910 161 933 cor
183 920 193 936 ‚
238 898 271 931 δε
294 902 425 934 arterias
450 901 513 934 scre
539 903 621 936 solas
641 903 767 935 censent
789 902 823 934 in
846 912 914 934 vera
938 897 1001 931 ossa
1034 896 1117 940 posse

106 942 226 976 mutari
252 964 267 990 ·.
295 943 355 976 Sed
379 945 503 978 &illis
526 946 621 978 credo
657 947 715 990 qui
749 945 782 978 in
814 943 911 978 corde
944 940 1117 983 aliquando

105 988 138 1019 δε
160 984 287 1017 arteriis
309 997 377 1019 non
399 999 484 1021 veras
506 987 601 1022 osseas
625 991 848 1023 concretiones
871 985 1017 1019 viderunt
1044 1006 1052 1021 ‚
1085 986 1118 1016 ἅτ

104 1028 188 1062 mihi
233 1028 292 1070 ipsi
339 1031 436 1064 credo
459 1054 470 1070 ‚
502 1042 566 1065 non
598 1032 696 1067 modo
719 1032 791 1065 aliis
814 1043 829 1064 a
852 1028 967 1073 quibus
990 1028 1022 1060 in
1046 1037 1119 1059 cor-

104 1071 143 1104 de
166 1094 179 1112 ,
226 1073 258 1104 &
301 1075 429 1108 arteriis
472 1085 543 1108 vera
587 1074 651 1108 ossa
692 1074 858 1117 conspe&
904 1072 974 1105 sunt
998 1094 1024 1102 .«
1051 1071 1118 1102 Ve-

103 1125 175 1149 rum
197 1113 236 1148 de
261 1118 390 1156 arteriis
406 1117 514 1160 ,postea
537 1143 545 1150 .
592 1120 691 1152 Nunc
714 1119 802 1160 prius
824 1117 862 1150 de
883 1114 980 1148 corde
1012 1113 1118 1146 videa-

102 1169 194 1192 mus.
219 1158 408 1194 columbus
431 1161 533 1195 noster
555 1166 566 1202 (
581 1166 644 1204 γ’)
666 1161 779 1195 σοιάις
789 1160 916 1204 septum
938 1157 1023 1191 vidit
1055 1157 1121 1191 uti-

102 1202 223 1245 quein
245 1205 416 1238 nonnullis
437 1204 677 1248 cartilaginem
701 1228 714 1245 ,
747 1207 779 1238 &
815 1203 1011 1247 Veslingius·
1039 1203 1118 1234 item

104 1243 209 1278 noster
254 1248 265 1285 (
288 1249 349 1289 z)
393 1247 550 1281 sinistrum
575 1249 786 1282 ventriculum
810 1270 823 1288 ,
856 1257 918 1280 non
959 1245 1023 1278 osse
1044 1245 1119 1288 qui-

103 1286 177 1322 dem
210 1312 222 1329 ,
268 1298 306 1323 ut
340 1291 453 1334 >aliqui
499 1290 586 1334 ajunt
620 1316 632 1332 ‚
677 1291 727 1325 scd
773 1289 975 1332 cartilaginea
1019 1286 1115 1327 crusta

95 1330 296 1374 succivzffum
318 1333 404 1367 intus
427 1335 596 1377 conspexit
621 1360 629 1367 .
664 1335 709 1368 Et
732 1335 766 1367 in
799 1332 998 1375 Sepulchreti
1032 1331 1117 1364 libro

94 1374 165 1409 hoc
187 1377 238 1411 11.
258 1376 340 1410 δεᾶ.
366 1379 393 1409 Ι.
417 1380 512 1418 (a),
535 1381 567 1411 &
593 1381 638 1411 II.
662 1378 727 1420 (b)
761 1377 855 1412 habes
874 1376 969 1418 juxta
991 1374 1116 1409 auricu-

103 1417 172 1453 lam
195 1419 298 1454 cordis
331 1419 487 1461 finzstram
510 1444 521 1461 ‚
553 1420 806 1463 cartilaginosam
840 1418 1079 1460 excrescentium
1104 1431 1114 1455 ;

100 1463 175 1496 :imo
198 1465 232 1496 &
256 1463 413 1496 auriculas
436 1465 447 1496 i
474 1464 519 1497 sas
544 1465 683 1498 dur-rores
706 1464 749 1497 &⁶
771 1462 994 1504 cartilagine-as
1008 1486 1015 1493 .
1043 1461 1111 1495 Ubi

101 1515 215 1540 autem
238 1506 398 1549 cartilago
420 1517 435 1539 e
474 1530 486 1547 ,
508 1507 555 1540 ibi
580 1518 689 1540 verum
722 1518 758 1540 os
780 1506 849 1540 fieri
894 1503 979 1547 posse
1003 1529 1015 1545 ,
1047 1515 1112 1537 non

103 1549 234 1584 videtur
258 1549 472 1584 dubitandum
496 1575 503 1581 .
541 1551 764 1587 Quamobrem
796 1551 916 1583 mirum
961 1559 1026 1581 non
1070 1548 1112 1581 est

100 1592 196 1636 quod
241 1593 297 1625 alii
333 1619 342 1633 ,
385 1602 423 1626 ut
466 1604 524 1626 nos
546 1616 560 1633 ,
591 1594 626 1626 in
658 1593 765 1628 ‘corde
797 1590 861 1626 ossa
899 1590 1114 1635 deprehende-

101 1638 175 1672 rint
197 1659 211 1675 ‚
253 1646 310 1669 nec
332 1636 420 1679 quod
446 1635 612 1671 Dionifius
636 1659 645 1673 ‚
690 1637 739 1671 uti
776 1636 852 1669 alias
881 1637 896 1674 (
918 1646 935 1667 c
958 1639 970 1674 )
1003 1636 1114 1669 retuli-

80 1713 82 1716 ,
103 1692 200 1721 mus,
222 1680 488 1720 auriculamcejus
510 1679 672 1713 dexteram
693 1679 775 1715 ossea
799 1677 1021 1722 squamosaque
1044 1677 1116 1713 sub-

105 1725 220 1758 stantia
243 1723 331 1756 intus
352 1722 510 1754 invenerit
532 1721 706 1758 obductam
729 1747 738 1755 .
771 1722 872 1760 Quod
897 1720 918 1754 fi
944 1720 1032 1755 forte
1056 1723 1116 1755 ali-

101 1768 177 1811 quis
199 1764 310 1812 dicat,
332 1763 486 1802 offahaec
510 1766 548 1800 ad
571 1768 768 1801 membranas
791 1764 974 1803 attinuisse,
998 1777 1063 1799 non
1075 1765 1113 1800 ad

105 1821 232 1845 carneas
254 1809 350 1841 hbras
371 1831 383 1847 ‚
417 1819 517 1852 neque
539 1810 608 1844 illas
632 1808 729 1845 fuiffe
745 1820 832 1843 veras
876 1809 1078 1852 cartilagines
1104 1833 1114 1849 ‚

104 1854 159 1888 sed
182 1853 227 1887 ob
246 1851 377 1885 duritiae
399 1850 645 1887 similitudinem
667 1852 712 1887 fic
732 1862 860 1887 vocatas
883 1863 946 1886 non
971 1852 1055 1887 secus
1079 1864 1113 1886 ac

103 1898 220 1940 vagina
265 1895 349 1928 uteri
393 1896 428 1928 in
474 1897 592 1931 vetulis
637 1896 694 1931 esse
727 1897 851 1931 dicitur
882 1896 1114 1939 cartilaginea,

103 1949 288 1985 quanquam
324 1949 367 1970 ,ea
411 1945 466 1971 aut
509 1941 543 1973 in
572 1941 778 1974 *membranis
822 1938 886 1973 ossa
920 1963 931 1980 ‚
975 1948 1029 1974 aut
1070 1951 1113 1974 eae

103 1986 142 2019 in
165 1983 256 2017 fibris
277 1982 397 2018 carneis
419 1980 549 2016 duritiae
572 1983 637 2025 ipsa
657 1994 798 2027 ,quoque
832 1982 959 2016 officere
989 1982 1117 2018 debuis-

106 2027 175 2062 sent
198 2024 303 2060 cordis
327 2047 339 2065 ‚
377 2027 410 2058 &
434 2025 653 2060 auricularum
682 2028 842 2061 'motibus
867 2040 876 2064 ς
921 2037 985 2059 non
1023 2025 1117 2070 repu-

102 2070 236 2114 gnabo:
261 2067 312 2102 sed
335 2067 396 2100 alia
421 2069 532 2109 potius
555 2071 683 2103 ratione
704 2070 888 2114 aggrediar.
913 2071 1052 2105 Certum
1074 2069 1116 2103 est

48 2148 50 2150 ,
102 2115 212 2150 enim,
235 2122 362 2145 carneas
384 2110 468 2154 ipsas
490 2111 598 2146 cordis
621 2111 714 2147 fibras
736 2113 776 2147 ad
797 2112 979 2146 tendineam
1023 2123 1117 2147 natu-

99 2167 173 2192 ram
203 2153 371 2189 interdum
414 2154 578 2189 deflectere
602 2180 609 2188 .
644 2159 758 2200 Itaque
800 2157 984 2189 Albertinus
1027 2156 1119 2195 (d)

104 2202 144 2234 in
164 2197 355 2242 quibusdam
377 2196 463 2230 vidit
486 2221 498 2238 ‚
523 2197 729 2238 substantiam
750 2200 853 2232 cordis
889 2209 908 2230 a
938 2197 1000 2232 bac
1032 2198 1117 2231 ultra

93 2244 311 2278 ‘medietatem
332 2239 430 2282 ipsius
453 2240 664 2283 consistentia,
689 2243 730 2275 εί]-
766 2240 863 2274 colore
896 2251 980 2282 quat
1013 2241 1116 2275 tendi-

106 2297 180 2320 nem
201 2282 346 2327 evafiffe:
369 2283 494 2326 qualem
519 2285 735 2318 mutationem
757 2283 842 2317 mihi
876 2289 1004 2326 quoque
1040 2285 1115 2317 lice-

104 2338 157 2362 ret
180 2339 248 2360 mea
272 2326 334 2358 tibi
360 2347 368 2362 ,
399 2324 423 2358 fi
447 2336 527 2367 opus
552 2325 648 2367 esset,
670 2326 903 2361 observatione
926 2330 939 2365 (
961 2338 976 2360 e
1000 2331 1013 2366 )
1035 2338 1115 2360 con-

107 2372 234 2407 firmare
249 2396 257 2402 .
283 2366 369 2402 Posse
392 2377 497 2402 autem
519 2380 557 2402 ex
580 2369 764 2404 tendinibus
796 2368 857 2403 ossa
890 2367 957 2402 fieri
977 2393 989 2410 ,
1022 2379 1115 2403 aetate

86 2440 94 2456 x.
108 2414 290 2459 praesertim
313 2410 545 2453 ingravescente
560 2435 569 2449 ‚
593 2423 665 2446 cum
692 2413 851 2455 Veslingii
877 2416 890 2451 (
907 2410 935 2454 f
950 2416 963 2453 >
996 2413 1118 2446 Obser-

109 2459 205 2492 vatio
226 2455 370 2495 indicat,
393 2456 450 2496 qui
472 2453 496 2487 fi
523 2466 585 2487 non
609 2455 721 2499 offiwn
744 2465 781 2490 ut
801 2454 931 2499 quidam
955 2454 1118 2494 scribunt,

112 2511 145 2535 at
167 2499 387 2543 propemodum
410 2495 503 2540 offeos
526 2499 650 2532 invenit
673 2510 784 2533 omnes
816 2498 960 2532 tendines
992 2501 1050 2543 qui
1084 2501 1118 2532 in

108 2545 191 2580 senis
213 2541 370 2585 capularis
393 2540 506 2578 crura,
530 2540 689 2588 tar-sosque
713 2543 921 2582 ferebantur,
945 2550 1014 2576 tum
1037 2543 1119 2576 alio-

110 2598 182 2623 rum
205 2584 290 2619 haud
315 2585 360 2616 ita
383 2593 460 2616 rarae
484 2585 721 2628 ι’ῐιίρεᾶιοηες,
756 2585 933 2627 conjunclae
965 2597 1039 2619 cum
1076 2587 1117 2619 iis

110 2643 182 2675 quae
205 2630 240 2663 in
263 2628 430 2661 brutarum
453 2628 665 2662 animantium
687 2653 700 2670 ,
734 2632 766 2663 δε
789 2631 895 2663 avium
919 2629 1116 2671 potiffimum

110 2673 246 2719 pedibus
266 2671 331 2715 jam
353 2670 410 2704 diu
436 2671 507 2704 sunt
530 2673 744 2715 pervulgatae,
767 2673 860 2716 plane
880 2675 1117 2716 comprobant.

110 2717 173 2752 sed
198 2716 265 2750 haec
289 2713 376 2748 dista
400 2712 482 2754 fiat,
506 2726 568 2748 non
593 2715 681 2758 quod
714 2716 826 2750 offium
862 2714 962 2750 desint
997 2716 1118 2750 Obser-

112 2761 257 2794 vationes
279 2760 312 2792 in
334 2768 442 2791 carnea
464 2758 530 2799 ipsa
553 2759 659 2793 cordis
682 2758 851 2794 substantia
875 2771 886 2799 ς
919 2758 970 2793 sed
991 2768 1027 2793 ut
1050 2770 1119 2793 vera

114 2802 179 2838 ossa
202 2802 258 2842 esse
282 2812 346 2834 non
369 2800 526 2844 potuisse,
550 2813 587 2834 ne
610 2800 756 2840 dicatur,
782 2801 840 2836 nisi
874 2801 957 2836 forte
995 2803 1033 2836 ab
1076 2804 1118 2837 iis

114 2847 173 2892 qui
197 2858 235 2879 ne
258 2846 366 2880 avium
389 2844 517 2885 quidem
540 2846 615 2879 illos
646 2845 789 2880 tendines
821 2848 853 2879 in
885 2847 952 2880 ossa
987 2857 1119 2879 conver..

115 2892 167 2931 ti,
190 2889 240 2923 sed
264 2890 297 2921 in
321 2887 512 2921 calculosarn
535 2889 644 2931 potius
668 2889 896 2930 substantiam,
918 2899 1029 2923 contra
1052 2889 1119 2923 sen-

116 2934 209 2969 suum
233 2931 416 2966 testimonia
437 2931 684 2971 contenderent3
708 2942 791 2966 certe
823 2934 908 2966 enim
931 2944 941 2970 ;
976 2941 1013 2966 ut
1056 2934 1119 2967 alia

116 2986 323 3021 praeteream3
347 2976 373 3007 ii
396 2974 561 3016 tendines,
583 2977 662 3009 ossei
685 2974 727 3009 fic
750 2975 825 3010 satis
847 2975 911 3019 jam
937 2974 1041 3017 fani,
1062 2977 1120 3010 do-

117 3031 174 3055 nec
198 3021 305 3054 tenuia
328 3017 487 3053 filamenta
504 3042 514 3057 ‚
537 3028 593 3053 aut
617 3030 723 3054 tenues
747 3019 879 3054 lamellae
904 3019 997 3057 sunt,
1021 3031 1038 3052 a
1062 3031 1122 3054 no-

117 3064 167 3098 bis
191 3063 275 3098 haud
298 3062 383 3096 secus
407 3071 442 3094 ac
465 3073 603 3104 ungues,
627 3073 681 3097 aut
703 3074 815 3096 cornea
849 3064 968 3097 lamina
987 3085 997 3101 ,
1035 3064 1121 3098 fleeti

118 3106 251 3150 possunt
267 3132 276 3146 ,
300 3117 315 3139 a
340 3105 477 3141 flexione
502 3116 605 3140 autem
638 3109 796 3141 continuo
830 3108 863 3140 in
897 3106 1122 3140 rectitudinem

119 3151 147 3185 se
172 3150 358 3184 restituunt.-
381 3150 436 3191 qui
462 3147 484 3181 fi
508 3161 546 3183 ex
567 3149 743 3188 cuculosa,
768 3159 821 3184 aut
844 3159 977 3183 tartarea
990 3152 1123 3184 materia

117 3194 318 3234 constarent,
341 3192 563 3235 frangerentur
590 3195 704 3234 illico,
727 3196 758 3226 &
784 3196 818 3227 in
842 3193 1001 3237 fragmina
1013 3193 1124 3228 diffili-

119 3248 210 3272 rent.

168 3282 216 3315 18.
242 3282 365 3315 Verum
388 3288 424 3314 ut
449 3279 487 3313 ad
509 3281 652 3324 exempla
674 3281 740 3324 jam
761 3282 885 3315 veniam
910 3294 920 3320 ς
955 3280 1007 3313 Cl.
1045 3282 1125 3314 Rei-

122 3336 275 3359 mannum
307 3327 320 3364 (
338 3335 360 3367 g
381 3327 395 3364 )
439 3322 493 3357 hic
517 3335 581 3358 non
605 3325 737 3366 citabo,
756 3327 831 3368 quia
854 3336 927 3359 cum
955 3324 1123 3366 proposuit

121 3380 140 3402 a
165 3368 193 3402 se
216 3368 296 3402 visas
318 3367 476 3401 columnas
499 3378 644 3409 carneas,
667 3369 707 3402 ad
727 3369 826 3402 latera
851 3369 979 3402 alterius
1000 3370 1123 3403 ventri-

120 3412 188 3449 culi
210 3411 317 3444 cordis
339 3409 512 3450 exstantes,
530 3412 657 3453 penitus
679 3412 841 3455 offificatas
862 3435 873 3453 ‚
902 3409 985 3446 illud
1010 3414 1122 3446 <conti-

210 3454 375 3498 Morgagni
384 3454 417 3488 de
432 3454 500 3488 Sed.
513 3456 554 3489 (9·
566 3458 588 3488 C
589 3454 654 3498 aufi
666 3454 770 3492 Morb.
788 3455 889 3489 Tom.
903 3459 930 3490 Ι.

183 3670 198 3700 ζ
212 3677 228 3694 κ
243 3669 258 3697 )
274 3673 351 3702 '¹2¹5’
411 3668 427 3696 (
439 3674 456 3694 ι
476 3665 485 3696 )
502 3666 539 3689 De
555 3666 592 3688 Re
608 3665 681 3690 Anat.
698 3665 714 3690 Ι,
731 3673 769 3696 ις.
828 3667 842 3696 (
858 3674 876 3696 z
892 3667 901 3698 J
916 3666 977 3691 obs.
995 3668 1067 3691 Anat.
1084 3669 1107 3693 8:
1122 3666 1196 3699 Epist.
1212 3668 1282 3693 Med.
1300 3675 1339 3698 ις.
1401 3669 1415 3698 ζ

183 3701 193 3726 (
209 3708 221 3724 e
235 3699 250 3728 )
265 3697 339 3727 Epist.
358 3698 398 3723 18.
415 3705 441 3722 n.
459 3703 496 3721 ιι.
509 3698 533 3722 8:
549 3703 584 3720 12.
646 3698 660 3726 (
676 3697 692 3721 d
707 3697 722 3725 )
737 3699 878 3722 comment.
894 3698 924 3722 de
938 3699 1033 3724 Borion.
1050 3700 1088 3723 Se.
1106 3700 1179 3725 Acad.
1197 3701 1271 3724 Torn.
1289 3707 1310 3724 1.
1327 3700 1351 3724 in
1369 3699 1425 3729 Opu
1436 3700 1483 3723 cul.

184 3730 200 3759 (
212 3728 254 3759 s)
272 3728 346 3756 Epist.
360 3728 403 3753 eit.
423 3735 459 3758 ις.
520 3726 529 3757 (
545 3734 564 3757 g
581 3727 594 3756 )
612 3726 668 3751 Ast.
685 3730 718 3752 N.
750 3729 781 3752 C.
796 3730 871 3753 Tom.
889 3735 911 3752 1.
927 3731 989 3755 obs.
1008 3737 1061 3756 ¹70·
1123 3729 1132 3761 (
1149 3732 1164 3755 h
1181 3732 1191 3761 )
1208 3738 1231 3754 ιι.
1247 3738 1271 3754 2.

186 3761 201 3788 (
216 3760 226 3783 1
242 3760 255 3788 )
270 3760 325 3783 Vid.
343 3759 417 3788 Epist.
434 3767 473 3787 45.
492 3765 516 3782 n.
533 3765 570 3788 ²3*
586 3760 607 3782 ἃ
623 3762 660 3782 ²6.
721 3759 735 3788 (
751 3766 775 3781 m
791 3759 801 3788 )
816 3758 922 3785 Praelest.
937 3762 967 3786 ad
985 3759 1063 3784 rustit.
1082 3760 1105 3790 §.
1121 3763 1176 3790 478.

186 3790 526 3819 (o)l.2.ch.9.n.m·
587 3789 913 3819 (p)l.4.ch.9.n.4.
974 3791 1127 3822 ('q)n.5.

1984 226 2076 275 29¹

1159 303 1225 327 nuo
1257 290 1392 333 subjecit
1416 314 1426 330 ,
1467 297 1525 323 aut
1547 313 1557 330 ,
1584 289 1613 332 si
1635 287 1739 322 mavis
1762 310 1771 325 ,
1793 286 1897 330 filicis
1918 286 2011 326 instar
2032 287 2156 321 indura-

1160 345 1235 373 tas;
1259 333 1310 368 sed
1341 335 1449 376 potius
1481 332 1721 375 antiquioribus
1753 330 2042 364 Observationibus
2086 338 2157 362 utar

1163 380 1264 419 meis,
1286 388 1363 420 quas
1386 375 1506 409 tametsi
1531 377 1618 408 annis
1642 373 1738 407 habui
1765 384 1856 416 1707.
1879 376 1912 406 δε
1952 383 2046 416 1717;
2076 382 2156 413 prae-

1160 425 1243 457 clare
1265 429 1370 453 tamen
1395 418 1495 452 adhuc
1521 419 1605 459 scio,
1627 429 1675 450 me
1696 427 1760 449 uon
1782 415 1903 455 silices,
1925 426 1979 449 aut
1991 415 2129 449 calculos
2143 437 2157 454 ‚

1162 465 1212 501 sed
1235 475 1305 498 vera
1328 462 1395 496 ossa
1418 463 1450 494 in
1473 473 1582 495 carnea
1607 460 1773 495 substantia
1797 459 1903 492 cordis
1926 458 2055 492 vidisse.
2091 458 2156 489 Ea-

1159 506 1524 547 rumObservationum
1546 505 1676 537 alteram
1704 503 1796 536 habes
1828 502 1862 535 in
1907 501 1965 536 hac
2011 500 2157 544 Epistola

1159 558 1173 593 (
1194 552 1215 586 h
1235 555 1271 591 ),
1296 550 1426 582 alteram
1448 550 1482 581 in
1506 549 1568 581 ΙΙΙ.
1592 551 1607 587 (
1630 549 1642 580 i
1665 552 1701 587 )‚
1726 555 1892 588 utramque
1916 547 1962 577 ita
1985 545 2156 586 scriptam,

1158 606 1194 630 ut
1218 596 1308 637 plane
1330 592 1516 631 intelligas,
1537 602 1674 632 quorum
1696 589 1797 623 essent
1820 600 1854 621 ea
1886 588 1979 621 corda
2002 612 2013 628 ,
2046 585 2158 628 eosque

1160 637 1321 682 repentina
1345 633 1477 678 quidem
1501 644 1604 667 morte
1628 641 1735 676 raptos
1753 659 1761 673 ‚
1786 630 1838 665 sed
1861 642 1926 664 non
1961 640 2091 672 propter
2124 627 2159 660 id

1162 695 1198 716 os
1221 679 1315 714 fuisse
1339 703 1347 710 .
1395 677 1545 719 Namque
1569 678 1611 709 A.
1640 686 1731 718 1719.
1757 684 1927 716 utrumque
1948 685 1984 706 os
2016 682 2157 720 tantum-

1165 724 1263 758 modo
1284 731 1554 757 memoraveram,
1578 720 1613 752 in
1637 720 1681 752 V.
1706 717 1904 751 Adversariis
1935 720 1946 755 (
1971 716 1990 755 l<
2011 719 2024 755 )
2046 715 2160 747 videli-

1163 778 1242 803 cet..
1257 765 1316 800 Sed
1339 765 1386 798 ibi
1409 773 1514 797 tamen
1538 762 1633 800 satis,
1667 771 1703 795 ut
1738 763 1853 804 opinor
1874 785 1881 798 ,
1917 757 2130 792 indicaveram
2151 781 2160 806 2

1164 820 1309 845 neutrum
1333 809 1465 841 illorum
1487 808 1521 839 in
1544 817 1578 839 ea
1609 805 1716 839 cordis
1751 815 1836 846 parte
1869 801 2046 836 induruisse
2065 825 2073 841 ,
2107 800 2162 834 ubi

1167 854 1264 888 tendo
1286 852 1453 886 secundum
1488 858 1633 883 naturam
1676 847 1806 891 quidem
1849 846 1888 880 fit
1934 855 1999 880 tam
2044 843 2162 893 crassus

1168 897 1346 940 praesertim
1388 919 1401 935 ‚
1452 905 1548 937 quam
1603 893 1732 925 alterius
1775 890 1943 925 crassitudo
1975 912 1988 929 ,
2033 889 2162 935 alterius

1169 940 1252 975 sedes
1274 936 1475 982 requirebat.
1499 938 1552 969 Ex
1576 934 1662 969 fibris
1687 936 1790 982 igitur
1810 936 1958 973 carneis,
1990 932 2021 964 vi
2049 931 2164 979 ‘morbl

1168 993 1258 1018 antea
1280 980 1365 1026 quali
1387 982 1420 1013 in
1444 979 1603 1013 tendinern
1618 1003 1627 1017 ,
1650 988 1686 1012 ut
1710 987 1812 1020 pum,
1836 976 1881 1021 (l
1903 981 1916 1017 )
1940 984 2094 1014 mutatis,
2116 984 2165 1005 vi-

1167 1028 1260 1063 detur
1283 1035 1453 1066 utrumque
1475 1021 1651 1056 constitisse
1667 1046 1675 1054 .
1701 1022 1781 1064 Legi
1806 1019 1907 1062 postea
1932 1019 2163 1053 Boerhaavium

1168 1071 1182 1111 (
1202 1074 1268 1110 νη)
1280 1093 1291 1109 ,
1313 1077 1348 1101 ut
1371 1067 1449 1099 alibi
1473 1066 1611 1099 tendines
1626 1061 1723 1107 fuiffe
1742 1063 1826 1097 vidit
1848 1063 1931 1105 quast
1951 1062 2043 1109 Offeffs
2067 1058 2165 1104 festu-

1168 1126 1241 1154 cas,
1264 1112 1304 1146 sic
1327 1109 1440 1143 vidisse
1463 1118 1589 1151 quoque
1605 1108 1731 1150 septum
1763 1107 1863 1140 cordis
1883 1128 1895 1145 ,
1928 1104 2052 1148 ejusque
2088 1113 2165 1152 tana

1169 1157 1277 1203 osseam
1297 1162 1444 1188 naturam
1468 1149 1616 1193 induiffe.
1643 1150 1805 1192 Praecipue
1829 1158 1934 1194 autem
1957 1149 1991 1195 in
2021 1145 2169 1195 Historia

1169 1201 1230 1240 legi
1256 1200 1365 1240 Regiae
1389 1195 1600 1229 Scientiarum
1621 1191 1802 1230 Academiae
1827 1192 2002 1224 Parihensis
2014 1200 2168 1230 anniqui-

1168 1239 1240 1278 dem
1267 1243 1357 1284 1726.
1381 1239 1579 1280 Chirurgum
1600 1235 1730 1269 clariss.
1754 1236 1996 1279 Garengeotum
2018 1244 2054 1266 os
2079 1243 2169 1273 repc-

1166 1287 1245 1322 risse·
1264 1294 1410 1319 meorum
1432 1291 1570 1324 utroque
1595 1279 1702 1314 multo
1725 1279 1854 1323 longius
1874 1301 1882 1316 ‚
1917 1286 1953 1311 ut
1985 1276 2025 1309 ad
2059 1275 2168 1325 ambos

1165 1331 1272 1366 cordis
1295 1327 1489 1362 ventriculos
1500 1324 1672 1367 pertineret
1686 1345 1696 1360 ‚
1719 1333 1817 1365 neque
1839 1323 1977 1355 exterius
1990 1320 2106 1369 solum,-
2119 1327 2170 1352 uti

1168 1386 1256 1411 mea,
1280 1373 1367 1405 intra
1389 1380 1513 1404 carneas
1535 1366 1626 1401 fibras
1648 1367 1784 1406 lateret,
1807 1365 1857 1399 sed
1881 1366 1979 1398 etiam
2011 1365 2173 1402 interius,

1166 1419 1299 1460 ideoque
1323 1415 1448 1458 planius
1471 1411 1612 1453 intelligi
1635 1409 1756 1452 posset,
1780 1410 1814 1442 in
1839 1419 1876 1442 os
1899 1407 1980 1450 ipsas
2004 1407 2067 1440 esse
2099 1416 2171 1439 mu-

1167 1471 1269 1496 tatas.
1295 1458 1349 1492 Ad
1374 1457 1453 1491 hanc
1478 1454 1745 1489 observationem
1768 1451 1844 1486 addi
1869 1462 1952 1485 nunc
1976 1448 2070 1483 video
2093 1450 2174 1482 alte-

1164 1517 1230 1539 ram
1254 1502 1323 1536 offis
1345 1501 1452 1534 multo
1475 1497 1665 1540 amplioris,
1700 1505 1738 1530 ut
1769 1495 1857 1539 quod
1891 1505 2001 1528 manus
2033 1493 2173 1536 palmam

1166 1544 1398 1590 nr‹:›pemodur1·i
1443 1550 1581 1584 aequaret
1604 1562 1614 1577 ‚
1660 1539 1751 1583 seque
1774 1539 1811 1571 ab
1832 1537 2042 1572 exterioribus
2064 1535 2172 1569 cordis

1165 1579 1331 1628 saciebus‚
1355 1591 1388 1621 &
1410 1598 1428 1620 a
1451 1584 1623 1627 posteriore
1646 1582 1821 1626 praesertim
1831 1606 1844 1623 ‚
1861 1581 1907 1615 *ad
1931 1581 2097 1616 interiores
2112 1578 2173 1627 ‘us-

1167 1648 1226 1680 que
1252 1633 1346 1667 fibras
1369 1628 1622 1663 ventriculorum
1656 1625 1846 1669 produceret
1876 1649 1886 1666 ‚
1919 1623 2071 1657 nonnihil
2106 1634 2173 1666 Jarn

1165 1678 1390 1719 cartilagineas
1412 1698 1419 1705 .
1453 1672 1526 1704 Nec
1548 1670 1753 1713 cartilaginea
1775 1669 1948 1704 interstitia
1972 1667 2099 1702 deerant
2122 1667 2175 1699 in-

1167 1733 1218 1757 ter
1250 1720 1369 1755 osseam
1403 1714 1604 1750 substantiam
1627 1738 1635 1746 .
1670 1715 1815 1747 Invenies
1845 1714 1974 1746 relatam
2008 1711 2174 1749 historiam

1167 1767 1251 1802 hanc
1274 1764 1311 1797 ab
1335 1759 1515 1796 Archiatro
1536 1756 1740 1799 Ampliffimo
1763 1758 1893 1791 Senacio
1914 1759 1928 1796 (
1950 1766 1969 1788 n
1990 1755 2106 1798 ):'q5ui
2129 1754 2173 1787 ab

1163 1811 1193 1845 se
1215 1814 1342 1853 quoque
1366 1802 1569 1845 conspectum
1602 1802 1636 1834 in
1671 1800 1736 1833 alio
1773 1800 1988 1835 ventriculum
2017 1797 2174 1832 sinistrum

1163 1865 1238 1888 curn
1262 1850 1336 1894 ipsis
1359 1847 1581 1882 columnisex
1603 1844 1688 1877 ossea
1721 1843 1889 1878 substantia
1922 1841 2018 1876 fuisse
2040 1866 2052 1883 ,
2083 1840 2175 1874 testa-

1164 1908 1217 1932 tur
1262 1897 1278 1940 (
1296 1907 1313 1929 o
1333 1897 1348 1934 )
1368 1918 1375 1925 .
1414 1890 1482 1925 Nec
1504 1900 1578 1922 vero
1602 1887 1769 1931 fugiebant
1791 1886 2019 1922 Dortiffimum
2054 1886 2175 1925 Virum

1165 1951 1276 1975 eorum
1299 1935 1551 1972 Observationes
1569 1958 1579 1974 ,
1602 1933 1659 1974 qui
1684 1942 1750 1965 non
1771 1930 1863 1972 ossa,
1897 1930 1949 1964 sed
1982 1927 2103 1972 lapides
2135 1929 2178 1962 ab

1168 1986 1197 2019 se
1220 1986 1254 2016 in
1276 1979 1371 2015 corde
1394 1978 1496 2017 visos,
1522 1976 1733 2020 scripserunt,
1756 1976 1826 2008 imo
1858 1985 1921 2008 non
1955 1983 2088 2018 parvum
2121 1984 2172 2006 eam

1169 2040 1240 2062 rum
1265 2033 1431 2059 numerum
1453 2022 1626 2055 collec‘him
1661 2020 1751 2055 dedit
1783 2023 1794 2060 ί
1813 2028 1837 2061 p
1859 2021 1874 2058 )
1898 2043 1908 2058 ‚
1942 2028 2010 2051 non
2038 2018 2176 2052 retice-ns

1168 2080 1274 2105 tamen
1297 2092 1309 2108 ‚
1341 2077 1419 2110 quas
1450 2065 1644 2108 potiffimum
1677 2066 1833 2109 intereas
1856 2073 1984 2107 quoque
1994 2084 2011 2102 ,.
2030 2073 2068 2095 eit
2090 2061 2177 2095 ossea

1170 2113 1338 2147 substantia
1354 2134 1365 2151 ‚
1387 2110 1530 2152 quamvis
1553 2119 1618 2142 non
1642 2109 1718 2142 bene
1743 2107 1881 2141 formata
1904 2132 1914 2148 ,
1950 2105 2055 2140 saetas·
2077 2104 2137 2140 esse
2160 2128 2174 2145 xe

1169 2155 1329 2195 censeret,
1351 2164 1405 2186 nec
1429 2151 1579 2186 dubitans
1601 2152 1621 2195 (
1637 2164 1655 2195 q
1671 2153 1711 2195 ),
1744 2150 1833 2194 quod
1864 2150 1903 2184 ad
1934 2158 2062 2185 caeteras
2094 2149 2174 2184 atti«

1160 2209 1243 2240 net,
1264 2200 1299 2231 in
1323 2196 1439 2239 quibus
1462 2196 1573 2229 melius
1598 2196 1653 2229 illa
1678 2195 1817 2230 formata
1840 2194 1907 2235 est,
1939 2195 2019 2237 quin
2052 2204 2174 2227 carneae

1167 2242 1255 2276 fibrae
1277 2240 1386 2274 cordis
1409 2238 1519 2272 fierent
1542 2238 1635 2272 osseae
1651 2264 1660 2278 ,
1685 2238 1754 2281 post
1785 2238 1999 2272 membraneas
2035 2246 2140 2270 tamen
2164 2261 2174 2277 ,

1167 2295 1261 2329 atque
1282 2283 1443 2317 tendineas
1458 2305 1467 2320 ‚
1494 2290 1549 2315 aut
1571 2280 1593 2314 fi
1617 2293 1687 2324 quae
1711 2291 1813 2324 partes
1834 2280 1942 2315 cordis
1965 2281 2033 2314 fieri
2058 2281 2173 2324 polline

1166 2329 1407 2370 cartilagineae‚
1429 2326 1509 2368 quin
1534 2323 1588 2357 hic
1610 2323 1728 2368 gradus
1752 2324 1812 2366 fit,
1835 2324 2008 2359 ut‘deinde
2032 2324 2110 2359 fiant
2120 2324 2172 2358 os-

1168 2372 1242 2405 i'ece.
1268 2373 1388 2405 Verum
1411 2378 1445 2402 ut
1478 2367 1517 2401 ad
1539 2368 1738 2412 Garengeoti
1770 2368 2040 2403 Observationem
2072 2380 2173 2403 rever-

1168 2424 1241 2455 tar,
1264 2415 1321 2448 etsi
1344 2425 1403 2451 os,
1428 2411 1468 2444 ab
1491 2423 1529 2444 eo
1553 2410 1768 2454 descriptum,
1805 2421 1928 2455 quanto
1958 2422 2024 2446 erat
2057 2413 2171 2448 nostris

1169 2459 1236 2491 illis
1260 2457 1359 2499 majus
1374 2481 1383 2496 ‚
1407 2464 1501 2488 tanto
1523 2456 1625 2497 magis
1648 2457 1838 2489 imminuere
1859 2455 1971 2490 debuit
1994 2457 2099 2491 cordis
2122 2459 2170 2490 vi-

1168 2513 1238 2541 res,
1261 2509 1297 2534 ut
1320 2511 1414 2542 quae,
1435 2496 1629 2531 decrescente
1652 2498 1718 2541 ejus
1742 2509 1849 2532 carnea
1882 2498 2049 2533 substantia
2073 2525 2085 2541 ‚
2117 2499 2171 2534 de-

1169 2543 1335 2580 crescunt,
1358 2550 1511 2584 tantoque
1538 2542 1639 2583 magis
1662 2542 1790 2585 utrique
1811 2542 1917 2576 cordis
1940 2544 2171 2578 motuisuain-

1170 2587 1308 2622 flexibili
1330 2585 1436 2618 obesse
1457 2585 1598 2623 duritia3
1622 2594 1726 2618 tamen
1769 2587 1802 2618 in
1834 2585 1966 2619 homine
2000 2587 2171 2630 deprehen.

1166 2631 1235 2666 sum
1257 2629 1321 2669 est,
1344 2640 1440 2672 quem
1463 2627 1543 2662 duos
1566 2630 1598 2660 δέ
1621 2628 1818 2672 septuaginta
1841 2640 1937 2664 annos
1958 2632 2073 2664 vixisse
2093 2655 2105 2672 ,
2128 2632 2170 2664 le-

1168 2687 1234 2718 go,
1257 2673 1424 2716 repentino
1447 2681 1553 2706 autern
1574 2671 1644 2705 casu
1669 2673 1849 2707 extintstum
1871 2674 1955 2714 esse,
1979 2685 2042 2708 non
2073 2675 2169 2718 lego,

1171 2727 1207 2751 ut
1231 2728 1330 2760 neque
1352 2726 1465 2750 eorum
1488 2726 1669 2759 quenquam
1693 2717 1727 2749 in
1762 2727 1901 2759 quorum
1932 2717 2080 2751 cordibus
2112 2728 2167 2752 aut

1169 2761 1309 2800 calculi,
1332 2768 1386 2793 aut
1409 2760 1478 2793 ossa
1503 2759 1540 2792 ab
1564 2759 1635 2791 aliis
1660 2758 1754 2799 sunt,
1776 2768 1811 2793 ut
1835 2759 1904 2793 dixi
1927 2782 1937 2798 ‚
1968 2761 2130 2794 observata
2154 2786 2164 2794 .

1171 2806 1264 2838 Unus
1286 2803 1362 2837 esset
1384 2801 1589 2844 excipiendus
1612 2801 1857 2845 Schombergius
1877 2803 1953 2841 ille,
1975 2815 2068 2847 quem
2088 2828 2100 2845 ‚
2131 2813 2168 2839 ut

1168 2849 1203 2881 in
1227 2846 1437 2889 Sepulchreto
1460 2845 1530 2887 ipso
1552 2848 1565 2883 (
1588 2856 1603 2877 r
1624 2849 1638 2884 >
1659 2844 1776 2879 videris
1796 2869 1809 2886 ‚
1841 2855 1945 2880 narrat
1970 2847 2128 2882 Thuanus
2154 2874 2164 2889 ,

1169 2893 1201 2925 iaz
1224 2902 1315 2924 curru
1330 2889 1412 2932 suo,
1437 2913 1465 2922 ..
1479 2912 1507 2920 ..
1533 2890 1702 2933 intercepto
1718 2887 1836 2929 spiriru
1852 2889 1962 2929 statim
1995 2892 2133 2926 eneffum
2156 2914 2167 2930 ,

1169 2933 1192 2968 sl
1216 2935 1329 2968 mortis
1352 2932 1498 2968 causam,
1522 2941 1619 2973 quam
1643 2930 1795 2973 subjicit,
1838 2932 1880 2966 fic
1925 2934 2166 2978 intelligendam

1171 2977 1256 3019 esse,
1277 2975 1450 3013 constaret,
1474 2984 1510 3008 ut
1533 2984 1566 3006 in
1592 2974 1802 3016 Sepulchreto
1825 2976 2020 3019 intelligitur
2040 3002 2052 3019 ‚
2083 2982 2168 3022 peri-

1171 3023 1311 3055 cardium
1334 3018 1483 3052 videlicet
1494 3042 1507 3059 ,
1530 3018 1571 3050 &⁵
1594 3017 1696 3051 cordis
1719 3020 1870 3063 regionem
1906 3019 2059 3055 sinistram
2089 3021 2165 3067 offea

1173 3066 1293 3098 reddita
1319 3087 1326 3093 .
1460 3060 1520 3095 Sed
1554 3057 1577 3092 fi
1610 3058 1745 3095 Thuani
1778 3063 1870 3095 verba
1904 3065 2164 3107 perpendantur:

1173 3108 1347 3142 membrana
1358 3129 1370 3146 ,
1392 3106 1434 3140 ὠ
1455 3114 1564 3137 carnea
1587 3106 1687 3138 omnis
1706 3115 1782 3147 pars
1805 3116 1868 3149 quae
1883 3108 2035 3149 sinisiram
2065 3110 2167 3142 cordis

1173 3152 1323 3195 regionem
1345 3150 1512 3198 ῒιχξίιηηεῖφ,Ι
1535 3148 1574 3179 ad
1590 3145 1812 3190 flabellatwnis
1832 3149 1948 3193 affiduae
1973 3151 2060 3192 usum
2084 3150 2166 3184 dila..

1175 3203 1263 3228 tatur
1285 3205 1320 3226 ac
1342 3198 1578 3234 comprzmztur‚
1602 3201 1640 3225 ex
1663 3192 1825 3226 immodico
1847 3193 1946 3226 calore
1977 3195 2019 3227 ἔν
2049 3193 2168 3226 libera-

1175 3238 1250 3271 liore
1271 3236 1359 3270 vic‘zfu
1383 3243 1450 3268 tota
1472 3233 1547 3278 offea
1570 3242 1690 3275 reperta
1713 3236 1752 3275 est
1767 3261 1775 3276 ‚
1797 3237 1844 3269 ita
1866 3244 1903 3269 ut
1924 3236 2092 3278 respirandi
2108 3234 2166 3278 fa-

1174 3282 1325 3315 cultatem
1347 3278 1530 3320 impediret3
1555 3278 1730 3320 plurimum
1759 3289 1866 3312 vereor
1886 3301 1898 3319 ‚
1931 3289 1968 3312 ne
2014 3280 2167 3322 plerisque

1173 3336 1247 3359 cum
1271 3321 1438 3367 penem-dii
1461 3320 1582 3355 sinistra
1613 3332 1700 3363 parte
1722 3346 1735 3362 ,
1780 3323 1926 3364 proxima
1953 3345 1963 3361 ‚
2007 3332 2045 3356 ut
2089 3333 2165 3356 tunc

1173 3368 1384 3412 loquebantur
1407 3387 1415 3402 ‚
1451 3375 1525 3397 caro
1550 3365 1711 3406 pulmonis
1733 3364 1901 3408 significari
1924 3366 2070 3401 videatur
2089 3388 2101 3406 ,
2133 3367 2167 3399 in

1172 3414 1243 3446 viro
1265 3409 1437 3454 91.aesertim
1458 3409 1516 3450 qui
1534 3409 1602 3450 jam
1625 3419 1643 3440 a
1666 3407 1755 3484 loggo
1790 3416 1926 3451 tempore
1946 3433 1959 3451 ,
1987 3407 2169 3494 dzfficy-lrate

1742 3464 1764 3485 o
1811 3461 1829 3484 2
2032 3461 2064 3485 re
2076 3461 2129 3494 pz-

1462 3666 1472 3695 3
1489 3668 1548 3694 obs.
1565 3676 1602 3699 ῃ.
1637 3664 1676 3702 χ(
1691 3666 1705 3692 b
1722 3668 1730 3698 )
1751 3664 1810 3693 otas.
1828 3673 1851 3690 ι.

1543 3700 1556 3729 (
1574 3708 1585 3724 ε
1601 3700 1614 3728 )
1632 3698 1685 3722 Vid.
1703 3699 1775 3727 Epist.
1792 3707 1828 3727 45·
1845 3706 1868 3723 n.
1887 3706 1923 3728 ²³·

1334 3731 1347 3758 (
1363 3730 1373 3753 i
1389 3735 1400 3757 )
1415 3738 1438 3754 n.
1456 3737 1494 3753 22.
1553 3731 1567 3759 ζ
1582 3730 1599 3754 k
1618 3729 1627 3759 )
1644 3729 1756 3754 Animad.
1778 3736 1814 3758 14.

1239 3764 1250 3785 t
1266 3769 1282 3785 n
1297 3763 1312 3791 )
1325 3760 1409 3785 Traite
1422 3761 1454 3784 du
1470 3762 1550 3785 Coeut
1567 3761 1582 3785 1.
1602 3770 1625 3790 4·
1640 3761 1680 3787 th.
1699 3769 1721 3791 9.
1736 3769 1762 3787 n.
1780 3770 1803 3791 ς.
1816 3758 1845 3783 ad
1862 3758 1903 3784 fin.

1189 3791 1228 3821 (t
1242 3793 1257 3821 )
1275 3793 1290 3817 l.
1307 3799 1329 3815 2.
1349 3793 1373 3818 S.
1390 3800 1413 3816 2.
1429 3790 1487 3816 obs.
1504 3799 1541 3819 ²⁷·
1769 3811 1800 3817 s
