2498 4075
402 102 494 169 108

338 181 537 224 pinguedine
560 203 570 221 ‚
607 181 702 218 altera
737 187 807 214 erat
840 178 1022 214 membrana
1060 179 1142 211 renis
1176 180 1306 220 propria
1330 197 1341 210 2

338 235 434 266 qusai-n
456 236 521 260 non
543 226 636 266 copia
661 233 787 261 rantum
812 246 823 262 ,
857 222 907 255 sed
931 223 961 254 &
996 221 1119 262 pondus
1153 222 1339 255 distraxerat

339 279 428 310 2quae
453 267 582 301 inclusae
645 268 765 309 quippe
789 268 821 299 iti
844 278 877 298 ea
901 263 969 299 sede
992 286 1002 300 ,
1035 265 1067 299 .&
1090 264 1151 300 situ
1176 265 1261 299 illarii
1286 263 1341 298 de-

336 310 428 353 super
453 312 614 350 urgentis.
644 312 756 352 Itaque
781 320 854 343 cum
878 307 974 344 essent
999 307 1075 341 alibi
1099 310 1133 340 in
1156 309 1269 342 eodem
1293 318 1339 341 re-

339 364 380 389 ne
404 355 542 390 ¹minores
578 352 746 395 hydatides
782 353 851 385 alrae
873 351 942 384 duae
963 365 969 386 ;
1007 352 1225 386 membranam
1248 351 1337 383 illam

340 397 426 431 ultra
450 394 648 436 superficiem
672 398 755 431 renis
781 406 843 427 non
868 393 1045 426 extulerant
1067 415 1079 432 ‚
1113 393 1169 426 sub
1192 407 1225 427 ea
1251 397 1336 428 vide-

341 439 418 472 licet
442 439 598 473 conclusae
628 465 635 476 ‚
661 450 696 473 ut
720 449 842 473 caeterae
868 436 1101 478 frequentiores
1125 437 1247 471 cellulae
1272 460 1282 476 ,
1306 440 1337 470 δε

339 480 427 516 suam
454 482 512 518 {ibi
538 482 642 518 sedem
666 486 698 515 in
733 483 815 517 renis
850 479 1023 514 substantia
1047 490 1232 514 excavantes
1258 506 1262 511 .
1299 479 1337 515 Iu

335 536 398 567 qua
426 524 527 566 major
552 537 681 568 quoque
705 524 836 568 hydatis
859 522 1015 566 superiori
1041 524 1102 556 suae
1125 526 1207 565 parti
1234 523 1336 556 sedem

337 569 371 600 in
397 567 612 608 hemisphcerii
636 580 714 612 pene
738 568 869 601 modum
893 576 1122 606 excavavetat;
1145 576 1180 598 ut
1205 577 1268 599 non
1293 568 1339 599 al-

336 613 437 645 terius
461 623 494 650 ac
518 612 581 645 illa>
605 614 730 654 generis
753 609 810 645 esse
833 633 842 647 ‚
876 610 1071 650 intelligeres
1097 621 1105 641 ε
1142 608 1211 655 ejus
1234 609 1338 644 hemi-

340 653 467 697 sphaerii
494 656 648 690 diameter
673 660 766 689 unius
789 663 854 688 erat
877 653 975 694 digiti
1001 653 1148 693 pollicis.

379 708 430 740 41.
460 700 600 736 Alterius
624 699 750 732 Vetulae
777 696 995 730 diffeffionem
1022 696 1098 728 alias
1130 695 1183 738 (o
1206 698 1216 733 )
1241 695 1337 741 habe-

337 741 391 775 bis
412 766 420 781 ‚
451 744 483 774 in
507 753 567 782 qua
594 753 644 775 ren
672 743 785 775 itidem
810 738 931 773 sinister
956 761 963 774 ‚
988 749 1130 772 exrremo
1155 747 1260 772 tamen
1286 740 1336 772 iu-

338 786 464 828 periore
488 807 495 821 ‚
524 786 555 818 in
579 785 769 826 liydatidem
796 806 805 821 ‚
828 782 885 817 fibi
910 782 1053 814 innatam
1080 805 1088 821 ‚
1112 782 1202 815 valde
1224 782 1335 815 exten-

337 829 472 861 debatur
495 850 504 864 ‚
532 837 566 861 ut
591 839 659 869 quae
683 838 799 870 aquam
823 851 831 866 ‚
855 826 969 863 ieviter
993 823 1172 861 subflavam
1194 848 1205 864 ,
1227 827 1334 859 conti-

337 874 432 906 nebat
458 870 492 902 ad
521 872 630 904 uncias
664 880 807 912 quatuor
831 894 839 902 .
975 869 1030 902 Ad
1067 867 1205 910 majores
1229 867 1338 910 hujus-

338 916 426 948 modi
454 913 623 954 hydatides
645 924 791 956 magnum
815 913 908 948 illum
933 914 1026 950 facile
1051 912 1164 946 referes
1186 923 1336 953 aqueum,

337 968 377 994 iit
413 957 574 991 Hasveius
606 960 694 999 (p)
734 957 869 999 vocabat
893 979 905 996 ‚
937 953 1098 1000 ,abscessum
1120 980 1129 995 ,
1164 954 1256 995 instar
1287 955 1338 987 ovi

333 1000 528 1043 gallinacii,
558 999 740 1043 flavescente
774 1011 853 1041 aqua
885 1001 1036 1043 repletam
1060 1024 1068 1037 ,
1101 1009 1164 1041 quie
1186 998 1338 1032 orbicula-

337 1055 400 1076 rem
439 1045 608 1078 cavitatem
644 1044 676 1076 in
702 1055 776 1076 rene
799 1044 901 1077 altero
933 1042 1123 1087 imprefferat
1146 1064 1156 1079 ‚
1180 1053 1252 1075 cum
1278 1042 1338 1073 rni-

337 1098 432 1123 nores
465 1087 517 1120 alii
555 1085 651 1120 essent
693 1088 812 1128 pariter
845 1088 878 1119 iu
914 1087 993 1120 facie
1024 1086 1183 1119 anteriore
1217 1085 1336 1118 utrius-

336 1142 399 1172 que
435 1132 518 1164 renis
553 1130 694 1168 hominis
715 1133 863 1173 ‘maxime
900 1131 1060 1172 grandaevi
1084 1151 1096 1168 ,
1129 1139 1192 1161 non
1215 1127 1278 1160 {ine
1304 1140 1338 1160 u-

293 1179 304 1190 ·’
336 1176 413 1206 rinae
454 1173 662 1216 suppressione
696 1173 892 1206 demortui.
929 1176 975 1206 At
1007 1182 1092 1207 certe
1117 1170 1229 1204 referes
1261 1171 1334 1213 vefi1

335 1228 404 1250 cam
440 1217 533 1255 instar
568 1218 656 1251 nucis
686 1217 846 1258 juglandis
874 1217 1049 1258 grandioris
1071 1238 1084 1255 ,
1117 1225 1196 1255 aqua
1234 1213 1338 1256 limpi-

336 1259 452 1302 dzffima
487 1258 646 1298 distentam
669 1282 677 1298 ,
715 1260 756 1291 Θ
791 1260 1036 1301 dimidiaparte
1081 1258 1162 1291 renis
1200 1256 1337 1301 snbstan-

337 1304 387 1336 riae
419 1301 615 1340 inhaerentem
642 1328 650 1342 ,
685 1314 782 1344 quam
819 1303 998 1344 Doringius
1041 1304 1130 1343 (q)
1162 1302 1193 1334 in
1220 1303 1339 1334 Bucre-

334 1347 384 1383 tio
421 1347 546 1382 invenit
568 1371 576 1384 ,
612 1350 702 1388 cujus
727 1347 809 1381 idem
833 1357 886 1383 ren
921 1348 1057 1381 multum
1091 1344 1191 1378 sabuli
1219 1370 1227 1384 ,
1251 1346 1340 1378 ·alter

337 1399 447 1431 autern
471 1389 632 1423 calculum
657 1390 794 1428 habebat
820 1414 826 1423 .
862 1390 982 1423 Vesicae
1006 1390 1054 1425 iili
1079 1388 1215 1430 aequales
1239 1387 1316 1420 duas
1333 1413 1340 1427 ‚

336 1431 476 1472 humore
510 1434 654 1476 quodam
686 1445 788 1476 aqueo
820 1433 966 1475 oppletas
990 1432 1135 1467 colorem
1159 1432 1235 1463 lotii
1262 1431 1339 1464 refe-

335 1487 426 1513 rente
454 1501 462 1516 ,
511 1478 643 1513 memini
688 1478 770 1512 olim
817 1475 963 1518 reperisse
997 1479 1030 1509 in
1074 1475 1161 1509 virili
1194 1475 1344 1509 cadavere

325 1520 423 1563 >quod
458 1521 613 1556 Bononiae
637 1546 646 1561 ‚
683 1519 821 1554 absentis
857 1519 1018 1553 Valsalvae
1042 1519 1115 1555 loco
1139 1540 1148 1555 ‚
1183 1519 1215 1551 in
1239 1518 1345 1551 Thea.

336 1574 390 1598 tro
425 1565 622 1598 Anatomico
654 1562 784 1603 dissecui
809 1587 817 1601 ‚
850 1562 1058 1606 ejusdemque
1094 1562 1177 1596 renis
1211 1563 1243 1595 in
1277 1573 1343 1603 quo

335 1607 412 1650 ipsae
439 1630 446 1647 ‚
484 1610 514 1640 δέ
550 1609 665 1641 calculi
692 1617 784 1640 erant
818 1617 879 1641 tres
915 1608 1018 1642 albidi
1051 1616 1225 1647 granorum
1250 1606 1344 1641 viciae

336 1652 562 1693 magnitudine
586 1673 594 1688 ,
631 1651 803 1684 dilatatam
838 1653 957 1691 pelvim
981 1663 991 1683 .·
1037 1648 1204 1683 hominem
1237 1657 1342 1681 autem

336 1704 506 1738 mortuum
540 1706 613 1727 curn
649 1697 748 1728 utinae
772 1695 907 1735 quinem
931 1695 964 1725 in
988 1692 1041 1726 sua
1074 1693 1174 1724 vesica
1199 1689 1342 1733 suppres-

336 1737 422 1772 fione
446 1749 457 1776 3
483 1737 532 1770 sed
556 1749 620 1771 non
647 1749 685 1770 ex
708 1737 767 1771 hac
792 1746 924 1776 tamen,
948 1747 1022 1769 cum
1046 1735 1116 1768 aliae
1140 1734 1236 1767 effecit
1260 1735 1342 1766 mul-

339 1791 376 1815 to
403 1783 563 1826 graviores
590 1781 692 1817 causae
717 1805 726 1822 ,
757 1791 834 1823 quas
859 1777 909 1815 hic
938 1790 1117 1815 memorare
1140 1778 1256 1812 necesse
1280 1788 1344 1810 non

341 1826 383 1860 est
417 1826 502 1869 (r)
531 1849 538 1859 ,
575 1826 699 1861 Verum
734 1823 783 1858 hae
817 1823 887 1858 duae
920 1822 1089 1865 liydatides
1125 1820 1182 1855 sub
1216 1822 1347 1864 propria

337 1870 423 1904 renis
450 1869 632 1902 membrana
656 1892 665 1907 ,
692 1877 726 1902 ut
746 1868 909 1909 'pleraetiue
934 1892 943 1908 ,
975 1865 1202 1900 coercebantur
1227 1888 1234 1896 .
1271 1863 1345 1896 Nec

341 1913 435 1946 aliter
459 1911 487 1946 se
511 1912 652 1946 habuisse
677 1911 827 1945 videntur
851 1922 928 1951 quas
951 1912 982 1942 in
1005 1908 1181 1950 hydropicis
1208 1905 1345 1955 saepenu-

338 1967 420 1990 mero
444 1968 462 1989 a
490 1954 526 1997 se
558 1962 731 1996 compertas
768 1954 881 1989 scribit
920 1952 1079 1988 Willifius
1113 1949 1196 1994 (s)
1229 1952 1286 1999 tibi
1310 1952 1343 1983 in

338 2001 426 2035 Viro
449 1999 570 2034 Illustri
594 1997 686 2032 fuisse
709 2023 719 2039 ‚
755 1999 799 2032 ait
822 2021 848 2041 ,,
872 1998 903 2032 in
927 1997 1024 2031 medio
1046 1995 1151 2029 dextri
1188 2003 1269 2027 rcnzs
1292 2003 1343 2025 ca-

338 2043 475 2078 vitatem
499 2043 651 2087 ingentem
673 2052 690 2079 a
710 2041 799 2084 pelvi
821 2040 1016 2079 distinam,
1041 2048 1134 2080 eaque
1156 2036 1255 2070 multo
1279 2047 1346 2081 am-

336 2082 469 2129 plibrem
493 2109 501 2127 ‚
541 2097 619 2129 aqua
645 2084 774 2127 limpida
798 2083 959 2128 impletam
984 2105 994 2122 ,
1028 2091 1133 2115 renem
1169 2091 1274 2128 aurem
1303 2080 1348 2127 'sr-

342 2129 477 2163 nistrum
497 2129 605 2171 plures
627 2128 792 2169 hydatidas
815 2150 827 2168 ,
864 2129 901 2163 Θ
938 2126 1094 2160 civitates
1116 2133 1195 2164 {qua
1218 2122 1347 2164 limpida

341 2173 476 2216 repletas
499 2169 677 2215 ‘continuiffiss
704 2198 711 2207 ,
740 2171 771 2205 A
797 2171 866 2217 sero
900 2179 1006 2203 autem
1044 2171 1077 2204 iti
1104 2165 1275 2216 substantia
1300 2176 1348 2215 re-

342 2229 425 2254 num*
447 2218 565 2253 alicubi
593 2224 753 2250 remorato
775 2213 914 2257 conjicit
939 2222 1069 2254 exiguas
1093 2220 1236 2255 primum
1260 2220 1348 2242 cavi-

342 2271 422 2295 tates
462 2260 553 2293 fuisse
590 2257 774 2293 efformatas
797 2282 809 2299 ,
839 2268 917 2299 quas
951 2256 1067 2290 deinde
1103 2254 1258 2302 paulatim
1294 2263 1348 2285 au-

346 2306 434 2338 &um
461 2327 470 2342 ‚
505 2305 603 2346 magis
629 2301 791 2342 marsisque
815 2300 1001 2334 dilataverit
1028 2312 1035 2333 :
1067 2299 1097 2333 &
1132 2297 1219 2329 vides
1244 2294 1350 2344 profe-

347 2349 400 2381 ἃς)
424 2371 436 2388 ,
470 2359 587 2392 aquam
611 2344 771 2387 limpidam
794 2367 806 2384 ,
842 2341 1082 2385 limpidiffimam
1106 2362 1115 2377 ,
1140 2338 1290 2388 rubellum
1315 2349 1348 2371 in

344 2392 412 2424 illis
445 2394 548 2426 caveis
582 2389 638 2424 esse
671 2390 837 2422 inventam
862 2412 869 2419 .
908 2386 978 2418 Nec
1014 2395 1094 2432 vero*
1126 2383 1282 2430 mihi-(t
1305 2385 1315 2419 )
1339 2404 1350 2420 ,

346 2436 495 2477 quamvis
528 2444 565 2466 ex
599 2431 708 2466 colore
732 2454 742 2471 3
777 2440 872 2475 atque
896 2428 996 2463 odore
1022 2428 1134 2468 saepius
1166 2435 1257 2474 urina
1294 2423 1353 2473 esse

348 2480 413 2512 viia
439 2478 509 2514 sits
541 2477 677 2509 dubium
701 2485 807 2508 tamen
834 2474 943 2513 iaepius
967 2481 1097 2513 quoque
1120 2467 1251 2507 defuit,
1274 2478 1352 2508 quin

349 2525 459 2565 potius
483 2520 591 2554 humo-1·
614 2518 688 2552 esset
712 2519 805 2550 urinae
822 2515 1004 2559 fimillimus
1029 2536 1040 2552 ,
1074 2522 1139 2546 non
1165 2515 1352 2552 ignoranti,

347 2566 450 2602 serum
488 2563 651 2607 ianguinis
685 2562 818 2604 persaepe
844 2568 896 2590 aut
920 2556 975 2590 effe
1000 2567 1055 2599 per
1088 2555 1117 2588 se
1141 2553 1318 2597 subflavum
1343 2576 1352 2591 ,

352 2620 407 2643 aut
433 2618 524 2643 mora
546 2609 579 2638 in
604 2605 781 2639 visceribus
805 2602 897 2638 fieris
919 2613 1003 2634 certe
1029 2597 1353 2647 hamram-bunio„-

351 2664 420 2686 rem
444 2677 452 2691 ‚
488 2651 700 2691 undecunque
723 2649 750 2681 is
774 2647 811 2679 sit
837 2668 846 2683 ‚
879 2646 912 2678 in
939 2643 1115 2686 liydatibus
1147 2639 1353 2689 ficunveniri

353 2700 367 2736 (
391 2707 408 2728 zi
432 2700 444 2736 )
469 2706 478 2733 3
511 2705 549 2727 ex
584 2693 712 2725 renibus
736 2699 845 2724 autem
870 2710 879 2725 ‚
914 2688 968 2722 ubi
992 2686 1116 2719 diutius
1143 2694 1320 2733 retineatur
1346 2708 1354 2723 ‚

353 2738 438 2782 posse
463 2736 588 2772 trahere
612 2736 686 2769 lotii
712 2734 846 2768 odorem
871 2754 879 2769 ‚
918 2727 1354 2778 simulque-animadverten-

351 2786 379 2817 ti
406 2806 415 2821 2
449 2781 544 2822 hujus
566 2779 696 2822 quidem
721 2779 845 2819 generis
868 2785 977 2807 caveas
1001 2773 1053 2806 sua
1075 2780 1190 2805 intima
1215 2793 1223 2806 ‚
1259 2770 1355 2802 undi-

352 2838 414 2869 que
432 2823 596 2866 xuniformi
621 2845 630 2860 ‚
655 2824 762 2856 tunica
788 2819 855 2854 esl‘e'
870 2816 1036 2851 conclusas
1061 2841 1068 2854 ,
1094 2824 1128 2848 ut
1152 2813 1271 2848 nullam
1298 2825 1358 2863 un-

355 2880 452 2911 quam
478 2876 532 2901 aut
556 2866 638 2899 mihi
664 2892 671 2903 ,
697 2874 750 2898 aut
778 2865 849 2898 aliis
874 2885 882 2900 ,
908 2862 996 2904 quod
1020 2859 1116 2908 sciam
1141 2880 1150 2895 ,
1175 2869 1247 2907 cum
1274 2868 1356 2889 renis

358 2915 444 2955 pelvi
468 2933 480 2952 ,
504 2920 557 2944 aut
582 2909 706 2942 tubulis
731 2906 928 2940 manifestam
952 2911 1282 2937 communicationem
1309 2911 1357 2932 re-

358 2956 459 2998 perite
483 2954 609 2986 licuerit
637 2977 643 2985 .
665 2952 768 2992 Igitur
792 2949 879 2993 quod
904 2949 998 2989 longe
1023 2948 1114 2993 aliter
1138 2945 1165 2978 se
1190 2941 1359 2992 reslliabe-

357 3008 405 3033 ret
429 3000 463 3031 iti
487 2995 723 3030 Observatione
748 2994 869 3027 Plateri
893 2997 906 3033 (
929 2993 982 3032 x)
1007 3013 1016 3028 ‚
1051 2991 1106 3024 ubi
1131 2985 1269 3021 dissectis
1292 2998 1362 3037 quae

357 3053 470 3077 renum
494 3039 624 3082 corpori
658 3038 782 3071 adnatae
814 3045 904 3070 erant
928 3057 940 3075 ,
979 3035 1089 3067 vesicis
1123 3042 1203 3074 aqua
1228 3030 1328 3070 plenis
1353 3053 1360 3066 ,

361 3095 439 3127 aqua
458 3081 633 3127 profluebat
656 3103 668 3121 ,
694 3078 911 3122 foraminaque
940 3076 1091 3124 patebant
1116 3100 1124 3115 ,
1156 3084 1190 3108 ut
1225 3084 1288 3105 non
1306 3074 1363 3122 *iis

362 3126 471 3163 vesicis
503 3126 565 3161 hoc
600 3125 643 3159 est
667 3122 876 3157 tribuendum
903 3144 911 3158 ‚
945 3120 994 3154 ied
1031 3119 1191 3152 ulceribus
1217 3118 1328 3149 multis
1352 3140 1364 3156 ,

362 3184 432 3213 qnae
457 3180 492 3204 ut
516 3179 604 3203 renes
629 3169 670 3203 ab
695 3166 907 3200 interioribus
932 3164 966 3196 ad
994 3165 1151 3196 exteriora
1177 3159 1274 3202 usque
1297 3171 1368 3202 per-

362 3213 473 3250 foraffe
496 3238 505 3253 ‚
527 3213 606 3247 dicit
631 3226 640 3249 3
675 3211 716 3245 iic
739 3208 823 3243 nihil
849 3217 934 3242 vetat
958 3209 1036 3249 quin
1063 3207 1099 3239 ad
1124 3202 1295 3251 veiicarum
1320 3204 1370 3237 us-

366 3270 429 3301 que
452 3268 565 3290 cavum
590 3254 735 3298 quaedam
761 3253 818 3286 sibi
844 3251 1002 3285 foramina
1029 3249 1222 3295 aperuisleiit
1247 3271 1253 3277 .
1290 3247 1366 3285 Qua

366 3313 403 3335 ex
426 3298 666 3334 Observatione
700 3298 815 3331 modus
848 3295 977 3337 quidem
1001 3295 1080 3327 alius
1102 3296 1132 3325 δέ
1164 3300 1366 3338 ratiorappa-

367 3355 414 3378 ret
442 3366 450 3381 ,
482 3355 543 3386 qua
567 3341 682 3385 poffiiit
707 3343 754 3374 hae
779 3350 890 3372 renum
915 3337 1084 3383 hydatides
1108 3337 1211 3368 multo
1234 3342 1330 3365 citius
1356 3356 1366 3382 3

367 3400 402 3422 ac
426 3390 544 3423 certius
569 3384 697 3419 ascitem
723 3384 825 3419 facere
851 3406 861 3422 ‚
893 3381 949 3415 ubi
972 3380 1031 3413 sint
1056 3380 1159 3414 ulcera
1182 3388 1256 3411 cum
1280 3376 1367 3417 pelvi

493 3566 499 3593 l
516 3564 589 3593 Epist·
606 3566 643 3587 60·
661 3569 683 3586 ‘¹-
699 3565 722 3586 6·
787 3561 828 3590 (p
846 3559 859 3587 )
876 3558 1001 3588 Sepulchr.
1020 3557 1037 3579 l.
1054 3565 1076 3580 2.
1094 3557 1118 3581 S.
1138 3564 1159 3581 1.
1176 3557 1236 3580 Obi.
1258 3563 1292 3583 17.

487 3595 499 3622 )
516 3594 640 3622 Sepulchr.
657 3594 672 3615 l.
692 3600 714 3616 i.
732 3592 757 3615 S.
776 3597 811 3620 ¹3-
830 3588 888 3613 Obs.
909 3598 929 3613 i.
1181 3618 1184 3621 Ι

489 3625 502 3653 J
520 3624 645 3652 Sepulchr,
660 3624 683 3646 s,
701 3622 745 3646 hac
760 3628 797 3645 ιι.
816 3619 876 3644 Obs.
896 3622 916 3644 8.
937 3620 961 3648 ὅ.
978 3626 999 3642 2-
1062 3618 1068 3643 (
1084 3624 1103 3646 y,
1117 3617 1131 3646 )
1149 3618 1213 3642 lbrd.
1232 3616 1290 3640 Obs.
1310 3623 1342 3638 ir.

495 3655 501 3682 ⁴}
519 3663 541 3678 n.
559 3656 587 3679 ι’]
656 3650 666 3680 (
687 3653 701 3677 d
718 3652 731 3681 )
749 3652 872 3680 Sepulchr.
891 3652 913 3674 S.
934 3650 977 3674 hae
1000 3655 1035 3671 21.
1053 3647 1111 3670 ΟΜ.
1132 3656 1168 3677 55-
1187 3649 1210 3677 ς,
1230 3656 1250 3675 9·

497 3685 508 3712 3
525 3684 582 3707 Obs.
603 3686 674 3707 Anat.

486 3715 498 3742 J
517 3714 577 3738 lbi-i.
595 3714 651 3738 Obs.
673 3719 710 3741 19.

463 3574 476 3589 o

457 3596 476 3623 s

458 3632 473 3648 x

461 3663 479 3713 ἑ
738 3679 780 3711 (li
798 3690 805 3710 J
824 3681 940 3709 Sepulcht
966 3681 988 3703 S.
1010 3677 1049 3701 cit.
1069 3677 1129 3702 Obs.
1150 3686 1185 3703 υ..
1204 3678 1224 3707 §.
1243 3686 1265 3700 2.

460 3717 468 3739 l

431 3564 448 3746 ffflfflnflfl

1354 3554 1368 3583 (
1385 3562 1398 3582 q
1418 3555 1424 3581 )
1444 3552 1536 3577 1bid.1.
1556 3553 1617 3584 318.
1637 3561 1671 3580 ια..
1691 3551 1747 3575 Obs.
1764 3554 1794 3579 453

993 3587 1006 3616 ί
1022 3594 1034 3611 ε
1049 3588 1062 3616 )
1079 3586 1136 3611 Vid.
1154 3585 1284 3611 Animadv.
1301 3584 1370 3612 supra
1386 3583 1415 3607 ad
1433 3592 1457 3610 n.
1476 3592 1510 3613 39.
1529 3583 1628 3607 indicat.

1312 3646 1325 3673 ζ
1342 3616 1384 3673 εὖ).
1397 3622 1458 3672 {piu
1479 3615 1559 3669 ἷξες.)
1576 3620 1597 3665 ἓ
1612 3620 1685 3671 1333.
1703 3645 1724 3665 Ec
1742 3652 1756 3671 4
1783 3643 1841 3668 (ros.
1864 3650 1914 3669 117.

1328 3676 1341 3703 C
1359 3677 1367 3697 ἱ
1385 3676 1397 3703 D
1415 3675 1474 3699 Obi'.
1495 3678 1568 3699 Anat.
1587 3679 1626 3696 cit.

773 3713 787 3742 ζ
805 3719 827 3735 m
845 3711 858 3740 )
875 3712 938 3740 apud
955 3708 1063 3735 Barthoi.
1080 3710 1150 3733 Ceut.
1168 3716 1188 3732 2.
1209 3706 1282 3737 Epist.
1300 3705 1368 3729 Med.
1386 3715 1397 3735 7

924 96 1077 153 Liber
1108 96 1198 151 111.
1235 101 1312 150 De
1349 94 1556 151 Morbis
1583 94 1800 157 ,Ventris

1388 172 1665 206 communicantia
1685 184 1696 208 -3
1719 174 1815 206 citius
1838 172 1924 205 enim
1946 169 2013 204 haec
2034 171 2075 205 ad
2100 182 2227 215 magnas
2251 172 2388 207 illarum

1390 226 1498 250 caveas
1522 237 1531 252 ‚
1554 225 1651 257 quam
1668 214 1708 248 ad
1731 226 1842 249 renum
1866 213 2063 258 superficiem
2086 217 2276 259 pervenient
2297 238 2307 254 ‚
2343 216 2388 249 il-

1391 258 1496 301 lasque
1520 259 1649 291 invecto
1670 259 1743 304 *acri
1769 260 1878 293 ichore
1900 282 1910 298 ‚
1947 258 2118 299 multoque
2138 259 2222 292 lotio
2245 270 2390 301 perrum-

1390 311 1466 344 pent
1490 324 1498 338 ‚
1525 304 1555 334 &
1580 300 1643 334 hoc
1665 303 1786 343 jugiter
1810 306 1841 334 in
1866 311 2009 334 ventrem
2033 301 2196 336 effundent
2223 327 2231 343 ,
2253 313 2318 336 non
2344 301 2388 334 se-

1390 357 1445 379 cus
1470 356 1503 377 ac
1529 356 1582 386 per
1606 344 1635 377 se
1657 343 1815 378 effundere
1839 346 2017 378 debuerunt
2039 346 2073 377 in
2097 346 2157 378 ali-a
2182 344 2387 379 PlateriOb-

1389 389 1569 422 servatione
1592 390 1645 429 (y
1668 391 1682 428 >
1710 414 1714 426 2
1742 387 1982 429 effuderantque
2007 388 2040 420 in
2061 400 2097 421 ea
2119 399 2217 430 quam
2252 400 2290 422 ex
2313 388 2388 421 Pic-

1389 430 1578 465 colhomino
1600 442 1675 464 curn
1701 433 1806 472 priore
1828 433 1884 465 illa
1910 432 2025 464 Plateri
2060 429 2151 472 supra
2174 433 2270 474 (z)
2303 430 2389 464 indi-

1390 477 1533 508 cavimus
1558 498 1565 505 .
1590 474 1758 509 Caeterum
1781 475 1830 507 vel
1853 474 2038 509 absentibus
2062 475 2225 508 ulceribus
2249 499 2260 515 ‚
2292 473 2313 506 1i
2338 472 2390 508 hae

1389 518 1559 560 hydatides
1584 529 1621 550 eo
1645 517 1705 550 sint
1729 529 1862 551 nurnero
1889 545 1895 557 ‚
1920 526 1974 550 aut
2001 518 2223 559 magnitudine
2245 543 2254 559 ,
2278 526 2315 550 ut
2337 524 2388 550 re-

1388 564 1438 596 nis
1471 560 1635 603 utriusque
1677 560 1884 595 substantiam
1918 561 2052 595 multam
2084 560 2264 595 deleverint
2281 560 2313 600 >‚‘
2333 568 2389 593 aut

1388 604 1638 647 constipaverint
1661 618 1669 641 3
1696 604 1830 646 minime
1846 604 1992 641 dubium'
2011 604 2053 637 est
2075 626 2087 643 ,
2108 606 2190 646 quin
2215 604 2304 636 valde
2326 603 2391 635 im—

1388 651 1510 681 minuta
1534 648 1607 680 lotii
1640 646 1811 681 secretione
1836 669 1845 684 ‚
1881 647 2023 690 hydrops
2058 646 2151 682 facile
2183 649 2355 689 contingat
2379 669 2388 677 .

1386 691 1486 730 Quod
1511 690 1531 724 si
1557 690 1683 732 insuper
1706 690 1857 725 dissiliant
1882 717 1890 730 ,
1914 689 2077 732 effusoque
2100 690 2258 730 humore,
2280 699 2390 724 excer-

1386 747 1459 768 nere
1483 734 1596 767 affidue
1621 735 1720 779 alium
1744 735 1876 778 pergant
1904 760 1914 776 ,
1937 734 2014 768 hinc
2037 734 2166 769 ascitem
2194 733 2265 768 fore
2289 759 2298 775 ,
2320 735 2396 766 ma-'

1387 778 1536 813 nifestum
1561 778 1622 809 est.

1428 833 1482 865 42.
1509 822 1556 853 At
1589 820 1610 853 {i
1642 820 1675 854 id
1700 820 1802 853 facere
1826 831 1890 854 non
1914 831 2048 863 pergant
2072 843 2083 859 ,
2118 820 2169 855 sed
2204 823 2290 855 nova
2321 821 2387 855 cir-

1387 876 1461 899 cum
1495 864 1672 897 exinanitas
1707 862 1921 897 succrescente
1956 866 2037 898 renis
2074 864 2246 898 substantia
2282 866 2391 899 coale-

1389 909 1473 941 scant
1497 920 1507 946 3
1529 907 1670 950 hydrops
1693 906 1822 948 quidem
1847 918 1910 939 non
1934 910 2038 941 oritur
2063 934 2072 947 ‚
2096 919 2199 949 pauco
2224 920 2320 950 quem
2341 907 2391 943 ef-

1389 952 1536 987 fuderant
1559 974 1571 990 ,
1603 949 1738 984 humore
1762 949 1844 984 haud
1870 949 1953 984 secus
1978 962 2072 992 atque
2105 953 2131 984 is
2165 964 2230 993 quo
2254 954 2391 985 interio-

1390 1007 1424 1029 ra
1447 995 1565 1028 ventris
1589 994 1716 1027 madent
1742 1015 1751 1029 ,
1774 1004 1828 1035 per
1852 993 2096 1027 absorbentiurn
2121 994 2269 1028 vasorum
2294 994 2391 1029 oscu-

1391 1040 1420 1071 la
1444 1038 1636 1080 absumpt03
1660 1039 1693 1070 in
1718 1049 1789 1070 rene
1813 1046 1920 1070 tamen
1945 1040 2079 1071 cicatrix
2102 1037 2194 1071 restat
2217 1040 2300 1072 varia
2324 1051 2393 1072 tna-

1389 1082 1580 1125 gnitudine,
1608 1083 1638 1113 &
1662 1079 1885 1123 profunditate
1909 1092 1917 1120 ‚¹
1941 1092 1976 1114 ut
2000 1081 2139 1119 disrupta
2163 1081 2390 1124 hydatis·plus

1390 1123 1534 1159 minusve
1559 1124 1596 1156 de
1631 1126 1714 1155 renis
1748 1123 1920 1157 substantia
1953 1135 2191 1158 excavaverat.
2230 1125 2390 1167 Relegeiis

1389 1180 1485 1211 quam
1510 1167 1651 1210 Epistola
1675 1167 1800 1199 XXIX.
1826 1170 1839 1205 (
1863 1179 1879 1199 a
1898 1167 1913 1208 „l
1939 1168 1970 1200 in
1996 1168 2147 1201 muliebri
2170 1168 2390 1210 descripsimus

1392 1223 1462 1245 rene
1487 1214 1616 1251 longam
1640 1233 1649 1247 ‚
1683 1213 1713 1242 &
1738 1208 1902 1243 subalbam
1926 1211 2010 1251 quasi
2036 1222 2074 1244 ex
2097 1212 2226 1246 tendine
2249 1212 2393 1253 lineam,

1391 1266 1456 1289 non
1482 1266 1533 1289 oer
1557 1251 1755 1296 superficiem
1780 1256 1876 1285 modo
1899 1275 1908 1290 ,
1933 1253 1981 1287 sed
2007 1257 2102 1287 etiam
2128 1256 2191 1288 alte
2214 1256 2299 1288 intra
2322 1267 2394 1289 cot·-

1392 1310 1449 1343 pus
1471 1297 1576 1341 ipsum
1601 1299 1683 1329 renis
1707 1296 1889 1339 perductam
1913 1318 1922 1332 ‚
1947 1299 2071 1340 antiqui
2097 1300 2239 1332 vulneris
2261 1301 2395 1332 cicatri-

1392 1344 1421 1375 ci
1444 1342 1523 1375 adeo
1546 1340 1682 1373 fimilem
1706 1351 1741 1373 ut
1765 1340 1896 1382 vestigia
1921 1339 2041 1374 infli6hv
2068 1343 2225 1381 vulneris,
2251 1342 2300 1376 sed
2323 1341 2395 1375 fru-

1393 1385 1454 1419 stra
1480 1409 1488 1424 ,
1515 1386 1548 1417 in
1574 1394 1726 1427 proximo
1752 1386 1871 1416 ventris
1905 1385 2022 1424 pariete
2054 1385 2290 1427 quaesiverimus
2313 1410 2321 1418 .
2355 1388 2395 1419 In

1396 1430 1468 1462 aliis
1502 1436 1609 1461 autem
1636 1427 1786 1468 Epistolis
1820 1426 2032 1460 describemus
2066 1431 2127 1460 tilii
2167 1428 2244 1462 alias
2279 1439 2393 1464 retium

1396 1474 1561 1506 cicatrices
1596 1471 1702 1503 minus
1740 1468 1911 1511 profundas
1935 1492 1942 1506 ‚
1980 1471 2030 1503 sed
2067 1470 2222 1514 depressas
2252 1469 2359 1507 tamen
2386 1498 2397 1515 ,

1397 1516 1511 1558 easque
1535 1513 1648 1548 circuli
1675 1513 2061 1559 ambitu—comprehensas
2085 1536 2095 1551 ,
2129 1515 2233 1557 qualis
2258 1527 2294 1549 ea
2317 1514 2398 1550 fuis.

1398 1559 1441 1593 set
1466 1571 1535 1602 quae
1558 1558 1713 1591 coalitum
1748 1560 1879 1598 majoris
1912 1558 2006 1590 illius
2038 1557 2199 1599 hydatidis
2223 1558 2326 1593 secuta
2350 1558 2398 1594 es-

1397 1602 1442 1636 set
1467 1626 1475 1640 ‚
1501 1612 1597 1644 quam
1624 1602 1656 1633 in
1682 1600 1801 1634 Vetula
1829 1624 1837 1637 ‚
1864 1603 1960 1641 paulo
1984 1601 2075 1643 supra
2098 1600 2185 1644 (b)
2212 1601 2395 1644 proposita,

1397 1647 1637 1689 observavimus
1661 1668 1668 1676 .
1694 1644 1743 1677 Ex
1766 1644 1816 1677 his
1839 1644 2017 1687 intelligis,
2042 1644 2209 1687 quomodo
2232 1657 2272 1679 ex
2296 1644 2399 1688 hyda-

1398 1690 1503 1721 tidum
1530 1687 1755 1720 obiervatione
1782 1688 1947 1720 cicatrices
1972 1697 1980 1725 ‚⁴
2017 1689 2048 1720 in
2084 1699 2194 1721 renum
2229 1689 2398 1730 superficie

1397 1733 1483 1767 haud
1507 1742 1580 1765 raro
1603 1731 1715 1762 obvias
1738 1730 1953 1771 explicemus.
1981 1732 2032 1764 Ad
2057 1729 2141 1763 idem
2164 1741 2273 1764 autem
2295 1743 2401 1767 exem-

1398 1775 1489 1817 plum
1511 1797 1520 1814 ,
1546 1775 1683 1807 aliorum
1706 1784 1836 1816 quoque
1860 1773 2015 1806 viscerum
2040 1774 2205 1819 cicatrices
2241 1776 2397 1817 explicari

1398 1817 1487 1861 poss'e
1509 1839 1518 1854 ‚
1555 1817 1681 1851 credito
1704 1839 1716 1855 ,
1748 1828 1820 1850 curn
1856 1819 2030 1850 exteriores
2067 1817 2139 1850 sunt
2162 1840 2173 1857 ‚
2208 1817 2245 1851 rie
2273 1830 2310 1851 ue
2348 1830 2400 1853 eas

1397 1862 1528 1895 vulnera
1553 1882 1562 1897 ,
1587 1871 1640 1893 aut
1666 1859 1808 1893 ulcerum
1832 1859 1921 1901 signa‘
1942 1859 2164 1902 praecesserunt
2187 1884 2196 1899 ,
2222 1872 2258 1893 ve
2276 1872 2309 1894 ut
2334 1872 2402 1896 erat
2427 1897 2429 1899 ,

1397 1916 1468 1947 quae
1491 1906 1525 1937 in
1550 1905 1631 1937 uteri
1657 1903 1755 1937 latere
1769 1903 1907 1937 asciticae
1921 1906 2010 1936 Anus
2030 1902 2080 1937 his
2102 1903 2177 1946 ipfis
2191 1905 2402 1949 Litteris(c)

1397 1957 1573 1981 memorata
1608 1947 1648 1979 est
1675 1970 1681 1976 .
1715 1945 1826 1981 Habet
1859 1948 1946 1980 enim
1969 1949 2066 1980 etiam
2090 1956 2197 1980 uterus
2230 1947 2401 1990 hydatides

1396 1990 1463 2023 suas
1488 2003 1525 2024 eo
1549 1990 1711 2023 interdum
1735 2001 1867 2024 numero
1889 2001 1987 2032 quern
2012 1990 2086 2023 satis
2109 1990 2252 2024 indicant
2277 1991 2403 2026 Obser-

1401 2035 1547 2066 vationes
1572 2032 1721 2073 Adolphi
1746 2035 1888 2068 Occonis
1913 2034 1978 2074 (d)
1996 2057 2004 2072 ‚
2026 2036 2057 2067 &
2081 2033 2134 2067 Cl.
2160 2032 2278 2073 Adami
2296 2035 2403 2069 'Chri-

1400 2078 1492 2110 stiani
1518 2075 1674 2110 Tliebefii
1707 2079 1758 2116 (e
1780 2081 1793 2118 )
1818 2100 1827 2115 ,
1863 2088 1896 2109 ea
1931 2087 2035 2110 autem
2072 2077 2292 2119 magnitudine
2316 2101 2325 2116 ‚
2362 2087 2400 2113 ut

1401 2131 1497 2153 unam
1523 2141 1532 2157 ‚
1559 2118 1639 2153 sicut
1665 2120 1740 2152 alias
1764 2117 1846 2162 (f)
1872 2120 1932 2152 tibi
1955 2121 2122 2159 indicavi,
2149 2121 2265 2154 viderit
2289 2123 2404 2156 Coite-

1401 2175 1455 2199 rus
1478 2165 1491 2203 <
1511 2174 1532 2205 g
1553 2166 1567 2203 )
1590 2185 1601 2202 ,
1624 2173 1661 2197 ex
1683 2163 1825 2198 matricis
1849 2162 1922 2197 colli
1943 2164 2065 2198 dextero
2088 2163 2185 2204 latere
2203 2172 2402 2207 prognatam,

1403 2205 1543 2239 naturali
1564 2205 1662 2249 veficn
1685 2204 1775 2247 duplo
1798 2204 1882 2249 quasi
1905 2217 2052 2249 majorem
2076 2228 2086 2243 ‚
2108 2206 2183 2240 lotio
2207 2229 2216 2245 ‚
2249 2206 2310 2241 sive
2334 2231 2343 2245 ‚
2366 2218 2405 2242 ut

1404 2251 1509 2282 verius
1536 2247 1619 2282 infra
1645 2250 1790 2291 loquitur
1817 2272 1826 2286 ,
1860 2259 1939 2290 aqna
1972 2250 2060 2283 tenni
2082 2249 2242 2291 lucidaque
2269 2249 2406 2294 plenissi-

1402 2303 1484 2327 mam
1509 2314 1520 2330 ,
1544 2292 1586 2325 Θ
1609 2291 1728 2330 duabus
1752 2293 1868 2325 tunicis
1894 2314 1901 2328 ‚
1926 2300 1962 2324 ut
1984 2293 2141 2326 naturalis
2163 2292 2260 2335 vefica
2284 2316 2295 2333 ‚
2325 2305 2408 2338 prce..

1403 2337 1502 2368 ditum
1528 2357 1535 2372 ‚
1562 2334 1616 2378 scd
1648 2334 1733 2368 nullo
1755 2343 1858 2369 meatu
1883 2346 1992 2376 aquam
2014 2336 2063 2369 vel
2097 2336 2288 2369 immittente
2313 2337 2408 2376 „vel

1405 2379 1566 2412 emittente
1593 2402 1598 2410 .
1637 2379 1695 2411 bed
1731 2380 1760 2410 &
1785 2379 1934 2421 Jecinoris
1957 2400 1965 2415 ‚
2000 2381 2030 2410 &
2056 2378 2149 2411 lienis
2183 2378 2407 2420 hujuscemodi

1405 2424 1572 2454 cicatrices
1595 2444 1607 2460 ‚
1631 2431 1663 2453 ut
1690 2430 1765 2462 puta
1788 2432 1883 2463 quam
1907 2423 1939 2453 in
1964 2421 2055 2454 Nob.
2083 2422 2219 2462 Virgine
2242 2423 2408 2459 descripsit

1406 2463 1657 2498 Haechsterterus
1680 2466 1693 2503 (
1716 2463 1736 2497 h
1758 2467 1771 2504 )
1804 2467 1817 2504 (
1839 2464 2016 2498 cavendum
2041 2465 2125 2497 enim
2150 2464 2192 2499 est
2214 2487 2223 2502 ,
2249 2468 2298 2499 *ne
2321 2465 2409 2500 fissu-

1406 2518 1447 2541 rae
1472 2508 1617 2549 quaedam
1643 2518 1699 2539 nos
1733 2506 1895 2550 decipiant
1920 2532 1928 2546 ,
1962 2519 2032 2549 quae
2056 2507 2135 2550 saepe
2167 2520 2183 2540 a
2218 2510 2408 2551 primordiis

1408 2560 1516 2584 extant
1541 2554 1550 2589 )
1584 2552 1662 2583 tales
1689 2574 1697 2588 ,
1728 2551 1857 2592 inquam
1887 2577 1893 2589 ,
1926 2551 2090 2584 cicatrices
2123 2551 2282 2586 consimili
2309 2554 2410 2588 modo

1408 2595 1560 2636 explicari
1588 2602 1739 2635 poterunt
1764 2618 1771 2627 .
1806 2594 1893 2628 Nam
1919 2596 2083 2636 utriuique
2118 2593 2246 2628 visceris
2280 2596 2410 2639 hydati-

1406 2638 1459 2670 des
1485 2637 1535 2670 vel
1566 2635 1805 2678 frequentiores
1837 2648 2014 2670 occurrunt
2037 2662 2046 2677 ,
2078 2636 2140 2671 sive
2164 2640 2300 2672 omnino
2322 2650 2412 2673 exte-

1407 2682 1473 2713 rius
1497 2679 1603 2713 adfitae
1627 2703 1635 2717 ,
1668 2680 1795 2720 qualem
1827 2681 1861 2713 in
1895 2678 2043 2722 suspenso
2063 2682 2228 2714 ·Coiterus
2253 2686 2263 2722 (
2288 2683 2300 2716 i
2323 2681 2411 2726 )snb

1407 2724 1484 2757 liene
1506 2722 1713 2765 deprehendit
1738 2724 1865 2757 duorum
1895 2733 2068 2765 pugnorum
2091 2725 2304 2765 magnitudine
2329 2737 2410 2767 aqua

1403 2767 1607 2810 plenissimam
1635 2793 1642 2805 ,
1678 2769 1708 2799 δι
1733 2778 1749 2798 a
1781 2764 1897 2800 vicinis
1916 2764 2198 2810 partibus‘abfiyue
2229 2767 2343 2812 laefione
2360 2769 2414 2811 se-

1402 2811 1536 2853 para-vit
1560 2835 1568 2850 ‚
1602 2809 1664 2842 {ive
1686 2808 1815 2851 prorsus
1838 2811 1871 2843 in
1897 2807 2057 2851 profundo
2089 2810 2206 2844 abditae
2228 2833 2240 2851 ,
2273 2823 2345 2853 quae
2378 2814 2413 2846 in

1407 2853 1521 2894 hepate
1556 2865 1571 2885 a
1605 2852 1738 2885 Glasero
1763 2858 1772 2892 (
1797 2852 1849 2894 le)
1872 2876 1880 2890 ‚
1915 2854 2205 2888 Diemerbroeckio
2228 2853 2275 2896 (l
2296 2859 2309 2896 )
2332 2878 2341 2894 ‚
2379 2868 2413 2889 a-

1408 2896 1522 2938 liisque
1546 2906 1766 2929 memorantur
1788 2920 1796 2928 .
1820 2896 1898 2935 Qo
1922 2895 2015 2929 facile
2038 2896 2151 2932 referes
2175 2898 2288 2939 Lyseri
2310 2902 2323 2938 (
2346 2910 2376 2931 m
2399 2901 2415 2942 )

1412 2939 1683 2974 observationem
1706 2950 1789 2982 aquae
1811 2939 1931 2972 citrinae
1954 2962 1965 2978 ‚
1999 2950 2062 2981 quae
2086 2942 2124 2974 ad
2156 2948 2219 2974 tres
2243 2942 2285 2974 eff
2304 2942 2414 2984 plures

1412 2982 1508 3016 libras
1526 2983 1653 3025 promit
1686 2994 1725 3014 ex
1762 2983 1823 3015 alte
1854 2983 1981 3023 pertuso
2007 2984 2153 3017 Hebraeae
2188 2987 2329 3019 viventis
2363 2983 2415 3027 je.

1413 3028 1522 3059 cinore
1548 3051 1556 3065 ,
1580 3030 1609 3059 δι’
1637 3025 1821 3059 Manchatti
1856 3027 1932 3058 alias
1966 3030 1976 3065 (
2001 3037 2019 3058 n
2042 3031 2056 3066 )
2090 3028 2153 3061 tibi
2175 3026 2373 3069 descriptum
2400 3053 2413 3071 ,

1414 3078 1450 3101 ut
1495 3070 1560 3110 ipse
1606 3069 1742 3103 vocabat
1761 3091 1773 3108 ‚
1816 3068 1906 3114 lienis
1943 3069 2104 3112 hydropem
2140 3093 2151 3109 ,
2195 3070 2298 3113 sicque
2345 3074 2416 3105 ani-

1413 3112 1610 3149 madvertes,
1635 3114 1691 3145 ubi
1714 3111 1799 3145 forte
1824 3113 1941 3145 viscera
1966 3117 2005 3146 ab
2027 3115 2113 3147 intus
2136 3114 2270 3148 colletffta
2293 3114 2413 3149 humo-

1419 3158 1461 3189 ris
1504 3158 1597 3198 copia
1641 3159 1768 3189 demum
1802 3166 2053 3198 perrumpantur
2074 3179 2086 3196 ,
2129 3167 2287 3199 quantum
2323 3170 2416 3201 auge.

1421 3210 1453 3231 re
1488 3211 1559 3232 euni
1593 3199 1707 3242 poffint
1730 3221 1742 3240 ,
1786 3200 1842 3239 qui
1875 3209 1964 3233 antea
1998 3198 2135 3234 faciebat
2159 3200 2361 3244 hydropem,
2384 3205 2416 3236 δε

1421 3243 1705 3283 quaiitum'videri
1739 3241 1854 3284 poffint
1888 3244 1926 3275 ab
1950 3255 1989 3276 eo
2025 3254 2178 3289 corrupta
2202 3246 2257 3286 qui
2293 3248 2415 3280 circum

1421 3286 1604 3327 stagnabat,
1629 3297 1703 3321 cum
1727 3286 1766 3318 ab
1790 3285 1848 3317 illo
1871 3285 1990 3319 fuerint
2013 3299 2109 3329 quem
2134 3287 2343 3321 continebat.
2369 3290 2418 3320 Si·-

1421 3340 1458 3361 ve
1481 3331 1581 3371 igitur
1606 3329 1698 3370 hujus
1723 3327 1849 3362 secundi
1875 3341 1997 3371 generis
2013 3352 2021 3366 ‚
2044 3331 2106 3363 sive
2131 3333 2225 3373 primi
2250 3331 2418 3374 hydatides

1418 3371 1563 3412 fuerint,
1587 3374 1649 3406 sive
1663 3373 1799 3415 denique
1812 3374 1897 3406 inter
1910 3372 2060 3417 utrasque
2072 3374 2126 3409 has
2151 3373 2286 3414 mediae,
2310 3374 2418 3416 quales

2325 3418 2377 3452 hic

1823 3494 1949 3503 ᾳ-.-----
2397 3495 2421 3503 ,-

1870 3552 1876 3577 ζ
1896 3558 1907 3574 r
1922 3550 1935 3579 )
1952 3549 1998 3573 Vid
2026 3549 2098 3578 Epist.
2116 3557 2152 3579 4¹-
2168 3558 2193 3575 n.
2213 3557 2247 3575 io.

1690 3583 1703 3610 (
1721 3591 1736 3604 ει
1756 3584 1763 3611 j
1788 3582 1840 3607 Vid.
1858 3582 1925 3610 supra.
1942 3589 1966 3603 ti.
1987 3589 2022 3609 35.
2040 3588 2077 3610 37.
2140 3610 2144 3614 ·

1719 3614 1761 3640 (a
1786 3619 1831 3640 Νι.
1853 3620 1889 3636 ii..
1952 3610 1995 3636 (b
2011 3612 2022 3638 )
2041 3619 2064 3634 n.
2080 3618 2119 3638 40*
2139 3619 2162 3634 in
2180 3611 2222 3634 fin.

1976 3641 2043 3670 (f)
2059 3640 2131 3673 Epist.
2152 3645 2186 3666 16.
2203 3649 2227 3664 n.
2250 3649 2289 3671 33.

1689 3673 1727 3700 ik
1745 3681 1753 3699 )
1772 3675 1824 3702 Sep.
1843 3674 1865 3696 S.
1883 3673 1927 3695 cit.
1946 3671 2004 3695 Obs.
2022 3679 2046 3700 4.
2066 3675 2088 3700 §-
2107 3679 2147 3696 ii.

1404 3713 1426 3734 3.
1491 3706 1557 3731 (n)
1577 3703 1650 3731 Epist.
1671 3707 1706 3731 36.
1724 3711 1746 3726 n.
1767 3706 1803 3726 13-
