2498 4075
425 130 516 172 102

353 199 507 242 quando,
531 200 561 231 δε
583 203 737 239 quatenus
759 197 808 233 vel
832 196 902 239 post
923 194 1062 229 Chalefii
1077 214 1088 233 2
1110 195 1284 235 Pitcarnii,
1306 195 1354 228 vel

355 244 490 278 aliorum
504 265 517 283 ,
540 241 560 273 si
583 241 701 280 mavis,
723 239 1023 276 demonstrationes,
1046 238 1157 273 habere
1168 241 1274 274 locum
1286 239 1355 281 pos-

352 285 414 320 sint
435 298 467 319 ea
490 295 557 328 quae
581 284 664 315 inter
687 282 871 317 Suffusionis
894 283 987 316 initia
1011 281 1150 316 solebant
1172 283 1316 318 dictitari
1341 305 1350 321 ,

357 339 391 361 ut
417 331 448 362 in
474 325 682 370 Sepulchreto
705 328 801 359 etiam
825 330 838 365 (
860 327 878 366 l<
899 331 912 367 )
935 324 1022 358 vides
1043 338 1053 356 .-
1074 327 1221 368 quamdiu
1243 325 1353 359 obver-

348 371 461 414 santur
483 370 595 404 culices
618 369 661 403 &⁰
682 372 803 409 atomi,
827 370 860 402 ια’
880 369 1052 411 contingere
1075 381 1091 401 a
1115 369 1309 412 corpusculis
1319 370 1353 402 in

354 414 488 447 humore
511 414 626 456 Aquco
648 413 852 446 natantibus:
877 422 1056 455 quanquam
1080 413 1155 446 alias
1178 415 1211 445 in
1236 411 1356 453 postre-

353 459 414 491 mis
439 456 583 494 humoris
606 456 714 489 Vitrei
737 456 858 489 cellulis
890 452 945 487 esse
968 453 1050 496 posse
1083 467 1117 488 ea
1139 455 1321 498 corpuscula
1343 478 1356 495 ‚

354 502 431 533 alias
455 503 488 533 in
514 500 642 542 Optico
665 510 785 538 nervo,
809 501 841 531 &
864 498 980 532 Retina
1004 499 1111 532 tunica
1144 510 1192 534 eas
1216 497 1355 531 laesiones

350 556 421 586 quae
447 556 504 585 pro
528 542 704 581 culicibus,
731 541 893 583 punctisve
916 543 1104 581 imponant,
1128 545 1160 576 &
1183 553 1243 584 qua
1254 543 1355 574 ratio-

350 599 388 621 ne
414 587 547 627 harum,
571 587 737 618 illorumve
761 583 797 616 sit
810 586 894 617 varia
917 582 1269 624 sedesinternoscenda,
1292 595 1357 618 non

352 631 490 664 reticui:
515 636 590 671 q'uas
614 630 696 661 inter
719 627 858 661 laesiones
891 626 912 660 si
936 628 1017 660 vitia
1052 628 1193 669 posueris
1215 627 1357 662 vasculo-

356 685 428 707 rum
450 684 520 717 quae
543 673 668 705 Retinae
692 672 865 703 intertexta
889 670 987 710 sunt,
1010 668 1063 702 hic
1087 671 1156 703 illic
1169 671 1239 712 plus
1262 683 1354 715 aequo

351 718 545 753 tumentium
563 728 573 754 3
599 715 679 747 reste
703 713 836 753 feceris,
858 712 1035 746 dummodo
1058 722 1171 755 praeter
1185 712 1289 754 hanc,
1314 714 1353 746 il-

350 761 395 794 las
419 770 543 802 quoque
566 760 644 791 alias
667 756 826 790 interdum
849 756 905 789 esse
929 754 1010 798 posse
1032 755 1156 793 causas,
1179 756 1349 799 agnoscas.

480 801 583 834 Verba
607 803 704 832 etiam
728 799 785 832 illa
807 810 878 842 quae
902 800 979 832 meis
996 800 1093 841 vaquei
1117 799 1172 832 sub
1184 800 1351 842 Crystalli-

195 828 391 889 ssfflna
406 846 523 892 'tunica
546 842 820 877 observationibus
842 840 926 884 quasi
950 854 971 874 o
997 850 1079 882 iter,
1102 853 1155 875 nec
1167 843 1279 885 plura,
1301 844 1351 877 in-

350 890 495 930 tei-jeci(
586 909 594 924 ,
632 886 728 918 velim
760 894 881 918 attente
914 887 1009 918 etiam
1033 894 1128 927 atque
1162 888 1259 919 etiam
1283 898 1351 929 per-

354 931 489 974 pendas:
514 929 628 964 credidi
646 953 658 970 ‚
695 928 789 970 hujus
812 928 950 962 humoris
965 928 1136 970 secretione
1155 929 1316 970 prohibita
1342 954 1351 968 ‚

353 973 565 1015 crffiallc'num
582 972 720 1015 fictum,
743 971 786 1004 &⁶
809 981 937 1013 opacum
955 971 1029 1015 fieri
1041 969 1113 1014 fere
1135 980 1170 1005 ut
1191 975 1224 1006 in
1246 981 1352 1006 extra-

350 1018 416 1054 1530,
443 1017 648 1058 exficcatoque
672 1014 847 1057 crystallino
859 1015 964 1047 contin
986 1016 1033 1048 it.
1059 1014 1222 1049 Videorne
1245 1015 1354 1050 tibiid

350 1059 438 1103 quod
461 1059 499 1093 fit
523 1071 537 1091 a
562 1071 636 1092 vero
656 1059 817 1098 alienum,
841 1057 945 1099 scripsi
974 1056 1013 1090 e?
1037 1057 1166 1101 &quod
1189 1059 1277 1101 possis
1288 1070 1354 1092 cre-

350 1106 448 1144 dere,
471 1103 561 1136 sicuti
582 1100 714 1145 quidam
736 1100 876 1134 referunt
900 1099 938 1133 de
959 1103 1128 1134 Cataracta
1147 1111 1272 1144 agentes
1286 1126 1295 1140 ,
1318 1103 1355 1136 de

373 1159 411 1180 ua
434 1146 516 1179 mihi
541 1157 578 1177 eo
601 1146 675 1178 loco
698 1156 736 1178 nc
761 1144 884 1178 mentio
907 1145 1035 1186 quidem
1049 1143 1164 1185 injefta
1187 1144 1251 1184 est,
1275 1145 1356 1179 fuis-

363 1202 377 1222 e
401 1189 574 1233 praesertim
599 1200 614 1220 a
638 1189 746 1221 Petito
769 1187 902 1222 Medico
915 1185 1108 1228 refutatum,
1131 1189 1250 1231 quippe
1261 1201 1353 1232 quem

346 1232 424 1268 scias
447 1231 617 1266 duodecim
650 1231 717 1273 post
741 1242 789 1263 me
812 1231 901 1263 annis
925 1230 1008 1264 istud
1031 1230 1114 1263 idem
1137 1230 1225 1273 quod
1260 1243 1319 1275 ego
1341 1257 1354 1274 ,

348 1274 487 1311 docuisse
510 1278 523 1314 (
547 1286 577 1308 m
601 1278 635 1315 )-
662 1296 684 1313 ‚‚
708 1274 940 1316 crystallinus,
963 1274 1097 1316 inquit,
1119 1273 1277 1308 siccescere
1288 1287 1352 1309 non

352 1342 379 1360 2,
402 1318 505 1362 potest
536 1316 636 1350 donec
662 1317 784 1359 liquore
817 1316 878 1350 isto
909 1320 922 1355 (
946 1321 1081 1363 aqueoq)
1116 1316 1319 1352 humectatur
1342 1332 1353 1358 ς

354 1386 378 1403 ,,
401 1362 452 1396 sed
476 1361 582 1396 statim
605 1370 702 1403 atque
727 1361 752 1393 is
777 1360 827 1392 illi
851 1359 953 1400 deest,
976 1359 1012 1392 fit
1034 1360 1155 1401 siccus,
1176 1361 1296 1402 durus,
1320 1365 1352 1396 δε

347 1430 372 1447 ,,
396 1417 534 1448 opacus.
560 1427 584 1444 „
608 1403 755 1450 Profe-&0
779 1415 833 1436 nec
858 1401 1060 1451 ipse-assequi
1083 1413 1251 1446 poteram,
1273 1417 1355 1449 quo-

352 1450 473 1489 modo,
500 1447 521 1481 si
546 1458 608 1480 non
633 1447 662 1479 se
685 1447 774 1480 simul
800 1446 961 1480 refutaslet
983 1470 995 1486 ,
1028 1449 1061 1479 in
1085 1458 1123 1479 eo
1146 1459 1195 1482 me
1219 1449 1355 1483 refutare

347 1492 500 1536 potuisset
525 1517 533 1524 .
557 1492 637 1531 Qo
660 1490 812 1524 libentius
839 1491 901 1532 legi
926 1491 1105 1532 Epistolam
1129 1492 1183 1534 (n
1206 1496 1219 1532 )
1246 1516 1255 1531 ,
1288 1504 1358 1536 quae

348 1535 385 1570 ad
408 1547 491 1569 meas
514 1535 649 1577 denique
675 1537 974 1580 pervenit-manus,
1000 1532 1140 1567 adversus
1154 1535 1359 1579 Hecquetum

347 1579 468 1614 editam
489 1604 497 1618 ,
531 1579 563 1610 in
588 1589 649 1620 qua
684 1576 718 1610 id
742 1576 846 1611 fecisse
871 1576 1061 1610 dicebatur.
1096 1578 1186 1615 Quid
1208 1581 1321 1622 quaeris
1346 1577 1359 1612 ?

375 1624 457 1656 {eam
482 1622 666 1664 opinionem
691 1621 853 1664 protulit3
877 1620 914 1654 de
938 1621 989 1654 sua
1012 1632 1082 1664 quae
1108 1621 1234 1662 prorsus
1257 1622 1359 1656 fuerat

350 1666 478 1704 cadem,
504 1664 613 1698 siluit!
637 1663 693 1698 Sed
718 1664 797 1707 quid
822 1663 948 1698 tandem
970 1663 1118 1706 objecit?
1142 1665 1268 1708 Nempe
1291 1679 1324 1700 ea
1348 1690 1360 1707 ,

353 1722 424 1753 quae
450 1709 471 1742 si
495 1708 620 1752 objesta
634 1708 727 1742 essent
753 1707 835 1750 ipsi5
860 1719 923 1741 non
938 1707 1087 1740 adversari
1112 1710 1262 1750 opinioni
1276 1710 1360 1751 suae,

351 1749 558 1797 respondisset
584 1775 596 1793 ,
630 1754 750 1796 quippe
773 1751 820 1785 ibi
856 1750 1025 1795 proposita>
1051 1751 1104 1785 ubi
1130 1751 1169 1785 de
1192 1754 1359 1788 Catu-aeta

348 1797 453 1833 sermo
490 1807 555 1830 non
588 1794 659 1828 esset
693 1821 701 1836 ,
735 1793 822 1839 quali
858 1807 938 1828 vero
971 1793 1077 1829 fuisset
1111 1796 1163 1829 ubi
1207 1797 1361 1841 proposui

347 1853 469 1877 meam.
496 1840 568 1877 Qui
592 1838 613 1871 fi
638 1839 704 1873 fuit
724 1861 732 1876 ‚
768 1850 841 1873 cum
864 1838 946 1872 hanc
979 1838 1045 1882 ejus
1069 1838 1216 1874 consensu
1249 1840 1362 1874 addito

349 1883 533 1920 confirmavi
559 1886 572 1923 (
594 1893 610 1915 o
633 1887 646 1922 >
668 1895 677 1921 5
712 1891 742 1914 at
770 1894 884 1915 novem
917 1884 1005 1916 annis
1029 1881 1068 1914 ab
1101 1883 1156 1915 illa
1180 1882 1245 1925 ejus
1276 1884 1362 1918 edita

350 1927 495 1972 Epistola
519 1926 607 1963 fuit,
631 1937 731 1969 neque
756 1936 790 1959 ut
816 1926 870 1958 ille
894 1937 971 1958 mox
995 1928 1027 1958 in
1055 1925 1162 1959 eadem
1188 1927 1331 1969 Epistola
1348 1951 1361 1968 ‚

346 1972 384 2007 de
408 1968 592 2005 Amaurosis
614 1970 708 2004 causa
732 1992 744 2008 ,
779 1970 824 2002 ita
846 1968 883 2002 de
918 1980 952 2002 ea
976 1970 1154 2003 Cataractae
1177 1968 1266 2003 causa
1289 1972 1360 2004 uni-

346 2015 431 2049 verse
455 2014 690 2057 pronunciavi3
717 2010 766 2045 sed
790 2024 865 2045 cum
890 2013 973 2045 inter
997 2013 1101 2056 plures
1124 2011 1204 2045 hanc
1228 2026 1358 2058 quoque

349 2056 668 2093 commemorassem,
694 2056 790 2098 paulo
814 2055 882 2098 post
907 2059 961 2097 (p
982 2059 996 2095 )
1019 2055 1057 2089 de
1069 2056 1219 2090 omnibus
1243 2057 1358 2090 diserte

345 2099 501 2145 professus
527 2101 618 2141 sum,
642 2112 691 2132 me
712 2097 794 2132 nihil
816 2098 991 2142 affirmare,
1008 2100 1066 2142 sed
1088 2098 1209 2141 aliquid
1232 2100 1359 2133 dumta-

349 2154 406 2180 ,ται
430 2145 598 2185 conjicere.
625 2145 704 2177 Non
729 2150 794 2173 erat
819 2151 895 2175 tunc
919 2142 1023 2182 igitur
1043 2166 1055 2182 ‚
1087 2154 1161 2175 cum
1184 2154 1251 2175 eam
1276 2145 1359 2186 Epi-

349 2190 461 2223 stolam
484 2185 613 2227 emisit,
636 2198 692 2220 cur
714 2184 893 2225 objiceret,
919 2184 947 2217 se
972 2196 1135 2227 nunquam
1171 2186 1204 2218 in
1229 2186 1361 2219 cadave-

351 2234 440 2267 ribus
464 2230 633 2264 humorem
656 2228 887 2270 Crystallinum
910 2229 1067 2262 caran-asta
1092 2228 1242 2262 affeetum
1263 2230 1360 2263 vidis-

351 2277 381 2311 se
406 2278 439 2309 in
464 2286 529 2317 quo
551 2274 604 2306 ille
630 2283 744 2316 aqueus
770 2270 881 2305 deesset
906 2273 1041 2314 liquor3
1067 2283 1140 2304 nam
1163 2276 1276 2306 vere&
1300 2285 1360 2316 ego

351 2320 389 2354 de
413 2319 569 2352 cataratfta
594 2317 738 2349 locutum
764 2326 811 2347 me
824 2314 905 2354 esse,
929 2326 1040 2358 negare
1056 2314 1249 2356 potuissem,
1273 2318 1361 2349 Hec-

352 2372 465 2407 quetus
489 2369 697 2402 autemquem
723 2360 836 2391 acriter
849 2358 1007 2399 urgebat,
1028 2356 1051 2389 fi
1066 2357 1187 2391 diutius
1210 2359 1360 2399 vixisset,

354 2404 541 2450 respondere
554 2427 565 2443 ‚
578 2414 633 2437 nec
644 2402 767 2436 vascula
782 2400 959 2442 sanguifera
971 2402 1004 2433 in
1015 2400 1083 2433 ullo
1093 2401 1291 2442 Crystallino
1303 2401 1363 2434 hu-

354 2450 443 2485 more
457 2449 498 2481 ab
512 2447 571 2479 illo
581 2445 748 2490 conspec'ta
760 2442 817 2477 esse
831 2447 896 2485 (q)
912 2466 923 2483 ,
945 2455 1015 2489 quae
1028 2454 1091 2476 non
1104 2443 1201 2476 modo
1228 2447 1365 2478 eximius

352 2493 564 2529 Anatomicus
588 2489 800 2521 Winslowius
824 2490 837 2526 (
861 2498 876 2519 r
899 2491 911 2525 )
935 2486 974 2518 sic
993 2488 1066 2520 satis
1089 2487 1128 2519 ab
1141 2487 1169 2520 se
1192 2487 1255 2520 visa
1278 2487 1366 2521 indi-

353 2537 439 2571 cavit
457 2559 468 2575 ,
492 2534 542 2567 scd
567 2542 618 2566 tot
643 2533 697 2565 alii
722 2529 861 2564 Illustres
884 2530 981 2569 Viri,
1005 2530 1043 2562 ab
1067 2530 1274 2563 Solertiffimo
1290 2533 1368 2564 Zin-

357 2582 413 2615 nio
442 2583 450 2617 (
470 2578 547 2622 s),
571 2578 625 2619 qui
653 2578 684 2609 &
708 2574 773 2616 ipse
797 2573 906 2613 vidit,
928 2572 1077 2611 laudati,
1112 2575 1333 2615 perspexerunt
1359 2588 1367 2606 :

356 2632 470 2658 contra
495 2630 600 2654 autem
623 2630 703 2661 quos
726 2617 867 2651 surculos
891 2618 1013 2650 Petitus
1035 2620 1048 2656 (
1070 2624 1084 2649 t
1105 2620 1119 2656 >
1143 2616 1205 2649 sine
1225 2619 1287 2650 ulla
1311 2617 1371 2652 du-

357 2666 516 2700 bitatione
540 2663 691 2697 docuerat
710 2685 722 2702 ‚
757 2662 794 2694 ab
819 2662 915 2693 Sexto
947 2671 1117 2693 nervorum
1144 2661 1211 2692 Pari
1237 2662 1370 2693 Ciliari-

356 2712 414 2745 bus
438 2709 541 2741 nervis
565 2705 663 2746 addi,
687 2708 718 2739 δε
741 2703 826 2737 oculi
848 2702 1000 2736 interiora
1025 2702 1148 2743 subire,
1170 2703 1256 2736 nulla
1269 2715 1370 2738 recen-

358 2756 475 2788 tz'orum
499 2750 667 2789 industria,
689 2757 725 2782 ut
747 2747 834 2781 idem
858 2745 1095 2780 Eruditiffimus
1120 2747 1255 2779 Zinnius
1279 2750 1292 2786 (
1315 2759 1334 2780 u
1356 2752 1370 2787 )

358 2797 507 2840 loquitur
522 2819 533 2836 ,
557 2791 735 2836 confirmari
756 2788 890 2833 potuisse
913 2815 920 2822 .
961 2791 1083 2823 Verum
1107 2798 1142 2823 ut
1162 2813 1175 2829 ,
1198 2791 1369 2833 Hecqueto

360 2838 496 2882 seposito
515 2861 524 2876 ‚
560 2835 597 2869 ad
620 2847 669 2868 me
691 2845 791 2868 unum
813 2832 935 2866 redeam
957 2845 967 2872 3
991 2845 1028 2865 ne
1052 2842 1122 2866 tum
1144 2832 1273 2875 quidem
1295 2845 1367 2866 curn

360 2881 467 2927 postea
500 2891 538 2914 ex
561 2880 715 2923 opinione
748 2877 803 2909 illa
829 2888 896 2909 mea
919 2876 1077 2919 quandam
1100 2877 1182 2909 inter
1216 2885 1265 2909 tot
1292 2878 1367 2910 alias

361 2925 526 2961 catara&ae
549 2921 674 2957 causam
699 2920 773 2953 elici
797 2918 902 2962 posse,
924 2919 1048 2961 conjeci
1072 2943 1084 2960 ‚
1124 2919 1161 2953 de
1185 2920 1278 2953 totali
1311 2920 1372 2953 hu-

362 2970 462 3004 moris
485 2967 574 3000 illius
598 2965 689 3008 aquei
712 2962 838 2996 defeetu
861 2986 872 3002 ‚
904 2962 953 2996 sed
977 2964 1014 2996 de
1038 2962 1104 3006 ejus
1127 2972 1254 2996 tantum
1276 2962 1373 2996 dimi-

361 3014 495 3048 mitione
518 3007 733 3052 conjefturarn
748 3006 918 3050 proposui:
943 3018 1036 3049 quam
1049 3007 1298 3040 diminutionem
1315 3005 1372 3039 esse

363 3059 397 3090 in
422 3068 458 3088 eo
483 3054 597 3088 morbo
621 3053 659 3085 ab
682 3051 709 3084 se
734 3050 856 3089 visam,
880 3061 935 3082 nec
961 3052 1084 3084 Petitus
1109 3051 1238 3093 negavit
1261 3061 1372 3090 certe,

364 3111 442 3139 nec,
466 3098 486 3131 fi
510 3094 646 3139 negasset
669 3119 681 3135 ,
713 3093 781 3139 jure
804 3104 913 3135 negare
937 3092 1087 3135 potuisset
1109 3118 1122 3134 ‚
1156 3095 1230 3138 quia
1254 3094 1302 3125 vel
1336 3095 1369 3125 in

365 3143 468 3175 oculis
502 3140 581 3174 sanis
605 3138 691 3173 haud
723 3138 843 3178 semper
875 3136 912 3168 de
945 3148 983 3169 eo
1017 3137 1149 3171 humore
1182 3137 1370 3170 tantundem

368 3186 543 3227 reperitur,
566 3185 634 3217 imo
657 3193 719 3215 non
744 3192 814 3213 raro
838 3180 1006 3229 paucusest
1029 3180 1129 3221 adeo,
1151 3190 1187 3215 ut
1210 3178 1308 3213 deesse
1322 3181 1371 3212 vi-

370 3230 508 3263 deatur:
533 3226 742 3269 quamobrem
756 3224 844 3257 sicuti
869 3224 904 3255 in
915 3223 1104 3264 quibusdam
1130 3235 1290 3267 perperam
1303 3234 1371 3255 cre-

370 3274 458 3306 deres
480 3295 493 3311 ‚
525 3280 638 3313 praeter
662 3278 807 3301 naturam
829 3264 886 3300 esse
909 3267 1123 3301 imminutum
1145 3290 1156 3307 ,
1188 3269 1232 3300 ita
1254 3278 1269 3298 e
1292 3278 1371 3300 con-

368 3316 469 3348 trario
493 3316 526 3346 in
551 3313 623 3345 aliis
648 3313 855 3345 imminutum
880 3321 943 3342 non
967 3309 1021 3342 esse
1046 3334 1058 3350 ,
1081 3311 1161 3343 male
1184 3307 1282 3353 posses
1304 3311 1371 3343 exi-

369 3359 493 3395 stimare
515 3382 523 3389 .
557 3355 649 3398 de
678 3354 691 3387 ?
724 3353 811 3398 quod
836 3354 959 3387 Petitus
981 3352 1046 3396 ipse
1080 3365 1158 3387 mox
1183 3352 1309 3387 addidit
1337 3353 1371 3387 id

964 115 1121 172 Liber
1154 115 1190 176 I.
1223 112 1307 168 De
1343 114 1548 168 Morbis
1581 115 1784 181 Capitis

1406 193 1494 237 quod
1517 196 1613 228 etiam
1636 194 1711 228 alibi
1731 200 1744 236 (
1766 197 1821 238 x)
1844 195 1937 231 fassus
1962 196 2065 231 fuerat
2086 220 2098 237 ‚
2131 208 2195 230 non
2226 195 2321 231 deesse
2344 203 2391 230 ta-

1404 248 1475 270 men
1495 239 1689 278 cataraQas,
1711 240 1743 271 in
1765 240 1880 282 quibus
1903 240 2115 282 Crystallinus
2138 238 2256 274 humor
2277 239 2320 273 ob
2343 247 2391 272 to-

1404 280 1499 327 tleem
1523 283 1615 323 aquei
1638 282 1726 316 illius
1749 282 1854 316 laticis
1876 282 2041 317 defectum
2075 282 2151 321 adeo
2173 282 2269 317 siccus
2293 281 2394 315 fatonis

1402 323 1464 363 sit,
1488 334 1522 357 ut
1545 325 1580 357 in
1603 325 1761 367 pulverem
1783 328 1908 360 conteri
1931 336 2024 369 queat
2046 351 2055 366 ,
2078 325 2170 359 sicuti
2193 327 2226 360 in
2250 325 2395 368 pluribus

1406 367 1606 401 cadaveribus
1630 366 1838 410 deprehendit
1859 383 1868 402 .·
1892 379 1927 403 ut
1949 369 1972 402 si
1996 370 2080 403 idem
2103 369 2271 412 aliquando
2304 367 2395 406 fieri,

1405 411 1441 442 in
1464 409 1661 444 Adversariis
1683 411 1887 454 scripsissem;
1909 424 1971 445 non
1996 424 2044 446 me
2069 411 2217 455 potuisset
2241 410 2397 446 refutare.

1407 453 1508 487 Vides
1531 454 1656 496 igitur,
1678 466 1745 498 quo
1767 455 1855 488 illius
1877 455 2002 489 tandem
2017 457 2122 491 redeat
2145 455 2308 498 opinionis
2319 465 2395 487 meae

1406 495 1580 530 refutatio:
1607 506 1641 529 ut
1665 497 1896 540 propemodum
1920 499 2044 532 credam
2060 523 2072 540 ,
2106 497 2141 532 id
2163 499 2264 541 magis
2298 495 2407 530 videri*
2433 508 2436 509 ⁷

1406 540 1511 581 ipsum
1536 538 1664 580 fecisse,
1686 552 1781 583 quam
1804 540 1904 573 facere
1917 542 2066 576 voluisse.
2091 543 2305 576 Veruntamen
2325 550 2402 574 cum

1406 584 1441 628 in
1465 584 1656 626 pervulgatis
1678 594 1742 616 non
1765 585 1858 618 unius
1879 585 1955 618 Viri
1978 587 2079 620 Dosti
2092 587 2225 628 Scriptis
2249 583 2283 616 id
2307 582 2401 616 fecis.

1405 628 1434 658 ie
1456 627 1604 665 dicatur,
1628 629 1661 659 ὃ(
1684 626 1765 660 illud
1788 626 1906 670 negasse
1930 651 1942 668 ,
1974 629 2061 671 quod
2084 629 2122 662 ab
2145 628 2216 671 ipso
2237 626 2326 660 vides
2349 637 2403 659 ne-

1405 670 1472 714 gari
1496 681 1558 702 non
1585 668 1721 712 potuisse
1746 693 1754 707 ,
1791 670 2039 713 respondendum
2063 672 2117 706 hic
2140 680 2306 714 propterea
2329 681 2402 703 cen-

1406 713 1474 752 sui,
1498 724 1535 745 ne
1560 711 1645 745 forte
1666 712 1804 746 crederes
1819 737 1831 753 ,
1857 715 2108 749 austoritatema
2130 726 2179 748 me
2197 714 2316 756 negligi
2329 714 2402 746 Ho-

1405 756 1521 796 minis,
1543 755 1620 789 dum
1642 757 1778 794 viveret,
1805 756 1881 790 bene
1905 757 1982 790 adeo
2003 757 2041 792 de
2064 761 2113 793 Re
2133 758 2326 791 Anatomica
2338 767 2403 789 me-

1406 799 1461 831 riti
1487 822 1500 839 ‚
1529 809 1565 833 ut
1589 800 1637 832 vel
1672 800 1793 833 mortui
1817 801 2004 834 memoriam
2036 802 2141 835 colere
2163 801 2299 834 libenter
2332 810 2401 841 per-

1404 853 1498 884 gam.
1634 842 1692 875 Sed
1716 842 1754 875 ad
1776 854 1844 876 mea
1865 842 2049 878 Adversaria
2071 854 2109 879 ut
2132 844 2255 878 redeam
2275 856 2286 882 3
2318 842 2402 876 illud

1404 885 1539 929 denique
1561 884 1600 918 ad
1624 884 1832 920 Suffusionem
1865 888 2001 921 attinens
2024 899 2087 921 non
2119 888 2286 922 omiseram
2310 889 2364 928 (y
2387 889 2403 926 )

1403 937 1439 962 ut
1462 941 1500 962 ex
1522 940 1555 961 ea
1577 929 1665 969 luce,
1688 941 1802 971 quarn,
1827 928 1925 972 presso
1947 931 2043 964 oculo
2061 954 2075 971 ,
2107 931 2251 964 videmus
2272 953 2285 970 ,
2316 928 2405 961 indi-

1404 972 1492 1005 cium
1514 972 1664 1006 deducere
1687 983 1817 1006 conarer
1841 974 1917 1006 bene
1940 973 1968 1006 se
1993 973 2137 1007 habentis
2161 975 2286 1007 Retinet
2314 974 2404 1005 tuni-

1404 1025 1470 1051 cae,
1495 1027 1565 1057 quae
1588 1017 1707 1048 notitia
1731 1018 1764 1049 in
1789 1017 1948 1054 maxima,
1974 1028 2071 1060 quam
2095 1015 2243 1055 suffusio,
2267 1025 2320 1049 aut
2346 1026 2401 1048 oc-

1405 1058 1504 1090 clusio
1527 1059 1658 1100 pupillae
1681 1059 1777 1092 faciat
1800 1083 1812 1100 ,
1845 1060 1987 1093 caecitate
2008 1084 2021 1101 ‚
2054 1069 2090 1094 ut
2113 1070 2183 1094 ante
2203 1060 2402 1093 curationem

1406 1098 1567 1133 necessaria
1593 1101 1655 1139 est,
1679 1102 1719 1135 fic
1743 1101 1870 1136 fortasse
1892 1102 2004 1146 absque
2026 1104 2087 1137 illo
2109 1105 2329 1146 experimento
2355 1100 2401 1134 sa-

1407 1145 1449 1190 tis
1473 1143 1582 1177 haberi
1606 1156 1670 1177 non
1695 1146 1812 1187 potest:
1838 1156 1899 1188 qua
1922 1145 1959 1179 de
1984 1158 2013 1179 re
2036 1147 2234 1190 summopere
2244 1142 2399 1188 optassem

1406 1186 1565 1230 judicium
1603 1189 1702 1230 legere
1727 1190 1800 1221 Viri
1827 1188 2069 1223 P1·aestantiffimi
2103 1191 2242 1233 Georgii
2264 1188 2401 1230 Augusti

1405 1230 1578 1273 Langguth
1598 1256 1606 1271 ,
1639 1242 1711 1263 cum
1734 1232 1767 1264 in
1800 1243 1833 1264 ea
1856 1231 2085 1266 Dissertatione
2118 1236 2132 1272 (
2154 1245 2179 1276 z
2198 1237 2212 1273 )
2246 1243 2343 1276 quam
2367 1232 2409 1265 de

1403 1273 1512 1306 eadem
1534 1275 1602 1308 luce
1624 1273 1829 1317 conscripsit,
1855 1286 1920 1309 mea
1944 1285 2056 1309 caetera
2080 1287 2143 1309 non
2166 1275 2266 1308 modo
2290 1275 2406 1308 huma-

1404 1316 1535 1351 nissimis
1557 1318 1660 1351 verbis
1674 1343 1684 1358 ,
1708 1317 1758 1351 sed
1781 1321 1813 1352 ἅτ
1836 1318 1898 1352 suis
1923 1318 1987 1361 ipse
2012 1320 2235 1362 experimentis
2257 1329 2409 1360 compro-

1405 1360 1526 1393 baverit
1547 1386 1555 1392 .
1580 1362 1660 1394 Haec
1684 1362 1767 1394 enim
1790 1373 1860 1405 quae
1883 1363 2009 1404 utrique
2031 1362 2174 1396 nostrum
2209 1361 2248 1395 ad
2272 1359 2409 1395 eundem

1405 1403 1538 1437 modum
1561 1404 1785 1446 responderunt
1807 1426 1816 1442 ,
1849 1405 1994 1449 illudque
2017 1406 2050 1438 in
2085 1407 2197 1449 primis
2229 1404 2316 1448 quod
2338 1415 2412 1438 cum

1405 1448 1526 1480 Amico
1549 1448 1661 1480 iterare
1687 1449 1789 1482 voluit
1804 1470 1814 1486 ‚
1841 1447 1862 1480 fi
1886 1460 1948 1481 non
1971 1451 2172 1491 generatim,
2195 1448 2247 1482 sed
2270 1448 2413 1491 peculia-

1410 1490 1488 1523 riter
1523 1489 1709 1532 explicanda
1741 1491 1940 1533 susceperis3
1972 1493 2076 1526 utrius
2110 1493 2274 1526 sententiae
2309 1493 2413 1534 magis

1409 1542 1614 1575 congruant,
1638 1544 1703 1566 non
1727 1534 1858 1568 difficile
1881 1535 2063 1576 intelliges.
2089 1537 2168 1579 Qo
2191 1543 2299 1569 tamen
2323 1536 2412 1577 pari-

1411 1586 1459 1609 ter
1482 1576 1535 1610 hic
1560 1586 1653 1620 atque
1687 1578 1720 1609 in
1743 1577 1943 1610 Adversariis
1968 1577 2104 1620 seposito
2123 1602 2135 1619 ‚
2166 1577 2189 1610 si
2212 1578 2414 1621 experimen-

1410 1630 1480 1655 tum
1505 1620 1607 1653 solum
1630 1620 1821 1660 attenderis,
1846 1619 1940 1654 facile
1964 1621 2003 1654 ab
2014 1622 2164 1655 omnibus
2188 1622 2221 1654 in
2234 1622 2262 1654 se
2286 1622 2414 1664 capien-

1411 1663 1510 1703 dum5
1535 1674 1599 1697 non
1624 1663 1765 1704 dubito,
1789 1664 1866 1706 quin
1890 1663 1985 1707 siquis
2007 1664 2069 1697 tibi
2092 1664 2248 1698 curandus
2272 1664 2312 1700 ab
2336 1674 2414 1699 ortu

1411 1719 1512 1741 caecus
1534 1715 1682 1740 occurrat
1706 1716 1761 1740 aut
1787 1707 1829 1739 ob
1851 1708 2039 1749 congenitas
2062 1706 2267 1747 suffusiones,
2292 1716 2347 1742 aut
2371 1708 2413 1741 ob

1413 1751 1609 1794 pupillarum
1632 1751 1869 1793 privationtrn3
1891 1751 1970 1784 velis
1982 1759 2073 1784 antea
2097 1762 2194 1794 ecqua
2208 1750 2274 1794 spes
2297 1749 2335 1784 sit
2357 1762 2419 1784 cu-

1413 1796 1573 1834 rationis,
1597 1796 1817 1837 experimento
1841 1803 1994 1837 prompto
2019 1793 2120 1835 adeo,
2142 1795 2341 1837 innoxioque
2359 1806 2420 1828 ex-

1413 1839 1559 1881 plorare.-
1584 1837 1640 1871 nisi
1665 1838 1748 1871 forte
1771 1837 1877 1871 credas
1893 1860 1903 1876 ‚
1927 1839 1960 1871 in
1985 1836 2140 1880 ejusmodi
2156 1838 2281 1877 oculis,
2304 1849 2419 1882 quam-

1413 1883 1460 1915 vis
1484 1881 1554 1914 sana
1578 1880 1638 1913 fint
1664 1883 1805 1924 Opticus
1828 1892 1940 1915 nervus
1960 1904 1972 1921 ,
2007 1884 2038 1914 &
2064 1882 2182 1915 Retina
2203 1902 2213 1918 ,
2246 1881 2374 1917 nullum
2402 1894 2419 1915 a

1413 1924 1560 1967 pressione
1583 1923 1702 1958 sensum
1724 1926 1804 1959 lucis
1828 1925 1987 1965 excitari,
2009 1925 2084 1967 quia
2109 1933 2236 1959 curatos
2253 1923 2340 1958 forte
2364 1937 2421 1959 au-

1411 1968 1531 2001 diveris
1554 1967 1672 2010 negasse
1692 1993 1701 2008 ‚
1737 1968 1794 2001 fibi
1819 1978 1908 2000 antea
1933 1968 2039 2001 ideam
2061 1968 2146 2001 lucis
2168 1968 2269 2001 ullam
2296 1968 2386 2004 fuisse
2409 1991 2421 2009 ,

1411 2023 1482 2044 cum
1506 2020 1612 2044 tamen
1636 2012 1691 2043 vix
1715 2009 1780 2044 sieri
1806 2010 1923 2053 possit,
1948 2021 1984 2048 ut
2009 2011 2095 2045 oculi
2120 2011 2169 2044 vel
2193 2012 2310 2044 invitis
2337 2011 2425 2055 pres-‚

1410 2054 1455 2093 si,
1479 2054 1574 2086 iftive
1598 2052 1728 2087 fuiffent
1752 2064 1930 2096 nunquam.
1956 2057 2005 2087 At
2028 2063 2170 2093 tentare,
2195 2064 2232 2087 ut
2247 2054 2337 2093 dixi,
2370 2056 2422 2087 ni-

1411 2097 1457 2131 hil
1483 2096 1635 2139 prohibet
1670 2097 1717 2128 vel
1742 2098 1784 2130 ob
1819 2096 1854 2129 id
1878 2106 1913 2131 ut
1946 2096 2024 2130 scias
2048 2108 2086 2130 an
2119 2108 2190 2130 vere
2214 2097 2300 2131 illud
2317 2123 2326 2140 ,
2360 2108 2416 2132 aut

1409 2149 1563 2183 quatenus
1587 2150 1699 2181 negare
1723 2140 1889 2182 potuerint
1912 2152 1920 2172 ι
1945 2141 1978 2172 in
2002 2142 2125 2173 caeteris
2151 2150 2257 2174 autem
2281 2143 2337 2185 qui
2361 2141 2420 2177 diu

1412 2183 1563 2227 quidem,
1586 2182 1636 2216 sed
1660 2193 1723 2215 non
1748 2183 1786 2216 ab
1809 2192 1884 2216 ortu
1907 2182 1967 2216 sint
1990 2185 2066 2216 caeci
2086 2207 2099 2224 ‚
2123 2195 2161 2216 ne
2184 2183 2275 2218 istam
2289 2185 2421 2227 quidem

1412 2228 1652 2260 dubitationem
1668 2225 1762 2264 fore,
1785 2226 1900 2264 video3
1925 2225 1977 2260 sed
1999 2228 2032 2259 in
2045 2227 2191 2270 utrisque
2215 2228 2308 2261 illam
2323 2254 2333 2268 ‚
2357 2228 2426 2262 for-

1416 2269 1489 2304 tasse
1514 2271 1642 2303 unicam
1661 2292 1674 2309 ³
1697 2272 1727 2302 ἃ·
1752 2272 1804 2302 cui
1827 2280 1934 2302 tamen
1958 2295 1966 2309 ‚
2009 2270 2051 2304 ob
2075 2272 2138 2303 rari
2161 2270 2267 2304 morbi
2291 2271 2427 2315 conjun-
2455 2281 2462 2286 “

1416 2314 1580 2353 ctionem,
1605 2323 1668 2345 non
1691 2313 1735 2344 ita
1759 2312 1852 2357 facile
1874 2312 1912 2344 fit
1937 2313 2050 2353 locus,
2079 2325 2174 2356 quam
2189 2314 2294 2357 postea
2319 2317 2354 2348 in
2377 2317 2427 2349 E-

1416 2356 1542 2399 pistolis
1562 2356 1765 2389 Anatomicis
1789 2356 1854 2397 ipse
1878 2355 2019 2388 indicavi
2053 2360 2067 2395 (
2089 2367 2107 2389 a
2129 2360 2143 2396 )
2164 2382 2171 2389 .
2306 2357 2365 2392 Sed
2387 2366 2424 2393 ut

1417 2401 1495 2433 illuc
1530 2399 1666 2442 denique
1690 2397 1771 2432 unde
1804 2400 1859 2431 hic
1894 2398 1995 2432 noster
2029 2400 2150 2441 incepit
2188 2399 2226 2432 cle
2250 2402 2422 2435 Catarafiht

1418 2443 1518 2476 sermo
1533 2467 1541 2482 ,
1565 2451 1782 2480 revertamur5
1805 2453 1877 2475 cum
1902 2441 1977 2474 alibi
2003 2442 2093 2484 poffis
2119 2452 2184 2474 non
2197 2445 2296 2477 modo
2319 2446 2431 2487 plera-

1420 2498 1480 2529 que
1504 2497 1612 2519 eorum
1636 2497 1706 2528 quae
1729 2485 1784 2518 hic
1808 2484 1932 2528 pressius
1948 2486 2269 2520 commemoravimus
2290 2509 2300 2524 ‚
2325 2488 2375 2521 sed
2390 2491 2424 2521 &

1421 2529 1578 2563 Valsalvae
1602 2532 1615 2567 (
1637 2529 1655 2562 b
1677 2532 1710 2569 ),
1738 2531 1771 2561 &
1799 2539 1881 2561 meas
1905 2531 1919 2566 (
1941 2540 1956 2560 c
1977 2532 1992 2568 )
2015 2526 2195 2562 suffufionis
2209 2530 2421 2564 Observatio-

1423 2584 1476 2606 nes
1499 2573 1679 2614 perlegere3
1703 2572 1756 2604 hic
1778 2582 1811 2604 ea
1833 2570 2001 2604 dumtaxat
2025 2570 2153 2605 habebis
2163 2584 2232 2615 quae
2257 2573 2362 2616 postea
2374 2577 2424 2608 vi-

1424 2616 1457 2648 di
1483 2615 1521 2649 ad
1545 2615 1675 2649 eundem
1701 2614 1849 2649 morbum
1872 2613 2032 2649 referenda
2052 2637 2066 2655 ‚
2095 2616 2129 2648 in
2152 2617 2224 2648 viro
2248 2619 2390 2659 primum
2417 2644 2428 2660 ‚

1424 2658 1536 2692 deinde
1561 2661 1593 2691 in
1617 2658 1750 2692 foemina
1767 2683 1774 2691 .

1470 2713 1517 2743 15.
1544 2703 1831 2741 STRUCTOR,
1856 2701 1907 2735 seu
1932 2701 2021 2735 faber
2044 2729 2054 2745 ,
2079 2712 2115 2737 ut
2137 2712 2255 2737 vocant
2277 2727 2289 2745 ,
2325 2717 2428 2739 mura-

1423 2747 1511 2784 rius,
1534 2756 1634 2778 annos
1657 2754 1749 2778 natus
1772 2745 1810 2778 ad
1832 2745 1993 2787 sexaginta
2018 2770 2031 2787 ,
2059 2746 2123 2789 jam
2147 2747 2205 2782 diu
2226 2748 2283 2780 vix
2306 2749 2448 2793 aliquid‘

1425 2788 1595 2828 cernebat,
1620 2788 1716 2831 idque
1739 2800 1754 2821 a
1778 2789 1872 2822 latere
1892 2812 1904 2829 ,
1938 2791 1968 2822 &
1992 2790 2025 2822 in
2050 2792 2199 2833 praeclara
2223 2791 2299 2824 solis
2322 2793 2391 2826 luce
2417 2817 2425 2824 .

1426 2833 1555 2866 Mortui
1579 2831 1683 2865 nescio
1706 2843 1743 2864 ex
1765 2843 1829 2874 quo
1853 2832 1965 2865 morbo
1986 2856 2000 2872 ,
2032 2832 2082 2866 sed
2105 2845 2143 2867 eo
2176 2843 2321 2877 tempore
2355 2847 2428 2871 cum

1422 2876 1606 2908 Anatomen
1628 2875 1754 2917 publice
1777 2875 1923 2908 docerem
1948 2877 2123 2910 Februario
2143 2880 2247 2910 meuse
2269 2881 2312 2912 A.
2334 2891 2425 2924 1740·

1422 2928 1518 2961 caput
1541 2920 1574 2951 in
1598 2918 1809 2961 Gymnasium
1834 2919 1965 2952 allatum
1990 2919 2054 2953 est.
2080 2922 2166 2953 Cum
2190 2924 2299 2955 omnia
2322 2923 2430 2966 frigo-

1423 2973 1454 2994 re
1488 2963 1548 2994 illo
1572 2963 1708 3004 rigerent
1742 2962 1836 3005 longe
1860 2963 2014 2996 acerrimo
2038 2986 2047 3001 ‚
2079 2962 2168 3006 cujus
2193 2965 2294 2998 adhuc
2332 2966 2427 3000 facile

1422 3006 1604 3051 memineris
1624 3029 1637 3046 ,
1672 3007 1726 3038 vix
1749 3016 1784 3038 ut
1808 3003 1979 3039 necessariae
2003 3004 2201 3040 diffeffiones
2224 3008 2330 3050 perfici
2355 3011 2428 3053 pos.

1422 3048 1511 3087 sent5
1535 3060 1601 3091 ejus
1625 3048 1723 3082 sestio
1747 3050 1862 3090 capitis
1886 3048 1984 3082 dilata
1998 3049 2038 3082 est
2063 3052 2140 3084 bene
2165 3052 2284 3084 multos
2297 3052 2364 3087 dies
2387 3055 2427 3089 ad

1423 3092 1502 3126 illud
1526 3102 1651 3134 tempus
1674 3103 1739 3135 quo
1763 3091 1820 3125 sub
1856 3091 1965 3126 mensis
1990 3092 2085 3127 finem
2119 3093 2223 3136 frigus
2247 3096 2426 3137 plurimum

1422 3134 1605 3168 remiserat.
1632 3136 1711 3168 Haec
1734 3145 1831 3177 quare
1853 3139 2170 3170 commemoraverim
2191 3160 2205 3177 ‚
2226 3149 2304 3172 mox
2327 3143 2425 3175 intel-

1423 3180 1501 3221 liges
1517 3204 1524 3211 .
1655 3179 1819 3211 CAPUT
1842 3179 1946 3221 plures
1969 3181 2001 3212 in
2024 3178 2182 3224 sincipitis
2213 3204 2221 3217 ,
2247 3186 2278 3215 ἃ
2302 3188 2428 3229 occipi.⁴

1422 3224 1464 3256 tis
1487 3232 1561 3258 cute
1582 3222 1747 3255 cicatrices
1779 3223 1919 3263 primum
1944 3221 2081 3257 ostendit
2104 3235 2115 3263 3
2150 3223 2253 3257 homo
2274 3230 2361 3261 enim
2386 3230 2424 3262 ab

1422 3266 1488 3299 alto
1512 3267 1592 3299 olim
1615 3264 1787 3298 ceciderat.
1813 3266 1871 3298 Sed
1894 3277 2072 3309 quanquam
2095 3289 2108 3306 ‚
2140 3266 2290 3303 detraffls
2315 3274 2423 3305 omni-

1422 3309 1480 3343 bus
1503 3310 1648 3342 calvariae
1671 3308 1872 3347 involucris,
1896 3309 1989 3352 hujus
2013 3310 2153 3342 exterior
2176 3309 2275 3345 facies
2299 3313 2356 3348 sub
2377 3317 2424 3348 ci-

1422 3353 1594 3386 catricibus
1617 3351 1767 3384 nonnihil
1793 3351 1939 3392 albebat3
1965 3354 2098 3385 interior
2119 3362 2250 3395 tamen,
2273 3359 2306 3390 &
2328 3359 2424 3401 quid-

2302 3403 2379 3443 quid

528 3540 588 3565 Sea.
620 3539 662 3564 cit.
695 3539 775 3564 Schol.
807 3539 836 3562 ad
867 3537 926 3563 obs.
959 3545 996 3562 ιι.
1058 3537 1261 3570 (mma-ersa.
1297 3536 1371 3560 indic.

534 3570 650 3594 Memoir.
666 3570 694 3593 de
712 3571 728 3593 l’
746 3568 819 3593 Acad.
837 3571 869 3592 R·
885 3569 924 3593 des
942 3570 979 3593 Sc.
997 3571 1023 3592 A.
1044 3576 1110 3598 ¹730·
1128 3571 1206 3593 Mem.
1223 3568 1252 3591 de
1268 3568 1290 3591 la
1308 3566 1409 3596 Capsule
1426 3567 1457 3591 du
1476 3565 1606 3590 Cristallin.

433 3541 448 3569 (
464 3540 480 3563 Ῐῑ
497 3541 511 3569 )

437 3572 447 3629 f(
464 3572 593 3628 sanpvst.
611 3604 683 3624 Anat.
703 3602 737 3623 18.
756 3608 778 3622 n.
799 3603 834 3624 16.
896 3599 905 3627 (
922 3606 938 3629 p
954 3600 967 3628 )
984 3607 1008 3622 n.
1028 3606 1062 3627 17.
1126 3599 1140 3628 (
1156 3608 1170 3629 q
1187 3599 1202 3627 )
1217 3597 1333 3622 Mernoir.
1352 3598 1394 3621 cit.

436 3617 502 3658 (sfi
520 3630 638 3663 Descript3
655 3633 723 3653 Anat.
742 3630 815 3654 Ocul.
833 3630 890 3653 hum
918 3637 937 3653 c.
958 3637 977 3659 ς.
997 3629 1020 3659 §.
1038 3638 1061 3657 4.
1140 3660 1145 3663 -

436 3662 506 3722 {gi
524 3662 602 3683 Mem.
621 3665 660 3683 cit.
679 3662 708 3682 A.
729 3668 798 3689 ¹73⁰·
862 3661 899 3690 (y
916 3660 930 3687 )
947 3658 1042 3684 Advers.
1058 3663 1082 3684 6.
1101 3659 1212 3684 Animad.
1230 3667 1270 3689 73.
1288 3660 1309 3683 δε
1326 3667 1363 3687 74.

520 3690 612 3715 Πιίῖεη.
631 3693 701 3715 Amt.
720 3697 741 3713 2.
758 3698 781 3713 ny
800 3698 836 3719 ις.
853 3692 873 3715 δι
891 3690 954 3719 seqq-

1123 3634 1130 3658 ς
1147 3637 1158 3652 t
1175 3630 1190 3658 )
1205 3631 1284 3654 Mem.
1301 3628 1330 3652 de
1346 3631 1365 3652 l’
1381 3627 1455 3652 Acad.
1474 3629 1503 3651 R.
1519 3627 1559 3651 des
1576 3629 1613 3651 Sc.
1631 3629 1661 3650 A.
1680 3634 1746 3655 1727-

1016 3690 1029 3719 (
1044 3698 1055 3714 c
1071 3691 1084 3719 >
1101 3689 1176 3720 Epist.
1194 3694 1268 3715 Anat.
1288 3690 1322 3714 18.
1339 3693 1361 3714 δε
1380 3697 1416 3720 ¹9·

1406 3535 1517 3560 Animad.
1548 3543 1586 3564 71.

1668 3568 1681 3591 (
1694 3575 1709 3590 n
1724 3565 1738 3594 )
1755 3567 1836 3591 Lettre
1854 3569 1889 3592 11.
1908 3567 1944 3592 sur
1959 3569 1993 3593 les
2010 3569 2124 3595 maladies
2139 3572 2180 3597 des
2196 3580 2260 3603 yeux
2272 3592 2278 3598 .

1456 3597 1471 3626 ζ
1486 3606 1498 3620 r
1514 3597 1527 3626 )
1543 3596 1628 3625 Expos.
1646 3598 1719 3620 Anat.
1739 3602 1768 3620 tr.
1787 3598 1815 3620 de
1832 3599 1853 3621 la
1869 3599 1939 3623 Teste
1956 3607 1980 3623 n.
1998 3608 2052 3629 3⁰¹·

1810 3630 1822 3658 ζ
1838 3638 1852 3652 ιι
1869 3633 1879 3655 >
1896 3629 1974 3653 Descr.
1990 3631 2031 3654 cit.
2055 3638 2077 3654 c.
2096 3639 2118 3658 9.
2138 3631 2152 3661 §

1427 3660 1440 3688 (
1457 3666 1475 3687 z
1489 3658 1502 3687 )
1518 3660 1553 3682 De
1569 3659 1633 3683 Luce
1650 3665 1679 3682 ex
1697 3657 1807 3687 pressione
1825 3660 1907 3684 oculi.
2155 3650 2160 3655 ’
2178 3634 2201 3657 8⁶

1969 3661 1984 3690 ζ
2000 3669 2015 3684 a
2031 3661 2043 3688 )
2060 3662 2130 3690 Epist.
2152 3671 2187 3698 ¹19·
2205 3672 2228 3687 η.
2249 3672 2269 3694 9.
