2498 4075
444 208 595 274 Epist.
631 208 791 260 Anat.
825 207 1037 260 Medica
1073 204 1339 258 XXXIV.
1376 205 1663 272 Art.35.&
1685 210 1759 272 36.

100 278 269 318 ficularuin
292 294 364 326 quae
386 286 615 328 prominentiae
649 284 766 319 faciem
799 286 949 328 tegebant
972 297 982 324 3
1013 293 1104 317 erant

102 327 189 359 enim
212 327 307 368 ipsae‚
332 330 364 360 &
387 339 522 368 mucus,
557 339 652 371 quem
683 330 896 362 continebant
919 350 927 365 ,
959 327 1100 370 ejusdem

101 370 237 402 omnino
261 372 404 417 generis,
428 375 458 405 ἃ
482 371 519 405 ad
541 372 676 405 eundem
702 372 877 406 naturalem
904 372 1036 405 modum
1071 370 1100 404 se

102 411 272 450 habentis,
295 423 389 456 Cujus
413 425 503 447 erant
525 414 610 448 infra
633 417 666 448 in
700 417 823 449 cervice
859 416 928 449 aliae
964 417 1068 457 plures
1092 437 1102 454 ,

102 456 185 489 olim
208 468 224 488 a
250 467 300 488 ine
325 458 447 496 verbis,
484 460 514 490 &
530 485 532 487 ,
549 459 672 499 ρίξῒυτε
706 458 779 492 satis
812 457 960 501 expressae
994 462 1003 497 (
1029 469 1043 487 r
1065 461 1100 498 );

102 508 168 531 non
193 498 385 540 hydatides,
409 501 516 543 quales
538 500 591 534 hic
613 512 743 546 quoque
768 512 832 535 non
855 502 985 536 deerant
1000 501 1100 534 adtu-

101 541 177 579 bas,
203 543 461 585 &propeovaria
476 569 484 583 ‚
509 544 579 576 alba
594 569 601 582 ‚
624 545 703 579 dura
716 567 725 582 ,
752 544 881 587 strigosa
898 569 905 576 .
1041 543 1100 577 Sed

103 583 275 622 vesiculas,
299 597 428 621 mucum
451 587 624 627 limpidum
647 610 654 623 ,
698 591 731 622 ὃς
776 588 810 621 in
855 588 908 622 sila
941 586 1099 621 duffilem

101 629 307 663 continentes
328 651 336 667 ,
384 639 451 663 tam
496 632 558 663 alta
604 630 675 664 sede
695 653 705 669 ,
730 642 829 674 quam
853 632 886 663 in
911 630 969 664 hac
983 631 1101 672 Virgi-

100 682 140 705 ne
157 697 166 711 ⁵
188 672 378 711 collocatas,
404 673 515 715 ibique
538 675 571 706 in
597 686 745 709 acervum
768 674 940 711 cffllestas,
963 685 1027 712 non
1052 675 1102 706 ni-

101 714 124 749 fi
150 726 223 749 raro
248 714 358 749 vidisse
382 717 536 751 memini.
563 718 646 753 Quae
670 717 691 750 fi
719 717 840 760 semper
863 718 899 750 ad
925 716 1010 751 hunc
1034 729 1105 751 mo—

101 758 180 792 dum
208 758 236 791 se
260 758 288 791 se
308 757 514 796 habuissent3
540 772 600 794 una
625 773 664 795 ex
697 762 823 803 magnis
854 759 1104 796 difficultatibus

102 802 255 837 Nabothi
279 800 444 835 sententiae
465 802 631 838 defuisset.

145 857 198 889 34.
226 845 347 877 Verum
372 845 438 878 liaec
462 847 558 879 alias.
585 848 683 881 Nunc
707 846 744 881 ad
768 846 954 880 institutum
989 846 1105 880 sermo-

103 901 175 923 nem
198 888 378 922 redeamus.
512 892 548 922 In
572 891 716 932 Virgine
742 889 800 923 hac
825 890 937 930 vides,
960 889 1106 922 intestini

104 942 227 974 partem
250 932 282 964 in
307 932 492 972 proximam
515 933 544 966 se
566 932 753 975 conjecisse:
781 933 819 966 ab
842 932 901 967 hac
925 942 1014 975 parte
1028 931 1107 967 fuis-

103 976 134 1009 se
157 975 289 1014 flatum,
314 975 371 1016 qui
393 974 568 1016 dilataret,
592 977 631 1010 ab
653 977 708 1009 illa
733 986 838 1010 autem
870 976 1106 1015 lumbricum,

100 1022 160 1061 qui
185 1017 361 1051 lacessendo
382 1018 599 1059 contrahere,
633 1018 991 1063 inflammationemque
1024 1020 1107 1053 ciere

101 1059 224 1105 posset:
249 1061 447 1107 pertinacem
472 1064 632 1096 vomitum
657 1075 720 1096 non
733 1061 863 1098 defuisse
880 1086 888 1101 ,
913 1064 1107 1105 utnequein

100 1105 264 1140 Duodeno
288 1115 351 1146 jam
377 1107 546 1138 materiam
570 1106 766 1148 liquidarum
792 1106 908 1140 faecum
938 1106 1073 1141 similem
1100 1129 1107 1138 .

101 1150 164 1183 Hae
189 1158 235 1180 res
257 1157 370 1180 ornnes
395 1147 559 1187 fecerunt,
585 1160 624 1183 ne
645 1149 814 1183 historiam
839 1148 890 1184 hic
917 1151 1110 1192 praetermit-

102 1202 226 1225 terem.
251 1190 464 1225 Graviffimus
490 1202 598 1225 autem
622 1194 704 1226 it‘lus
728 1195 868 1235 capitis,
905 1194 961 1235 qui
995 1205 1050 1236 per
1082 1191 1110 1226 se

100 1234 268 1268 concitare
293 1235 455 1268 vomitum
479 1235 557 1269 solet
573 1261 582 1277 ,
605 1237 638 1269 in
663 1238 771 1270 Tenui
796 1236 951 1270 intestino
984 1237 1108 1275 levior,

101 1281 132 1311 &
156 1288 228 1319 quae
253 1277 582 1312 novissimeinchoata
595 1280 776 1316 videretur,
801 1280 1033 1321 inflammatio,
1057 1291 1112 1312 ne-

101 1332 165 1363 que
189 1320 281 1353 aliter
305 1318 436 1355 fortasse
460 1333 557 1364 quam
592 1324 682 1356 XIX.
718 1322 860 1363 Epistola
886 1323 945 1367 (s)
970 1324 1111 1358 indicata

100 1364 163 1401 est,
187 1363 375 1401 explicanda
392 1389 400 1404 ‚
424 1365 602 1406 praesertirn
627 1378 702 1400 vero
728 1366 798 1400 laxa
824 1366 902 1400 adeo
927 1367 1110 1409 susceptio,

101 1416 137 1440 ut
159 1406 338 1445 facillime,
361 1407 518 1450 nulloque
542 1409 589 1443 sui
615 1410 726 1443 relicto
753 1410 902 1452 vestigio,
928 1412 1112 1449 evanuerit,

100 1462 139 1483 eo
164 1461 213 1483 me
236 1452 459 1492 impulerunt,
481 1461 518 1485 ut
542 1452 623 1487 hanc
660 1464 761 1491 neque
797 1465 854 1496 pro
889 1456 1110 1487 vomitionum

98 1493 190 1527 causa
217 1494 403 1529 habuerim,
429 1505 531 1537 neque
552 1498 636 1530 inter
660 1508 710 1530 eas
733 1508 962 1530 connumerem
986 1498 1023 1529 de
1035 1498 1109 1538 qui-

98 1537 158 1572 bus
182 1538 223 1585 in-
241 1536 409 1578 praesentia
436 1540 531 1571 verba
554 1538 640 1573 facio
656 1564 664 1574 .
689 1540 807 1583 Neque
830 1542 915 1573 enim
938 1541 990 1573 hic
1003 1540 1109 1582 spec-’to

97 1592 178 1624 quas
202 1581 299 1614 ‘bacile
324 1582 541 1618 evolvendas,
564 1594 668 1624 neque
692 1584 737 1617 ita
762 1586 859 1623 raro,
893 1585 1076 1616 invenimus
1102 1608 1109 1622 ,

98 1625 207 1667 quales
231 1621 324 1669 fuisse
349 1633 430 1667 puto
455 1633 516 1658 tres
539 1625 609 1659 illas
631 1637 709 1668 quas
734 1625 796 1660 sine
819 1626 1045 1661 ullisVolvuli
1072 1625 1108 1659 fi-

97 1669 171 1710 gnis
194 1668 226 1698 in
247 1667 367 1709 Jejuno
392 1668 502 1707 puellae
527 1669 680 1703 intestino
704 1671 787 1704 vidit
812 1669 1019 1704 Abrahamus
1042 1669 1108 1703 Va-

98 1720 185 1744 terus
207 1711 291 1749 (z),
312 1709 482 1756 qualesque
508 1709 635 1745 fortasse
658 1721 771 1749 erant,
795 1713 927 1755 quando
951 1713 1038 1747 nulla
1069 1712 1108 1747 de

98 1755 138 1786 iis
162 1752 258 1793 signis
283 1752 407 1786 mentio
431 1754 604 1794 injicitur,
629 1755 799 1798 propositae
821 1757 854 1789 in
880 1758 994 1790 eodem
1007 1758 1108 1790 trium

97 1795 288 1832 cadaverum
334 1796 487 1830 intestino
529 1809 568 1831 ex
610 1798 836 1832 observatione
859 1800 901 1833 Cl
926 1800 1108 1834 Hornmelii

70 1852 77 1858 ·
97 1842 112 1880 (
132 1837 210 1881 u),
231 1840 262 1872 &
286 1850 324 1872 ne
346 1839 479 1882 longior
503 1839 559 1874 sim
578 1863 588 1879 ‚
617 1842 726 1883 quales
770 1852 861 1876 erant
906 1853 992 1877 certe
1037 1854 1109 1885 quae

98 1883 227 1926 plures,
252 1885 280 1914 &
306 1884 393 1917 varia
418 1886 450 1915 in
476 1883 544 1916 sede
568 1908 578 1923 ‚
613 1893 650 1917 ut
674 1886 780 1926 aliqua
804 1887 904 1920 etiam
928 1898 968 1920 ex
993 1886 1108 1920 infimo

96 1926 184 1959 Colo
205 1927 239 1958 in
264 1924 391 1959 summo
414 1923 492 1960 esset
513 1927 619 1967 Resto
642 1928 796 1962 intestino
819 1952 829 1969 ‚
855 1941 871 1963 a
895 1930 968 1964 Cel.
992 1929 1108 1963 Halle-

99 1980 160 2008 ro,
183 1978 247 2001 non
272 1970 306 2002 in
329 1970 442 2002 Strena
469 1970 684 2010 Anatomica‚
706 1981 747 2004 ex
768 1982 829 2014 qua
874 1983 970 2006 unam
1014 1974 1107 2014 supra

97 2015 112 2053 (
134 2022 156 2046 x
177 2015 192 2050 J
214 2011 364 2049 laudavi,
389 2011 441 2044 sed
467 2012 499 2044 in
524 2013 696 2054 Opusculis
713 2016 916 2048 Anatomicis
940 2016 992 2059 (y
1017 2020 1027 2055 )
1051 2016 1107 2048 de-

98 2056 225 2096 scriptae
273 2054 346 2089 sunt
368 2078 377 2086 .
413 2054 506 2097 Quin
531 2056 629 2089 etiam
654 2057 817 2091 nonnullae
840 2069 1017 2094 occurrunt
1041 2069 1107 2091 non

98 2109 188 2141 aeque
211 2096 315 2131 facilis
338 2097 557 2137 evolutionis,
582 2108 618 2132 ut
643 2112 715 2144 quae
739 2101 886 2147 aCLJo.
901 2102 988 2136 Phil.
1003 2102 1108 2143 Burg-

98 2141 214 2184 gravio
236 2140 254 2184 (
277 2139 337 2183 z)
354 2140 439 2183 satis
464 2142 549 2187 aiffa
574 2153 700 2184 reperta
721 2144 764 2178 est
790 2169 798 2183 ,
839 2145 930 2178 nullo
966 2154 1071 2177 tamen
1096 2165 1105 2180 ,

97 2184 187 2229 quod
212 2193 389 2220 memoret,
411 2186 589 2225 conjunfio
612 2185 702 2228 signo
727 2188 835 2220 Iliacae
860 2187 1008 2228 paffionis
1027 2209 1041 2226 ‚
1066 2197 1105 2219 an

98 2226 188 2272 quod
211 2226 297 2259 nulla
321 2224 486 2260 accesserat
509 2226 758 2262 inflammatio?
779 2229 1041 2272 quanquamhaec
1052 2241 1106 2263 ne-

100 2282 165 2313 que
188 2270 225 2303 ad
251 2269 386 2303 alteram
409 2268 573 2303 accesserat
599 2270 638 2304 ab
660 2271 773 2305 eodem
796 2271 859 2315 (a)
883 2274 1105 2315 comestam,

102 2316 134 2348 δε
158 2311 283 2347 fuerant
306 2320 415 2346 tamen
439 2313 550 2348 saltem
572 2314 718 2356 quaedam
741 2316 905 2354 tormina,
938 2319 969 2348 &
1000 2319 1106 2349 vomi-

101 2366 155 2390 tus
179 2355 415 2404 remediorum,
440 2367 478 2390 an
501 2359 589 2400 quod
613 2357 716 2400 duplo
740 2358 836 2393 altius
858 2359 892 2392 in
916 2358 976 2394 hac
1009 2360 1106 2393 altera

100 2399 133 2434 se
158 2398 188 2433 se
208 2396 388 2433 immiserat
411 2399 624 2434 intestinum?
646 2401 704 2435 Sed
742 2412 844 2444 neque
880 2402 1107 2436 Hortmannus

104 2449 114 2482 (
138 2440 192 2484 b>
217 2452 328 2484 parum
353 2443 414 2476 alte
438 2443 619 2481 intrusum,
645 2444 744 2486 idque
768 2446 874 2478 tribus
897 2445 999 2485 locis,
1023 2448 1107 2480 inte-

100 2486 220 2520 stinum
243 2485 478 2527 deprehendit,
500 2497 602 2529 neque
625 2498 663 2520 ex
687 2489 726 2521 iis
749 2488 900 2521 omnibus
933 2500 1023 2532 aeque
1057 2490 1107 2524 fi-

100 2529 161 2563 cile
184 2527 380 2562 educendum
394 2550 403 2566 ,
429 2529 509 2570 quin
532 2530 580 2562 ibi
603 2531 741 2566 exterius
766 2538 818 2564 tur
839 2531 959 2565 idulum
982 2531 1106 2574 &san-

98 2571 314 2615 guinolentum
332 2593 340 2608 ‚
364 2572 499 2605 tumoris
521 2573 619 2606 etiam
643 2573 675 2606 in
700 2580 787 2607 extra
822 2585 840 2607 a
864 2577 1017 2617 portione
1039 2587 1107 2609 ma-

101 2622 190 2649 nente
213 2612 339 2657 vestigio
361 2613 536 2654 luculento,
561 2627 617 2649 nec
641 2614 817 2652 lumbricus
839 2615 946 2651 deerat
970 2620 1107 2661 praelon-

101 2669 160 2701 gus
182 2658 217 2689 in
240 2656 351 2691 iisdem
375 2658 543 2692 Tenuibus
566 2659 742 2692 intestinis:
767 2659 855 2694 nulla
877 2669 984 2696 tamen
1018 2663 1102 2697 Vol-

104 2700 173 2735 vuli
197 2710 353 2734 memorat
377 2701 524 2741 indicia,·
547 2704 616 2735 imo
639 2702 747 2736 alvum
764 2703 858 2745 suum
890 2704 1022 2749 officium
1049 2702 1102 2748 fe-

104 2742 173 2788 ciffe
187 2766 197 2780 ,
220 2742 375 2783 adnotat,
398 2743 548 2778 nimirum
570 2746 646 2787 quia
670 2755 728 2778 non
748 2746 873 2789 prorsus
886 2758 1005 2781 omnem
1014 2750 1101 2782 viam

106 2786 319 2829 susceptiones
342 2786 570 2827 obstruxerant.
597 2787 712 2822 Multo
733 2800 863 2833 quoque
897 2791 1077 2832 longiorem
1091 2813 1102 2830 ,

106 2831 228 2871 quippe
251 2829 335 2863 ultra
361 2830 470 2871 pedem
483 2831 1105 2876 geometricum‚⁴Jejuniintestinipor-

107 2874 232 2910 tionem
254 2872 288 2904 in
313 2874 496 2915 proximam
520 2874 565 2908 sui
590 2882 713 2917 partem
736 2876 767 2906 &
790 2875 936 2919 illapsam
951 2881 1003 2914 ,δι
1027 2876 1108 2911 mul-

109 2924 179 2949 tum
201 2915 249 2949 ibi
273 2915 482 2956 coarctatam,
508 2918 549 2951 Θ
572 2913 789 2960 compressam,
814 2920 843 2951 &
875 2920 974 2953 livido
1008 2919 1108 2953 colore

109 2965 225 2992 tetram
245 2958 373 2991 invenit
392 2959 447 3002 J0.
472 2961 565 2995 Guil.
593 2960 807 2994 Widmannus
830 2964 843 3001 (
866 2975 882 2995 c
905 2966 917 3001 )
941 2963 1011 3006 post
1044 2963 1107 2996 do-

110 3001 193 3033 lores
215 3001 346 3045 quidem
370 3002 603 3042 acerbiffimos,
625 3005 656 3036 ὅ(
702 3007 845 3038 vomitus
893 3005 959 3040 fere
1002 3008 1108 3039 conti-

110 3055 211 3083 nuos,
236 3055 295 3090 nec
317 3054 423 3090 tamen
447 3044 577 3081 faecibus
601 3047 776 3085 similium,
800 3059 901 3092 neque
925 3061 1000 3083 cum
1023 3049 1107 3087 alvi,

111 3086 200 3136 quod
226 3098 291 3130 ajat
307 3111 316 3126 ‚
343 3089 548 3130 suppressione
571 3114 580 3129 ‚
616 3101 730 3132 nempe
753 3092 828 3134 quia
852 3093 960 3136 illapsa
984 3105 1017 3127 ea
1031 3104 1107 3135 por-

110 3139 160 3163 tio
175 3152 184 3168 ‚
205 3132 353 3174 quamvis
378 3132 528 3172 anguste,
550 3134 721 3168 etiamtum
739 3135 850 3176 pervia
874 3145 997 3176 reperta
1027 3137 1073 3169 est
1096 3161 1104 3169 .

113 3172 232 3216 Itaque
257 3175 363 3208 multo
386 3178 486 3216 magis
515 3178 638 3217 pervias
660 3177 751 3210 binas
775 3177 846 3211 illas
871 3178 1106 3222 susceptiones,

115 3227 181 3250 non
207 3217 303 3251 modo
327 3218 510 3257 breviores,
533 3220 703 3263 minusque
726 3221 916 3263 compressas
937 3245 945 3260 ‚
980 3222 1074 3257 fuisse
1096 3246 1108 3263 ‚

115 3259 307 3294 crediderim
330 3282 339 3298 ,
372 3271 450 3303 quas
478 3262 512 3294 in
546 3263 614 3296 lleo
645 3263 797 3298 intestino
825 3276 899 3298 cum
933 3268 1108 3308 incipiente

113 3312 285 3345 gangraena
307 3304 443 3338 offendit
468 3303 532 3336 Vir
554 3307 606 3339 Cl.
630 3307 681 3349 Jo.
707 3308 794 3341 Rod.
821 3310 998 3351 Zningerus
1022 3311 1112 3353 (ci),

117 3347 264 3396 alioquin
287 3358 380 3381 notas
404 3347 544 3390 aliquas,
567 3348 589 3382 si
614 3350 849 3393 praeceffissent‚
873 3353 978 3386 Iliacae
1001 3352 1114 3397 paffio-

117 3400 167 3423 nis
191 3402 254 3423 non
279 3391 469 3425 omissurus:
491 3399 602 3428 contra
625 3402 730 3428 autern
754 3396 860 3428 minus
882 3398 1003 3438 pervias
1034 3400 1114 3430 toti-

119 3431 192 3467 dem
218 3432 312 3467 fuisse
333 3446 410 3477 quas
433 3434 554 3468 ibidem
578 3439 696 3479 reperit
719 3438 915 3473 Valentinus
936 3443 950 3478 (
973 3440 1044 3483 e),
1066 3453 1117 3475 ea—

231 3628 245 3657 )
260 3628 357 3654 Advers.
376 3631 449 3665 Anat.
470 3637 488 3655 i.
508 3637 533 3655 n.
550 3638 588 3661 3².
607 3633 629 3657 δι
650 3633 713 3656 Tab.
729 3639 753 3664 3·
813 3636 828 3665 (
841 3636 924 3666 s)n.
941 3636 980 3660 18.

238 3659 251 3686 2
268 3662 403 3686 commerc.
422 3663 510 3686 latter.
526 3663 557 3686 A.
578 3669 643 3692 ¹743-
661 3663 739 3689 Hebd.
755 3671 796 3692 4²-
812 3666 837 3690 in
853 3666 895 3691 fin.
958 3667 972 3695 ζ
987 3675 1002 3691 x
1020 3667 1028 3696 l
1043 3675 1068 3691 n.
1090 3675 1124 3696 3²·

237 3689 251 3719 )
268 3691 375 3715 Eorund.
390 3693 423 3717 T.
440 3700 460 3722 ς.
476 3691 538 3716 obs.
555 3694 592 3716 80.
653 3692 661 3721 s
680 3692 694 3716 b

237 3720 253 3779 ξ
268 3722 371 3745 Earund.
389 3724 457 3747 Cent.
474 3730 497 3751 7.
515 3723 574 3747 ΟΜ.
591 3727 629 3753 83.
690 3724 698 3748 (
718 3732 729 3748 e
745 3725 758 3753 )
775 3727 878 3752 Eat-und.
895 3728 967 3751 Cent.

267 3753 401 3777 Commerc.
420 3753 506 3777 Litter.
524 3755 553 3777 A.
571 3761 634 3783 1745.
652 3755 728 3779 Hebd.
746 3762 783 3783 ²4-
802 3765 827 3780 n.
847 3766 869 3783 ι.
885 3758 914 3781 ad
932 3758 966 3781 11.
984 3736 1006 3758 δ’
1028 3727 1084 3752 Obs'
1103 3734 1126 3752 ι’

207 3819 229 3834 m
245 3813 259 3840 )
274 3820 294 3836 c.
311 3822 332 3843 4.
348 3815 419 3843 paulo
444 3821 498 3838 ante
515 3814 550 3839 cit
571 3831 577 3838 .
600 3814 623 3844 §.
643 3822 678 3847 ¹3-

709 3696 719 3726 )
735 3695 799 3723 Eph.
816 3699 852 3722 N.
870 3699 899 3723 C.
916 3697 973 3721 Dec.
992 3706 1012 3728 3.
1030 3699 1063 3721 A.
1081 3705 1101 3727 5.
1119 3696 1142 3720 ἃ

2022 219 2077 267 55

1153 284 1226 317 dem
1248 294 1318 324 quse
1343 283 1558 318 Widmannus
1575 309 1584 323 ‚
1606 282 1693 325 figna
1718 283 1875 324 referens,
1897 294 1953 317 nec
1976 283 2150 317 dubitans,

1152 327 1232 375 quin
1256 325 1426 361 stercoreus
1449 330 1615 365 vomitus,
1640 325 1661 358 si
1685 325 1806 367 diutius
1829 326 1957 360 vixisset
1982 325 2114 368 „puellus
2140 340 2153 357 2

1153 367 1323 403 accessurus
1348 370 1475 408 fnisset:
1498 381 1591 413 quem
1618 369 1812 403 acceffissein
1826 370 1948 408 altero,
1972 369 2154 409 intelliges,

1150 411 1311 453 descripto
1335 412 1374 446 ali
1398 413 1599 448 Hoffnianno
1621 410 1700 457 (f),
1726 412 1925 455 susceptione
1947 424 2020 456 quae
2042 412 2075 443 in
2095 421 2151 442 eo-

1150 457 1223 490 dem
1244 456 1395 490 intestino
1418 466 1507 495 erat,
1533 457 1623 490 simul
1649 454 1804 495 flatibus,
1831 453 2152 498 superioraintestina

1151 498 1424 537 distendentibus,
1449 500 1539 534 simul
1565 498 1699 542 putrido
1722 498 1852 533 humori
1877 502 1962 532 viam
1994 496 2152 532 interclu-

1150 543 1264 580 dente,
1288 544 1345 585 qui
1370 542 1481 576 eodem
1506 555 1539 576 ac
1564 554 1617 585 per
1641 543 1781 575 vomitus
1793 541 1997 582 ejiciebatur,
2021 541 2152 576 colore,

1150 588 1183 619 in
1209 586 1391 620 ventriculo
1414 586 1601 628 cons‘perftus
1624 586 1666 618 est
1682 608 1690 617 .
1715 586 1768 618 Ad
1792 584 2154 624 has,Observationem

1152 628 1326 670 praesertim
1353 627 1445 662 addes
1458 630 1511 663 Cl.
1528 628 1650 662 Weiffii
1672 631 1762 671 (g),
1785 628 1843 670 qui
1865 629 1898 660 in
1923 638 2049 661 mortua
2083 623 2154 667 post

1155 683 1279 707 atroces
1303 673 1419 705 ventris
1440 672 1587 712 dolores,
1611 682 1684 705 cum
1708 671 1868 712 pertinaci
1891 670 1955 704 alvi
1968 669 2159 704 obstruffio-

1155 725 1224 752 nei
1241 717 1271 749 ὃ(
1296 716 1423 749 tandem
1435 726 1509 749 cum
1522 715 1670 748 Volvulo
1681 714 1894 757 conjun'zftos,
1918 715 2042 747 invenit
2055 713 2156 745 lleum

1160 768 1341 793 extremum
1364 760 1398 792 in
1421 759 1528 792 Colon
1552 757 1700 800 illapsum
1718 779 1726 792 ,
1760 768 1835 790 cum
1869 755 2025 799 hujusque
2057 765 2159 802 mem-

1161 804 1268 836 branis
1290 812 1505 842 concretum,
1530 814 1564 836 ac
1588 802 1793 835 contrac‘turn
1819 800 1896 833 adeo
1919 810 1954 834 ut
1987 798 2159 832 transitum

1160 846 1341 879 occ-luderet
1365 845 1529 887 liquamini
1542 842 1655 887 foetido
1678 843 1720 876 Θ*
1737 842 1980 891 semmei-coreo,
2004 843 2160 891 quointe-

1157 889 1234 923 stina
1260 890 1389 922 Tenuia
1413 888 1490 921 mire
1514 887 1664 927 distenta,
1688 890 1718 919 δε
1742 884 1944 919 inflammata
1982 884 2160 928 conspicie-

1158 933 1295 966 bantur.
1321 933 1395 965 Nec
1418 931 1556 973 denique
1580 930 1760 963 omittenda
1784 930 1846 967 est,
1872 930 2019 972 quamvis
2043 930 2075 961 in
2107 938 2161 962 ca-

1158 988 1195 1010 ne
1217 975 1349 1015 habita,
1374 974 1574 1008 Observatio
1596 986 1692 1016 quam
1717 974 1768 1007 Cl.
1800 972 2074 1008 Wahrendorffius
2097 969 2162 1010 (h)

1158 1018 1347 1062 proposuit,
1373 1020 1468 1050 Cum
1484 1017 1608 1056 aliquot
1631 1016 1696 1059 jam
1723 1015 1936 1050 hebdomadas
1960 1014 2163 1059 nihilomni-

1159 1074 1201 1096 no
1224 1058 1406 1102 dejecilset.
1430 1059 1479 1093 sed
1502 1059 1657 1100 assumpta
1681 1061 1857 1102 quaelibet,
1884 1059 2086 1092 veliementer
2098 1067 2166 1099 eJuq

1161 1107 1247 1143 lans,
1273 1103 1465 1142 vomuisset,
1489 1102 1618 1135 tandem
1646 1112 1813 1142 mortuus,
1837 1103 1958 1135 nullam
1993 1101 2164 1136 intestino·-

1161 1159 1234 1183 rum
1259 1145 1575 1180 inflammationem,
1599 1146 1792 1186 nullumque
1816 1146 1848 1177 in
1862 1143 1910 1178 his
1921 1146 2047 1178 obicem
2061 1144 2164 1177 osten-

1161 1192 1211 1225 dit
1226 1214 1235 1228 ‚
1260 1189 1316 1225 nisi
1341 1190 1427 1233 quod
1450 1190 1532 1222 circa
1555 1187 1692 1226 intestini
1716 1188 1804 1223 Retia·
1819 1188 2012 1229 principium
2036 1194 2164 1220 mutuus

1161 1234 1307 1277 ingreffus
1331 1235 1369 1266 ad
1392 1231 1614 1274 longitudinem
1636 1231 1767 1263 duarum
1792 1232 1953 1264 unciarum
1976 1228 2166 1277 apparebat,

1161 1278 1245 1311 omni
1268 1284 1371 1311 meatu
1395 1275 1466 1309 hinc
1489 1275 1561 1307 adeo
1584 1273 1668 1308 ανὲἳε
1691 1273 1816 1315 clauso,
1841 1281 1878 1306 uc
1899 1278 1936 1307 ne
1958 1272 2070 1315 flatum
2096 1282 2166 1314 qui.

1160 1323 1228 1355 dem
1250 1319 1478 1362 transmitteret
1494 1342 1501 1350 .
1527 1318 1578 1350 Ex
1600 1316 1649 1350 his
1672 1318 1823 1350 omnibus
1848 1315 2167 1353 Observationibus,

1161 1375 1240 1406 quas
1262 1374 1323 1405 ego
1339 1384 1347 1400 ‚
1372 1360 1452 1396 sicut
1477 1361 1587 1400 soleo,
1612 1370 1647 1395 ut
1681 1359 1811 1394 haberes
1845 1371 1923 1402 quas
1957 1358 2167 1402 Sepulchreto

1163 1407 1314 1447 adderes,
1337 1407 1589 1439 commemoravi
1606 1429 1614 1443 ,
1637 1403 1734 1437 facile
1749 1404 1928 1444 intelligis,
1952 1405 2023 1446 plus
2036 1403 2073 1437 ad
2085 1402 2168 1435 Vol-

1164 1451 1274 1483 vulum
1299 1449 1516 1483 inducendum
1543 1450 1602 1481 viae
1627 1447 1869 1487 occlusi-anem,
1893 1455 1948 1480 aut
1980 1457 2130 1489 magnam
2154 1467 2168 1485 ,

1162 1494 1416 1536 perstantemque
1438 1492 1691 1526 coarctationem
1705 1512 1713 1526 ‚
1737 1502 1834 1534 quam
1847 1489 2144 1523 inflammationem
2158 1513 2169 1529 ‚

1163 1538 1289 1575 valere5
1314 1539 1425 1579 itaque
1448 1533 1738 1576 intzasusccpcionem
1756 1558 1764 1571 ‚
1789 1544 1859 1575 quae
1893 1533 1986 1566 illam
2020 1544 2087 1568 non
2120 1531 2168 1565 fa-

1160 1582 1249 1620 ciat,
1273 1581 1374 1622 qualis
1398 1577 1479 1611 solet
1502 1576 1562 1610 else
1585 1577 1684 1615 levis,
1707 1575 1903 1610 &facillime
1916 1576 2066 1609 solvenda
2081 1598 2090 1613 ‚
2114 1575 2169 1609 hic

1160 1635 1175 1656 a
1201 1625 1295 1657 nobis
1319 1621 1442 1656 attendi
1466 1631 1530 1653 non
1555 1628 1727 1660 oportere.
1753 1619 1854 1663 Qid
1879 1619 1917 1652 ad
1939 1631 2035 1662 genus
2059 1629 2108 1652 eas
2120 1630 2171 1653 re*

1161 1665 1229 1700 fero
1254 1677 1332 1708 quas
1357 1663 1438 1699 mihi
1462 1662 1616 1697 haetenus
1641 1663 1748 1696 videre
1783 1664 1928 1704 contigit
1950 1687 1959 1703 ‚
1997 1674 2037 1696 ex
2068 1674 2104 1696 eo
2132 1674 2169 1697 ue

1161 1721 1293 1751 genere,
1320 1709 1406 1742 ultro
1429 1705 1560 1745 fateor,
1584 1706 1671 1747 quod
1699 1707 1759 1740 Rei
1784 1707 1990 1740 Anatomicae
2020 1709 2051 1738 δι
2085 1707 2114 1738 C
2141 1706 2169 1738 i-

1161 1765 1296 1796 rurgicae
1312 1754 1440 1785 Αικῗὶοι·
1464 1748 1571 1783 nostro
1595 1748 1708 1782 saeculo
1731 1750 1815 1783 haud
1839 1750 1996 1791 ignobilis
2009 1749 2171 1790 ponebat,

1160 1807 1327 1831 occurrere
1351 1798 1383 1828 in
1408 1793 1517 1827 multis
1540 1792 1604 1837 sine
1630 1793 1697 1825 ullo
1719 1793 1854 1832 dolore,
1887 1794 2026 1827 naturali
2063 1801 2169 1826 morte

1161 1841 1312 1874 sublatis.
1336 1837 1394 1872 Sed
1418 1837 1494 1870 dum
1520 1835 1705 1876 hujusmodi
1729 1835 2026 1870 observationibus
2038 1844 2168 1871 tantum

1161 1884 1303 1919 tribuit,
1326 1892 1362 1916 ut
1387 1880 1649 1915 commentitiam
1681 1881 1818 1913 omnino
1847 1878 1992 1914 crederet
2026 1879 2167 1913 aliorum

1160 1926 1340 1961 dofirinam
1364 1928 1420 1967 qui
1446 1926 1530 1956 inter
1555 1921 1661 1955 causas
1686 1922 1825 1957 Volvuli
1851 1923 2086 1967 susceptionem
2118 1923 2169 1956 in-

1158 1970 1350 2004 testinorum
1375 1975 1590 2011 proponunt,·
1613 1977 1687 1999 cum
1710 1966 1783 2008 ipso
1806 1966 1909 2000 facere
1932 1978 1997 2001 non
2012 1965 2137 2008 possum
2155 1990 2168 2007 ,

1159 2015 1192 2047 ni
1218 2023 1269 2047 tot
1290 2013 1465 2046 contrariis
1489 2010 1626 2043 aliorum
1640 2009 1954 2047 Observationibus,
1980 2019 2076 2054 atque
2089 2011 2167 2044 adeo
2207 2052 2215 2055 χ

1159 2057 1283 2090 rationi
1309 2055 1364 2098 ipsi
1389 2055 1489 2088 velim
1513 2054 1694 2087 adversari.
1721 2054 1770 2086 Ut
1795 2055 1881 2087 enim
1906 2054 2069 2096 agnosco,
2104 2055 2167 2087 ini-

1159 2102 1245 2133 nime
1270 2097 1388 2132 necesse
1412 2096 1468 2131 esse
1486 2122 1494 2137 ,
1518 2097 1676 2140 gravioris
1700 2098 1776 2131 mali
1800 2098 1980 2141 quidquam
2003 2099 2083 2131 oriri
2109 2099 2166 2132 ubi

1159 2142 1263 2176 laxior
1287 2142 1445 2186 susceptio
1470 2140 1507 2174 fit
1523 2165 1533 2181 ‚
1557 2144 1587 2174 &
1612 2151 1684 2184 quae
1708 2143 1794 2175 viam
1816 2152 1881 2175 non
1896 2141 1986 2176 valde
1998 2142 2165 2179 coarstets

1160 2187 1208 2219 ita
1231 2185 1253 2219 fi
1279 2187 1348 2219 laxa
1372 2197 1438 2219 non
1463 2183 1520 2223 sit,
1547 2186 1697 2227 viamque
1719 2184 1843 2218 diutius
1858 2184 2029 2222 occludat,
2054 2186 2166 2220 autfe-

1161 2239 1194 2262 re
1218 2229 1393 2267 occludat3
1417 2228 1492 2262 hinc
1515 2239 1592 2261 vero
1613 2227 1796 2262 Volvulum
1822 2227 1912 2268 fieri,
1937 2238 1991 2262 aut
2014 2228 2165 2270 dolores,

1158 2270 1452 2312 inflammationes,
1463 2273 1563 2305 aliave
1576 2272 1700 2314 generis
1713 2270 1807 2313 hujus
1820 2296 1828 2309 ‚
1851 2272 2013 2305 contendo
2023 2295 2033 2310 ‚
2050 2284 2165 2315 quem-

1158 2316 1334 2350 admodum
1358 2319 1391 2349 in
1414 2314 1558 2350 historiis
1582 2314 1669 2348 vides
1701 2326 1772 2357 quae
1797 2318 1829 2348 in
1853 2317 1999 2349 Seffione
2025 2317 2082 2349 hac
2107 2319 2164 2350 Se-

1159 2359 1321 2401 pulchreti
1346 2358 1403 2392 sub
1427 2370 1515 2394 num.
1542 2359 1614 2392 XX.
1639 2359 1672 2391 in
1698 2358 1853 2400 aliisque,
1877 2361 2115 2394 &nominatim
2128 2362 2162 2394 in

1160 2402 1381 2445 Ruyscliianis
1404 2403 1490 2442 (i),
1513 2404 1543 2434 &
1565 2399 1757 2445 quibusdam
1782 2413 1932 2444 praeterea
1944 2403 2072 2437 illarum
2089 2415 2163 2447 quae

1159 2444 1236 2484 hic,
1262 2456 1317 2479 aut
1341 2445 1431 2487 supra
1456 2448 1469 2484 <
1490 2445 1508 2484 l<
1529 2448 1543 2484 >
1565 2445 1715 2478 indicatae
1740 2444 1834 2478 sunt.

1203 2499 1256 2531 35.
1282 2490 1449 2522 Caeterum
1473 2499 1537 2520 non
1562 2499 1577 2520 a
1601 2487 1799 2529 susceptione
1821 2498 1968 2528 tantum,
2003 2499 2057 2525 aut
2088 2491 2163 2527 her-

1157 2533 1231 2570 nia,
1257 2535 1310 2564 aut
1334 2529 1596 2565 inflammatione
1619 2531 1845 2564 intestinorum
1866 2554 1875 2569 ‚
1897 2545 2008 2567 verum
2033 2536 2159 2571 etiama

1158 2573 1259 2608 causis
1283 2575 1376 2612 aliis,
1402 2575 1469 2608 haec
1495 2584 1548 2607 ant
1570 2574 1837 2613 occludentibus‚
1860 2576 2160 2614 autstimulantjbus

1161 2617 1343 2652 Volvulum
1367 2618 1457 2656 fieri,
1481 2626 1552 2650 tum
1577 2617 1718 2651 aliorum
1742 2618 2056 2662 Observationibus‚
2087 2632 2158 2657 tum

1153 2662 1268 2695 nostris
1290 2673 1440 2705 quoque,
1466 2672 1576 2695 tecum
1601 2661 1676 2694 alias
1711 2663 1988 2706 communicandis
2011 2689 2020 2704 ‚
2054 2669 2160 2700 mani-

1153 2704 1268 2739 festum
1290 2705 1353 2739 est:
1377 2707 1408 2738 δι
1433 2706 1473 2738 ab
1496 2704 1741 2738 occludentibus
1764 2706 1897 2747 quidem
1921 2707 2020 2741 caufis
2053 2710 2173 2744 neces-=

1153 2747 1258 2786 sario,
1283 2747 1382 2782 modo
1405 2760 1478 2783 cum
1503 2747 1552 2781 his
1575 2748 1671 2790 paulo
1692 2748 1815 2781 diutius
1831 2751 1897 2783 vita
1910 2750 2025 2788 duret;
2051 2754 2157 2786 absti-

1154 2791 1355 2825 mulantibus
1379 2802 1506 2829 autem,
1533 2790 1728 2833 aliquando.
1753 2791 1795 2823 Et
1809 2793 2013 2827 occludentes
2024 2796 2158 2838 quidem

1156 2834 1254 2869 causae
1278 2836 1442 2869 interdum
1466 2835 1503 2867 ad
1526 2832 1607 2873 ipsas
1631 2833 1771 2867 intestini
1795 2835 1926 2878 alicujus
1950 2839 2074 2873 tunicas
2089 2839 2158 2882 spe-

1158 2881 1268 2916 ἃειπ,
1293 2889 1328 2912 ut
1352 2889 1428 2922 puta
1451 2877 1586 2910 annulus
1610 2876 1663 2909 ille
1687 2875 1883 2918 scirrhosus‚
1909 2880 2050 2914 XXXII,
2076 2884 2156 2925 Epi-

1159 2921 1236 2956 stola
1262 2921 1309 2964 (l
1333 2925 1343 2959 )
1367 2922 1549 2956 indicatum
1575 2930 1648 2953 nam
1670 2931 1742 2954 eum
1765 2921 1904 2965 denique
1929 2926 2071 2959 vomitus
2082 2926 2159 2960 ster-

1160 2966 1282 2998 coracei
1308 2964 1379 2998 sunt
1403 2963 1585 2998 consecuti:
1612 2963 1687 2996 alias
1712 2972 1816 2997 autem
1852 2966 1889 3000 ad
1923 2978 1955 3000 ea
1992 2972 2155 3010 pertinent

1161 3020 1232 3052 quae
1255 3006 1412 3041 intestinis
1436 3007 1644 3041 continentur
1660 3032 1668 3046 ,
1694 3018 1751 3041 nec
1777 3007 1902 3051 scybala
1926 3019 2053 3046 tantum
2076 3034 2086 3050 ,
2119 3023 2157 3047 ut

1162 3055 1196 3086 in
1219 3051 1368 3093 exemplo
1390 3050 1477 3093 quod
1501 3049 1595 3083 refert
1619 3050 1837 3085 Hoffmannus
1860 3056 1873 3092 (
1895 3064 1926 3087 m
1948 3057 1983 3093 )‚
2006 3066 2079 3089 cum
2116 3059 2155 3092 ad

1161 3096 1285 3138 pondus
1308 3095 1461 3127 librarum
1486 3093 1617 3127 circiter
1640 3096 1758 3137 viginti
1780 3095 1950 3138 congesta,
1973 3099 2081 3132 Colon
2105 3109 2156 3134 to-

1157 3147 1229 3172 tum
1253 3138 1331 3171 adeo
1355 3136 1591 3174 distenderant,
1615 3146 1648 3170 ut
1672 3138 1801 3172 demum
1825 3143 2052 3182 rumperentin
2071 3143 2156 3176 Iseo.

1158 3182 1192 3214 so
1215 3182 1355 3223 quodam
1379 3179 1554 3214 celfiffimo
1579 3182 1748 3224 Principe;
1773 3182 1821 3216 sed
1846 3186 1875 3216 &
1899 3183 2054 3217 calculosa
2087 3197 2155 3219 ma-

1158 3226 1238 3258 teria
1261 3224 1360 3257 niodo
1382 3225 1504 3259 circum
1527 3222 1637 3257 felleos
1661 3225 1809 3267 lapillos,
1835 3228 1932 3261 modo
1955 3227 2076 3262 circum
2099 3240 2156 3262 au-

1163 3280 1234 3302 reos
1257 3267 1430 3309 deglutitos
1453 3278 1619 3306 nummos,
1645 3279 1700 3311 per
1722 3269 1909 3302 diuturnam
1932 3270 2017 3303 intra
2031 3271 2156 3305 intesti-

1163 3323 1201 3345 na
1228 3322 1349 3344 moram
1374 3310 1415 3343 fic
1438 3310 1588 3348 adau&a‚
1613 3321 1650 3345 ut
1674 3313 1723 3344 via
1747 3312 1917 3347 interclusa
1941 3313 2074 3348 eundem
2109 3324 2161 3348 at-

1164 3355 1301 3388 tulerint
1327 3355 1499 3394 morbum,
1523 3366 1658 3396 quarum
1681 3366 1805 3391 rerunu
1830 3365 1865 3388 ut
1888 3357 2021 3390 aliarum
2043 3368 2158 3400 praetc-

1165 3410 1273 3437 ream,·
1295 3399 1435 3439 exempla
1457 3399 1491 3429 in
1515 3399 1670 3432 Caesareae
1693 3397 1872 3432 Academiae
1894 3400 1990 3432 libris·
2019 3405 2085 3441 (n)
2106 3402 2157 3434 in-

1167 3443 1291 3474 venies.
1424 3443 1522 3474 Porro
1544 3444 1575 3473 &
1597 3453 1667 3483 quae
1690 3441 1729 3475 ad
1750 3441 1856 3476 causas
1881 3443 2077 3478 stimulantes
2108 3456 2159 3479 re-

2033 3488 2117 3522 serre

1041 3633 1051 3666 (
1067 3641 1078 3660 r
1095 3634 1104 3665 J
1120 3636 1202 3666 Frogr.
1219 3636 1286 3661 edito
1301 3639 1330 3661 Α.
1351 3642 1415 3666 ¹727·
1432 3637 1470 3660 M.
1489 3636 1566 3665 April.

1187 3669 1201 3696 (
1213 3675 1231 3698 y
1246 3668 1260 3697 )
1277 3667 1334 3692 Obs.
1351 3675 1387 3695 ²7·

1158 3699 1180 3720 6.
1198 3699 1256 3722 Obs.
1273 3707 1325 3727 ²07·

1188 3728 1254 3760 (f)
1269 3728 1358 3754 Medic.
1375 3731 1432 3753 Rat·
1447 3730 1479 3754 T.
1495 3737 1518 3757 4.
1538 3730 1561 3751 P.
1578 3735 1600 3751 2.
1618 3732 1644 3754 s.
1658 3737 1680 3753 2.
1696 3735 1718 3753 c.
1736 3738 1761 3757 4.
1778 3729 1835 3754 Obs.
1852 3736 1875 3757 4.

1715 3789 1723 3818 (
1741 3791 1750 3815 l
1769 3791 1776 3821 )
1793 3799 1817 3816 n·
1836 3797 1855 3819 ς-

1448 3667 1462 3695 (
1477 3675 1495 3695 z
1510 3668 1523 3695 )
1540 3667 1592 3692 Ast.
1611 3669 1644 3691 N.
1663 3668 1691 3691 C.
1708 3668 1782 3691 Tomi
1799 3677 1822 3697 7.
1839 3667 1898 3692 Obs.
1915 3676 1937 3698 ς.

1389 3698 1424 3727 (c
1441 3697 1449 3726 )
1466 3698 1566 3721 Earnnd.
1584 3699 1655 3722 Cent.
1673 3700 1694 3721 6.
1714 3697 1773 3722 Obs.
1792 3700 1830 3728 89.

465 3784 468 3788 ,
528 3781 530 3784 ,
1028 3759 1042 3788 (
1057 3759 1071 3781 b
1088 3759 1097 3788 )
1116 3757 1166 3783 Ast·
1184 3762 1218 3785 N.
1236 3765 1266 3788 C.
1281 3762 1354 3784 Tom.
1373 3769 1394 3789 3.
1412 3759 1471 3784 Obs.
1489 3768 1542 3790 132.

260 3782 318 3805 Obs.
336 3785 407 3808 Anat.
425 3783 492 3808 Chir.
510 3791 545 3812 91-
565 3786 587 3808 ἃ
603 3786 664 3809 Adv-
683 3789 755 3809 Anat.
772 3788 829 3811 Det.
850 3797 871 3818 3.
890 3797 910 3817 ς.
927 3790 949 3812 8:
965 3789 1034 3813 Thes.
1054 3792 1127 3813 Anat.
1146 3797 1180 3814 ιο.
1199 3800 1224 3817 ῃ,
1241 3796 1279 3817 62.
1297 3791 1319 3814 δι
1335 3789 1411 3815 alibi.

1485 3789 1654 3820 (k)n-3².

738 3814 874 3848 (71)Αᾶ
892 3821 925 3843 T·
939 3828 963 3849 7.
981 3821 1116 3846 obs-100.
1133 3822 1154 3844 8ι
1173 3825 1251 3848 Cent.
1270 3832 1292 3848 ι,
1312 3822 1334 3845 ἃ
1356 3832 1379 3847 2.
1399 3821 1455 3846 O'Js.
1477 3832 1528 3855 ¹5⁴-
