2498 4075
407 198 569 271 Epist-s
597 203 770 259 Anat·
805 201 1026 257 Medica
1060 200 1172 259 LV.
1207 199 1327 256 Art·
1365 200 1406 255 1:
1438 218 1483 256 2.
1516 201 1689 267 3-&4

77 282 252 330 izccersant.
278 289 427 331 Denique
448 288 483 323 in
508 286 559 321 his
583 285 657 327 ipsis
667 285 804 322 Litteris
825 287 839 328 (
860 283 879 324 l<
899 286 914 325 )
936 293 1010 332 cum
1030 283 1069 317 de

78 332 271 366 vulnusculo
297 334 467 368 scriberem
491 329 638 371 Virginis
662 329 748 363 illius
767 327 959 363 Veronensis
981 326 1071 371 quod

76 377 186 419 gravia
213 375 284 419 sun-t
307 377 474 412 consecuta
499 373 718 415 symptomata
744 397 753 412 ‚
783 376 941 418 quantum
965 369 1074 405 istius-

76 418 165 452 modi
191 420 319 455 indiciis
342 422 486 454 tribuam
508 439 520 457 ,
551 415 658 450 videre
683 416 840 458 potuisti.
971 416 1074 450 Atta-

76 473 149 496 men
172 463 268 502 siquis
293 461 375 498 forte
399 464 432 495 in
456 459 517 497 hoc
539 486 548 500 ,
581 458 703 502 illoque
726 460 797 492 casu
821 466 892 491 turn
925 466 1073 494 naturam

103 507 176 539 artis
201 505 317 547 spectet
340 517 438 552 quam
461 512 590 540 externa
612 503 690 537 Iaelit
714 501 832 545 injuria
848 527 856 541 ‚
881 510 951 534 tum
976 510 1079 548 genus

75 516 331 594 symptomatum
356 547 527 592 perpendat
549 557 621 588 quae
644 546 837 580 accesserunt
859 565 870 581 ‚
893 545 1074 577 convulsio-

77 603 132 627 nes
155 592 329 634 videlicet,
352 593 436 628 unde
459 588 518 627 esse
532 591 868 633 potueruntpleraque
892 588 1002 625 omnia
1014 597 1080 624 non

1118 280 1218 320 modo
1240 288 1312 324 quae
1334 281 1367 315 in
1391 281 1447 316 illa
1471 283 1629 325 Virgine,
1656 280 1706 316 sed
1731 278 1829 315 etiam
1852 287 1923 320 quae
1945 279 1980 313 in
2002 279 2065 313 hoc
2078 280 2126 313 A·

1119 324 1299 362 dolescente
1321 325 1526 365 acciderunt,·
1548 325 1730 360 constricfiis
1753 324 1840 357 enim
1864 322 1917 354 hic
1942 323 2010 356 illic
2035 323 2129 363 vasis,

1124 371 1155 402 &
1179 368 1321 410 lymphae
1346 391 1355 406 ,
1388 381 1423 407 ac
1456 369 1619 411 sanguinis
1652 378 1745 400 motu
1778 366 1902 401 diutius
1927 363 2088 398 retardato
2118 386 2129 400 ,

1124 420 1199 449 tum
1222 412 1384 454 syncope,
1406 422 1477 446 tum
1504 424 1593 455 aquae
1619 410 1787 446 effusiones
1823 433 1831 448 ‚
1864 418 1935 444 tum
1960 408 2129 451 pulmonis

1123 455 1344 491 inflammatio
1369 456 1460 492 facile
1483 454 1589 494 fiunt5
1613 454 1734 497 siquis,
1760 455 1893 494 inquam
1921 473 1933 491 ,
1966 450 2036 500 hae-c
2059 449 2130 493 spe-

1123 500 1230 537 frans,
1258 500 1349 536 malit
1374 500 1413 534 ab
1436 499 1633 537 extrinsecus
1657 497 1827 532 accedente
1849 494 1943 529 causa
1980 494 2131 543 aliquau-

1124 552 1162 576 to
1185 543 1254 584 plus
1277 554 1372 584 quam
1396 542 1512 577 horum
1535 542 1735 579 occasionem
1759 548 1921 582 repeteret,
1945 548 2011 575 non
2023 545 2127 581 perti-

1123 587 1247 621 naciter
1271 585 1478 629 refragabor.
1504 586 1586 620 Vale
1603 611 1611 620 .

172 793 688 861 EPISTOLA
743 777 1854 859 ANATOMICO-MEDICA
1910 790 2048 866 LV2,

358 941 363 944 *
545 931 732 983 Sermo
761 930 828 984 est
864 927 930 981 de
965 927 1278 992 Ulceribus,
1312 927 1367 982 ὅ(
1399 922 1682 991 δρὴειεεΙΟ,
1829 892 1833 898 “

79 1072 81 1075 ’
165 1058 316 1094 Εᾶἱοηίς
337 1070 410 1105 quae
432 1059 475 1094 fic
497 1059 687 1094 inscribitur
706 1082 719 1101 ‚
750 1060 782 1093 δε
815 1060 901 1096 libro
924 1060 986 1097 hoc
1011 1063 1074 1098 IV.

177 1103 522 1147 SepulchretiQarta
546 1102 609 1144 est,
636 1114 710 1138 cum
733 1103 869 1138 initium
892 1105 1026 1141 ducatur
1037 1108 1077 1140 ab

178 1147 362 1182 Achoribus
375 1169 384 1184 ‚
406 1150 436 1180 ἃ
451 1149 577 1184 Tinea3
603 1158 667 1181 non
680 1147 755 1180 satis
766 1158 896 1190 apparet
912 1173 920 1188 ,
942 1161 999 1184 cur
1010 1161 1076 1184 non

78 1191 190 1225 eadem
225 1192 536 1234 comprehendantur
570 1191 633 1224 illae
666 1201 795 1232 quoque
819 1191 1077 1227 Observationes

76 1236 213 1277 Lepme,
238 1237 269 1267 &
293 1234 413 1270 Psorae‚
439 1237 470 1266 Sc
494 1235 610 1268 Tineae
635 1234 750 1276 ipsius,
777 1245 914 1276 quarum
938 1238 1013 1270 alias
1024 1237 1077 1271 de-

77 1289 168 1312 mum
201 1278 344 1311 invenies
376 1278 537 1321 principio
561 1278 720 1311 sectionis
744 1278 803 1312 XI.
838 1290 933 1312 unam
968 1290 1076 1314 autern

81 1331 181 1365 prope
205 1319 301 1355 finem
326 1322 481 1356 sectionis
504 1321 579 1354 XII.
603 1323 617 1361 (
639 1332 657 1353 a
675 1324 705 1360 ).
732 1320 836 1354 Causa
860 1333 967 1356 autem
991 1333 1076 1358 certe

77 1376 142 1398 non
165 1364 230 1398 fuit
245 1386 255 1402 ‚
280 1376 318 1398 ne
342 1366 505 1407 prolixior
527 1375 620 1405 aequo
645 1363 729 1397 foret
742 1364 846 1398 sectio
869 1365 935 1399 haec
961 1368 1027 1407 IV;
1039 1365 1079 1398 fi-

77 1408 210 1451 quidem
234 1411 265 1441 &
286 1408 349 1442 illae
371 1419 443 1451 quae
467 1408 531 1440 alio
564 1409 759 1450 rejiciuntur
781 1430 789 1444 ‚
825 1410 1078 1444 Observationes

76 1462 186 1493 paucae
211 1450 304 1488 sunt,
330 1454 361 1485 δι
385 1453 492 1485 brevis
516 1451 584 1485 haec
608 1451 716 1484 Sefflo
748 1448 792 1484 est
809 1474 822 1491 ‚
856 1452 1031 1493 praesertim
1054 1452 1077 1487 fi

77 1491 206 1530 Scholia
230 1495 358 1533 demas,
384 1497 415 1528 &
438 1494 476 1528 de
499 1494 792 1528 Observationibus
815 1496 969 1530 tredecim
1006 1508 1078 1539 quae

77 1538 137 1572 sub
160 1548 294 1572 numero
318 1540 357 1572 X.
383 1547 630 1579 proponuntur,
652 1538 761 1571 decem
785 1538 861 1573 alibi
896 1539 960 1582 jam
985 1549 1080 1573 antea

75 1579 272 1626 produ&as‚
296 1581 475 1616 ex‘iisdem
500 1592 596 1614 unam
619 1582 684 1624 (b)
710 1582 758 1614 bis
777 1582 913 1622 positam
936 1583 988 1616 hic
1000 1583 1080 1617 fuis-

75 1625 132 1665 se,
155 1626 407 1660 animadvertas.
433 1624 517 1661 Quae
541 1624 666 1658 idcirco
692 1635 867 1658 memorare
891 1626 981 1659 volui
1004 1649 1013 1664 ‚
1041 1638 1081 1661 ne

75 1668 163 1704 forte
186 1670 331 1706 mireris,
359 1669 415 1700 vix
438 1670 559 1709 aliquas
583 1666 735 1709 superesse
749 1667 864 1707 nobis,
888 1670 1010 1703 nullam
1031 1681 1081 1704 re-

74 1714 181 1755 Petere
207 1711 411 1750 volentibus,
436 1721 514 1752 quas
537 1710 596 1744 hac
618 1711 760 1753 Epistola
786 1710 980 1747 scribamus.

122 1766 151 1788 2.
178 1755 230 1788 Ut
252 1756 341 1789 enim
367 1753 407 1788 ab
432 1752 616 1789 Achoribus
639 1765 696 1787 nos
719 1766 848 1797 quoque
871 1778 882 1795 ‚
906 1760 936 1789 δι
962 1768 978 1789 a
1004 1756 1079 1790 Sca-

72 1798 127 1832 bie
151 1800 314 1841 capiamus
338 1798 497 1831 initium.-
520 1797 542 1829 fi
568 1797 653 1831 forte
677 1797 755 1830 scire
780 1809 849 1831 aves
865 1822 875 1837 ,
901 1810 1079 1840 quaenama

73 1841 249 1881 Valsalva,
273 1850 328 1875 aut
352 1852 369 1873 a
393 1840 486 1874 nobis
502 1850 626 1883 reperta
649 1840 711 1873 sint
734 1842 766 1873 in
790 1842 982 1885 corporibus
1006 1854 1078 1882 ouae

74 1884 126 1920 his
150 1884 278 1918 fuerant
302 1885 393 1917 vitiis
415 1883 554 1923 iniecta,-
577 1886 610 1917 in
637 1884 791 1925 Epistolis
804 1886 844 1918 X.
867 1887 881 1924 (
903 1896 919 1918 c
941 1889 954 1924 )
978 1884 1075 1921 XVI.

73 1931 94 1972 (
112 1929 132 1960 d
152 1931 167 1969 )
191 1928 390 1962 XXXVIII.
414 1931 480 1968 (e)
500 1928 589 1960 XLI.
611 1925 696 1970 (f)
718 1928 751 1959 in
765 1928 898 1971 aliisque
919 1927 1078 1962 facilein-

73 1972 183 2006 venies
198 1994 207 2001 -
230 1972 317 2016 Quae
340 1970 503 2013 relegens,
526 1970 624 2003 velim
648 1971 903 2008 animadvertas,
926 1973 967 2005 iis
981 1971 1082 2004 ulcus-

73 2016 155 2050 culis
178 2023 233 2049 aut
256 2025 311 2058 per
335 2014 387 2051 se,
412 2023 466 2055 aut
491 2024 545 2056 per
566 2014 770 2048 inunctiones
781 2013 932 2057 quasdam
945 2016 1081 2055 siccatis,

67 2058 238 2093 'Infantem
261 2069 301 2091 ex
323 2056 587 2091 convulfionibus
617 2080 626 2095 ‚
661 2057 835 2101 Virginem
860 2069 899 2091 ex
930 2058 1078 2101 hydrope

72 2102 216 2137 thoracis
231 2126 241 2142 ,
262 2104 295 2135 &
316 2100 511 2145 pericardii,
537 2101 711 2137 Mulierem
734 2113 772 2135 ex
796 2111 886 2134 acuta
910 2101 1021 2141 febre,
1045 2104 1079 2134 &

70 2148 255 2189 tympanite
279 2169 289 2185 ‚
322 2145 482 2189 Juvenem
513 2155 552 2178 ex
574 2145 675 2177 urinae
700 2144 908 2187 suppreffione
932 2144 1078 2186 periisse;

70 2191 189 2223 mortis
212 2198 319 2222 autem
343 2187 472 2222 causam
496 2199 534 2221 ex
556 2187 738 2221 occlusione
763 2186 999 2222 ulcusculorum
1022 2199 1077 2221 ex-

74 2232 200 2269 titisse,
223 2243 296 2276 quae
318 2243 391 2265 cum
417 2231 583 2265 manantia
599 2255 609 2272 ,
632 2232 763 2265 morbos
786 2241 929 2265 arcerent
949 2253 962 2271 ,
993 2241 1048 2264 aut
1064 2255 1077 2271 ‚

71 2276 161 2319 quod
185 2277 219 2309 in
244 2272 397 2316 Infante,
420 2277 452 2307 δε
467 2275 608 2308 Muliere
633 2273 838 2308 manifestum
862 2283 951 2315 erat,
975 2277 1077 2308 etiarn

70 2320 248 2357 tollerent3
271 2318 385 2352 siccata
400 2343 410 2359 ,
434 2318 634 2352 stimulantes
655 2329 727 2361 quae
749 2327 804 2360 per
825 2318 893 2360 ipsa
917 2327 1008 2352 antea
1018 2319 1078 2360 eji-

70 2364 260 2399 ciebantur,
285 2362 478 2404 particulas‚
509 2364 708 2403 noxiumque
730 2360 903 2395 humorem
937 2364 971 2395 in
1004 2361 1075 2395 san-

71 2409 170 2449 guine
192 2405 389 2439 cohibebant
403 2427 412 2441 ,
435 2403 571 2448 effusum
593 2415 672 2438 mox
694 2405 728 2437 in
739 2405 892 2439 omnibus
903 2404 1003 2439 ferme
1016 2414 1074 2440 aut

70 2452 158 2484 inter
182 2449 368 2491 meninges,
393 2458 448 2482 aut
471 2449 506 2481 in
532 2457 677 2481 ventrem
701 2471 711 2486 ,
736 2458 789 2482 aut
812 2450 845 2481 in
870 2448 1036 2482 thoracem
1062 2470 1072 2486 ,

71 2504 167 2536 quem
193 2492 392 2526 subcoernlea
416 2502 498 2534 aqua
520 2492 651 2533 plenum
675 2492 708 2524 in
732 2492 872 2532 Virgine
894 2492 1073 2532 deprehen-

72 2538 128 2570 di.
154 2536 281 2570 Incides
302 2537 402 2569 etiarn
426 2535 523 2568 initio
535 2534 688 2577 Epistolae
700 2534 833 2568 XVIII.
857 2538 876 2574 (
891 2546 914 2578 g
934 2538 948 2574 )
969 2536 1003 2568 in
1015 2537 1074 2569 Su-

71 2588 180 2615 torem
204 2577 295 2622 cujus
318 2588 385 2613 erat
406 2588 522 2620 corpus
547 2579 673 2611 minuta
698 2577 800 2612 scabie
824 2577 951 2611 foedum
977 2602 984 2610 .
1019 2579 1075 2611 Ibi

70 2633 179 2658 antem
203 2621 254 2657 fac
277 2632 383 2656 tecum
408 2631 556 2664 reputeS,
579 2622 686 2665 siquis
700 2621 781 2655 hanc
804 2622 996 2655 inunffione
1006 2622 1075 2655 abi-

70 2677 146 2710 gere
170 2666 255 2701 forte
278 2663 451 2705 voluisset,
474 2674 598 2708 quanto
620 2666 747 2706 magis,
769 2664 811 2698 sic
834 2665 991 2698 cohibitis
1002 2677 1075 2698 ero-

71 2712 225 2744 dentibus
246 2708 467 2752 corpusculis,
490 2709 640 2742 aufiurus
662 2707 768 2742 fuisset
792 2709 873 2741 vitia
895 2708 1076 2747 laxati‚ex-

72 2756 263 2795 tenuarique
287 2753 419 2794 parietis
443 2752 623 2785 ventriculi
646 2753 752 2786 cordis
777 2750 890 2785 sinistri
913 2774 923 2790 ,
946 2753 977 2784 δε
1001 2752 1077 2785 Ma-

72 2808 144 2840 gnae
160 2822 169 2838 ‚
191 2795 270 2829 huic'
291 2805 440 2833 annexae,
464 2795 576 2827 luridae
602 2796 712 2833 intus,
737 2798 768 2828 δε
790 2795 958 2837 inaequalis
993 2803 1076 2827 arte-

71 2842 151 2874 riae:
177 2839 275 2880 idque
297 2850 335 2870 eo
354 2837 488 2871 -f-acilius
510 2837 618 2870 credes
633 2863 641 2877 ,
661 2837 682 2870 si
696 2838 777 2880 quid
789 2849 827 2872 ex
852 2836 987 2880 represso
998 2837 1071 2871 her-

73 2894 145 2927 pete
168 2881 375 2917 Trombellio
397 2879 465 2921 (h)
489 2882 661 2918 acciderit,
687 2891 771 2914 nunc
794 2882 900 2915 veniet
923 2883 956 2914 in
982 2890 1071 2914 men-

71 2938 163 2962 tem.
296 2926 399 2958 Porro
422 2935 496 2957 cum
519 2924 813 2958 Observationibus
848 2924 912 2958 illis
944 2924 1070 2957 Valsal-

70 2983 143 3010 νε,
166 2972 196 3004 &
220 2967 334 3002 nostris
357 2969 529 3001 convenire
553 2966 676 3000 videbis
698 2978 770 3009 quae
793 2969 893 3000 initio
917 2969 981 3001 IV.
1006 2966 1068 3001 hu·

70 3016 125 3058 jus
150 3011 350 3056 Sepulchreti
376 3011 529 3044 Seffionis
553 3020 779 3053 proponuntur
795 3035 804 3051 ,
828 3012 923 3045 altera
945 3014 960 3050 (
979 3011 991 3043 i
1009 3013 1067 3049 >in

71 3058 199 3093 bimulo
223 3055 396 3097 Principe,
418 3055 555 3088 cuicum
567 3053 697 3088 achores
721 3053 850 3096 prorsus
861 3053 1070 3096 evanuissent,

70 3109 204 3136 cruenta
228 3110 328 3141 aqua,
355 3107 414 3139 pro
437 3097 496 3130 illo
518 3097 710 3139 corpusculo
733 3108 797 3130 non
812 3109 934 3140 pauca,
957 3098 1070 3132 inven-

72 3156 106 3180 ta
129 3143 188 3178 sub
200 3143 311 3183 crapnio
323 3140 365 3175 est
377 3162 387 3177 ‚
411 3142 508 3174 altera
521 3145 532 3179 (
545 3140 585 3182 k)
597 3143 628 3173 in
642 3140 776 3174 foemina
788 3153 858 3183 quae
871 3144 954 3174 tinea
968 3141 1069 3175 lotio-

71 3189 170 3222 nibus
183 3189 298 3222 sanata‚
310 3184 431 3218 cerebri
445 3184 703 3228 hemisphaerium
715 3183 827 3217 habuit
840 3184 1005 3225 putridum
1019 3209 1026 3224 ‚
1039 3189 1070 3219 δε

74 3232 189 3265 ichore
212 3230 335 3263 citrino
356 3225 534 3271 refertum.
557 3228 614 3261 Ad
637 3238 735 3270 quas,
760 3227 781 3260 fi
795 3228 895 3266 velis,
922 3229 990 3260 aliae
1005 3239 1068 3262 non

73 3276 209 3309 deerunt
233 3284 311 3316 quas
336 3270 450 3312 addas,
474 3270 544 3303 duae
568 3272 762 3313 praesmim,
788 3272 885 3305 altera
909 3282 947 3304 ex
959 3270 1072 3305 Schul-

74 3321 129 3353 zio
151 3317 189 3356 (l
204 3320 238 3356 )‚
259 3314 427 3349 ostendens
442 3338 451 3353 ,
471 3323 552 3355 quot
566 3334 578 3354 ,
599 3316 630 3346 δὲ
653 3325 781 3358 quantae
805 3315 963 3349 viscerum
986 3315 1071 3348 labes

75 3362 259 3404 exceperint
283 3362 433 3401 gravem,
457 3355 626 3391 humidam
645 3381 656 3397 ‚
688 3358 875 3392 diuturnam
899 3357 1033 3391 scabiem
1058 3381 1070 3398 ,

75 3404 219 3440 remedio
243 3411 384 3449 externo⁴
398 3399 634 3449 retropulsam‚
659 3402 756 3437 altera
779 3414 817 3435 ex
830 3402 1069 3449 Lanzonosm)‚

76 3459 148 3493 quae
173 3446 329 3480 monstrat
353 3452 436 3477 vitia
461 3445 495 3476 in
519 3445 672 3483 cerebro,
694 3445 936 3487 diaphragmate
955 3468 967 3485 ,
990 3449 1066 3486 Jeci-

74 3502 153 3526 nore
175 3491 307 3522 inventa
331 3512 340 3527 ‚
369 3498 444 3520 cum
467 3488 548 3520 acris
570 3489 656 3522 tinea
676 3512 685 3528 ,
708 3491 739 3521 &
761 3487 849 3522 foeda
873 3488 990 3523 scabies
1010 3500 1068 3533 per

75 3535 297 3570 inunffionem
320 3530 453 3565 sublatae
475 3529 571 3565 essent
586 3556 596 3565 .

1171 1069 1201 1101 3.
1229 1060 1287 1094 Sed
1310 1061 1359 1094 vel
1384 1057 1447 1092 fine
1470 1058 1663 1091 cadaverum
1685 1055 1875 1093 dissefflone
1897 1064 2017 1101 quotus
2041 1053 2131 1097 quis<

1126 1112 1189 1143 que
1199 1103 1348 1139 Medicus
1370 1102 1415 1138 est
1438 1102 1495 1143 qui
1520 1111 1558 1133 ex
1580 1100 1757 1142 retropulsa
1773 1101 1898 1138 scabie,
1923 1109 1978 1134 aut
2002 1097 2132 1134 achori-

1129 1145 1187 1178 bus
1223 1147 1350 1181 interna
1371 1170 1383 1186 ,
1427 1153 1593 1177 externave
1625 1144 1706 1176 mala
1739 1143 1818 1188 saepe
1842 1141 1985 1178 extitisse
2008 1164 2018 1179 ‚
2064 1152 2132 1177 non

1129 1188 1247 1223 viderit
1267 1189 1284 1223 ,ἒ
1328 1186 1509 1224 Meministi
1529 1209 1539 1224 ,
1584 1187 1772 1222 Valsalvam
1795 1191 1846 1226 (n
1867 1191 1882 1229 >
1916 1198 1975 1229 pro
1998 1194 2130 1218 tumore

1128 1231 1311 1269 consultum
1335 1231 1416 1270 esse,
1440 1231 1499 1273 qui
1523 1230 1575 1263 seu
1598 1239 1672 1264 vera
1697 1230 1735 1264 ad
1759 1241 1843 1273 genu
1867 1227 2015 1262 exostofis
2036 1227 2135 1264 esset,

1128 1275 1191 1308 sive
1214 1289 1284 1310 eam
1310 1277 1524 1311 mentiretur,
1549 1273 1598 1306 illi
1621 1283 1706 1307 certe
1717 1274 1829 1316 dequa
1854 1274 2134 1315 loquimur,cau-

1127 1318 1166 1353 sae
1190 1318 1376 1355 successerat
1403 1345 1412 1353 .
1444 1318 1499 1351 Ab
1521 1316 1696 1360 eademque
1718 1317 1812 1350 causa
1835 1327 1917 1359 quos
1950 1323 2099 1348 externos
2122 1337 2133 1352 ,

1130 1363 1316 1397 internosve
1342 1362 1474 1396 morbos
1497 1360 1678 1394 Gerbezius
1702 1364 1765 1400 (o)
1789 1361 1932 1399 viderit,
1954 1361 1988 1392 in
2013 1355 2128 1398 hisque

1130 1406 1288 1450 malignas
1314 1406 1438 1446 febres,
1461 1414 1563 1445 quar»,
1587 1415 1643 1438 nec
1667 1402 1786 1443 semel,
1809 1404 1981 1437 Lanzonus
2005 1402 2134 1443 (p),&

1130 1448 1265 1483 lethales
1288 1450 1446 1493 quidem,
1469 1446 1661 1484 adnotavit,
1686 1449 1830 1489 itemque
1855 1456 1890 1480 ut
1915 1445 2034 1479 asthma
2070 1443 2135 1477 ob-

1132 1491 1303 1527 servaverit
1329 1490 1588 1531 Dethardingius
1611 1494 1700 1532 (q),
1723 1491 1898 1525 Cumrnius
1922 1492 1988 1527 (r)
2012 1496 2133 1525 autem,

1132 1536 1173 1569 ab
1195 1536 1265 1579 ipso
1288 1537 1471 1569 indicatus,
1494 1533 1719 1576 apoplexiam,
1745 1544 1856 1566 eorum
1889 1531 2038 1572 inspefiis
2060 1529 2136 1579 Ob-

1133 1578 1367 1613 servationibus
1391 1576 1584 1620 cognosces.
1611 1577 1882 1617 Qamplurimas
1905 1574 2017 1610 addere
2039 1572 2136 1607 facil-

1132 1624 1249 1657 limum
1273 1622 1347 1656 esset
1362 1647 1371 1661 ,
1394 1620 1416 1654 fi
1442 1629 1497 1654 aut
1520 1630 1601 1662 opus
1626 1618 1708 1652 foret
1731 1640 1741 1657 ‚
1776 1628 1829 1654 aut
1854 1630 1918 1651 non
1941 1616 2034 1652 essem
2058 1616 2134 1657 alias

1131 1667 1217 1700 infra
1229 1666 1285 1707 (s)
1299 1672 1607 1699 commemoraturus
1618 1687 1626 1695 .
1651 1663 1873 1701 Quamobrem
1886 1672 1960 1696 cum
1975 1660 2040 1703 ipse
2051 1670 2138 1703 quo-

1133 1721 1198 1753 quc
1222 1721 1306 1743 meas
1330 1710 1384 1742 hic
1408 1707 1585 1750 producere
1610 1717 1675 1740 non
1700 1716 1813 1747 paucas
1835 1703 1955 1747 possem
1981 1719 1989 1742 ;
2024 1704 2101 1737 duas
2124 1724 2134 1739 2

1132 1753 1219 1788 haud
1245 1752 1406 1794 amplius,
1431 1748 1594 1793 proferam
1613 1772 1622 1787 ,
1646 1750 1755 1784 ambas
1779 1760 1844 1784 uno
1869 1747 1972 1781 mense
1996 1747 2135 1795 Februa-

1132 1799 1186 1830 rio
1208 1797 1250 1829 A.
1280 1805 1374 1837 1710.
1401 1796 1433 1827 in
1457 1793 1549 1826 Viris
1571 1791 1716 1833 duobus,
1742 1793 1820 1827 meis
1843 1791 2013 1826 Generosis
2035 1792 2135 1823 Civi-

1132 1840 1217 1879 bus,
1239 1839 1388 1873 habitas.
1416 1837 1524 1871 Alteri
1547 1837 1713 1870 manantia
1735 1836 1852 1878 capitis
1875 1833 2035 1869 ulcuscula
2051 1855 2060 1870 ‚
2083 1845 2137 1867 eo-

1132 1894 1205 1917 rum
1230 1883 1357 1926 prorsus
1379 1880 1494 1914 similia
1517 1892 1589 1923 quae
1612 1879 1744 1915 achores
1766 1881 1800 1912 in
1825 1876 2002 1912 infantibus
2035 1888 2135 1910 voca-

1135 1937 1228 1963 mus,
1252 1938 1269 1959 a
1291 1924 1406 1968 frigidi
1429 1925 1579 1958 nocturni
1605 1925 1685 1959 aeris
1709 1923 1838 1966 injuriis
1862 1922 1976 1958 siccata
2009 1930 2098 1957 erant
2119 1941 2130 1957 2

1134 1981 1210 2003 cum
1233 1970 1308 2002 octo
1332 1969 1388 2002 vix
1409 1967 1521 2002 diebus
1543 1969 1683 2009 exactis,
1708 1968 1849 2010 maligna
1874 1964 1956 2001 febri
1968 1972 2135 2007 correptus

1132 2014 1199 2051 est.
1224 2012 1483 2051 vomitionibus,
1507 2014 1538 2045 ὃς
1560 2012 1699 2055 denique
1711 2012 1851 2054 singultu
1865 2009 1998 2053 stipata,
2025 2010 2135 2051 inqua

1134 2056 1191 2090 etsi
1212 2056 1319 2099 pulsus
1344 2055 1434 2090 valde
1457 2053 1578 2090 infirmi
1603 2065 1715 2093 erant,
1739 2058 1771 2089 &
1796 2063 1910 2098 praeter
1933 2066 1966 2088 ea
1990 2064 2063 2096 quae
2084 2050 2138 2092 di-¹

1133 2102 1193 2139 xi,
1217 2110 1313 2142 prava
1336 2099 1395 2133 alia
1420 2111 1484 2133 non
1507 2099 1638 2133 deerant
1664 2101 1907 2142 symptomata,
1931 2098 1997 2142 ipse
2022 2108 2134 2134 tamon

1134 2144 1214 2176 bene
1237 2141 1360 2182 semper
1383 2142 1443 2177 fibi
1467 2143 1582 2177 habere
1606 2143 1797 2178 videbatur:
1822 2155 1860 2177 ex
1872 2154 1995 2186 eaque,
2019 2143 2135 2178 frustra

1133 2186 1258 2220 seniore
1279 2184 1348 2228 ejus
1374 2187 1527 2224 Medico,
1552 2189 1585 2220 &
1608 2198 1658 2220 me
1680 2199 1811 2231 quoque
1831 2187 1944 2221 diebus
1956 2187 2134 2223 novissimis

1132 2229 1298 2266 accersito,
1307 2241 1379 2272 quae
1390 2239 1573 2273 opportuna
1585 2229 1783 2268 viderentur,
1796 2231 2032 2273 praestantibus,
2046 2243 2135 2266 nono

1132 2274 1240 2307 morbi
1253 2274 1380 2306 interiit
1392 2273 1445 2307 die
1457 2299 1465 2307 .
1489 2274 1585 2308 Alter
1597 2273 1762 2316 persimili,
1776 2274 1798 2307 fi
1811 2276 1893 2309 cutis
1907 2275 2092 2315 erosionem,
2103 2278 2136 2310 &

1129 2315 1250 2350 crustas
1275 2316 1428 2358 spectares
1448 2338 1457 2354 ‚
1491 2315 1661 2351 affeetione
1682 2319 1829 2352 laborans
1854 2344 1864 2360 ,
1898 2330 1971 2362 quae
2001 2319 2134 2354 brachia

1128 2362 1270 2403 primum
1285 2383 1294 2396 ,
1320 2372 1397 2393 mox
1407 2371 1498 2394 crura
1510 2372 1638 2403 quoque
1651 2385 1664 2402 ,
1686 2362 1822 2405 denique
1834 2364 1864 2395 &
1877 2374 1978 2403 partes
1990 2363 2132 2397 nonnul-

1127 2405 1173 2438 las
1198 2404 1273 2437 alias
1294 2405 1482 2441 cruciabat,
1509 2414 1583 2437 cum
1607 2405 1646 2438 de
1670 2405 1805 2440 consilio
1828 2406 1932 2440 nescio
1956 2407 2046 2449 cujus
2077 2409 2132 2441 in-

1126 2446 1220 2482 dufio
1243 2447 1318 2480 usus
1340 2447 1416 2481 esset
1431 2474 1440 2488 ,
1464 2447 1622 2481 suffitione
1649 2447 1807 2492 sulphuris
1829 2450 1991 2483 medicato
2012 2472 2022 2488 ‚
2045 2452 2129 2485 cutis

1126 2491 1259 2533 quidem
1282 2491 1432 2524 morbum
1442 2502 1570 2524 omnem
1594 2493 1828 2534 propemodum
1841 2494 1990 2534 abegerat
2004 2519 2012 2534 ‚
2034 2493 2129 2528 simul

1127 2545 1205 2567 vero
1229 2534 1435 2568 rheumaticis
1459 2534 1596 2573 universi
1621 2538 1765 2579 corporis
1777 2535 1945 2570 doloribus
1957 2536 2128 2580 prehensus

1128 2576 1233 2611 fuerat
1257 2589 1330 2612 cum
1358 2577 1447 2611 febre
1468 2577 1650 2621 conjunctis
1670 2602 1681 2619 ,
1714 2582 1771 2623 qui
1796 2591 1859 2613 nou
1895 2580 1992 2614 modo
2028 2582 2129 2615 ῐιοᾶιι

1128 2620 1309 2663 quiescere,
1333 2620 1386 2654 sed
1409 2625 1440 2654 δε
1464 2622 1606 2656 interdiu
1631 2621 1661 2655 se
1683 2623 1722 2657 de
1747 2624 1842 2657 latere
1866 2625 1899 2656 in
1933 2624 2015 2658 latus
2047 2635 2128 2658 con-

1128 2674 1252 2698 vertere
1275 2665 1511 2707 prohibebant,
1535 2668 1625 2708 quin«
1639 2667 1688 2699 vel
1715 2666 1975 2709 linguamipsam
1991 2689 1999 2703 ‚
2023 2670 2125 2710 &gu-

1126 2708 1192 2741 lam
1216 2707 1337 2742 afficere
1361 2709 1582 2751 incipiebant.
1607 2711 1787 2744 Occursum
1811 2712 1856 2743 est
1880 2723 1895 2742 a
1919 2712 2012 2744 nobis
2031 2712 2098 2744 cito
2113 2732 2126 2750 ,

1126 2753 1158 2784 δέ
1181 2751 1374 2793 diligenter.
1400 2752 1458 2785 Sed
1482 2761 1609 2789 tamen,
1636 2753 1692 2786 nisi
1719 2761 1832 2786 natura
1856 2752 2046 2794 adjuvisset,
2072 2765 2123 2788 re·-

1127 2795 1305 2837 tropulsam
1330 2797 1497 2829 materiam
1521 2797 1638 2837 partim
1664 2797 1701 2830 ad
1725 2806 1831 2829 cutem
1847 2818 1856 2833 ‚
1882 2799 1998 2838 partim
2023 2797 2060 2831 ad
2073 2799 2125 2832 in..

1128 2838 1241 2872 testina
1266 2851 1332 2881 quo
1354 2850 1410 2881 per
1432 2838 1463 2870 se
1485 2840 1635 2880 vergebat
1649 2862 1661 2879 ,
1684 2840 1896 2882 expellendo,
1921 2847 2021 2883 neque
2035 2842 2122 2876 intra.

1124 2881 1266 2917 mensem
1290 2883 1409 2915 solutos
1431 2882 1581 2918 dolores,
1607 2893 1711 2922 neque
1735 2883 1821 2916 intra
1843 2890 1899 2916 'ver
1932 2886 2120 2926 proximum

1122 2925 1320 2968 persanatam
1343 2934 1451 2958 cutem
1476 2923 1569 2958 facile
1581 2925 1785 2964 vidissemus,
1810 2938 1911 2968 neque
1935 2927 2123 2969 aegrumde-

1118 2968 1371 3013 indewsospitem
1406 2969 1443 3002 ad
1468 2978 1641 3001 extremam
1667 2968 1764 3011 usque
1787 2969 1981 3005 seneecutem
2006 2984 2123 3012 prove·-

1118 3013 1225 3046 ἃυῐη.
1249 3013 1375 3045 Verum
1409 3013 1531 3045 nemini
1556 3012 1781 3050 Medicorum,
1807 3022 1843 3047 ut
1866 3013 1954 3053 dixi,
1982 3014 2122 3058 ejusmo-

1120 3055 1154 3089 di
1180 3055 1266 3089 casus
1289 3066 1353 3088 non
1377 3056 1577 3089 occurrerint
1601 3067 1640 3088 ex
1664 3056 1721 3089 illo
1746 3057 1843 3098 usque
1876 3066 2022 3100 tempore
2053 3071 2122 3102 quo

1121 3102 1243 3142 primus
1265 3101 1415 3132 omnium
1439 3098 1658 3140 Hippocrates
1680 3103 1739 3142 (t)
1764 3099 1989 3135 Atheniensem
2024 3102 2119 3145 illum

1121 3144 1316 3176 memoravit
1332 3165 1340 3179 ‚
1365 3143 1420 3185 qui
1441 3143 1607 3184 prurigine
1631 3151 1706 3176 toto
1729 3154 1863 3185 corpore
1886 3144 2120 3178 vehementiff-

1121 3197 1171 3219 me
1194 3187 1374 3225 cruciatus,
1398 3196 1497 3227 eaque
1518 3186 1602 3218 cutis
1624 3185 1848 3225 crassitudine,
1870 3190 1901 3220 δι
1924 3187 2122 3229 aspectu‚ut

1124 3230 1244 3271 lepram
1267 3228 1399 3262 referret
1419 3251 1430 3266 ,
1465 3240 1539 3262 cum
1573 3230 1690 3268 balneis
1724 3230 1936 3272 calidis-qua?
1969 3232 2001 3264 in
2029 3231 2119 3267 Melo

1124 3272 1221 3309 sunt,
1248 3271 1319 3305 usus
1344 3271 1438 3309 esset,
1462 3283 1480 3304 a
1501 3273 1626 3313 pruritu
1650 3272 1794 3315 quidem,
1817 3274 1859 3306 Θ·
1883 3273 1967 3307 cutis
1977 3273 2118 3316 craffitu-

1124 3316 1192 3349 dine
1215 3313 1368 3348 liberatus
1390 3314 1449 3355 eft,
1471 3324 1580 3348 verum
1602 3315 1787 3357 hydropicus
1802 3312 1913 3357 fadus
1929 3339 1939 3354 ‚
1974 3325 2118 3352 mortuus

1121 3358 1180 3397 eft.
1205 3359 1325 3391 Earum
1350 3368 1455 3392 autem
1480 3358 1663 3391 balnearum
1687 3368 1783 3399 aquas
1807 3357 1897 3392 fuisse
1914 3360 2118 3403 ¹sulphureas,

1120 3402 1301 3434 Martianus
1323 3404 1392 3441 (u)
1414 3401 1559 3435 censebat
1573 3424 1581 3438 ‚
1606 3404 1732 3435 &certe
1746 3401 1868 3435 Plinius
1890 3405 1957 3442 (x)
1982 3404 2117 3447 sulphur

1119 3444 1335 3487 nobilzffimum
1358 3445 1390 3478 in
1411 3444 1495 3477 Melo
1518 3443 1640 3485 insula,
1664 3443 1869 3479 Dioscorides
1892 3450 1903 3485 (
1921 3458 1946 3488 y
1970 3451 1981 3486 )
2006 3458 2116 3484 autem

1114 3487 1288 3529 plurimum
1306 3488 1396 3530 gigni
1419 3487 1639 3522 tradiderunt.
2114 3496 2118 3507 ³

1160 3542 1192 3574 4.
1219 3531 1323 3570 Haec,
1349 3541 1445 3574 atque
1467 3543 1500 3564 ea
1526 3530 1828 3574 praesertim‘quaede
1842 3532 1962 3566 morbis
1972 3542 2116 3569 commea

1968 3589 2072 3611 mora-

369 3651 383 3680 (
399 3658 414 3675 a
429 3651 443 3679 )
460 3651 484 3674 in
502 3629 625 3675 Additam.
641 3649 702 3674 Obs.
718 3653 743 3674 6.
805 3651 819 3679 (
835 3649 848 3673 b
867 3652 874 3678 )
891 3651 916 3680 ς.
932 3650 955 3673 6.
973 3651 995 3674 δι
1011 3651 1034 3674 8.

1770 3648 1917 3679 (f)n-4·

1098 3649 1244 3680 (elmar.
1543 3650 1707 3679 (e)n22.

244 3670 251 3678 .
300 3668 307 3676 .
1399 3657 1425 3674 n.
1474 3665 1482 3674 .

110 3695 111 3699 =
132 3653 180 3716 si}
196 3655 246 3715 iri.
264 3660 296 3707 2²?
349 3681 394 3712 (h
409 3682 423 3711 )
439 3680 511 3710 Epist.
528 3685 567 3705 2⁶.
584 3689 610 3705 n.
628 3688 666 3710 39·
727 3679 868 3709 (nobs.
886 3689 904 3706 ι.
924 3680 946 3710 §.
967 3687 986 3705 1.
1047 3680 1061 3709 c
1076 3679 1093 3704 a
1112 3682 1121 3709 )
1140 3679 1202 3704 lbid.
1222 3680 1246 3710 ς.
1262 3687 1287 3704 2.
1347 3650 1412 3709 ()ι»
1434 3657 1487 3704 iit.
1506 3681 1540 3704 N.
1558 3681 1587 3705 c.
1605 3681 1677 3704 rom.
1697 3687 1717 3704 ι.
1734 3679 1792 3704 oss.
1809 3686 1861 3709 ψ.

134 3712 145 3742 (
160 3724 184 3739 m
200 3715 214 3744 )
231 3714 293 3743 Eph.
310 3712 410 3736 eorund.
427 3714 486 3736 Dec.
505 3719 526 3741 3.
544 3713 575 3736 A.
593 3719 615 3741 9,
633 3713 655 3735 8:
674 3718 710 3735 ιο,
725 3709 785 3735 Obs.
805 3718 853 3740 ¹¹3·
914 3713 925 3737 (
942 3716 958 3731 n
974 3710 1069 3739 )1-:pist.
1088 3718 1125 3740 50.
1145 3716 1170 3734 n.
1190 3718 1224 3739 13·
1289 3709 1297 3740 (
1313 3719 1326 3734 a
1341 3710 1355 3739 )
1372 3710 1433 3740 Eph.
1449 3716 1491 3734 eit.
1510 3712 1566 3734 Dec.
1586 3713 1655 3744 3.·A.
1673 3718 1695 3733 a..
1714 3711 1772 3735 Obs.
1793 3714 1844 3738 1⁶7·

133 3745 143 3774 s
159 3752 174 3775 ρ
190 3746 197 3774 )
217 3744 297 3773 Ejusd.
315 3745 371 3767 Dec.
388 3743 418 3767 A.
435 3750 458 3771 9-
473 3744 496 3767 8c
517 3749 551 3766 10.
568 3741 627 3767 Obs.
643 3741 687 3766 cit.
704 3748 759 3770 113.
775 3742 798 3765 8:
814 3741 872 3769 obs.
895 3745 929 3765 16.
990 3742 997 3770 s
1016 3748 1031 3769 q
1049 3740 1062 3768 )
1077 3742 1185 3770 Append.
1202 3742 1231 3765 ad
1248 3743 1305 3774 Dec.
1324 3748 1349 3770 3.
1366 3743 1396 3766 A.
1415 3749 1435 3770 ς·
1452 3743 1474 3764 8:
1491 3744 1512 3764 6.
1531 3749 1555 3764 n.
1573 3742 1594 3764 8.
1612 3748 1636 3764 in
1654 3740 1714 3766 ΘΜ.
1732 3740 1841 3764 Parallel.
1861 3739 1890 3763 ad
1908 3738 1966 3764 Obs.
1983 3741 2021 3771 58.

132 3775 151 3804 (
165 3784 178 3799 r
194 3775 277 3804 erec·
294 3781 315 3798 ¹·
332 3775 360 3796 Α·
378 3781 399 3798 1·
417 3772 475 3797 ΟΜ·
494 3773 530 3804 58·
590 3771 659 3803 (s)
676 3780 699 3795 n·
715 3780 739 3799 7·
801 3769 815 3805 s,
828 3778 839 3795 t
855 3773 869 3801 )
886 3770 954 3801 Epid.
972 3773 989 3795 l·
1007 3779 1028 3800 5·
1046 3778 1071 3794 n·
1088 3780 1111 3801 e.
1128 3770 1192 3801 apud
1209 3770 1335 3796 Mannell.
1399 3771 1408 3801 (
1425 3778 1443 3795 u
1457 3770 1473 3801 )
1487 3773 1580 3796 Annot.
1596 3770 1625 3796 ad
1641 3770 1705 3796 hunc
1720 3770 1837 3802 Hippon.
1854 3770 1955 3804 locum,

134 3806 151 3836 ζ
164 3814 179 3830 x
194 3805 208 3836 2
225 3807 284 3831 Nat.
300 3802 362 3829 nist.
379 3803 397 3828 1.
414 3811 451 3834 35-
467 3810 491 3828 c.
507 3809 547 3834 ις.
612 3804 653 3834 (1
667 3803 684 3833 )
696 3803 732 3828 De
749 3801 839 3829 Medio,
856 3804 924 3829 Mat.
941 3802 961 3826 1.
977 3809 999 3832 ς.
1015 3808 1039 3827 c.
1050 3802 1089 3831 33·
