2498 4075
395 113 486 183 178

324 194 408 229 vivis
430 195 562 234 canibus
583 195 699 234 arteria
721 201 854 238 utraque
876 191 1051 230 Carotide,
1076 202 1092 225 a
1115 190 1144 226 se
1175 194 1320 227 observa-

327 246 400 273 tum
423 241 594 280 narrabat,
617 238 706 273 tenso
728 238 804 272 illos
816 236 907 272 fuisse
920 248 1013 279 pene..
1147 236 1250 281 Cujus
1262 249 1332 271 nar-

325 285 460 317 rationis
483 295 547 318 non
570 282 627 317 esse
648 282 788 316 oblitum
813 292 861 315 me
884 280 973 323 juvat
990 302 1002 319 ,
1024 290 1099 312 curn
1122 279 1156 314 id
1170 281 1332 324 casuprae-

322 326 503 365 termissum
527 326 752 363 animadverto
775 328 808 358 in
832 326 872 358 iis
896 323 1019 357 schedis
1042 324 1075 355 in
1087 324 1201 365 quibus
1216 334 1329 360 caetera

324 369 513 411 adnotavit,
536 382 607 413 quae
630 369 812 407 constrietis
834 370 867 401 in
900 367 989 400 collo
1025 368 1150 400 arteriis
1172 392 1179 405 ‚
1212 369 1333 402 accide-

323 423 418 447 runt.
445 413 616 458 Ejusmodi
639 424 743 447 autem
757 411 912 449 Valsalvae
935 410 1211 448 communicandis
1224 413 1332 454 Expe-

320 458 470 493 rimentis
485 482 496 498 ,
521 469 591 501 quae
615 459 649 491 in
673 456 829 499 Epistolis
853 455 1056 499 Anatomicis
1080 456 1143 495 (o)
1166 454 1332 497 pollicitus

318 498 413 542 sum,
440 512 488 534 me
512 504 630 543 partite
654 503 751 539 alias,
776 498 989 539 &diligenter
1000 497 1059 530 esse
1069 496 1332 540 propositurum,

321 553 379 579 nec
404 544 518 581 eodem
544 548 701 587 pertinens
723 543 841 578 Galeni
863 543 1117 582 experimentum
1132 542 1327 581 praetermis-

317 586 427 626 surum
440 612 451 628 ,
473 587 556 624 adeo
580 596 782 631 opportunus
808 585 860 618 hic
874 583 915 620 est
928 584 1015 620 locus
1030 606 1040 621 ,
1063 593 1099 616 ut
1112 582 1169 618 nisi
1182 595 1220 616 eo
1232 594 1327 626 utar,

318 641 428 672 parem
449 631 648 666 occasionem
673 628 755 666 haud
782 627 875 663 facile
899 627 1017 670 sperem
1043 637 1144 660 meam
1169 626 1326 662 liberandi

316 673 412 712 fidem
427 699 435 712 ,.
461 677 513 714 Eo
536 678 621 709 enim
644 674 812 717 spestant,
835 681 871 705 ut
894 671 932 704 de
954 669 1053 704 caufis
1082 681 1154 711 quae
1188 670 1326 713 proferri

316 718 420 755 solent
436 742 449 758 ,
472 730 580 752 eorum
605 718 722 754 mortis
744 717 800 759 qui
825 713 995 757 suspendio
1019 714 1220 755 puniuntur,
1242 713 1327 757 judi-

316 762 405 798 cium
429 761 510 800 ferre
535 761 680 803 possimus
698 784 705 790 .
732 758 791 792 Sed
815 759 969 802 quoniam
995 755 1032 789 ab
1044 757 1266 800 antiquiffimis
1276 759 1326 792 us-

316 817 378 847 que
402 804 606 847 temporibus
639 805 713 837 aliis
744 803 838 837 aliter
870 812 904 833 ea
936 799 1166 843 responderunt
1200 803 1327 844 experi-

316 858 449 887 menta;
472 848 568 881 altius
593 860 608 880 a
632 847 726 882 nobis
747 846 938 888 capiendum
962 844 1096 876 initium
1121 843 1188 884 est,
1211 847 1242 881 &
1267 856 1327 887 pro

312 892 380 924 veri
402 891 507 925 studio
531 901 659 929 vetera,
685 893 717 923 &
743 889 879 923 recentia
904 887 1082 923 accuratius
1106 887 1326 932 perpendenda

312 935 407 975 sunt,
430 937 462 970 δε
486 936 571 968 inter
596 934 624 969 se
647 932 879 975 comparanda,

356 989 406 1014 21.
434 979 559 1015 Primus
581 978 727 1014 omnium
739 978 796 1020 qui
810 976 962 1018 ligataein
976 974 1060 1008 vivis
1071 973 1236 1018 utriusque
1248 983 1330 1007 arte-

315 1023 369 1060 riae
381 1021 548 1058 Carotidis
561 1022 818 1065 experimentum
832 1019 1054 1053 memoraverit
1066 1042 1077 1059 ,
1089 1017 1215 1053 videtur
1227 1018 1330 1061 pluri-

313 1067 376 1100 mis
399 1064 493 1099 fuiffe
517 1064 729 1102 Aristoteles,
753 1063 919 1101 Columbo
942 1060 1095 1095 videlicet
1118 1062 1211 1105 (p),
1233 1062 1321 1095 Salio

309 1113 400 1152 (q),
424 1110 592 1142 San&orio
613 1108 701 1150 (r),
725 1108 815 1141 aliis.
841 1106 931 1141 Mihi
958 1116 1059 1148 ver-05
1083 1105 1104 1138 si
1128 1104 1176 1141 fas
1193 1103 1235 1137 est
1246 1116 1319 1139 mo-

312 1151 395 1188 deste
419 1152 457 1185 ab
479 1153 599 1187 Doetis
623 1152 714 1186 Viris
736 1150 899 1187 dissentire
923 1162 933 1189 3
956 1160 1019 1182 non
1066 1147 1147 1183 illud
1194 1147 1323 1183 videtur

307 1195 497 1235 Aristoteles
514 1222 522 1235 ‚
549 1195 601 1233 sed
624 1196 719 1237 longe
744 1195 853 1233 aliud,
879 1192 912 1227 id
937 1192 978 1226 est
1002 1191 1180 1228 consti-ietae
1204 1191 1323 1226 utrius-

309 1252 371 1282 que
396 1241 533 1274 Internae
558 1250 642 1272 venae
660 1238 830 1283 Jugtrlaris
853 1238 1106 1279 experimentum
1119 1234 1301 1269 memorasse
1314 1260 1323 1269 .

303 1283 382 1317 Nec
407 1293 472 1324 Jarn
496 1293 546 1315 me
569 1291 676 1317 movet
701 1284 729 1315 is
754 1283 844 1315 locus
870 1284 954 1321 (l),
978 1290 1072 1323 quern
1087 1289 1186 1313 unum
1201 1279 1321 1314 abillis

305 1326 425 1366 video,
453 1328 485 1359 &
510 1337 526 1359 a
550 1324 734 1368 Caesalpino
760 1329 818 1365 (t)
844 1324 1003 1360 indicari,
1026 1334 1093 1365 quo
1117 1321 1241 1365 preffius
1254 1334 1321 1357 rem

308 1372 471 1409 attingens
496 1368 682 1407 Aristoteles
695 1393 707 1410 ,
729 1367 843 1411 quibus
867 1369 899 1401 in
922 1366 1004 1401 collo
1035 1376 1120 1400 nenae
1151 1366 1320 1408 apprehen-

306 1408 443 1454 duntur,
467 1414 515 1453 ii,
539 1414 671 1457 inquit,
694 1411 883 1455 insensibiles
900 1409 1009 1455 siunt:
1035 1420 1135 1452 neque
1159 1411 1245 1445 enim
1269 1420 1320 1443 me

310 1456 400 1500 fugit
418 1480 428 1495 ,
451 1456 565 1499 saepius
589 1455 710 1500 priscos
735 1466 887 1492 venarum
910 1454 1041 1488 nomine
1065 1455 1195 1487 arterias
1234 1465 1319 1496 quo-

302 1513 366 1546 que
389 1499 578 1543 defignass'e‚
607 1500 667 1533 Sed
690 1500 754 1535 alio
776 1499 836 1535 illo
861 1497 1138 1545 permoveorloco
1164 1497 1318 1537 (u),ubi

303 1544 470 1589 postquam
493 1544 530 1577 ab
554 1544 659 1578 Aorta
683 1554 796 1579 venam
820 1543 1003 1585 Majorem,
1026 1541 1076 1576 seu
1099 1541 1220 1574 Cavam
1235 1563 1243 1578 ‚
1268 1540 1320 1573 di-

303 1588 443 1628 stinxit,
468 1590 499 1622 &
525 1588 709 1630 Superioris
732 1589 829 1620 Cavae
853 1584 1104 1627 descriptionem
1118 1583 1252 1627 suscepit
1267 1588 1318 1623 ,δε

303 1631 342 1669 ad
362 1631 532 1677 Jugulares
555 1632 722 1673 pervenit,
748 1631 822 1669 hae,
845 1630 980 1672 inquit,
1004 1638 1063 1669 qua
1088 1627 1185 1670 scissae
1218 1629 1319 1661 cervi-

303 1686 369 1711 cem
387 1674 524 1718 subeunt
537 1696 549 1713 ,
568 1674 667 1716 juxta
689 1673 873 1716 pulmonum
896 1672 1047 1706 arteriam
1071 1672 1223 1709 tendunt,
1249 1672 1319 1713 qui-

303 1719 364 1754 bus
388 1719 545 1754 interdum
562 1715 651 1760 foris
674 1715 868 1759 apprehensis
892 1722 1045 1749 corruunt
1066 1712 1205 1749 homines
1223 1712 1320 1758 sensi-

300 1761 359 1800 bus
383 1762 522 1805 ereptis,
545 1764 586 1798 <19⁹
606 1759 767 1803 palpebris
789 1757 962 1804 compreffis
977 1780 987 1795 ,
1007 1759 1059 1806 ‚ita
1069 1756 1319 1800 porrettae‚am-

297 1806 454 1852 plexuque
476 1804 629 1842 arteriam
643 1826 652 1841 ‚
675 1804 714 1836 ad
724 1801 929 1839 intervallum
940 1811 1065 1836 aurium
1069 1797 1224 1843 feruntur
1235 1823 1246 1839 ,
1258 1811 1318 1842 qua

300 1849 437 1886 maxillae
452 1845 605 1890 faucibus
628 1854 758 1885 coeunt.
783 1846 864 1879 Non
888 1856 949 1887 ego
972 1843 1027 1877 hic
1060 1854 1134 1877 cum
1169 1843 1315 1878 Riolano

296 1896 384 1933 (x),
431 1894 463 1926 ui
485 1892 636 1934 alioquin
662 1900 788 1923 mecum
811 1899 903 1925 venas
922 1886 1092 1932 jugulares
1117 1886 1278 1934 intelligit
1302 1909 1315 1926 ,

293 1948 398 1973 meam
447 1936 500 1968 inc
524 1934 714 1967 sententiam
738 1930 896 1965 confirmo
920 1930 1009 1973 quod
1031 1928 1181 1963 dicantur
1205 1940 1238 1961 1n
1248 1940 1315 1978 me-

287 1979 346 2015 dio
371 1979 417 2015 sui
441 1979 604 2019 accipere,
629 1977 680 2010 seu
703 1976 878 2018 compleffi
903 1975 1077 2011 arteriam5
1102 1983 1203 2021 neque
1226 1983 1313 2007 euim

287 2022 484 2059 Carotidern
508 2023 682 2061 arteriam,
707 2023 738 2055 &
764 2019 871 2055 multo
895 2019 1000 2052 minus
1017 2042 1026 2057 ,
1050 2014 1235 2066 utNiplrtts
1246 2015 1313 2057 (y)

291 2068 452 2111 exponit,
476 2067 639 2105 Aortam,
664 2064 715 2100 sed
737 2062 946 2106 pulmonum,
968 2072 1005 2097 ut
1029 2058 1217 2106 Aristoteles
1241 2070 1312 2091 mo·—

292 2112 335 2147 do
357 2111 557 2153 appellavit,
580 2109 733 2142 arteriam
747 2131 756 2145 ,
780 2105 815 2138 id
838 2104 879 2141 est
900 2104 1080 2153 Asperum,
1104 2111 1196 2152 Juxta
1211 2112 1311 2146 quam

293 2157 329 2192 in
353 2156 422 2190 imo
444 2153 533 2188 collo
554 2151 717 2188 ascendere
740 2148 835 2182 dietae
861 2148 958 2187 sunt,
982 2145 1059 2180 hinc
1083 2148 1114 2182 &
1138 2144 1215 2179 hinc
1240 2155 1311 2187 per-

293 2207 401 2243 gentes
427 2208 552 2240 porro,
576 2197 662 2229 inter
686 2194 714 2229 se
739 2193 885 2234 excipere
919 2190 1077 2225 dicuntur
1099 2213 1107 2222 .
1137 2188 1309 2234 Jugulares

295 2243 382 2279 enim
405 2252 517 2279 venas,
540 2251 603 2272 non
628 2236 798 2273 Carotides
823 2236 977 2274 arterias,
1003 2232 1057 2269 hic
1072 2230 1311 2282 describi,ma-

296 2284 448 2320 nifestum
472 2284 514 2316 est
538 2293 606 2316 tum
630 2293 668 2314 ex
692 2279 860 2322 suscepta,
884 2287 920 2313 ut
945 2285 1036 2313 antea
1061 2277 1178 2320 posui,
1213 2277 1311 2310 Cavae

297 2329 478 2371 Superioris
502 2326 742 2368 descriptione,
766 2332 838 2358 turn
861 2323 959 2356 etiam
984 2332 1023 2354 ex
1045 2331 1083 2352 eo
1105 2318 1195 2363 quod
1219 2345 1225 2356 ,
1251 2318 1312 2365 hac

296 2372 442 2408 absoluta
458 2395 467 2409 ,
491 2374 650 2404 continuo
672 2367 710 2402 de
733 2365 940 2408 respondente
966 2363 1024 2406 ipsi
1037 2364 1150 2396 Aortae
1175 2362 1315 2410 partesic

299 2415 441 2453 traditur
462 2417 555 2459 (zm
581 2414 673 2447 Vena
684 2411 779 2444 etiam
791 2409 891 2441 minor
905 2432 914 2447 ‚
929 2417 1028 2454 'quam
1040 2413 1162 2439 aortam
1176 2406 1317 2453 uiximus

299 2459 479 2498 nominari,
504 2457 605 2491 eodem
623 2454 788 2497 spargitur
811 2451 899 2487 modo
922 2460 954 2483 in
978 2458 1105 2498 ramos,
1129 2458 1182 2489 qui
1203 2455 1314 2490 partes

299 2514 382 2540 venae
406 2501 536 2543 majoris
560 2498 811 2542 consequantur.
838 2496 886 2528 De
910 2496 1049 2539 Ixnternis
1077 2500 1183 2526 autern
1205 2514 1217 2532 ,
1251 2501 1317 2540 non

298 2546 339 2582 de
363 2545 538 2580 artemis,
561 2544 648 2575 venis
677 2537 886 2582 Iugularibus
911 2540 1087 2571 sermonem
1112 2533 1203 2583 fui-sle
1237 2534 1317 2584 Ari-

300 2591 448 2628 stotelis,
472 2585 612 2622 ascensus
637 2579 745 2617 earum
769 2580 859 2624 juxta
883 2579 1045 2624 Asperam
1069 2585 1220 2611 arteriam
1244 2578 1319 2611 satis

299 2632 490 2677 comprobat
503 2642 514 2669 3
538 2640 576 2662 ne
599 2626 684 2662 forte
705 2624 793 2669 quod
816 2624 903 2661 dixit
918 2623 1006 2670 foris
1029 2620 1221 2667 apprehenfis
1238 2643 1248 2659 ,
1282 2619 1321 2656 de

301 2676 456 2715 Extetnis
478 2670 592 2710 dixisse
606 2696 614 2712 ,
639 2678 752 2716 putes.
825 2712 831 2719 .
1035 2710 1042 2717 ι
1133 2709 1140 2715 ι
1296 2707 1302 2716 .

348 2732 401 2755 22.
427 2716 530 2764 Qod
553 2715 576 2751 s1
599 2727 638 2751 ex
661 2725 711 2747 rne
734 2723 871 2756 quaeris,
893 2721 956 2753 qua
982 2719 1108 2743 ratione
1130 2705 1321 2753 idpotuerit

304 2764 399 2803 fieri3
423 2764 479 2799 vix
502 2757 590 2796 aliud
613 2758 741 2794 dicam,
766 2766 863 2798 quam
886 2753 976 2798 quod
997 2754 1079 2786 olim
1101 2753 1197 2800 Caip.
1222 2751 1323 2786 Host-

303 2817 439 2846 mannus
465 2807 532 2845 (a)
551 2814 558 2836 τ
582 2805 643 2835 An
666 2801 752 2835 vidit
773 2797 965 2838 ,Aristoteles
990 2796 1053 2831 tale
1078 2795 1153 2846 quid
1165 2794 1255 2840 quale
1269 2799 1323 2827 Co-

300 2853 393 2896 flaeus
418 2850 439 2883 l.
451 2851 483 2881 6.
509 2844 596 2889 Disq.
622 2842 759 2886 vhyfiol,
773 2854 799 2875 c.
813 2845 844 2875 6.
860 2841 897 2877 de
907 2838 1156 2876 circulatoribus
1168 2862 1180 2878 ,
1202 2837 1318 2883 affert,

306 2897 366 2939 qui
387 2894 421 2926 in
445 2901 537 2934 capra
559 2888 710 2922 videlicet
732 2886 863 2921 vinculo
886 2883 1006 2926 injecto
1029 2883 1134 2916 nervis
1174 2885 1205 2915 δι
1242 2879 1318 2916 vafis

309 2935 534 2984 jugularibus,
557 2930 645 2974 quod
668 2941 729 2972 pro
755 2929 894 2961 arbitrio
917 2926 1106 2962 contrahere
1128 2926 1212 2960 clam
1246 2923 1318 2974 pos-

309 2982 395 3017 Eut,
422 2987 476 3013 aut
500 2977 604 3011 laxare
619 2996 628 3011 ‚
653 2973 754 3008 modo
779 2973 871 3007 illam
895 2970 1063 3006 concidere
1086 2978 1203 3019 cogant
1228 2978 1319 3002 omni

311 3024 423 3062 sensu,
448 3024 480 3057 &
504 3028 598 3055 motu
622 3017 834 3055 destitutam,
860 3014 959 3048 modo
981 3013 1084 3049 sinant
1110 3014 1246 3046 resilire.
1274 3013 1320 3044 Et

310 3067 467 3113 quoniam
488 3061 527 3098 de
551 3059 728 3095 hominibus
750 3059 871 3095 diserte
894 3058 1021 3093 locutus
1045 3057 1087 3091 est
1110 3055 1320 3093 Aristoteles;

313 3111 403 3147 addit
415 3108 491 3144 alibi
514 3104 583 3149 (b)
597 3104 685 3139 idem
700 3102 917 3137 Hoffmannus
929 3125 941 3141 ,
952 3100 1160 3136 Βεηεάίᾶυῐῃ
1176 3111 1202 3132 1.
1214 3099 1320 3133 Prac‘t.

312 3166 366 3200 34.
390 3151 549 3190 scribere,
572 3150 606 3183 in
628 3146 763 3192 Assyria
786 3147 884 3181 moris
907 3144 960 3191 effe
975 3169 986 3185 ,
1009 3153 1045 3178 ut
1056 3141 1325 3193 adolescentibus,

315 3197 430 3242 quibus
450 3195 604 3238 praeputia
627 3192 763 3227 adimere
785 3190 922 3228 volunt,
946 3188 1043 3230 ligent
1054 3198 1149 3224 venas
1162 3197 1245 3221 circa
1254 3194 1326 3229 gut-

316 3250 370 3276 tur
387 3265 394 3272 .
418 3239 483 3273 His
505 3238 586 3271 enim
605 3235 707 3280 perire
721 3232 845 3279 sensum
869 3233 905 3266 <5
929 3240 1067 3266 motum.
1092 3232 1169 3264 Huc
1193 3241 1251 3265 nos
1274 3231 1324 3279 lo-

317 3295 396 3319 cum
418 3280 575 3318 Valverdi
601 3282 663 3320 (c)
685 3276 895 3321 adjiciemus:
920 3273 1131 3308 Carotidibus
1141 3272 1325 3315 obstruens,

315 3328 382 3371 five
404 3325 517 3368 quavis
541 3325 666 3357 tandem
690 3321 811 3355 ratione
824 3318 949 3361 occlufis
960 3341 968 3356 ‚
976 3317 1086 3358 statim
1100 3342 1108 3355 ‚
1120 3318 1227 3362 inquit
1240 3339 1249 3351 ‚
1275 3315 1327 3352 ob-

319 3369 556 3414 dormiscimus.
580 3367 675 3409 Cujus
698 3364 821 3407 quidem
841 3363 1019 3409 periculum
1036 3359 1143 3408 fecisse
1174 3359 1327 3401 Realdum

915 113 1073 170 Liber
1107 113 1171 169 11.
1203 114 1289 170 De
1322 113 1531 168 Morbis
1564 113 1829 171 Thoracis

1372 192 1553 229 columbum
1574 194 1660 238 ‘Pzfis
1681 205 1759 229 anno
1786 205 1876 239 1544.
1900 192 1964 237 ipse
1985 194 2054 228 vidi
2064 195 2097 228 in
2108 194 2295 238 adolescente
2307 208 2385 240 quo-

1383 237 1454 269 dam
1475 237 1509 270 in
1524 235 1688 281 frequenti
1698 236 1848 273 nobilium
1869 239 2009 273 virorum
2031 249 2143 273 corona
2159 260 2167 275 ‚
2189 250 2249 272 non
2271 241 2385 275 minori

1382 290 1487 312 eorum
1509 287 1646 318 terrore,
1669 291 1763 322 quam
1784 280 1916 321 nostrum
1941 281 2005 325 risu
2018 303 2030 321 ,
2052 282 2107 323 qui
2116 282 2149 315 id
2158 283 2383 320 incantamenti

1380 321 1872 367 vieffici,ipsispersuadebamus
1885 348 1892 356 .
1911 325 2056 366 Apparet
2069 348 2079 363 ‚
2102 323 2230 358 facilem
2253 324 2310 359 esse
2332 327 2386 360 de-

1383 364 1483 400 buisse
1506 366 1695 400 occludendi
1719 368 1877 401 rationem
1897 391 1907 407 ,
1932 378 2028 410 quarn
2058 366 2125 410 joci
2148 368 2244 402 causa
2276 369 2384 403 adole-

1383 409 1468 442 scens
1490 408 1545 443 ille
1568 409 1772 448 admitteret,
1798 409 1949 444 adstantes
1971 420 2076 446 autern
2109 413 2383 447 incantamentum

1369 450 1465 493 ⁴esse,
1489 462 1660 495 putarent.
1686 454 1766 495 Qo
1792 455 1894 496 magis
1919 454 2098 496 optandum
2122 466 2211 496 erat,
2234 465 2270 490 ut
2302 457 2385 491 Val-

1382 496 1495 529 verdus
1517 495 1619 534 hanc,
1644 505 1699 530 aut
1722 497 1903 532 Columbus
1928 507 2121 539 exponeret.
2147 498 2249 539 Qod
2281 509 2383 543 neque

1380 539 1437 572 ille
1460 538 1559 578 fecit,
1585 549 1620 573 ut
1645 539 1869 574 animadvertit
1893 541 2052 577 Riolanus
2075 542 2164 586 (d),
2189 544 2220 575 δέ
2244 543 2399 577 Colum-³

1377 581 1436 616 bus
1459 583 1563 617 multo
1585 584 1713 630 minus,
1738 591 1773 618 ut
1794 585 1852 625 qui
1876 586 1908 617 in
1932 586 2071 619 maxime
2090 587 2286 627 opportunis
2297 585 2383 621 adid

1378 627 1459 659 locis
1484 630 1545 669 (e)
1569 638 1633 660 non
1656 627 1759 661 solum
1781 626 1815 661 id
1838 626 1961 661 faetum
1980 627 2154 666 siluit‚sed
2166 630 2300 662 omnino
2311 640 2382 664 ner-

1379 671 1426 703 vis
1450 671 1482 703 in
1507 681 1581 703 cane
1603 669 1694 705 fimul
1718 681 1791 704 cum
1814 671 1854 703 iis
1878 672 2021 710 arteriis,
2046 671 2317 715 qufflaepe‘usu
2329 683 2383 706 ve-

1377 715 1453 754 nit,
1475 712 1648 755 deligati53
1672 725 1737 747 non
1760 714 1883 747 arteriis
1906 714 2002 757 ipsis,
2026 717 2114 751 vocis
2137 715 2254 749 tribuit
2286 715 2382 750 amis-

1376 756 1515 791 sionem.
1539 759 1647 796 Quem
1669 756 1691 790 fi
1717 757 1893 801 perlegisset
1905 759 2126 801 Hieronymus
2143 759 2275 794 Rubeus
2297 757 2380 802 (f);

1376 812 1441 835 non
1464 799 1602 842 dubito,
1625 802 1703 844 quin
1727 801 1899 843 scripturus
1921 800 2050 841 fuisset,
2075 801 2253 845 sibiaquam
2265 801 2381 837 haerere

1381 846 1416 878 in
1439 844 1593 878 Valverdi
1617 844 1799 879 narratione
1813 870 1821 881 ,
1845 843 1884 877 ad
1906 856 2000 887 quam
2012 844 2202 886 respiciens,
2223 845 2379 888 verifimi-

1381 888 1410 922 le
1432 885 1509 931 esse,
1532 889 1662 932 negavit
1676 914 1684 927 ,
1708 886 1907 930 dot‘iiffimum
1940 889 2150 923 anatomicam
2180 888 2381 926 Columbum

1380 931 1560 970 conjunctos
1582 942 1692 965 nervos
1715 932 1925 972 imprudenter
1947 941 2008 964 una
2031 942 2100 964 cum
2110 933 2239 965 arteriis
2249 933 2380 972 adstrin-

1379 975 1473 1019 xiffe:
1498 986 1682 1018 quanquam
1706 985 1806 1017 neque
1828 974 2014 1009 Aristotelis
2038 974 2155 1008 librum
2174 974 2212 1007 de
2236 977 2379 1017 Somno,

1379 1021 1412 1052 &
1435 1019 1560 1060 vigilia
1583 1028 1706 1053 attente
1718 1018 1757 1051 ab
1767 1017 1883 1052 Rubeo
1904 1020 1972 1061 (g)
1996 1018 2112 1051 leetum
2125 1017 2380 1062 putabis,quem

1374 1059 1486 1104 fugisse
1509 1061 1661 1097 videntur
1683 1061 1770 1096 illius
1793 1061 1908 1101 verba,
1931 1072 1948 1094 a
1970 1060 2061 1096 nobis
2083 1062 2194 1104 primo
2215 1062 2289 1095 loco
2313 1062 2380 1104 (h)

1373 1102 1558 1148 propofita,·
1584 1107 1666 1148 Qae
1690 1105 1857 1148 infignem,
1880 1115 1916 1138 ac
1938 1105 2192 1145 memorandam,
2223 1114 2259 1140 ut
2294 1115 2380 1140 certe

1373 1147 1416 1182 est
1430 1171 1441 1188 ,
1462 1147 1645 1192 'Philosophi
1666 1147 1892 1181 authoritatem
1902 1148 2034 1181 vocabat
2048 1149 2180 1191 quidam
2194 1172 2204 1188 ‚
2227 1160 2301 1183 cum
2312 1148 2381 1183 for-

1372 1191 1496 1233 teapud
1521 1192 1739 1235 Caesalpinum
1762 1190 1904 1233 legissem
1929 1190 2038 1224 iisdem
2053 1201 2156 1225 tamen
2168 1191 2381 1234 abutebatur,

1372 1232 1567 1268 contendeus
1579 1258 1590 1274 ,
1614 1233 1700 1278 quod
1725 1235 1898 1269 Stenonius
1919 1233 2098 1275 docuisset,
2116 1233 2232 1276 fibram
2257 1236 2380 1279 muscu-

1373 1278 1471 1312 larem
1494 1290 1513 1312 a
1532 1278 1684 1322 sanguine
1707 1277 1830 1311 attuari
1848 1288 1907 1319 pro
1940 1285 2026 1312 motu
2050 1302 2062 1318 ,
2094 1278 2129 1311 id
2160 1277 2307 1311 didicisse
2339 1278 2380 1313 ab

1372 1321 1585 1364 Hippocrate,
1609 1323 1651 1355 (φ
1673 1320 1748 1355 aliis
1768 1319 1953 1360 veteribus,
1976 1331 2091 1354 necnon
2112 1320 2151 1354 ab
2174 1320 2239 1365 ipso
2274 1321 2383 1365 Caesal-

1368 1365 1444 1407 pino
1466 1366 1499 1398 in
1522 1365 1619 1406 quaesi.
1645 1364 1788 1406 'Peripat-
1814 1362 1910 1405 quast.
1923 1375 1953 1407 3.
1978 1365 2012 1405 in
2029 1364 2113 1407 fine,
2137 1362 2192 1398 ubi
2213 1375 2379 1407 argumen-

1372 1416 1441 1443 tum
1465 1417 1503 1441 ex
1525 1408 1676 1452 ligaturis
1698 1407 1829 1451 expreJJe
1849 1408 2060 1449 proponitur,
2085 1404 2277 1450 &refertur
2287 1408 2376 1442 locus

1370 1451 1425 1484 ille
1449 1451 1656 1493 Aristotelis,
1678 1451 1717 1485 de
1740 1462 1808 1492 quo
1831 1449 1955 1485 dietum
1979 1449 2040 1483 est.
2065 1449 2158 1486 Quid
2183 1448 2196 1483 ?
2219 1449 2243 1483 si
2267 1451 2378 1486 locum

1370 1494 1464 1529 illum
1488 1495 1624 1531 alterum
1647 1493 1770 1537 legisset
1789 1495 1824 1527 in
1845 1505 1912 1536 quo
1934 1504 2072 1527 corruere
2095 1494 2243 1529 homines
2264 1494 2381 1528 dicun..

1371 1547 1446 1578 tur,
1471 1547 1524 1572 aut
1545 1550 1615 1582 quae
1641 1539 1737 1580 paulo
1758 1547 1832 1570 ante
1853 1537 1890 1571 de
1913 1538 2384 1580 circulatorumcapris,aliis-

1371 1593 1433 1625 que
1456 1581 1645 1616 hominibus
1671 1582 1793 1624 prolata
1816 1580 1907 1614 sunt.
1932 1580 1992 1613 Sed
2016 1579 2084 1613 haec
2104 1582 2233 1620 omnia,
2258 1591 2294 1615 ut
2306 1593 2385 1616 vera

1371 1624 1536 1658 evidenter
1560 1624 1654 1659 essent
1676 1649 1685 1664 ,
1711 1628 1744 1658 δε
1766 1635 1836 1666 quae
1869 1623 2068 1666 Caesalpinus
2103 1625 2136 1657 in
2168 1633 2311 1658 extrema
2345 1637 2381 1660 ea

1371 1669 1543 1711 quaestione
1569 1668 1681 1709 attigit
1705 1667 1783 1700 libri
1800 1689 1813 1707 ,
1835 1666 1921 1709 quod
1933 1666 2112 1700 addendum
2125 1667 2245 1706 fuerat,
2259 1669 2302 1702 V.
2316 1679 2382 1703 non

1372 1724 1409 1744 co
1433 1720 1541 1745 tamen
1566 1709 1774 1754 spectabant,
1797 1718 1834 1744 ut
1857 1708 2039 1744 constrictis
2061 1711 2188 1744 arteriis
2221 1710 2381 1745 musculos

1371 1753 1581 1793 adeuntibus,
1609 1754 1725 1788 horum
1748 1754 1908 1788 continuo
1933 1754 2085 1794 intercipi
2110 1762 2237 1787 motum
2253 1776 2262 1790 ‚
2285 1755 2384 1788 intel-

1369 1797 1562 1840 ligeremus,
1581 1798 1710 1831 Galeno
1732 1798 1792 1837 (i)
1819 1796 1996 1840 praesertim
2006 1797 2132 1830 dicente
2148 1811 2156 1829 ι
2179 1795 2319 1839 qualibet
2334 1809 2383 1832 ar-

1368 1843 1447 1875 teria
1470 1840 1597 1875 viuculo
1620 1849 1768 1885 excepta,
1793 1840 1914 1885 nullarn
1936 1841 1969 1873 id
1992 1840 2024 1873 in
2043 1839 2175 1882 prcesens
2184 1850 2296 1874 noxam
2303 1850 2381 1882 par-

1367 1884 1473 1917 ticulae
1496 1895 1591 1926 quam
1617 1884 1712 1924 adit,
1735 1881 1872 1928 afferi-83
1896 1883 1947 1916 sed
1971 1894 2010 1916 eo
2033 1893 2161 1917 tanturn
2175 1883 2383 1925 speetabant,

1366 1936 1402 1960 ut
1427 1927 1609 1961 constrietis
1632 1926 1709 1960 vasis
1733 1939 1804 1969 quae
1830 1928 1862 1959 in
1888 1927 1978 1959 collo
2010 1926 2082 1960 sunt
2103 1949 2117 1967 ,
2146 1937 2211 1960 non
2246 1928 2385 1970 amplius

1366 1982 1405 2003 ex
1428 1969 1524 2005 corde
1547 1971 1581 2003 in
1605 1971 1788 2009 cerebrum,
1811 1969 1985 2012 nervosque
2008 1969 2044 2003 id
2065 1969 2155 2013 quod
2180 1969 2384 2006 necessarium

1364 2012 1459 2053 esset,
1479 2013 1633 2052 influere,
1658 2013 1908 2056 perspiceremus
1932 2038 1939 2044 .
1973 2013 2091 2055 Neque
2130 2014 2196 2047 alio
2231 2016 2384 2050 attineret

1361 2057 1579 2099 Hippocratis
1602 2057 1664 2097 (le)
1688 2058 1798 2092 locus:
1821 2064 1859 2090 ut
1881 2056 1998 2098 aliquis
2021 2057 2056 2090 de
2079 2063 2201 2098 repente
2223 2067 2297 2091 voce
2310 2061 2382 2100 pri-

1361 2107 1458 2133 vatus
1476 2098 1561 2141 fiat,
1583 2109 1737 2134 venarum
1760 2100 2000 2140 interceptiones
2015 2097 2146 2142 faciunt
2159 2122 2173 2140 ,
2206 2098 2230 2132 fi
2252 2110 2289 2136 ut
2312 2102 2384 2139 lau-

1362 2142 1455 2176 datus
1478 2140 1697 2178 Hoffmannus
1722 2141 1800 2186 (l),
1824 2140 1905 2175 hanc
1929 2142 2147 2185 Hippocratis
2170 2143 2385 2187 interceptio.

1363 2198 1436 2220 nem
1457 2196 1610 2220 venarum
1625 2208 1634 2224 ,
1659 2186 1785 2221 eandem
1809 2184 1867 2219 esse
1880 2207 1893 2225 ,
1918 2193 2069 2227 putarent
2091 2187 2221 2226 caeteri,
2244 2198 2315 2221 cum
2327 2190 2382 2223 in-

1363 2229 1553 2270 terceptione
1575 2239 1726 2262 venarum
1750 2229 1782 2261 in
1805 2227 1881 2263 collo
1895 2254 1903 2268 ,
1927 2228 2114 2262 Aristotelis
2128 2255 2135 2261 .
2156 2229 2216 2264 Sed
2229 2232 2384 2274 quoniam

1363 2272 1506 2306 Galenus
1529 2275 1607 2313 (m)
1628 2281 1780 2305 venarum
1802 2272 2066 2313 interceptiones,
2088 2273 2220 2314 inquit,
2240 2274 2384 2318 appellat

1366 2316 1583 2358 Hippocrates
1607 2313 1800 2356 oppletiones
1822 2324 1885 2355 quoe
1907 2316 2022 2355 acopia
2032 2316 2236 2354 exoriuntur,
2253 2319 2383 2362 &Hip-

1368 2367 1516 2401 pocrates
1534 2357 1604 2400 *ipse
1627 2367 1702 2390 cum
1725 2356 1781 2391 has
1806 2357 2056 2398 interceptiones
2080 2360 2215 2400 exponit
2239 2372 2310 2402 quae
2325 2363 2384 2405 fiz-

1367 2412 1406 2434 no
1428 2401 1611 2443 contingunt
1635 2399 1751 2442 absque
1769 2397 1931 2442 manifesta
1955 2402 2046 2444 causa
2056 2423 2070 2441 ,
2091 2412 2149 2434 cor
2159 2402 2290 2444 quidem
2300 2427 2313 2445 ,
2327 2415 2382 2439 aut

1369 2443 1465 2485 hepar
1489 2452 1673 2483 memorat,
1697 2442 1859 2478 cerebrum
1891 2451 1999 2475 autem
2031 2454 2257 2488 nequaquam3
2280 2448 2383 2482 idcir.

1369 2498 1408 2520 co
1431 2497 1495 2520 non
1519 2484 1582 2521 aufi
1607 2486 1735 2527 sumus,
1758 2487 2012 2528 experimentum
2036 2486 2074 2521 de
2097 2498 2164 2529 quo
2187 2488 2355 2531 loquimur
2373 2517 2384 2534 ‚

1369 2530 1570 2572 Hippocrati
1594 2539 1707 2563 notum
1731 2529 1835 2564 dicere
1852 2553 1861 2569 ,
1885 2528 1971 2572 quasi
1996 2529 2034 2564 ad
2057 2529 2121 2563 hoc
2134 2530 2383 2574 allufiss‘et,ma-

1371 2573 1552 2616 luimusque
1575 2573 1616 2606 ab
1637 2572 1810 2613 Aristotele
1833 2573 1966 2607 initium
1991 2584 2100 2616 capere
2121 2598 2129 2606 .
2162 2575 2234 2610 Nec
2266 2585 2298 2610 te
2331 2579 2383 2620 pi-

1372 2627 1465 2659 geat,
1490 2616 1578 2660 quod
1601 2619 1878 2658 experimentum,
1902 2615 1942 2649 ab
1966 2628 2005 2649 eo
2038 2627 2251 2652 memoratum
2278 2651 2282 2659 ,
2316 2631 2383 2656 non

1374 2661 1412 2694 ad
1436 2660 1512 2694 colli
1538 2662 1687 2697 arterias,
1713 2660 1763 2696 sed
1786 2661 1824 2694 ad
1846 2670 1938 2694 venas
1961 2659 2382 2702 spectarcmstenderimus.

1373 2705 1524 2746 Namque
1547 2705 1645 2737 etiam
1668 2704 1704 2737 de
1730 2704 1792 2739 hoc
1816 2703 1920 2739 altero
1943 2703 2065 2738 videbis
2090 2704 2195 2750 postea
2219 2729 2231 2749 2
2265 2710 2380 2750 quanti

1375 2748 1522 2783 retulerit
1547 2747 1601 2781 hic
1623 2747 1717 2780 verba
1741 2746 1861 2783 fecisse.
2280 2751 2285 2753 ’

1418 2802 1469 2834 23.
1496 2790 1585 2826 Illud
1607 2800 1713 2826 tamen
1737 2790 1823 2834 quod
1847 2790 1885 2824 ad
1909 2789 1985 2825 colli
2010 2792 2141 2826 arterias
2165 2793 2304 2831 attinet,
2327 2806 2383 2830 ex.

1376 2837 1613 2878 perimentum,
1637 2834 1742 2878 ipsum
1765 2846 1891 2877 quoque
1914 2833 2024 2876 priscis
2047 2833 2138 2870 fuiss'e
2175 2841 2344 2879 cognitum
2367 2863 2382 2880 ‚

1368 2879 1514 2921 praeclare
1537 2879 1640 2924 liquet
1664 2890 1702 2911 ex
1725 2876 1826 2913 Ruffo
1848 2876 1987 2920 Ephefio
2010 2880 2095 2917 (n),
2117 2879 2174 2922 qui
2187 2882 2385 2924 arteriasper

1370 2921 1482 2957 collum
1490 2921 1656 2965 subeuntes
1666 2945 1677 2962 ,
1688 2924 1709 2955 C
1712 2922 1850 2959 arotidas
1867 2945 1874 2960 ,
1886 2921 1917 2953 id
1928 2920 1965 2961 est
1977 2924 1995 2952 S
2000 2919 2169 2967 omniferas
2179 2946 2191 2963 ,
2214 2926 2381 2965 antiquos,

1371 2967 1438 3003 ait,
1474 2965 1638 3011 nominasse
1664 2989 1676 3005 ,
1720 2965 1863 3007 quoniam
1896 2961 2062 3008 compreffae
2097 2965 2252 3000 hominem
2268 2968 2382 3009 sopore

1369 3009 1546 3053 gravabant
1560 3033 1568 3047 ,
1591 3019 1757 3050 vocemque
1780 3006 1978 3042 adimebant.
2005 3010 2094 3042 Tum
2120 3010 2203 3043 illud
2226 3009 2383 3053 subjicit,

1374 3052 1462 3096 quod
1485 3054 1518 3087 in
1542 3063 1681 3086 errorem
1705 3053 1807 3084 traxit
1830 3051 1999 3084 Danielem
2011 3053 2176 3086 Clericum
2193 3077 2202 3093 ,
2225 3055 2386 3096 pererudi-

1375 3106 1447 3131 tum
1471 3097 1615 3140 alioquin
1642 3097 1778 3129 Virum:
1803 3096 1954 3127 Caeterum
1976 3094 2073 3135 nostro
2090 3095 2203 3140 saeculo
2236 3108 2297 3130 non
2330 3110 2384 3132 ar-

1376 3140 1528 3175 teriarum
1543 3163 1551 3176 ‚
1568 3140 1624 3185 sed
1646 3148 1808 3173 nervorum
1837 3136 2046 3179 sensoriorum
2072 3136 2168 3180 prlope
2195 3166 2198 3173 r
2206 3140 2385 3182 jacentium

1376 3184 1408 3217 id
1429 3185 1548 3219 vitium
1574 3179 1653 3226 effe,
1678 3187 1869 3223 compertum
1892 3179 1930 3220 est
1953 3206 1960 3213 .
1996 3182 2086 3216 Hinc
2120 3181 2205 3216 disce
2228 3206 2241 3223 ,
2275 3185 2385 3227 inquit

1376 3228 1521 3261 Clericus
1545 3230 1558 3267 (
1580 3238 1596 3260 o
1618 3229 1631 3265 )
1656 3249 1678 3265 „
1704 3234 1815 3262 nervos
1839 3225 1893 3265 qui
1930 3224 2033 3270 postea
2069 3227 2278 3260 Recurrentes
2310 3228 2385 3262 sunt

1377 3294 1404 3311 „
1428 3271 1601 3313 appellati,
1626 3280 1702 3303 tunc
1726 3278 1830 3301 recens
1845 3270 1989 3300 inventos
2015 3267 2139 3305 luisse„
2165 3270 2295 3311 &quod
2306 3282 2385 3306 con-

1378 3315 1541 3357 sequitur,
1568 3313 1645 3347 alibi
1669 3316 1723 3353 (p
1746 3315 1758 3351 )
1781 3313 1825 3344 ait
1850 3334 1874 3351 ‚,
1887 3310 1944 3344 esse
1961 3311 2294 3351 animadvertendum,
2313 3316 2386 3351 Ga-

1379 3381 1404 3399 „
1430 3359 1536 3392 lenum
1558 3357 1616 3390 sibi
1646 3356 1789 3390 tribuere
1821 3356 1990 3388 inventum
2026 3355 2142 3390 horum
2176 3367 2343 3391 nervorum
2368 3372 2380 3398 ς

2242 3412 2343 3444 quan-

323 3493 2375 3516 W

466 3563 540 3587 Xlll.
556 3568 624 3590 n.3o.
685 3561 691 3587 (
708 3566 727 3590 p
742 3559 749 3587 )
766 3561 802 3583 De
818 3560 854 3582 Re
871 3556 1006 3584 Anatim.

466 3595 502 3619 De
518 3594 626 3619 Somno,
645 3593 667 3617 ἃ
683 3591 760 3620 vigil.
777 3598 797 3614 c.
815 3598 836 3613 2.
899 3587 969 3623 ’(Ιι.)
985 3590 1003 3611 l.
1019 3594 1041 3613 2,
1059 3589 1128 3614 Med.
1147 3587 1235 3617 Quaest.
1254 3594 1290 3615 ις.

475 3623 559 3651 Expos.
578 3623 602 3646 in
619 3622 682 3647 hunc
699 3622 746 3646 loe.
807 3621 821 3650 (
837 3627 855 3649 z
869 3618 883 3649 )
900 3625 973 3645 mltlo
985 3626 1007 3644 c.
1025 3627 1049 3648 4.

472 3656 543 3679 Anat.
560 3659 622 3682 corp.
641 3653 706 3678 hum.
724 3654 741 3677 l.
758 3654 783 3674 6.
800 3658 821 3675 c.
840 3657 873 3673 ιι.
965 3648 981 3673 d
998 3652 1004 3678 )
1021 3657 1042 3672 cr

470 3692 493 3709 n,
512 3690 549 3706 ιιι,
613 3684 626 3711 (,
643 3684 677 3714 i)
695 3685 730 3707 De
748 3681 807 3708 Puls.
823 3680 875 3705 Usu
890 3688 913 3704 c.
929 3687 951 3703 2.

466 3716 618 3767 ,Comrrhent
636 3720 659 3742 4.
677 3713 702 3737 in
718 3712 759 3738 cit.
777 3712 891 3742 Hippou.
908 3713 927 3735 l.
945 3717 971 3735 n.
987 3717 1022 3740 ²3-

1061 3657 1083 3679 9.
1100 3651 1144 3674 cit.
1162 3648 1191 3672 ad
1209 3656 1233 3671 n.
1252 3654 1289 3670 21.

409 3723 416 3738 7

379 3564 395 3623 5

385 3625 400 3654 (

384 3656 399 3685 ἱ

386 3686 394 3715 (

382 3718 393 3741 ί

385 3746 401 3777 ί

413 3753 430 3776 ὐ
417 3723 432 3738 3
409 3571 429 3708 &emese

441 3563 450 3592 )

443 3598 449 3621 ›

446 3624 459 3652 )

441 3655 454 3682 )

445 3690 453 3713 ›

451 3714 464 3743 >

447 3747 457 3778 )

1073 3555 1083 3586 (
1099 3565 1114 3586 ⁴7
1130 3557 1144 3587 )
1160 3554 1433 3580 DeAffest.Partic.c.2.

1112 3621 1122 3644 (
1140 3626 1154 3643 a
1172 3619 1179 3647 )
1197 3619 1339 3643 comment.

1015 3680 1028 3709 (
1043 3680 1059 3704 k
1078 3684 1086 3710 )
1104 3684 1138 3705 De
1157 3679 1218 3703 Vist.
1237 3683 1281 3701 rat.
1298 3676 1324 3701 in
1342 3680 1413 3702 Acut.
1432 3684 1456 3700 n.
1470 3685 1507 3706 37.

1086 3713 1100 3740 (
1116 3720 1132 3735 n
1149 3712 1158 3741 )
1174 3712 1211 3735 De
1226 3716 1291 3738 corp.
1307 3708 1377 3733 hum.
1394 3714 1455 3737 part.
1473 3706 1561 3737 appell.
1578 3705 1593 3730 l.
1613 3713 1632 3729 r.
1651 3712 1669 3729 c.
1681 3713 1717 3734 34.

1468 3584 1472 3587 ι
1496 3551 1504 3583 (
1520 3562 1532 3577 r
1548 3553 1565 3587 ).
1580 3548 1751 3576 Commentfln
1766 3549 2053 3580 Art.Med.Gal.qu.35.&
2063 3550 2087 3574 in
2101 3533 2387 3603 1¹.Fen1.Avit.{=Lio8.

1353 3584 1507 3640 {12¹⁴cl1‘21st1'.
1520 3585 1663 3639 ‘tutat
1678 3589 1805 3638 affra,
1844 3582 1850 3609 ‘
1867 3589 1884 3641 ἔ
1897 3583 1911 3635 l
1928 3583 2126 3646 3⁰152'ssr‘1'33oe'
2140 3588 2243 3637 1³?2‘535
2257 3619 2296 3640 29.
2354 3641 2360 3646 ¹

1354 3647 1362 3676 (
1380 3655 1391 3670 e
1406 3646 1420 3677 )
1436 3648 1452 3670 1.
1470 3645 1531 3670 ibid.
1549 3645 1589 3669 cit.
1608 3644 1631 3668 8:
1649 3647 1666 3668 l.
1683 3652 1707 3672 7.
1771 3643 1838 3677 (f.)
1856 3643 1947 3667 Annot.
1965 3651 1990 3666 in
2006 3641 2066 3667 Cels.
2086 3641 2134 3669 l·4‹
2146 3649 2167 3664 c.
2178 3650 2197 3667 1.
2260 3642 2387 3672 (g)1brd.

1570 3676 1577 3704 (
1596 3676 1605 3698 l
1623 3676 1630 3704 J
1647 3676 1790 3700 Commeat.
1808 3681 1832 3698 in
1848 3680 1869 3697 c.
1889 3681 1926 3706 ῃ.
1942 3673 1959 3697 l.
1978 3675 2011 3697 16.
2030 3673 2059 3696 de
2076 3671 2116 3695 Us.
2136 3674 2200 3696 Part.

1779 3707 1786 3735 ί
1805 3713 1817 3729 e
1834 3704 1846 3733 )
1863 3704 1922 3727 Hist.
1939 3703 1968 3728 de
1983 3704 2007 3728 la
2023 3702 2117 3727 Medec.
2137 3711 2158 3733 3.
2177 3705 2243 3727 ear-tr
2260 3703 2304 3727 l.2.
2321 3706 2386 3733 ch.3.
