2498 4075
434 183 588 249 Epist.
626 183 787 236 Anat.
824 185 1041 238 Medica
1075 183 1180 237 XL.
1221 183 1339 234 Art.
1379 198 1448 246 17·
1480 184 1556 237 18.
1588 186 1645 238 &
1676 201 1751 249 19.

48 257 209 301 roxysmis
230 259 293 294 esse
317 262 485 300 coactum.
509 275 584 297 curn
606 274 678 305 quae
700 265 775 297 alias
798 275 948 308 prompte
969 265 1048 299 libe·-

19 311 22 314 ’
50 311 224 343 raverantv,
247 303 365 338 frustra
391 306 426 339 in
450 307 542 340 usum
566 315 810 342 revocarentur.

94 354 145 388 17.
170 349 259 381 Inter
281 357 394 382 caetera
416 359 523 386 autem
546 349 737 385 detrimenta
763 362 832 393 quae
859 351 1047 385 mulieribus

48 387 186 424 afferunt
208 392 369 427 cruciatus
392 392 589 434 nephritici,
611 402 676 427 non
687 393 806 427 dubito
820 419 829 434 ,
851 396 930 436 quin
953 395 1049 428 abor-

50 444 124 471 tus,
148 442 203 467 aut
227 445 291 467 non
314 435 497 477 infrequens
520 439 551 469 δε
574 435 693 475 foetus,
717 440 748 470 &
771 439 1046 472 mati-isinteritus

49 476 89 511 fit
112 475 322 513 referendus.
361 480 448 514 Cum
480 481 566 513 enim
600 490 706 516 uterus
736 481 874 515 crescens
906 491 1046 516 ureteres

49 522 252 563 premendo,
276 522 382 556 minus
405 533 460 563 per
494 523 552 556 hos
584 523 711 557 facilem
736 524 844 560 reddat
867 526 966 559 urinae
990 525 1046 558 de-

49 562 179 599 fluxum
193 586 203 606 ‚
226 567 257 597 δε
275 591 283 605 ,
304 564 392 608 quod
414 566 646 608 consequitur,
678 567 829 601 nonnihil
851 569 884 601 in
917 568 1046 602 renibus

48 610 118 642 'eam
142 618 317 647 moretur-3
352 608 438 651 siqua
462 608 546 643 forte
569 610 688 644 vitium
711 610 840 653 aliquod
866 613 898 644 in
922 611 971 645 his
997 611 1047 645 fo-

49 661 103 685 vet
126 652 171 685 ob
194 651 281 694 quod
304 663 417 686 eorum
438 650 604 686 doloribus
626 654 767 687 obnoxia
779 655 837 692 fit3
863 666 973 696 nempe
997 657 1046 695 inf

47 694 87 729 de
111 697 213 740 magis
229 696 501 737 irritariiplorum
525 698 657 730 intimas
681 699 881 731 membranas
896 701 1046 738 ‚⁴&cru-

46 740 151 774 ciatus
172 740 329 777 excitari,
352 739 494 781 proclive
517 739 560 775 est
583 740 788 783 intelligere,
814 751 849 774 ut
872 741 952 775 illud
989 752 1044 783 pa-

47 783 127 816 riter
148 780 239 825 quod
260 791 335 815 toto
358 793 514 824 corpore,
549 783 652 826 iisque
687 784 860 826 praesertim
896 785 1045 824 Partibus

46 837 119 867 quae
142 827 175 858 in
199 834 308 858 ventre
333 824 427 862 sunt,
450 838 487 859 eo
510 835 674 860 tormento
698 838 751 869 per
774 838 887 860 nervos
910 830 943 861 in
966 839 1046 861 con-

47 867 172 903 sensum
194 869 323 908 tractis,
346 867 440 903 facile
463 879 538 904 ante
560 869 679 913 justum
703 880 827 912 tempus
849 882 887 903 ex
911 881 1044 905 contra-

48 910 145 946 hen-re
168 911 197 945 se
220 921 313 945 utero
336 910 435 947 foetus
466 915 612 955 exigatur
628 936 636 951 ‚
662 922 716 946 aut
739 923 826 948 certe
864 915 909 946 ita
943 913 1009 957 ipse
1030 936 1041 952 ‚

47 965 103 989 aut
128 965 247 992 mater,
272 964 348 990 tunc
371 956 525 997 gravibus
537 957 658 991 morbis
671 957 806 999 persaepe
828 960 951 999 impar,
975 969 1044 991 ma-

47 997 76 1030 le
100 998 293 1036 muletetur,
317 1008 353 1033 ut
378 1010 443 1032 non
466 1011 539 1034 raro
563 1002 695 1042 utrique
728 1001 933 1035 moriendum
970 1000 1008 1033 sit
1033 1024 1041 1033 .

43 1041 143 1085 Qd
167 1040 206 1075 ad
219 1041 368 1077 abortum
381 1044 524 1083 attinet,
547 1043 643 1079 habes
665 1044 700 1077 in
725 1041 935 1085 Sepulchreto
957 1046 971 1082 (
994 1051 1008 1076 t
1029 1047 1044 1083 )

43 1085 253 1119 Mammam,
277 1097 293 1118 a
317 1084 443 1119 Platero
479 1086 669 1128 descriptam
689 1112 696 1119 .
731 1087 780 1127 Ea
811 1087 1044 1128 quatuordecies

41 1137 165 1163 uterum
185 1127 301 1169 gestans
327 1151 338 1169 ‚
370 1130 465 1163 toties
488 1130 518 1162 8.
542 1130 596 1163 vel
616 1142 647 1171 9.
663 1128 788 1171 semper
819 1129 920 1172 mense
953 1128 1045 1164 abor-

40 1169 161 1206 tiebat.
186 1171 306 1205 Eadem
329 1172 447 1207 multos
469 1184 568 1206 annos
589 1172 780 1215 graviffimis
803 1180 914 1206 renum
946 1172 1045 1206 dolo-

44 1214 134 1248 ribus
155 1214 301 1249 obnoxia
325 1214 429 1250 fuerat
445 1241 454 1249 .
478 1216 628 1250 Dolorum
659 1225 771 1249 autem
795 1238 805 1254 ,
842 1217 884 1249 (9⁹
917 1215 1044 1250 abortus

40 1256 166 1299 causam
190 1257 332 1291 Platerus
355 1258 564 1304 deprehendit
588 1263 621 1293 in
644 1260 794 1297 renibus,
819 1271 959 1302 quorum
997 1261 1043 1293 al-

42 1312 92 1335 ter
116 1303 148 1334 in
174 1300 328 1345 marsupii
351 1303 508 1343 modum,
532 1302 702 1346 absumpta
726 1302 917 1343 substantia,
952 1302 1042 1338 reda.

41 1346 133 1384 etus,
157 1345 236 1378 alter
261 1357 277 1379 a
294 1357 418 1389 magno
439 1346 565 1380 calculo
589 1358 657 1381 erat
681 1346 889 1392 praetumidus
904 1371 912 1378 .

43 1387 167 1423 Mulier
191 1399 268 1422 vero
293 1400 311 1423 a
330 1389 424 1432 cujus
457 1390 616 1430 historia,
640 1399 676 1425 ut
709 1390 858 1433 pleraque
891 1390 972 1429 alia,
996 1391 1043 1426 ita

42 1430 105 1465 hoc
129 1443 263 1474 quoque
288 1433 562 1467 animadvertendi
581 1433 709 1468 occasio
740 1433 821 1467 mihi
853 1433 926 1468 data
963 1433 1008 1468 est
1032 1460 1043 1475 ,

42 1483 78 1508 ut
109 1473 251 1518 septimo
283 1476 625 1520 graviditatismense
649 1476 717 1519 ipsa
754 1479 898 1519 primurn
923 1504 932 1518 ‚
967 1490 1044 1513 mox

41 1519 73 1551 ἃ
107 1518 211 1560 proles
238 1520 386 1556 rextinsta
420 1519 458 1554 fit
478 1543 489 1563 ,
524 1522 556 1554 &
580 1520 852 1564 quemadmodum
887 1532 947 1555 ren*
976 1521 1043 1563 ejus

39 1561 204 1595 dexter-se
228 1560 382 1603 haberet,
407 1563 471 1606 jam
486 1562 582 1596 docui
607 1566 662 1607 (u
678 1564 720 1606 );
742 1573 778 1597 ut
800 1565 932 1606 quando
957 1576 1044 1598 mor-

40 1606 86 1637 tis
110 1605 198 1639 illius
219 1615 339 1647 genus,
361 1616 439 1641 tunc
463 1607 547 1640 aliud
560 1618 674 1651 agens,
701 1618 766 1641 non
781 1606 932 1650 quaefivi‚
957 1619 1044 1642 nunc

40 1647 201 1691 suspicere,
223 1650 309 1682 inter
331 1653 447 1690 mortis
471 1650 650 1692 praegressas
685 1651 732 1684 vel
758 1652 920 1692 proximas
943 1653 1043 1685 etiam

38 1692 177 1738 causas-2·¹
190 1692 273 1726 renis
295 1691 440 1727 dolorem
464 1692 576 1727 fuisse.
602 1692 703 1734 Qod
728 1695 759 1726 &
783 1694 821 1727 de
836 1694 906 1728 'alia
942 1696 1045 1735 suspi-

37 1747 96 1771 cor
119 1746 213 1776 quus
235 1732 374 1770 diffeetae
396 1736 690 1775 Observationum,
717 1748 844 1770 mecum
861 1763 869 1778 ,
906 1740 936 1771 Sc
968 1750 1043 1772 cum

35 1779 163 1812 Amicis
188 1780 311 1812 caeteris
332 1779 373 1819 ab
397 1781 570 1814 Santorino
593 1782 889 1820 communicatam,
922 1782 983 1815 huc
1005 1794 1044 1814 eo

37 1822 191 1856 libentius
216 1821 418 1863 adscribam,
441 1824 528 1865 quod
552 1827 583 1858 &
608 1825 670 1861 alia
695 1825 802 1867 aliqua
825 1826 974 1858 continet
999 1827 1042 1857 ti-

33 1866 91 1916 bi,
117 1876 231 1899 renum
254 1864 412 1900 fabricam
438 1868 595 1908 rimanti,
620 1869 755 1902 minime
787 1866 916 1902 fortasse
930 1869 1044 1912 displi-

36 1919 164 1944 citura.
346 1924 349 1930 r
895 1936 896 1941 ,

80 1952 130 1987 18.
156 1952 361 1989 FOEMINA
383 1963 458 1996 quae
481 1964 520 1987 ex
541 1965 654 1988 renum
677 1954 903 1989 affectionibus
925 1955 1040 1989 diula-

32 1997 226 2034 boraverat,
243 1995 387 2039 ,denique
410 2008 484 2031 cum
507 2005 634 2032 uterum
658 2008 781 2041 gereret
801 2022 809 2037 ‚
843 2001 961 2040 quinto
986 2010 1041 2041 ge-

35 2040 182 2075 stationis
205 2040 312 2076 mense
335 2039 443 2074 obiit.
571 2042 756 2086 ,RENUM
779 2042 861 2074 alter
886 2042 1040 2083 strigosus

34 2083 122 2121 fuit,
145 2083 264 2125 quippe
286 2094 382 2121 cavea
405 2082 543 2126 quidem!
561 2086 664 2127 pelvis
687 2085 778 2118 ancia
809 2106 817 2121 ,
853 2086 1038 2119 substantiae

34 2136 140 2160 autem
164 2126 369 2161 craffitudine
392 2136 562 2161 extenuata
577 2152 584 2159 .
607 2128 752 2162 Alterius
785 2139 915 2171 quoque
938 2152 947 2167 ‚
982 2129 1038 2161 etsi

32 2170 88 2204 lon
114 2169 230 2207 itudo,
251 2171 284 2203 &
308 2168 451 2203 latitudo
473 2172 675 2204 increverant
691 2197 700 2212 ,
725 2171 839 2213 exigua
864 2182 930 2205 erat
963 2173 1038 2214 qui-

34 2214 78 2248 bu
97 2215 172 2247 dam
195 2213 276 2247 locis
300 2213 480 2248 substantiae
502 2214 696 2255 craffitudo,
720 2213 819 2256 pelvis
842 2225 948 2253 autern
968 2226 1036 2247 am-

35 2257 168 2301 plitudo
190 2267 381 2299 permagna.
405 2257 487 2290 Haec
511 2268 589 2291 vero
622 2258 658 2291 in
690 2266 848 2290 ureterem
881 2254 1042 2292 desinebat

36 2302 162 2334 arestum
186 2298 287 2341 adeo,
311 2309 348 2334 ut
372 2298 498 2333 adactus
522 2312 572 2334 aer
593 2301 648 2334 vix
672 2299 819 2333 transiret
845 2325 853 2333 .
888 2302 962 2342 Qa
987 2313 1043 2335 au..

35 2347 104 2377 teni
129 2344 231 2385 pelvis
254 2354 328 2377 cum
351 2343 472 2376 intimo
496 2355 568 2378 rene
580 2343 783 2382 cohaerebat‚
809 2344 882 2383 latis
895 2345 1039 2386 pertusus

36 2395 105 2421 erat
128 2386 286 2426 orificiis,
309 2397 380 2428 quae
403 2397 478 2419 curn
502 2388 627 2429 magnis
658 2387 782 2420 cellulis
816 2388 1038 2422 communica-

37 2432 135 2464 bant.
161 2430 289 2464 Harum
311 2440 441 2473 quoque
461 2430 649 2464 cellularum
673 2431 780 2472 aliqua
814 2429 948 2472 parietes
980 2431 1039 2464 ha-

37 2473 136 2507 bebat
159 2474 229 2506 aliis
250 2472 388 2507 orificiis
410 2471 611 2516 perforatos3
635 2474 669 2506 in
693 2484 765 2517 quae
801 2474 954 2516 impulsus
988 2486 1038 2507 aer

37 2517 159 2550 multos
182 2516 403 2555 canaliculos,
426 2517 585 2558 simulque
620 2518 849 2558 Emulgentem
880 2517 1039 2551 distende-

35 2560 95 2594 bat*
117 2561 290 2593 arteriam.
316 2559 417 2594 Erant
441 2568 547 2593 autem
571 2560 596 2592 ii
622 2560 795 2594 canaliculi
819 2559 979 2594 arteriofis
991 2567 1042 2593 ra-

36 2605 99 2639 mis
133 2603 169 2638 in
203 2600 420 2636 transversum
453 2601 619 2645 impositi.
644 2603 813 2638 Caeterum
837 2614 885 2637 eas
906 2603 1040 2638 cellulas

35 2648 130 2681 urina
154 2646 337 2688 implebat:
361 2646 446 2679 renis
469 2655 576 2679 autem
599 2645 779 2689 superficies
802 2658 841 2681 ex
871 2647 949 2681 valis
982 2647 1038 2684 fie-

34 2687 324 2768 batetsanguiferis,
345 2688 380 2723 in
402 2688 637 2726 craffiusculum
659 2689 747 2735 quasi
781 2690 911 2726 stratum
948 2702 1039 2725 com-

65 2746 79 2768 a
119 2743 164 2767 is.

41 2746 63 2779 p
90 2786 140 2818 19.
164 2775 235 2817 Qi
259 2776 297 2810 ad
322 2775 578 2819 cognoscendam
600 2777 773 2817 intimam,
795 2785 832 2810 ut
850 2786 1041 2812 caeterorum

40 2820 202 2855 viscerum
216 2843 226 2859 ,
250 2817 292 2853 fic
302 2821 402 2853 etiam
412 2821 750 2861 renumstruecuram‚
774 2820 939 2855 morbosas
961 2832 1041 2854 con-

7 2877 11 2879 ·
40 2863 223 2899 stitutiones
255 2864 390 2897 omnino
421 2864 627 2906 aspernantur
649 2890 659 2905 ,
692 2875 756 2897 non
798 2864 879 2899 hanc
910 2863 1041 2901 fortasse

41 2914 251 2942 contemnent
266 2928 275 2943 ,
300 2917 340 2940 ex
361 2916 424 2948 qua
448 2907 599 2941 videlicet
615 2918 726 2941 renum
749 2908 944 2941 canaliculos
968 2919 1043 2950 pro-

41 2951 136 2990 bari,
158 2948 289 2984 credent
305 2972 323 2990 ,p
338 2961 413 2984 cum
435 2954 568 2989 arteria,
595 2951 682 2984 nulla
695 2961 727 2984 re
738 2950 902 2993 interjecta
918 2976 927 2992 ‚
951 2962 1042 2984 com-

42 2994 246 3029 municantes
269 3005 279 3030 ς
313 2993 416 3031 ιτᾶε,
441 3005 480 3027 an
504 2994 612 3032 secus,
638 3004 704 3027 non
726 2994 770 3027 est
794 2995 875 3028 mihi
900 2994 952 3029 hic
975 2993 1043 3029 dis-

42 3036 195 3081 quirendi
219 3036 332 3078 locus,
355 3045 454 3076 neque
487 3036 703 3071 confirmandi
736 3039 912 3080 excogitati
945 3050 961 3070 a
992 3049 1043 3071 me

42 3082 126 3115 olim
149 3086 159 3123 <
183 3090 205 3116 x
227 3082 242 3120 )
265 3080 303 3114 ad
328 3078 580 3121 patefaciendam
603 3091 715 3115 renum
738 3078 895 3115 fabricam
918 3082 1044 3123 experi-

43 3125 147 3166 menti
159 3149 167 3159 .
288 3123 340 3156 Ex
352 3122 410 3156 hac
422 3125 528 3165 potius
539 3148 548 3164 ‚
574 3124 706 3168 aliisque
718 3124 860 3158 historiis
875 3126 965 3166 (upra
980 3135 1045 3157 me-

43 3168 178 3202 moratis
201 3167 235 3200 in
260 3167 447 3202 memoriam
469 3168 563 3201 redeo
583 3169 732 3205 alterins,
755 3179 852 3210 quam
870 3181 909 3203 ex
933 3168 1046 3201 Willi-

44 3212 91 3246 fio
114 3210 254 3255 reperies
273 3211 306 3243 in
329 3208 573 3251 Sepulchretum
597 3216 650 3253 (y
676 3214 687 3249 )
709 3212 898 3258 translatam
914 3237 921 3245 .
946 3213 985 3244 In
1009 3223 1044 3244 ea

46 3246 141 3290 n‘obis
165 3254 328 3287 Matrona
347 3252 540 3287 describitur
572 3266 588 3288 a
612 3256 726 3288 multis
750 3266 814 3297 jam
839 3258 952 3296 annis,
984 3260 1074 3297 po-“

43 3297 200 3334 eiffirnum
224 3307 302 3329 vero
324 3296 576 3340 quotiescunque
588 3308 777 3340 conceperat
800 3322 810 3338 ‚
845 3301 885 3332 iis
907 3296 1047 3341 spasmo-

44 3343 125 3376 dicis
149 3339 315 3375 affectibus
337 3340 445 3373 vexari
471 3339 585 3378 solita,
608 3342 652 3375 ob
675 3352 756 3384 quos
780 3342 837 3375 sub
862 3342 958 3376 finem
982 3350 1048 3374 ter-

44 3387 84 3425 tii
111 3383 229 3421 menfis
247 3383 397 3418 abortum
420 3384 541 3425 semper
564 3383 699 3418 faciebat
720 3408 733 3426 ‚
765 3385 854 3428 quod
883 3383 1048 3419 noviffime

22 3452 25 3455 >
48 3439 179 3472 quoque
202 3428 408 3469 contigerat,
430 3428 531 3462 acutis
563 3428 712 3463 videlicet
746 3429 931 3462 lumborum
968 3438 1049 3470 prae-

47 3473 163 3508 sertim·
183 3470 350 3506 doloribus
384 3481 450 3504 non
483 3468 575 3504 semel
608 3471 844 3513 redeuntibu53
877 3475 909 3505 &
942 3471 1049 3514 postea

46 3514 176 3561 quoque
199 3515 340 3554 acriter,
361 3510 427 3547 fere
451 3513 551 3556 usque
572 3513 610 3548 ad
621 3514 815 3562 lextremum
838 3516 916 3549 vitaz
939 3516 1049 3553 diem,

1927 201 2018 251 143

1098 266 1156 306 qui
1178 261 1362 305 trigesimus
1376 264 1526 303 (moetus
1549 261 1614 297 fuit
1636 262 1676 294 ab
1701 263 1842 301 abortu,
1863 272 1938 296 cum
1964 263 2091 297 vomitu

1097 307 1346 341 divexantibus,
1369 307 1534 341 Cadavere
1555 305 1678 342 inciso,
1704 304 1861 339 Willisius
1872 316 1937 337 non
1958 305 2095 339 dubita-

1099 353 1173 390 vit,
1196 352 1278 392 quin
1301 348 1452 383 dolorum
1476 349 1565 383 causa
1587 348 1752 382 statuenda
1775 348 1850 382 esset
1871 349 1905 381 in
1939 359 2021 390 aqua
2044 350 2095 381 in-

1098 404 1147 427 tra
1171 394 1316 427 cranium
1337 391 1551 435 deprehensa,
1574 404 1646 435 quae
1671 391 1745 425 inde
1768 402 1824 434 per
1847 401 1961 424 nervos
1984 393 2017 424 in
2029 402 2096 424 me-

1098 438 1227 473 senterii
1246 446 1388 470 centrum
1410 436 1557 478 delapsa,
1573 435 1770 469 membranas
1783 432 1974 469 distraxisset
1989 458 1998 474 ,
2017 444 2097 474 quas

1096 482 1143 515 iffi
1167 480 1339 522 interje5to
1362 491 1430 513 aere
1453 491 1517 512 non
1541 479 1626 513 secus
1647 477 1787 512 divulsas
1820 478 1946 513 invenit
1963 499 1978 519 ‚
2011 488 2047 511 ac
2069 477 2096 510 fi

1096 525 1199 558 lanius
1221 522 1408 557 insufflasset
1422 548 1429 554 .
1455 523 1615 565 Equidem
1640 532 1704 554 non
1725 524 1752 554 is
1773 521 1843 554 sum
1864 524 1921 564 qui
1946 531 2062 561 aquam
2082 526 2098 559 ,'

1096 569 1261 601 cerebrum
1285 566 1497 600 inundantem
1523 591 1533 607 ,
1565 564 1779 609 spalmodicos
1801 563 1904 598 facere
1927 562 2014 605 posse
2036 563 2097 597 do—

1095 613 1203 651 ·lores,
1226 622 1339 653 negem
1354 635 1361 642 .
1388 608 1446 643 Sed
1469 618 1576 643 tamen
1600 611 1633 642 in
1655 607 1906 649 cadaverequod
1928 606 2097 647 citiffime,

1098 657 1168 693 ait,
1190 652 1442 696 computruisse,
1465 651 1592 686 facilius
1614 654 1772 685 estaerem
1797 651 1890 684 illurn
1912 651 1968 692 qui
1995 661 2096 683 mem-

1097 699 1205 731 branis
1227 705 1295 730 erat
1318 696 1550 739 interpositus,
1573 709 1590 729 a
1615 694 1873 737 putredine'ipsa
1895 705 1999 727 recens
2022 705 2099 726 evo-

1096 743 1415 782 lutum-concipere,
1438 751 1535 781 quarn
1559 742 1593 772 in
1618 740 1747 772 vivente
1769 737 1835 780 jam
1868 736 1978 775 fuisse.
2004 736 2099 775 Qid

1096 796 1176 822 eruo
1198 784 1243 817 est
1270 788 1281 816 ?
1316 784 1350 819 A
1375 784 1505 817 renibus
1533 781 1666 817 fortasse
1701 780 1837 823 petenda
1870 781 1970 813 altera
2002 778 2096 813 causa

1098 823 1202 861 {uetat
1226 849 1234 863 ,
1264 838 1342 869 >quae
1367 826 1405 860 ad
1429 838 1544 868 aquarn
1568 827 1660 859 illam
1683 822 1898 865 adjiceretur.
1923 821 2013 856 Nam
2048 834 2098 856 re-

1096 881 1150 904 nes
1184 870 1258 906 satis
1281 869 1410 912 quidem
1434 870 1523 903 sanos
1546 868 1657 906 fuisse,
1682 867 1802 905 refert·‚
1828 867 1965 901 alterum
1989 875 2098 899 tamen

1093 925 1207 948 eorum
1239 913 1391 956 inusitatae
1415 910 1512 955 fuisse
1538 911 1647 955 figurae
1665 934 1675 950 ‚
1699 920 1734 944 ut
1759 920 1836 952 pote
1857 912 1914 953 qui
1939 911 1971 942 in
1990 908 2099 951 plures

1092 956 1177 991 lohos
1200 956 1291 996 instar
1314 957 1396 990 renis
1419 955 1552 989 vitulini
1569 954 1767 997 findebatur.
1793 956 1852 988 Fac
1875 954 1962 987 enim
1984 962 2097 985 eurum

1094 1001 1157 1034 tibi
1182 1001 1291 1033 veniat
1316 1001 1351 1033 in
1374 1008 1538 1039 mentem,
1560 1010 1631 1040 quae
1658 996 1846 1039 Ruyschius
1879 1001 1893 1037 (
1915 999 1973 1044 z)
2004 995 2099 1030 semel

1094 1045 1322 1086 atqueiterum
1344 1042 1384 1080 ab
1407 1041 1437 1075 se
1460 1050 1624 1084 comperta
1649 1042 1811 1074 memoriae
1835 1039 2000 1082 prodidit.
2026 1037 2102 1072 Post

1095 1087 1315 1121 intolerabiles
1339 1085 1525 1119 lumborum
1557 1084 1683 1118 dolores
1708 1108 1716 1121 ‚
1752 1094 1816 1116 non
1852 1083 1994 1118 calculos
2017 1105 2032 1121 ,.
2062 1090 2101 1115 ut

1096 1131 1161 1173 ipse
1176 1155 1186 1170 ,
1208 1129 1383 1171 omnesque
1408 1128 1621 1170 expectabant
1636 1153 1643 1167 ,
1667 1126 1720 1160 sed
1744 1127 1936 1169 inequalem
1968 1127 2100 1170 dumta-

1097 1184 1173 1211 xat,
1197 1175 1280 1207 utin
1305 1171 1454 1205 humanis
1476 1169 1630 1209 foetibus,
1654 1174 1685 1203 δι
1701 1171 1733 1202 in
1747 1171 1860 1202 vitulis
1875 1194 1885 1208 ,
1909 1171 2101 1211 bobuique,

1099 1229 1214 1251 renum
1237 1215 1435 1257 superficiem
1461 1212 1519 1247 esse
1550 1212 1799 1256 deprehensam.
1822 1214 1959 1246 Fatetur
1995 1221 2103 1245 auten:

1095 1271 1132 1296 ut
1165 1272 1230 1294 rem
1264 1259 1322 1294 sibi
1355 1259 1534 1292 inauditam
1555 1280 1563 1296 ‚
1598 1257 1638 1290 sic
1662 1268 1792 1299 quoque
1825 1257 2066 1298 incompertum
2091 1277 2102 1292 ,

1092 1305 1264 1347 quomodo
1287 1315 1325 1337 ex
1345 1301 1502 1345 ejusmodi
1527 1302 1683 1335 structura
1708 1310 1774 1334 tam
1797 1309 1892 1334 atrox
1913 1299 2009 1332 dolor
2030 1324 2038 1336 ,
2070 1300 2104 1331 &

1096 1349 1260 1391 sanguinis
1286 1347 1365 1390 saepe
1389 1346 1505 1380 mietus
1528 1344 1702 1378 existeret.
1726 1344 1795 1386 Qi
1820 1342 1946 1377 tametsi
1971 1353 1987 1375 a
2014 1341 2103 1375 Wil-

1095 1393 1170 1425 lifio
1195 1403 1259 1425 non
1284 1399 1504 1425 memoratur,
1532 1388 1643 1431 potuit
1668 1395 1774 1420 tamen
1798 1387 1879 1421 illud
1903 1386 1985 1419 renis
2018 1385 2099 1418 inti-

1096 1447 1186 1470 rnurn
1210 1436 1352 1468 vitium.
1377 1432 1465 1476 quod
1489 1432 1746 1475 inaequalitatem
1769 1429 1947 1472 superficiei
1979 1437 2034 1461 aut
2058 1426 2106 1462 se-

1096 1489 1270 1521 queretur,
1295 1487 1349 1512 aut
1360 1475 1499 1516 faceret,
1522 1473 1724 1509 necdum'ad
1747 1485 1821 1507 eum
1834 1471 2006 1517 perveniss'c
2030 1482 2105 1520 gra·
2148 1487 2150 1490 >

1095 1523 1193 1561 dum,
1219 1532 1253 1555 ut
1279 1522 1462 1564 sanguinem
1488 1520 1618 1553 eliceret
1649 1519 1707 1561 qui
1740 1529 1817 1552 curn
1840 1518 1931 1551 urina
1957 1526 2106 1550 excerne-

1099 1576 1207 1600 retur.
1233 1566 1332 1603 Quod
1357 1565 1474 1597 vitium
1487 1563 1580 1604 quale
1602 1559 1663 1597 fit,
1686 1560 1961 1602 cumRuyschius
1985 1558 2106 1592 cohor-

1090 1620 1184 1644 ·tetur
1208 1620 1339 1643 caeteros
1363 1607 1400 1641 ad
1425 1605 1676 1647 inquirendum;
1700 1615 1764 1638 non
1797 1613 1870 1637 ante
1901 1605 1976 1646 quis
2012 1601 2107 1635 facile

1099 1653 1277 1695 conjiciat,
1300 1662 1399 1695 quam
1424 1650 1501 1683 sciat
1525 1671 1534 1686 ‚
1571 1659 1648 1682 num
1684 1648 1812 1682 adultos
1847 1658 1956 1680 omnes
1989 1647 2108 1686 quibus

1096 1709 1132 1731 ea
1159 1708 1269 1730 renum
1293 1694 1496 1737 inaequalitas
1521 1692 1579 1729 lit,
1615 1691 1732 1725 horum
1769 1693 1930 1725 cruciatus
1962 1687 2108 1723 infestet.

1143 1751 1192 1773 zo.
1219 1741 1326 1781 Igitur
1362 1739 1381 1772 li
1416 1749 1486 1780 quae
1513 1736 1552 1769 ab
1578 1735 1815 1777 antiquioribus
1850 1734 1967 1777 scripta
2000 1731 2107 1782 suntn,

1096 1778 1331 1821 attendantur3
1354 1793 1420 1815 non
1449 1780 1509 1813 esse
1531 1780 1563 1812 id
1578 1790 1711 1818 verum,
1735 1792 1750 1812 a
1767 1780 1875 1819 primo
1899 1778 2015 1819 aliquis
2040 1786 2110 1809 exi-

1098 1828 1262 1861 stimabit.
1287 1826 1420 1860 Etenim
1448 1834 1520 1857 cum
1544 1822 1732 1856 Aristoteles
1758 1822 1810 1864 (a
1835 1825 1846 1860 )
1869 1820 2029 1855 hominum
2062 1829 2109 1853 re-

1098 1882 1152 1904 nes
1176 1869 1304 1903 bubulis
1321 1869 1439 1913 similes
1463 1864 1535 1910 effe,
1560 1865 1731 1899 tradiderit
1757 1889 1766 1904 ‚
1799 1866 1912 1907 quippe
1947 1864 2001 1906 qui
2037 1870 2110 1896 tan-

1095 1925 1189 1956 quam
1213 1912 1368 1955 compositi
1403 1921 1439 1944 ex
1461 1908 1571 1943 multis
1596 1907 1720 1941 renibus
1744 1909 1866 1950 exiguis
1876 1908 2031 1948 constent,
2053 1917 2107 1939 ne-

1093 1969 1154 1999 -que
1176 1955 1337 1998 aequabiles
1362 1954 1428 1997 fiat
1451 1966 1460 1991 ς
1493 1956 1524 1985 in
1552 1951 1711 1995 plerisque
1736 1951 1847 1985 saltem
1881 1954 1927 1985 ita
1955 1953 2108 1984 inventos

1096 1999 1179 2040 esse,
1204 2000 1304 2032 videri
1331 1996 1461 2040 potest:
1487 1996 1653 2038 plerosque
1682 2005 1788 2028 autem
1812 1994 1960 2029 homines
1996 2004 2108 2027 renum

1096 2029 1264 2077 doloribus
1298 2053 1373 2076 tunc
1414 2040 1470 2074 effe
1497 2050 1645 2077 vexatos,
1670 2041 1822 2077 cuinam,
1848 2039 1978 2080 quaeso,
2003 2039 2109 2071 credi-

1094 2088 1161 2120 bile
1186 2086 1223 2120 {it
1250 2091 1260 2118 ?
1297 2089 1341 2118 At
1367 2085 1387 2118 si
1414 2097 1429 2118 a
1453 2083 1595 2117 foetuum
1612 2108 1620 2122 ‚
1645 2086 1675 2116 &
1700 2084 1884 2126 puellorum
1908 2081 2109 2125 inspectione

1096 2131 1134 2163 ad
1161 2132 1194 2163 id
1218 2130 1420 2163 scribendum
1445 2128 1617 2161 insuetum
1642 2126 1702 2160 effe
1718 2151 1728 2166 ,
1752 2126 2008 2168 suspicabimur,
2034 2137 2107 2168 quae

1094 2173 1241 2215 suspicio
1264 2175 1297 2207 in
1322 2171 1605 2205 Adnotationibus
1629 2171 1770 2204 indicata
1794 2170 1836 2204 est
1870 2169 1908 2204 ad
1941 2169 2108 2203 Eustachii

1092 2218 1215 2250 librum
1237 2216 1433 2253 deRenibus
1458 2214 1542 2257 (cl);
1564 2214 1742 2248 Aristotele
1756 2213 1911 2256 seposito,
1933 2223 2014 2255 quot
2030 2214 2109 2250 alii,

1098 2263 1130 2293 &
1153 2262 1313 2300 inquot,
1338 2258 1518 2301 quibusque
1534 2257 1620 2291 idem
1633 2258 1858 2299 conspexerint
1868 2281 1886 2303 ³.
1905 2267 2106 2300 quaeremus.

1101 2302 1294 2336 Eustachius
1317 2305 1330 2340 (
1353 2316 1368 2336 c
1394 2307 1427 2342 )‚
1450 2304 1505 2345 qui
1531 2301 1652 2334 multos
1671 2327 1680 2342 ‚
1705 2299 1804 2343 fiquis
1837 2302 1940 2340 alius,
1964 2300 2106 2343 inspexit

1100 2345 1258 2380 humanos
1280 2357 1389 2383 reneS,
1414 2348 1447 2378 in
1474 2356 1562 2382 uno,
1587 2355 1640 2378 aut
1664 2343 1765 2378 altero
1802 2345 1973 2379 dumtaxat
2006 2345 2040 2379 id
2076 2345 2106 2378 se

1097 2389 1233 2429 vidisse,
1258 2388 1585 2422 memoriaetradidit:
1608 2389 1665 2431 qui
1689 2389 1743 2421 etsi
1769 2390 1906 2429 reticet,
1932 2399 1969 2423 an
1994 2400 2033 2423 ex
2058 2401 2107 2423 re-

1092 2433 1190 2466 nibus
1213 2432 1404 2466 laborassent
1422 2445 1432 2471 3
1449 2432 1646 2466 subindicare
1670 2440 1777 2465 tamen
1793 2433 1921 2467 videtur
1936 2458 1946 2473 ‚
1972 2444 2045 2467 cum
2057 2434 2104 2467 al-

1092 2478 1202 2512 terius.
1217 2488 1302 2510 renes
1325 2476 1537 2518 magnitudine
1559 2485 1692 2518 quoque,
1719 2476 1785 2513 ait,
1801 2473 1897 2519 fuiffi'
1918 2475 2010 2510 valde
2031 2477 2105 2520 insi-

1096 2520 1151 2561 gni
1173 2520 1216 2552 Θ
1252 2520 1330 2553 alios
1354 2518 1439 2561 longe
1455 2518 1622 2560 superante
1641 2544 1649 2556 ,
1674 2523 1704 2554 δι
1728 2530 1802 2553 cum
1830 2520 1908 2552 alibi
1931 2522 1945 2559 <
1968 2520 1988 2552 α’
2011 2523 2022 2559 )
2048 2532 2117 2555 ne·-

1097 2572 1156 2604 gat
1188 2584 1198 2600 ‚
1228 2563 1263 2596 id
1295 2564 1463 2595 inventum
1496 2562 1536 2594 iri
1563 2587 1572 2601 ‚
1606 2561 1662 2604 ntfi
1694 2570 1751 2595 aut
1782 2564 1914 2596 cadaver
1947 2564 2032 2597 natta·
2055 2563 2103 2607 si-

1095 2616 1190 2649 mus,
1212 2606 1300 2648 cujus
1322 2615 1407 2638 renes
1429 2603 1600 2638 tuberculis
1625 2605 1794 2647 scateant,
1830 2614 1886 2641 aut
1921 2616 2035 2641 natura
2069 2609 2101 2642 in

1096 2649 1143 2682 eis
1167 2647 1396 2691 conformandis
1430 2660 1448 2681 a
1480 2647 1543 2690 lege
1572 2648 1632 2691 sua
1663 2647 1825 2692 discesserit
1848 2674 1855 2682 .
1891 2651 1990 2691 Qod
2026 2663 2100 2686 cum

1093 2701 1244 2734 perquam
1267 2703 1336 2726 raro
1370 2693 1579 2733 contingere,
1603 2693 1818 2727 Anatomicus
1841 2693 2101 2729 adeo'exercita-

1098 2744 1151 2768 tus
1176 2736 1311 2769 affirmet
1334 2748 1344 2773 5
1378 2737 1495 2768 mirum
1520 2733 1616 2775 esset,
1640 2735 1794 2779 scripturn
1828 2737 1931 2780 postea
1964 2737 2056 2773 fuisle
2082 2752 2098 2774 a

1095 2778 1269 2821 Veslingio
1292 2784 1306 2820 (
1328 2789 1343 2812 e
1367 2782 1400 2818 ),
1418 2778 1534 2820 sapius
1556 2787 1657 2812 tamen
1682 2790 1770 2813 renes
1793 2790 1808 2813 e
1829 2782 1996 2824 campanis
2010 2783 2099 2816 velu-

1096 2822 1125 2853 ti
1145 2822 1304 2865 glandulis
1327 2821 1505 2864 inaequalem
1523 2820 1718 2863 superficiem
1734 2845 1743 2860 ‚
1767 2834 1857 2869 quam
1879 2825 1911 2857 in
1926 2822 2011 2867 foetu
2042 2836 2100 2860 ex..

1096 2862 1203 2898 hibent
1225 2889 1234 2904 ‚
1272 2867 1304 2899 in
1327 2865 1445 2898 adultis
1478 2874 1594 2906 quoque
1617 2866 1747 2898 retinere
1769 2880 1778 2903 3
1811 2865 1869 2901 nisi
1892 2869 2015 2904 aeuuius
2049 2869 2100 2903 fo-

1097 2918 1146 2941 ret
1169 2911 1398 2951 interpretari,
1415 2907 1530 2950 saepius
1553 2906 1664 2940 dixisse
1688 2907 1939 2951 comparantem*
1955 2923 2028 2945 cum
2060 2925 2098 2947 eo

1097 2951 1187 2994 quod
1212 2952 1309 2986 modo
1332 2951 1478 2991 dixerat,
1502 2954 1532 2983 &
1554 2960 1637 2984 certe
1650 2952 1756 2985 multo
1780 2955 1879 2989 rarius
1909 2955 1973 2993 est,
1997 2967 2098 2991 unum

1096 2995 1271 3038 aliquando
1296 3006 1354 3038 pro
1386 2993 1515 3028 duobus
1538 2995 1665 3029 renibus
1687 2997 1857 3037 inveniri,
1891 3010 1989 3040 quam
2022 3011 2096 3034 cum

1098 3038 1244 3072 Riolano
1267 3036 1352 3081 (f)
1377 3036 1604 3080 reprehendere
1628 3062 1635 3070 .
1672 3040 1836 3073 Adversus
1868 3053 1964 3084 quern
1998 3043 2030 3076 id
2068 3044 2098 3078 se

1097 3092 1232 3124 unquam
1254 3079 1383 3124 vidiffe,
1417 3090 1583 3123 negantem
1607 3103 1616 3117 ‚
1649 3080 1691 3115 fic
1725 3084 1856 3125 quidem
1889 3085 2098 3128 Veslingium

1097 3134 1208 3159 tuetur
1232 3127 1427 3159 Dominicus
1441 3124 1478 3157 de
1497 3124 1692 3158 Marchettis
1713 3128 1727 3165 (
1745 3136 1768 3167 g
1792 3130 1823 3165 )‚
1847 3138 1883 3162 ut
1905 3129 2098 3171 confirmet,

1097 3168 1128 3201 se
1153 3180 1230 3202 vero
1253 3169 1285 3202 id
1309 3168 1381 3207 bis,
1402 3175 1490 3200 terve
1522 3169 1554 3200 in
1577 3167 1638 3202 hoc
1662 3167 1808 3203 Theatro
1830 3171 2011 3205 ostendisse.
2038 3174 2097 3208 Sed

1097 3222 1209 3246 neuter
1233 3214 1368 3246 verbum
1379 3210 1481 3244 ullum
1505 3209 1614 3253 injicit
1638 3212 1720 3246 unde
1743 3214 1960 3254 intelligamus
1975 3236 1983 3251 ,
2009 3215 2096 3256 sani,

1099 3266 1137 3289 an
1161 3256 1238 3298 aegri
1263 3258 1286 3289 ii
1311 3256 1433 3289 fuerint
1455 3256 1487 3286 in
1511 3256 1630 3297 quibus
1653 3258 1820 3289 invenere.
1847 3257 1918 3291 Nec
1943 3269 2018 3292 vero
2049 3261 2098 3293 in-

1099 3298 1176 3340 jecit
1200 3300 1256 3341 qui
1280 3298 1373 3332 semel
1398 3297 1430 3330 id
1453 3297 1538 3330 vidit
1563 3299 1871 3332 Diemerbroeckius
1903 3302 1919 3339 (
1939 3300 1959 3333 h
1981 3305 2018 3342 ),
2041 3314 2098 3336 ne.

1099 3354 1161 3384 que
1185 3343 1239 3374 alii
1262 3354 1343 3385 quos
1367 3341 1465 3374 sciens
1488 3343 1613 3374 omitto
1634 3364 1647 3381 ³
1680 3342 1750 3384 ipso
1782 3342 1959 3383 praesertim
1991 3344 2098 3379 recen.v

1100 3387 1222 3422 tiores,
1246 3385 1267 3418 fi
1292 3386 1372 3419 duos
1396 3386 1535 3425 excipias
1559 3396 1700 3426 quorum
1726 3385 1854 3419 alterius
1878 3385 2102 3422 Observatio-

1100 3438 1172 3461 nem
1196 3428 1293 3463 habes
1326 3430 1359 3461 in
1382 3426 1594 3470 Sepulchreto
1616 3429 1631 3465 (
1652 3427 1695 3470 i)
1721 3453 1730 3467 ,
1764 3428 1893 3462 alterius
1916 3433 1948 3463 in
1974 3432 2099 3466 Biblio-

1101 3471 1193 3505 theca
1218 3473 1416 3506 Anatomica
1438 3473 1453 3510 (
1473 3471 1492 3512 l<
1513 3475 1525 3511 )
1550 3495 1559 3503 .
1592 3471 1661 3517 Hic
1684 3471 1773 3505 illam
1797 3482 1901 3508 renum
1927 3484 1965 3507 ex
1986 3474 2124 3509 lohulif.

1101 3516 1394 3558 coagmentationem
1411 3513 1507 3557 ‚semel
1529 3515 1562 3548 in
1579 3523 1695 3556 juvene
1726 3523 1834 3549 novem
1858 3527 1952 3551 annos
1988 3527 2062 3551 nato
2083 3541 2097 3560 ,

1959 3571 2059 3595 mant-

113 3689 123 3720 (
142 3696 154 3715 t
168 3690 184 3720 2
199 3689 262 3717 Sest.
277 3689 321 3717 hae
335 3697 374 3715 υ...
390 3688 448 3715 Obs.
465 3696 491 3719 4.

112 3724 123 3746 (
135 3730 151 3748 5
167 3721 215 3779 31.
234 3728 254 3754 i.
271 3722 332 3747 Sea.
349 3728 388 3750 13.
406 3718 466 3744 obs.
484 3728 507 3750 7.

110 3752 276 3815 };)c.cit.
336 3751 495 3781 (d)c.42

554 3690 563 3719 (
579 3700 596 3715 ιι
611 3691 626 3720 )
641 3699 665 3715 n.
684 3698 723 3715 12.

569 3721 576 3748 (
595 3729 612 3750 z
627 3721 641 3749 )
657 3721 717 3746 Adv.
734 3722 808 3746 Anat.
826 3724 884 3747 Dec.
902 3730 922 3747 1.
940 3730 963 3746 n.
982 3729 1004 3750 9.

565 3752 572 3778 (
592 3761 604 3778 ι
622 3754 630 3781 )
647 3754 771 3782 syntagm.
788 3754 862 3776 Anat.
880 3760 899 3777 c.
919 3760 937 3779 ς.

785 3692 800 3721 (
815 3700 830 3716 x
846 3693 856 3722 )
871 3691 970 3716 Advers.
986 3692 1058 3715 Anat.
1076 3698 1099 3720 3.
1118 3690 1232 3719 Animad.
1251 3697 1287 3724 33.
1304 3689 1359 3715 vid.
1376 3690 1399 3714 δι
1415 3691 1486 3720 Epist.
1504 3695 1577 3717 Anat.

1068 3723 1080 3750 (
1095 3730 1111 3746 a
1129 3724 1138 3751 )
1156 3723 1191 3745 De
1208 3721 1298 3745 Partib.
1315 3722 1422 3745 Animal.
1437 3724 1453 3746 1.

497 3768 503 3776 ,
999 3750 1042 3785 (f
1058 3753 1065 3779 J
1082 3752 1210 3777 Animadv.
1228 3751 1252 3775 in
1268 3752 1312 3775 cit.
1330 3752 1444 3781 Veslingii
1461 3753 1541 3778 locum
1555 3772 1561 3778 .
1622 3756 1633 3779 (
1647 3764 1665 3785 g
1681 3754 1694 3782 )

421 3782 444 3806 8.
507 3781 522 3813 f,
537 3782 548 3806 i
563 3781 577 3809 )
594 3783 611 3807 Ι.
632 3790 651 3808 i.
669 3782 730 3807 SeC't.
747 3790 783 3812 ¹3·
801 3782 860 3809 obs.
878 3791 897 3814 3.
915 3783 940 3807 in
956 3782 1082 3808 Additam-

1599 3701 1622 3723 3.
1638 3702 1662 3718 n.
1682 3701 1718 3723 ις.

1637 3723 1749 3753 (b)ad
1767 3726 1927 3754 c.3.infln.

1710 3757 1782 3778 Anat.
1798 3763 1818 3778 c.
1836 3764 1854 3786 ς,

1144 3784 1158 3813 (
1173 3782 1190 3806 k
1208 3782 1221 3810 )
1236 3783 1308 3806 Tom.
1327 3789 1347 3807 i.
1364 3784 1390 3807 P.
1407 3789 1430 3807 ι.
1445 3783 1471 3808 in
1487 3785 1579 3811 Adnot.
1596 3785 1625 3810 ad
1641 3792 1662 3811 c.
1676 3791 1695 3809 1.
1712 3784 1832 3815 Maipigh.
1846 3787 1875 3812 de
1891 3787 1979 3815 Renih.

1474 3730 1495 3752 3-
1512 3731 1533 3747 c.
1551 3732 1574 3753 9.
