2498 4075
1104 190 1147 197 §.v
1190 192 1234 195 „⁷7
1253 191 1334 201 .....1-

418 201 515 272 358

1447 194 1453 195 ⁷
1471 190 1559 206 ’θ’θ’-ν
1588 193 1599 205 ⁴,

379 328 908 400 EPISTOLA
965 281 2382 402 ANAToMmo-MEDICALWL

753 464 942 523 Sermo
977 472 1049 526 est
1082 471 1149 526 de
1186 467 1489 524 Arthritide
1509 507 1527 530 ‚
1558 470 1777 538 aliisque
1812 470 2054 525 Armum

1243 535 1554 589 Doloribus.

492 665 572 700 Uod
595 664 635 700 de
658 665 803 709 Supino,
827 677 881 703 aut
904 669 937 702 in
962 669 1078 702 Latera
1109 666 1270 709 impedito
1293 668 1359 702 De·

503 710 616 744 cubitu
640 708 700 743 hac
724 711 872 752 Epistola
895 723 959 746 non
983 722 1096 753 agam,
1120 721 1290 753 perpaucas
1303 723 1360 745 au-

506 763 571 788 tem
602 752 850 790 Observationes
874 755 1037 798 proferam
1070 752 1109 787 ad
1137 752 1359 788 Arthritidem

362 802 540 833 attinentes
559 819 572 836 ‚
604 796 710 841 minus
733 806 765 830 te
788 800 980 832 miraturum
1015 796 1106 842 spero
1118 800 1139 834 ‚‘
1167 797 1223 830 ubi
1245 796 1359 839 Sepul-

353 841 460 875 chreti
484 841 647 884 proximas
669 839 835 876 Sectiones
858 841 959 882 duas,
979 852 1110 884 remque
1134 840 1234 882 ipsam
1257 840 1359 874 consi-

355 885 517 919 deraveris
537 907 545 917 .
578 882 668 916 Nam
691 885 781 925 quod
808 885 912 928 supini
935 908 945 924 ‚
983 893 1037 919 aut
1061 886 1095 916 in
1120 883 1219 917 latere
1242 884 1358 918 cubare

355 927 504 963 homines
529 937 595 959 non
617 934 759 969 queant,
782 940 798 961 a
812 928 937 962 morbis
959 927 1024 962 fere
1046 928 1089 961 est
1112 926 1150 960 de
1172 926 1291 970 quibus
1303 926 1358 961 sae-

354 983 395 1013 pe
418 971 494 1006 alias
518 982 534 1004 a
559 980 609 1004 me
632 970 771 1005 Litteras
796 971 943 1014 accepisti
958 997 968 1012 ,
993 982 1058 1005 non
1082 970 1184 1013 magis
1207 981 1260 1004 eos
1270 981 1358 1005 mor-

356 1015 416 1049 bos
439 1036 449 1053 ,
480 1024 578 1057 quarn
601 1013 810 1049 incommoda
831 1015 1025 1059 quibuscum
1046 1014 1216 1057 conjuncti
1250 1012 1323 1047 sunt
1345 1037 1359 1055 ‚

354 1065 570 1092 memorantes
590 1081 601 1091 .
633 1057 744 1094 Quam
766 1059 813 1092 ob
832 1058 958 1093 causam
984 1059 1090 1092 5εᾶἱο
1121 1068 1252 1100 quoque
1276 1057 1360 1090 VII.

357 1103 399 1135 iis
420 1101 591 1136 decubitus
616 1100 858 1143 impedimentis
882 1104 915 1135 in
943 1101 1155 1145 Sepulchreto
1179 1100 1362 1142 attributa,

356 1145 519 1187 perbrevis
542 1143 610 1184 est,
633 1149 698 1178 non
722 1147 811 1188 quod
835 1145 978 1180 historiae
1001 1144 1105 1179 desint
1128 1142 1167 1178 ad
1199 1143 1234 1178 id
1266 1155 1362 1187 argu-

353 1198 504 1224 mentum
529 1188 703 1229 spectantes
724 1211 737 1229 ‚
773 1188 826 1224 sed
857 1188 947 1232 quod
979 1199 1091 1222 omnes
1125 1187 1363 1230 propemodum

355 1243 431 1267 cum
456 1231 577 1266 fuerint
602 1241 676 1266 ante
698 1231 756 1265 suo
778 1243 914 1275 quaeque
937 1243 1012 1266 cum
1036 1231 1153 1265 morbo
1176 1229 1361 1273 productae,

356 1275 464 1309 tribus
487 1275 594 1308 verbis
617 1274 671 1309 hic
695 1274 905 1315 indicantur,
926 1275 1091 1318 designato
1115 1274 1189 1308 loco
1211 1285 1296 1317 quo,
1319 1274 1359 1307 si-

352 1319 428 1353 cuti
452 1318 586 1358 lubeat,
608 1316 669 1351 sint
692 1317 890 1361 perlegendae
909 1341 920 1358 ,
952 1317 1230 1361 quemadmodum
1260 1328 1360 1352 acme

358 1362 423 1396 tibi
432 1360 585 1404 Epistolae
597 1360 725 1403 possunt
737 1363 834 1396 XVI.
848 1362 919 1395 XX.
932 1362 1026 1397 XXI.
1037 1361 1147 1394 XXII.
1159 1361 1360 1395 XXXVIII.

355 1416 422 1448 prae
445 1405 567 1438 caereris
591 1404 750 1439 indicari.
884 1405 1047 1439 Arthritis
1071 1414 1175 1439 autem
1187 1415 1261 1438 cum
1274 1416 1361 1440 mor-

350 1450 416 1488 ,bus
439 1447 503 1482 fere
526 1449 566 1482 sit
590 1448 758 1489 divitum,
781 1448 931 1483 rariffime
954 1460 1150 1491 pauperum,
1173 1447 1292 1482 horum
1304 1460 1359 1483 au-

354 1501 422 1526 tern
436 1518 444 1532 ,
468 1502 534 1525 non
558 1493 691 1526 illorum
706 1517 715 1533 ‚
738 1492 889 1527 cadavera
912 1493 1118 1526 Anatomicis
1154 1491 1322 1526 tradantur
1345 1518 1355 1532 ,

356 1546 412 1570 aut
436 1534 592 1578 siquando
624 1536 758 1569 illorum
781 1534 929 1578 quaedam
961 1535 1023 1569 fint
1055 1534 1226 1569 incidenda
1249 1557 1263 1575 ,
1308 1536 1358 1568 vi-

361 1579 444 1613 scera
467 1578 599 1620 quidem
620 1601 631 1617 ,
661 1581 717 1612 vix
760 1589 905 1620 unquam
937 1588 1025 1613 artus
1056 1579 1200 1614 examini
1225 1579 1362 1621 permit-

359 1632 492 1662 tantur;
517 1621 594 1657 hinc
618 1621 686 1661 est,
709 1630 746 1656 ut
770 1621 1023 1657 Observationes
1045 1634 1117 1666 quae
1141 1622 1179 1656 ad
1212 1623 1361 1656 arthriti-

356 1666 431 1701 dem
455 1667 585 1708 proprie
607 1666 790 1703 attineant,
816 1665 912 1708 longe
936 1665 1022 1706 sint,
1043 1677 1140 1709 quam
1155 1673 1207 1699 tot
1219 1665 1359 1699 aliorum

362 1709 577 1749 morborum,
601 1711 634 1743 in
660 1708 884 1742 Profectorum
909 1708 1002 1742 libris
1025 1711 1191 1750 pauciores
1210 1733 1219 1743 .
1243 1711 1358 1751 Itaque

358 1756 391 1787 &
416 1763 524 1796 paucae
557 1754 591 1786 in
615 1751 818 1795 Sepulchreti
841 1751 944 1786 VIII.
970 1752 1153 1785 Seffionem
1171 1772 1180 1788 ‚
1216 1763 1287 1794 quae
1317 1751 1359 1785 de

360 1794 550 1831 Arthritide
573 1795 618 1830 est
638 1818 647 1833 ,
672 1795 785 1829 referri
811 1802 989 1838 potuerunt
1010 1807 1020 1827 .-
1054 1807 1124 1837 quae
1150 1795 1256 1828 Seffio
1281 1806 1360 1836 pro-

356 1850 466 1884 pterea
491 1840 597 1873 multo
619 1840 769 1873 maxima*
784 1850 823 1873 ex
844 1848 935 1881 parte
958 1840 1083 1873 constat
1105 1849 1122 1872 e
1145 1837 1303 1872 Scholiis:
1328 1840 1361 1870 δε

358 1885 399 1918 de
426 1885 534 1927 paucis
556 1883 622 1917 illis
644 1894 723 1926 quas
756 1882 854 1917 habet
873 1905 882 1922 ‚
917 1881 1217 1916 observationibus
1245 1882 1362 1924 aliquae

355 1924 422 1971 iam
456 1928 549 1961 libris
582 1926 799 1968 superioribus
822 1925 987 1969 produffie
1009 1925 1161 1964 fuerant3
1185 1926 1265 1968 quin
1290 1924 1365 1958 ulti-

359 1982 469 2009 mam,
491 1982 562 2013 quae
587 1970 696 2005 addita
720 1970 783 2010 est,
817 1981 913 2003 eama
937 1969 1068 2003 Boneto
1089 1970 1160 2012 ipso
1183 1970 1217 2001 in
1230 1969 1288 2003 ista
1309 1979 1360 2001 ea-

357 2015 433 2050 dem
458 2015 605 2050 Sectione
630 2014 729 2057 paulo
752 2022 845 2050 ante,
870 2023 900 2047 at
927 2025 964 2047 ue
990 2013 1070 2048 adeo
1093 2012 1244 2057 proxima
1268 2012 1360 2054 supe-

353 2061 444 2093 riore
467 2060 584 2102 pagina
608 2057 748 2092 totidem
771 2057 880 2090 verbis
920 2055 996 2090 uisse
1009 2055 1230 2099 propositam,
1252 2056 1361 2097 depre-

353 2101 477 2138 hendes
497 2125 507 2141 ‚
542 2101 564 2135 si
597 2113 672 2136 cum
695 2100 935 2135 Observatione
958 2101 1016 2133 XI.
1063 2099 1192 2143 ejusque
1229 2098 1362 2133 Scholio

355 2146 534 2180 contuleris
550 2170 557 2178 .
581 2143 671 2180 Mihi
695 2156 772 2178 vero
795 2145 855 2178 stat
880 2144 1000 2178 nullam
1010 2153 1154 2186 repetere
1179 2142 1361 2182 historiam,

353 2201 432 2225 cum
458 2190 563 2232 plures
585 2200 625 2223 ex
648 2187 799 2221 Valsalva
822 2187 963 2230 possem,
987 2189 1018 2221 &
1043 2187 1186 2230 aliquam
1198 2188 1297 2220 etiam
1322 2197 1361 2219 ex

355 2235 436 2269 meis
451 2258 458 2266 .
482 2235 571 2266 Cum
593 2231 760 2274 quidpiam
784 2230 860 2264 inde
883 2242 964 2274 opus
997 2233 1058 2264 erit
1093 2230 1131 2264 ad
1167 2231 1361 2264 memoriam

354 2277 518 2320 redigere3
544 2275 704 2317 Epistolas
726 2276 759 2308 in
783 2275 901 2317 quibus
925 2274 1044 2317 relegas
1066 2294 1076 2312 ,
1098 2273 1270 2308 indicabo.
1293 2273 1362 2311 Hic

358 2331 457 2368 quam
481 2319 701 2363 pauciffimas,
725 2317 775 2352 sed
787 2329 865 2361 quas
879 2318 1013 2352 necdum
1026 2317 1189 2355 miseram,
1213 2317 1365 2351 habebis.

425 2375 453 2399 2⁴
503 2363 765 2398 MULIEREM
799 2360 969 2396 ischiadici
999 2361 1128 2395 dolores
1173 2361 1254 2404 saepe
1292 2370 1363 2394 tor-

354 2410 503 2456 quebant
541 2406 578 2441 ad
602 2406 784 2448 juncturam
815 2406 949 2439 femoris
981 2404 1147 2438 'dexteram
1170 2427 1181 2442 ‚
1205 2415 1304 2446 quam
1326 2405 1360 2437 in

355 2465 481 2499 partem
527 2454 560 2487 &
604 2449 839 2488 claudicabat,
868 2451 900 2483 δε
923 2447 1077 2491 nonnihil
1110 2448 1245 2490 gibbos-a
1269 2456 1360 2481 eran·

362 2496 545 2533 Novissime
590 2494 742 2537 paralysis
785 2494 926 2537 primum
965 2514 976 2530 ‚
1036 2491 1150 2525 deinde
1196 2492 1364 2534 apoplexia

363 2542 528 2584 corripuit
552 2561 562 2577 ,
597 2547 694 2579 atque
728 2537 892 2570 interfecit
925 2544 998 2569 ante
1030 2535 1127 2569 finem
1145 2534 1296 2578 januarii
1323 2537 1364 2568 A.

367 2595 462 2627 1741.
497 2584 575 2618 dum
611 2583 646 2615 in
671 2579 851 2623 Gymnafio
886 2580 970 2612 Rern
996 2580 1229 2613 Anatomicam
1262 2578 1367 2611 trade-

366 2628 442 2663 bam
468 2639 476 2660 :
513 2638 580 2669 quo
612 2624 748 2659 cadaver
786 2636 801 2657 e
825 2622 1030 2656 Nosocomio
1062 2622 1255 2662 translatum
1289 2623 1331 2654 est
1357 2645 1366 2654 .

492 2669 700 2703 VENTRE
724 2676 861 2710 aperto,
881 2675 1050 2700 omentum
1075 2664 1104 2698 se
1126 2665 1252 2698 obtulit
1289 2675 1363 2707 pro-

363 2715 539 2762 pemodurn
562 2712 600 2746 ad
627 2712 748 2754 pubem
773 2710 870 2752 usque
906 2709 1092 2752 protensum
1114 2734 1121 2741 .
1156 2707 1257 2749 Qod
1287 2719 1362 2741 cum

361 2762 526 2799 revolvere
550 2755 671 2791 sursum
698 2755 867 2791 vellemus,
892 2764 954 2787 una
978 2752 1086 2786 Colon
1118 2752 1302 2786 intestinum
1327 2752 1366 2785 ad

359 2806 514 2840 inferiora
526 2809 698 2835 curvatum
711 2822 724 2839 ‚
738 2801 768 2832 &
780 2806 916 2830 omento
929 2797 1014 2831 ariste
1029 2795 1189 2829 adhaereus
1200 2818 1209 2834 ,
1226 2795 1369 2829 revolve-

361 2851 498 2883 bamus.
523 2845 652 2878 Scilicet
676 2842 763 2877 sedes
786 2850 853 2875 erat
879 2839 1101 2883 ejusintestini
1125 2840 1184 2874 alia
1208 2850 1242 2873 ac
1268 2838 1366 2872 solet.

363 2892 454 2925 Nam
479 2898 695 2931 praeterquam
717 2885 806 2928 quod
831 2894 865 2918 ut
887 2886 1041 2924 Caecum,
1063 2884 1110 2917 ita
1134 2883 1200 2925 ejus
1235 2882 1369 2916 initium

363 2934 500 2971 inferius
524 2941 592 2965 erat
615 2941 712 2974 quarn
735 2927 927 2969 consuevit;
949 2928 1006 2961 ubi
1030 2926 1070 2960 ab
1092 2939 1130 2961 eo
1151 2927 1248 2960 initio
1268 2924 1371 2959 ferme

366 2980 404 3013 ad
427 2977 514 3020 jecur
536 2974 634 3017 usque
657 2972 881 3008 conscenderat
900 2995 913 3012 ,
946 2970 1020 3005 inde
1043 2971 1076 3003 in
1112 2981 1203 3004 arcus
1235 2969 1368 3004 modum

366 3023 398 3056 se
420 3021 565 3055 deorsum
590 3019 623 3050 in
647 3016 890 3059 hypogastrium
923 3015 1084 3049 summum
1116 3013 1301 3061 curvabat,
1338 3016 1368 3045 &

365 3066 442 3101 hinc
468 3061 590 3096 sursum
613 3070 785 3094 curvatura
804 3060 940 3092 omnino
963 3058 1059 3091 simili
1081 3059 1112 3090 in
1135 3058 1295 3090 sinistrum
1308 3056 1370 3098 hy-

366 3105 605 3153 pochondrium
638 3104 733 3136 altius
757 3102 947 3136 scandebat:
973 3110 1046 3135 toto
1069 3109 1176 3135 autem
1201 3100 1263 3134 hoc
1296 3111 1369 3134 arcu

367 3152 505 3188 firmiter
525 3171 538 3188 ,
573 3157 608 3181 ut
631 3146 756 3180 dietum
777 3144 822 3179 est
845 3168 855 3184 ,
888 3145 926 3179 ad
950 3155 1119 3178 omentum
1143 3143 1335 3186 alligabatur
1360 3167 1368 3174 .

501 3191 600 3225 Tuba
623 3199 759 3232 utraque
782 3188 818 3222 ad
844 3199 973 3223 uterum
995 3188 1118 3222 clausa.
1144 3188 1252 3229 Hujus
1276 3186 1368 3220 oscu-

369 3240 438 3274 lum
463 3247 479 3269 a
503 3245 594 3276 tergo
618 3233 704 3267 nulla
728 3231 854 3276 prorsus
877 3243 997 3266 corona
1020 3241 1087 3264 erat
1110 3231 1274 3265 cinctum.
1298 3231 1368 3262 Va-

368 3284 445 3324 gina
467 3279 590 3312 brevis.
621 3278 720 3310 Breve
743 3287 874 3318 quoque
889 3299 900 3315 ,
924 3277 953 3307 δὲ
977 3276 1033 3308 vix
1056 3274 1192 3315 digituli
1217 3273 1370 3307 interval-

368 3326 437 3359 lum
462 3320 647 3356 aclitoridis
670 3319 784 3362 glande
808 3318 846 3352 ad
870 3317 1005 3352 urethrae
1026 3317 1208 3364 orificium.
1233 3317 1370 3350 Arteriae

370 3369 503 3410 Magnae
527 3373 659 3398 truncus
684 3364 741 3405 qui
764 3365 797 3396 in
823 3372 932 3396 ventre
955 3360 1019 3400 est,
1043 3371 1198 3401 majorem
1222 3360 1368 3393 Coeliaca

371 3413 575 3454 Superiorem
603 3406 842 3441 Mesentericam
867 3404 1057 3438 emittebat:
1085 3404 1261 3445 albidisque
1284 3404 1370 3436 intus

374 3454 507 3488 maculis
532 3451 640 3495 paffim
664 3448 938 3491 distinguebatur.
961 3448 1090 3481 Caetera
1107 3445 1224 3480 viscera
1239 3472 1248 3486 ‚
1271 3448 1301 3479 &
1318 3458 1371 3478 va-

372 3498 425 3535 sa,
449 3505 523 3530 cum
547 3495 678 3528 meliora
700 3494 834 3526 interim
856 3504 895 3526 ex
920 3491 988 3524 aliis
1010 3490 1200 3532 corporibus
1223 3489 1367 3532 suppete-

376 3549 475 3581 rent,
498 3541 530 3572 &
557 3550 594 3572 ne
617 3538 723 3580 Caput
756 3536 887 3578 quidem
909 3533 1157 3577 introspiciendi
1180 3531 1368 3567 facultatem

1407 668 1520 703 darent
1543 666 1693 711 angustiae
1716 667 1897 711 temporis,
1920 678 1985 703 non
1997 669 2277 713 perlustravimus:

1412 713 1520 750 Colli.
1544 713 1574 745 δι
1597 711 1712 754 reliqui
1736 712 1866 752 trunci,
1889 715 1920 745 δε
1935 714 2079 748 Artuum
2104 715 2263 752 musculos
2274 712 2406 748 demon-‘-

1411 757 1568 794 strantes,
1589 756 1623 789 in
1647 755 1708 788 illo
1729 756 1857 797 qualem
1883 755 2119 798 Thyroidaeam
2144 757 2328 801 glandulam
2357 755 2409 786 in*—

1411 801 1611 837 venerimus‚
1636 800 1673 832 ad
1697 808 1729 831 te
1754 799 1829 831 alias
1863 803 1873 838 (
1898 809 1916 831 a
1938 803 1952 838 )
1984 799 2138 843 scriptum
2169 800 2214 834 est
2236 812 2249 840 ,-
2279 800 2407 843 qualem

1412 842 1643 881 vero-femoris
1666 841 1790 875 dexteri
1812 853 1886 876 curn
1911 844 2079 877 acetabulo
2093 844 2408 887 juncturan1‚nune,

1409 896 1446 920 ut
1470 886 1614 929 Epistola
1637 883 1799 927 superiore
1824 890 1834 924 (
1858 882 1878 917 b
1898 889 1914 925 )
1935 887 2138 929 promisimus
2159 911 2170 927 ,
2202 886 2245 921 est
2267 886 2408 920 scriben-

1409 931 1508 967 dum3
1540 928 1562 962 fi
1589 928 1686 962 modo
1709 927 1790 961 illud
1815 929 1905 970 prius
1928 930 2204 969 indicaverimus,
2228 930 2332 964 sinum
2355 927 2409 962 os-

1411 973 1498 1008 seum
1520 983 1586 1016 quo
1611 971 1735 1013 scapula
1756 970 1885 1005 dextera
1906 983 2003 1015 caput
2025 974 2097 1008 offis
2119 973 2246 1008 humeri
2271 973 2410 1014 excipie-

1411 1017 1490 1055 bat,
1514 1026 1605 1049 oram
1629 1013 1771 1049 habuisse
1795 1014 1964 1049 manifesto
1985 1016 2190 1051 deficientem
2222 1017 2278 1051 ubi
2312 1016 2409 1058 latere

1411 1061 1572 1094 anteriore
1595 1058 1744 1093 accedere
1766 1055 1922 1092 debuisset
1947 1059 1986 1093 ad
2011 1060 2190 1095 summum.
2322 1060 2411 1093 Deir-⁴

1411 1104 1473 1138 teri
1497 1111 1603 1138 autem
1627 1101 1759 1136 femoris
1782 1111 1878 1144 caput
1914 1113 1978 1136 non
2009 1105 2043 1137 in
2068 1104 2159 1147 globi
2193 1102 2333 1137 formam
2356 1113 2411 1135 ro-

1413 1145 1631 1186 tundabatur‚
1655 1144 1705 1179 secl
1728 1144 1903 1188 depressum
1928 1155 2021 1188 erat,
2043 1159 2100 1182 nec
2123 1149 2220 1187 laevi,
2243 1147 2375 1189 albaque
2399 1167 2409 1182 ι

1414 1191 1465 1225 sed
1489 1190 1593 1224 lurida
1616 1189 1808 1230 cartilagine
1831 1189 1999 1224 obtestum
2021 1203 2029 1225 :
2052 1193 2131 1234 quin
2156 1192 2226 1226 haec
2251 1193 2283 1224 in
2307 1189 2410 1232 poste-

1415 1236 1501 1269 riore
1525 1242 1614 1276 parte
1636 1233 1752 1275 capitis
1775 1233 1910 1266 omnino
1932 1233 2062 1273 deerat,
2090 1244 2124 1269 ut
2150 1235 2271 1268 nudum
2304 1233 2352 1266 ibi
2373 1243 2409 1265 os

1412 1286 1596 1320 appareret,
1621 1278 1654 1309 in
1678 1277 1781 1318 plures
1804 1275 2019 1311 subrotundas
2041 1278 2289 1320 protuberantes
2311 1277 2412 1319 parti·

1411 1321 1498 1355 culas
1520 1320 1780 1353 conformatum.
1804 1320 1979 1354 Acetabuli
2001 1322 2117 1354 intima
2142 1321 2239 1355 facies
2262 1328 2328 1354 erat
2341 1319 2411 1352 san-

1413 1364 1626 1407 guinolenta:
1650 1363 1717 1406 ejus
1741 1363 1957 1406 auremquod
1982 1373 2100 1398 vocant
2125 1364 2328 1408 supercilium
2361 1364 2409 1395 in-

1413 1418 1463 1441 tra
1488 1408 1667 1441 naturalem
1688 1418 1725 1440 ex
1747 1406 1938 1449 cartilagine
1964 1429 1974 1445 ‚
2010 1409 2041 1440 &
2066 1408 2246 1449 ligamento
2269 1406 2409 1442 substan-

1413 1453 1493 1485 tiam
1515 1451 1663 1485 conditas
1685 1449 1781 1484 osseas
1803 1451 1937 1484 laminas
1960 1450 2098 1485 habebat
2120 1453 2218 1493 duas,
2250 1462 2316 1485 non
2338 1461 2411 1494 par·

1415 1505 1488 1533 vas,
1511 1494 1623 1537 easque
1644 1495 1727 1527 inter
1751 1493 1781 1528 se
1804 1494 1947 1527 vicinas.

1459 1549 1489 1582 3.
1513 1538 1676 1572 Fernelius
1699 1541 1760 1578 (c)
1782 1536 1913 1580 quidem
1936 1536 2105 1578 censebat,
2119 1538 2328 1573 arthriticum
2350 1536 2412 1571 hu-

1412 1593 1534 1618 morem
1558 1591 1736 1623 nunquam,
1758 1589 1814 1614 aut
1837 1582 1999 1615 admodum
2021 1593 2092 1615 raro
2117 1591 2280 1626 penetrare
2304 1584 2337 1615 in
2362 1592 2412 1614 ar-

1412 1627 1587 1661 ticulorum
1613 1635 1726 1658 cavum
1741 1649 1751 1665 ‚
1776 1623 1826 1658 sed
1848 1626 1882 1657 in
1905 1624 2121 1667 circumjectis
2144 1626 2314 1659 dumtaxat
2338 1625 2412 1658 vin—

1411 1671 1514 1706 culis,
1540 1668 1755 1708 membranis,
1778 1667 2024 1711 tendinibusque
2048 1667 2207 1702 subfistere
2231 1690 2241 1707 ,
2275 1668 2337 1702 hoc
2359 1668 2412 1700 in-

1411 1723 1461 1749 ter
1484 1721 1597 1746 caetera
1622 1720 1811 1752 argumento
1836 1710 1932 1750 usus,
1958 1710 2048 1754 quod
2072 1714 2105 1745 in
2127 1711 2284 1754 tophacea
2307 1711 2410 1754 poda-

1411 1768 1489 1801 gra,
1513 1762 1567 1787 aut
1590 1753 1736 1795 chiragra
1760 1753 1877 1787 humor
1899 1755 1934 1787 in
1955 1754 2113 1788 calculum
2135 1754 2199 1797 jam
2222 1764 2413 1794 concretus,

1411 1808 1522 1843 aperta
1546 1806 1678 1841 ruptave
1702 1805 1774 1830 cute
1789 1820 1798 1835 ,
1823 1797 1948 1831 eruitur
1973 1797 2161 1840 plerumque
2184 1810 2200 1831 e
2223 1798 2410 1839 digitorum

1413 1841 1579 1880 articulis,
1603 1840 1762 1880 capsulari
1782 1839 1909 1874 vinculo
1933 1840 2051 1882 integro
2073 1848 2165 1883 atque
2187 1840 2278 1884 illaeso
2299 1864 2308 1873 .
2343 1841 2414 1874 Ve-

1414 1898 1488 1922 rum
1509 1885 1564 1918 alii
1587 1883 1693 1926 postea
1710 1909 1719 1924 ‚
1745 1892 1781 1916 ut
1806 1895 1845 1916 ex
1868 1882 2082 1926 Sepulchreto
2104 1887 2118 1923 (
2141 1884 2160 1917 d
2180 1887 2195 1924 )
2216 1883 2411 1927 cognosces,

1416 1928 1541 1973 aliquid
1565 1929 1635 1969 plus
1658 1938 1754 1969 quam
1778 1926 1939 1960 Pernelius
1963 1948 1972 1964 ,
2007 1927 2117 1960 moliri
2141 1927 2276 1963 voluiffe
2299 1927 2411 1963 viden-

1414 1984 1492 2011 tur,
1515 1982 1589 2005 cum
1612 1971 1661 2004 vel
1685 1969 1853 2004 tendinum
1876 1992 1885 2007 ,
1919 1970 2065 2004 articulis
2087 1968 2281 2005 insertorum
2303 1993 2314 2009 ‚
2345 1970 2415 2005 nul-

1416 2017 1504 2056 lum,
1526 2022 1584 2047 aut
1594 2012 1878 2057 obscurumsenfum
1891 2012 1970 2052 esse,
1995 2013 2218 2052 contendunt,
2243 2014 2414 2057 gypseam-

1415 2072 1477 2103 que
1501 2059 1592 2091 illam
1618 2059 1785 2090 materiam
1809 2054 1939 2090 tandem
1961 2056 2005 2090 ob
2029 2056 2136 2091 causas
2159 2057 2233 2092 alias
2265 2059 2415 2092 acceden-

1414 2113 1462 2137 tes
1486 2101 1577 2144 J'uxta
1601 2099 1753 2134 articulos
1778 2099 1912 2142 quidem
1935 2101 2090 2142 congeri,
2116 2100 2167 2134 sed
2191 2112 2256 2134 non
2272 2101 2414 2144 semper,

1413 2158 1488 2181 curn
1511 2148 1542 2178 &
1564 2144 1634 2178 aliis
1658 2144 1775 2177 vicinis
1797 2144 1831 2176 in
1855 2143 1933 2176 locis
1956 2142 1985 2177 se
2008 2142 2142 2177 offerat.
2166 2142 2239 2178 Nos
2263 2154 2367 2179 autem
2379 2146 2413 2178 in

1414 2186 1578 2234 proposita
1602 2187 1734 2222 muliere
1749 2211 1758 2227 ‚
1781 2197 1880 2229 quam
1903 2186 2070 2221 ischiadici
2093 2187 2220 2221 dolores
2244 2187 2322 2223 adeo
2345 2197 2415 2222 tor—

1412 2235 1576 2278 quebant,
1599 2230 1681 2266 nihil
1704 2230 1796 2273 juxta
1820 2231 1996 2264 articulum
2018 2232 2115 2269 vitii,
2140 2230 2191 2265 sed
2213 2238 2308 2265 omne
2332 2233 2415 2266 intra

1417 2276 1590 2311 articulum
1613 2274 1825 2321 offendimus.
1851 2274 1923 2307 Nec
1946 2285 2024 2307 vero
2045 2285 2216 2318 negamus,
2241 2284 2415 2310 tartaream

1417 2321 1511 2354 illam
1535 2321 1701 2353 materiam
1732 2327 1824 2360 Juxta
1858 2318 2011 2351 articulos
2043 2320 2141 2352 etiam
2176 2319 2379 2353 concrescere
2403 2344 2414 2358 ,

1418 2363 1692 2407 quemadmodum
1715 2362 1749 2394 in
1772 2360 1948 2395 Sacerdote*
1964 2361 2022 2394 illo
2036 2361 2143 2396 statim
2168 2361 2226 2395 sub
2249 2373 2322 2396 cute
2335 2364 2415 2396 Val-

1419 2409 1503 2442 salva
1526 2411 1540 2447 (
1563 2417 1577 2440 e
1601 2410 1611 2444 )
1637 2405 1761 2439 invenit
1784 2406 1818 2438 in
1830 2404 2036 2443 membrana,
2059 2405 2240 2448 digit-orum
2265 2405 2414 2440 tendines

1416 2452 1608 2485 obvelante.
1633 2450 1707 2482 Nec
1729 2449 1979 2492 repugnabimus
1993 2472 2001 2487 ,
2023 2446 2046 2481 si
2071 2449 2155 2482 sorte
2180 2448 2222 2484 fic
2234 2451 2337 2483 velint
2361 2463 2415 2484 ac-

1415 2496 1519 2537 cipere
1542 2493 1638 2526 verba
1660 2493 1783 2527 Aretaei
1808 2497 1817 2531 (
1834 2490 1862 2535 f
1872 2492 1911 2535 );
1935 2492 1968 2525 in
1990 2491 2135 2525 articulis
2157 2501 2272 2536 quoque
2303 2493 2415 2535 topha-

1416 2549 1468 2571 cea
1492 2537 1626 2580 quaedam
1650 2535 1842 2577 coalescunt.-
1866 2534 1904 2568 ab
1927 2534 2019 2568 initio
2038 2535 2159 2577 quidem
2181 2536 2268 2570 velut
2299 2536 2413 2579 absces-

1411 2582 1468 2625 sus
1490 2587 1661 2622 occupant:
1681 2579 1838 2622 postquam
1861 2588 1934 2612 vero
1957 2579 2057 2620 magis
2075 2576 2244 2621 spissantur
2267 2601 2277 2617 ,
2313 2580 2413 2613 eciam

1418 2632 1558 2658 concreto
1581 2623 1706 2657 humore
1729 2620 1872 2665 difficiles
1889 2620 1974 2663 fiunt
1996 2619 2195 2660 inflexiones:
2218 2622 2339 2655 demum
2362 2619 2413 2655 ἑο-

1412 2667 1472 2710 phi
1491 2666 1586 2709 solidi
1607 2664 1672 2698 albi
1692 2665 1871 2709 confistunt.
1897 2663 1987 2699 Quin
2009 2666 2107 2697 etiarn
2130 2665 2290 2698 Sanctorii
2313 2665 2413 2699 nostri

1419 2711 1507 2753 (g)
1529 2709 1778 2744 Observationes
1800 2707 2036 2741 indicabimus.
2058 2711 2123 2750 Ego
2142 2728 2151 2745 ,
2183 2709 2291 2750 inquit
2319 2734 2329 2749 ,
2351 2709 2413 2742 ali-

1419 2754 1537 2796 quando
1559 2752 1629 2786 vidi
1648 2753 1681 2786 in
1705 2753 1836 2794 quadam
1857 2751 1988 2792 antiqua
2006 2761 2085 2792 gona
2107 2761 2140 2783 ra
2161 2751 2302 2794 phlegma
2331 2762 2412 2794 gyp-

1413 2796 1501 2839 seum
1522 2794 1634 2833 molle,
1657 2794 1780 2838 liquidae
1802 2793 1881 2828 calci
1898 2792 2001 2835 simile
2012 2816 2024 2833 ,
2039 2760 2200 2838 defiuxiffe
2222 2795 2261 2827 ad
2283 2802 2405 2836 cutem,

1419 2851 1480 2883 qua
1497 2836 1679 2881 perforata,
1702 2840 1748 2872 ita
1771 2837 1926 2880 liquidum
1948 2835 2092 2880 egreffum
2106 2835 2200 2879 fuit:
2221 2848 2279 2881 quo
2292 2840 2414 2881 experi-

1421 2891 1524 2917 mento
1547 2883 1722 2922 excitatus,
1739 2880 1835 2924 semel
1857 2880 1890 2914 in
1912 2879 2043 2923 quadam
2063 2891 2219 2924 gonagra,
2243 2892 2281 2915 ex
2297 2881 2412 2924 gypsea

1417 2926 1563 2969 pituita,
1584 2933 1675 2958 utens
1689 2925 1850 2966 stillicidio
1872 2933 2021 2967 aquarum
2044 2923 2185 2958 lanarum
2208 2935 2265 2958 non
2288 2924 2414 2958 abluta-

1422 2981 1514 3008 rum,
1536 2970 1568 3001 in
1591 2968 1702 3010 quibus
1721 2966 1972 3010 mahafiscum,
1996 2967 2128 3004 malvae,
2152 2970 2194 3002 ὓ*
2228 2967 2413 3008 nasturtium

1420 3012 1598 3047 ebullierint
1617 3036 1625 3052 ,
1655 3012 1716 3054 post
1739 3012 1860 3054 longum
1895 3010 2019 3051 aliquod
2041 3010 2244 3044 intervallum
2273 3011 2411 3053 aliquam

1414 3056 1590 3099 portionem
1614 3054 1701 3088 illius
1721 3055 1845 3098 pituirae
1864 3054 1980 3096 gypseae
1997 3051 2055 3096 sub
2087 3062 2157 3087 cute
2182 3052 2342 3092 existentis
2372 3055 2414 3088 li-

1419 3102 1544 3142 quidam
1567 3099 1609 3131 (φ
1632 3098 1756 3132 mollem
1771 3095 1859 3140 feci,
1883 3099 2013 3138 indeque.
2030 3094 2118 3130 illam
2141 3102 2150 3136 (
2168 3095 2253 3138 sebia
2276 3102 2414 3139 cutme-

1417 3143 1572 3176 vacuari:
1597 3143 1684 3184 quod
1708 3142 1883 3175 curationis
1905 3149 2066 3174 tentamen
2089 3143 2243 3174 omittere
2278 3139 2331 3174 hic
2354 3153 2413 3175 no-

1418 3186 1488 3226 lui;
1510 3186 1656 3228 quamvis
1680 3196 1729 3218 me
1754 3195 1817 3217 non
1842 3182 1965 3224 fugeret
1998 3187 2008 3222 (
2033 3182 2052 3215 Ι]
2074 3186 2087 3222 >
2119 3183 2288 3217 calcariam
2314 3184 2413 3225 poda-

1417 3231 1582 3271 gricorum
1607 3229 1773 3262 materiam
1798 3227 1838 3260 ab
1860 3226 2115 3261 Recentioribus
2129 3226 2197 3269 fhla
2221 3237 2301 3269 aqua
2335 3228 2413 3261 cali-

1421 3274 1458 3305 da
1482 3272 1572 3306 fuisse
1595 3271 1781 3313 resblutam,
1806 3281 1983 3313 exemptam
2006 3271 2137 3312 quidem
2159 3293 2171 3311 ,
2202 3279 2238 3303 ut
2262 3272 2379 3313 opinor
2401 3292 2411 3309 ‚

1420 3316 1556 3358 indeque
1580 3315 1664 3356 spem
1687 3314 1746 3349 effe
1769 3324 1958 3357 conceptam
1980 3340 1990 3355 ,
2034 3312 2103 3347 fore
2123 3336 2141 3357 „
2176 3323 2212 3346 ut
2234 3314 2324 3355 largo
2347 3325 2413 3347 cre-

1421 3359 1546 3401 broque
1567 3358 1680 3392 haustu
1704 3369 1792 3400 aquae
1814 3357 2145 3395 ostracodermatum,
2169 3358 2221 3390 cui
2257 3357 2332 3399 sapo
2358 3357 2411 3390 ad-

1420 3403 1507 3435 ditus
1530 3402 1568 3435 sit
1583 3423 1592 3438 ‚
1614 3402 1648 3434 iu
1672 3401 1915 3434 arthriticorum
1939 3400 2014 3443 ipsis
2040 3400 2195 3441 junRuris
2210 3399 2408 3433 resolvatur:

1420 3457 1516 3488 quam
1541 3446 1665 3478 utinam
1690 3445 1774 3487 spem
1804 3467 1815 3484 ,
1848 3444 2013 3486 justiorem
2038 3442 2181 3477 futuram
2211 3467 2219 3482 ‚
2255 3442 2275 3476 si
2309 3453 2411 3485 quan-

1420 3498 1491 3523 tum
1517 3488 1605 3521 illius
1629 3499 1717 3529 aquae
1741 3490 1774 3521 in
1798 3487 1953 3524 vesicam,
1976 3486 2165 3520 tantundem
2189 3487 2222 3519 in
2245 3486 2409 3528 jun&uras

1420 3531 1556 3566 ferretur
1567 3553 1576 3568 ‚
1587 3529 1738 3566 successus
1748 3531 1971 3575 comprobaret
1986 3554 1993 3563 .
2009 3531 2132 3564 Damus
2144 3530 2244 3572 igitur
2259 3529 2320 3562 illis
2330 3538 2411 3568 quos

2332 3581 2371 3603 ex

376 3654 2408 3680 ffl———M

496 3742 507 3767 )
526 3742 600 3769 Epist.
615 3749 652 3769 50.
670 3748 696 3764 n.
713 3747 753 3769 31.
813 3741 828 3769 ζ
844 3737 858 3763 b
872 3740 887 3768 )
903 3737 975 3767 Epist.
994 3743 1030 3767 56.
1047 3744 1071 3760 n.
1089 3740 1126 3762 16.

519 3771 592 3798 Epist.
607 3779 646 3797 κιο.
663 3778 689 3795 n.
707 3778 730 3793 2.
792 3771 808 3800 ζ
820 3769 837 3799 f

435 3742 449 3769 (
467 3748 481 3763 a

432 3774 447 3830 a}
462 3780 476 3824 ιζ
490 3770 506 3830 i)
520 3802 575 3824 vid.
594 3801 619 3830 §-
636 3808 670 3826 ιι.
689 3800 782 3826 Dissert.
799 3801 841 3827 cit.
858 3800 932 3830 Epist.
949 3806 989 3829 4²·
1006 3805 1031 3824 n.
1051 3804 1086 3827 19.

1189 3736 1202 3764 (
1219 3743 1230 3759 c
1245 3734 1260 3764 )
1277 3733 1402 3764 Patholog.
1420 3734 1435 3758 1.
1452 3738 1475 3758 6.
1494 3740 1515 3758 e.
1533 3734 1572 3759 18.

848 3771 862 3800 )
878 3772 914 3794 De
932 3768 991 3797 sign.
1008 3769 1028 3791 ἃ
1045 3767 1105 3792 caus.
1123 3767 1229 3793 diuturn.
1246 3765 1325 3791 motb.
1341 3768 1358 3790 l.
1374 3773 1396 3790 2.
1413 3773 1434 3790 c.
1455 3772 1492 3790 u..

1633 3732 1647 3762 (
1662 3732 1677 3756 d
1692 3733 1706 3761 )
1723 3733 1782 3757 SeE'r.
1800 3731 1844 3756 hac
1859 3733 1881 3756 8.
1900 3733 1925 3757 in
1942 3731 2021 3756 Schol-
2038 3732 2067 3756 ad
2084 3730 2149 3755 Obs.
2170 3739 2189 3755 1.
2212 3754 2213 3757 ,

1555 3764 1570 3793 ζ
1583 3771 1600 3793 g
1616 3762 1629 3792 )
1644 3764 1787 3789 comment.
1804 3763 1829 3787 in
1847 3770 1869 3788 ι,
1886 3765 1915 3789 F.
1934 3770 1955 3788 1.
1973 3763 1988 3787 1.
2005 3764 2066 3788 Can.
2094 3761 2166 3786 Avia.
2182 3757 2254 3789 1:04.
2270 3766 2292 3785 e.
2310 3766 2333 3788 ι.
2349 3764 2367 3785 t.
2388 3767 2411 3786 ι-
