2498 4075
352 262 404 285 me
426 252 468 288 est
492 250 723 286 animadversa.
749 252 786 286 In
808 252 963 287 cerebello
977 251 1060 285 nihil
1083 251 1232 295 apparuit
1254 251 1353 292 vitii,

351 304 387 328 ut
410 307 509 338 neque
544 297 577 328 in
602 294 729 329 cerebro
752 323 760 336 ‚
793 305 846 330 aut
868 299 952 329 circa
981 296 1143 329 cerebrum
1174 293 1353 339 quidquam

351 339 442 380 quod
465 338 672 380 peculiariter
694 337 737 373 ad
757 340 1170 378 liernic1·aniamattineret3
1192 349 1262 382 quae
1286 337 1354 371 foi·-

353 378 429 415 tasse
453 383 592 415 exterior
615 379 744 423 fuerat;
764 395 825 426 qua
847 384 929 415 olim
951 382 1139 416 vexabatur.
1230 384 1267 414 In
1279 381 1354 415 Pul-

352 424 524 465 monibus,
547 435 678 468 excepta
701 425 861 468 sanguinis
883 426 976 466 copia
999 425 1082 459 nihil
1106 424 1170 459 fuit
1182 423 1269 468 quod
1294 423 1350 456 ad-

349 475 550 502 notaremus.
576 471 615 502 In
638 469 819 510 pericardio
841 469 886 501 nil
912 468 1008 501 ferme
1030 468 1192 503 humoris.
1219 470 1255 500 In
1278 477 1350 500 cor-

346 509 397 542 dis
421 512 598 546 ventriculo
620 511 751 545 dextero
775 511 929 554 polyposa
952 514 1115 546 concretio
1136 537 1145 552 ‚
1179 510 1347 551 Tricuspi-

348 554 425 587 dum
449 555 648 589 valvularum
669 554 798 589 fibrillis
820 566 858 588 ex
881 565 969 596 parte
992 556 1154 599 implicita
1172 579 1181 595 ,
1203 563 1265 587 tres
1290 562 1343 586 aut

346 606 487 640 quatuor
509 598 631 641 digitos
655 598 747 639 longa
759 621 770 637 ,
796 597 1041 641 sesquidigitum
1064 600 1126 632 lata
1147 621 1159 638 ‚
1188 596 1343 630 struffi‘fflra

348 640 441 672 valde
464 642 653 683 compa-³333
676 650 711 673 ut
735 642 792 683 qui
816 642 954 683 polypos
979 642 1073 675 facile
1090 649 1211 684 ponunt
1228 663 1241 680 ,
1263 638 1343 672 hanc

350 694 410 726 pro
433 685 557 726 polypo
588 693 657 717 ante
690 693 826 717 mortem
861 687 970 725 genito
994 684 1104 718 habere
1137 682 1310 726 potuissent
1333 706 1341 713 .

347 729 435 759 Cum
460 737 494 759 ea
519 727 642 768 sanguis
667 736 732 761 ater
755 727 1007 764 semiconcretus‚
1031 729 1133 770 qualis
1157 730 1189 760 δε
1213 728 1247 758 in
1269 737 1345 767 pro-

350 771 437 803 xima
462 771 603 803 auricula
625 795 633 802 .
671 772 709 803 In
732 771 912 803 ventriculo
944 770 1068 804 finistro
1093 770 1218 812 sanguis
1243 770 1346 803 minus

346 813 557 856 coagulatus,
580 815 769 855 pauciorque
791 838 798 844 .
832 811 912 854 Ejus
935 815 1090 847 columnae
1113 812 1197 857 quasi
1221 813 1347 846 inflam-

348 865 466 896 matae,
489 857 696 890 Semilunares
718 856 850 889 valvulae
875 857 969 898 paulo
991 869 1087 901 quam
1107 867 1234 899 aequum
1254 853 1350 896 esset,

345 900 509 933 duriores.
533 900 668 932 Arteriae
692 899 821 942 Magnae
844 907 973 934 truncus
997 912 1013 933 a
1036 899 1129 934 corde
1152 900 1190 933 ad
1213 910 1285 933 eum
1298 899 1348 932 us-

370 955 407 976 ue
430 942 539 976 locum
562 940 645 976 unde
668 943 786 985 incipit
810 941 990 976 descendere
1016 967 1028 984 ,
1060 945 1199 978 exterius
1221 942 1351 986 quidem

366 987 430 1022 acie
454 986 603 1028 inaequali
630 995 694 1018 non
719 985 803 1020 secus
815 997 848 1018 ac
870 984 936 1019 siin
961 987 1108 1021 tuberum
1131 985 1352 1028 modumqua-

346 1031 500 1065 dantenus
523 1028 577 1064 hic
602 1029 669 1062 illic
694 1028 881 1073 assurgeret:
907 1029 957 1063 sed
980 1032 1113 1064 interius
1135 1040 1210 1064 toto
1232 1032 1350 1071 cospa-

348 1075 400 1107 tio
422 1072 528 1112 nihil,
554 1072 611 1106 nisi
635 1072 814 1114 superficies
838 1073 949 1115 rugosa
970 1096 979 1111 ,
1011 1076 1066 1107 vix
1088 1073 1213 1108 duobus
1235 1073 1316 1105 locis
1339 1096 1350 1113 ,

346 1118 450 1160 :iisque
482 1117 606 1159 exiguis
629 1116 749 1149 indicia
772 1116 906 1150 necdum
938 1126 1068 1151 maturae
1097 1116 1314 1150 offificationis
1339 1129 1347 1149 .-

348 1170 459 1194 caetera
485 1172 540 1203 per
565 1159 692 1193 dorsum
707 1185 715 1199 ‚
740 1163 771 1193 ὃς
795 1161 829 1192 in
849 1161 974 1194 cunctis
998 1159 1231 1194 ascendentibus
1254 1162 1350 1193 ramis

350 1204 491 1238 naturali
516 1202 694 1245 superficie.
788 1204 910 1237 Venter
941 1203 1025 1237 nihil
1050 1204 1162 1238 habuit
1193 1203 1281 1247 quod
1303 1204 1350 1235 vi-

344 1248 429 1281 tium
452 1245 625 1280 ostenderet
651 1255 764 1280 notatu
787 1246 922 1289 dignum
943 1272 950 1280 .
985 1248 1061 1281 Hoc
1084 1258 1183 1281 unum
1217 1258 1256 1279 ex
1285 1245 1351 1290 ejus

349 1290 548 1332 inspectione
572 1289 712 1331 collegi,
736 1301 796 1332 qua
821 1290 899 1324 hora
922 1292 1053 1324 circiter
1076 1290 1147 1324 esset
1182 1300 1346 1323 mortuus.

345 1335 436 1368 'Nam
458 1345 533 1368 curn
555 1333 621 1365 cibi
645 1344 709 1364 non
733 1331 828 1367 essent
851 1335 986 1376 amplius
1009 1335 1042 1367 in
1067 1334 1247 1367 ventriculo
1266 1355 1276 1371 ‚
1297 1345 1350 1366 ne-

345 1390 407 1422 que
429 1377 492 1410 ulla
511 1388 570 1420 per
583 1375 803 1410 mesenterium
826 1377 894 1411 vasa
906 1378 1020 1411 Laffista
1044 1386 1249 1420 apparerent5
1274 1376 1349 1410 hinc

347 1419 506 1464 conjicere
531 1420 674 1463 proclive
697 1430 763 1454 crat
784 1443 795 1459 ,
819 1432 882 1454 non
905 1422 1009 1454 multo
1032 1430 1122 1454 antea
1145 1431 1241 1465 quam
1263 1431 1350 1453 mor·-

345 1474 441 1499 tuum
464 1466 675 1503 invenerant,
700 1462 830 1497 obiisse.

393 1520 444 1542 22.
470 1508 652 1550 Apoplexia
676 1506 781 1541 censui
804 1507 888 1542 hunc
912 1507 1113 1542 Sacerdotem
1138 1507 1297 1542 sublatum
1308 1506 1354 1540 es-

346 1554 403 1593 se,
428 1563 506 1594 aqua
530 1552 613 1584 intra
636 1551 779 1584 cranium
802 1550 898 1585 effusa
917 1575 930 1593 ,
960 1564 1028 1595 quae
1046 1549 1144 1585 'simul
1173 1551 1352 1585 convellen-

345 1597 412 1635 do,
433 1592 521 1638 quod
543 1593 673 1628 brachia
698 1594 883 1628 indicabant
904 1618 917 1635 ,
949 1595 1040 1629 simul
1060 1619 1072 1635 ‚
1104 1606 1178 1628 cum
1202 1594 1353 1628 remorati

346 1639 511 1682 sanguinis
533 1639 626 1680 copia
649 1637 915 1680 comprimendo,
938 1638 1102 1673 cerebrum
1124 1664 1132 1678 ‚
1165 1650 1198 1671 ac
1221 1637 1355 1670 cerebel-

350 1684 417 1718 lum
441 1678 671 1715 constrinxisset
695 1705 702 1712 .
738 1680 855 1714 Fuscus
878 1680 942 1723 ipse
975 1682 1157 1716 medullaris
1181 1681 1356 1715 substantiae

349 1728 441 1760 color
465 1725 654 1759 sententiam
686 1725 915 1766 comprobabat
939 1737 1043 1760 meam
1063 1741 1072 1764 3
1104 1737 1177 1759 nam
1198 1722 1357 1768 quidquid

349 1769 432 1804 illud
456 1777 520 1802 erat
544 1767 631 1811 quod
654 1770 737 1803 inter
760 1767 851 1802 fibras
872 1770 991 1803 cerebri
1015 1769 1122 1812 passim
1145 1767 1322 1812 depositum
1344 1789 1358 1807 ,

353 1825 422 1848 eam
446 1812 652 1848 substantiam
674 1810 851 1845 infuscabat
865 1836 876 1852 ,
899 1822 1054 1857 quantum
1078 1812 1170 1855 spatii
1183 1814 1267 1844 intra
1289 1822 1359 1844 cra-

350 1858 443 1892 nium
466 1855 634 1895 demebat,
657 1863 751 1888 tanto
774 1855 981 1898 perniciofior
1003 1865 1040 1890 ut
1056 1855 1242 1889 constrictio
1265 1853 1355 1890 esset,

349 1901 505 1936 efficiebat
527 1925 534 1931 .
569 1900 706 1933 Arteriae
738 1910 863 1941 quooue
885 1901 1013 1941 Magna:
1036 1901 1155 1933 vitium
1181 1924 1189 1938 ‚
1220 1907 1256 1932 ut
1280 1897 1358 1930 alibi

354 1949 369 1986 (
390 1947 411 1979 d
431 1950 446 1987 )
468 1944 644 1978 indicatum
669 1942 731 1979 est,
755 1932 851 1976 credo
875 1943 913 1976 ad
938 1938 1140 1986 apoplexiam
1162 1940 1361 1975 inferendam

350 1986 541 2031 conspirasse
566 2010 574 2018 .
610 1987 696 2019 Nam
720 1985 808 2028 quod
832 1985 869 2019 de
893 1986 1027 2029 syncope
1051 1984 1199 2029 suspicari
1224 1982 1324 2027 posses
1347 2006 1359 2023 ,

350 2045 426 2066 cum
450 2044 521 2076 quaa
545 2032 629 2064 intra
651 2031 798 2063 cranium
829 2030 997 2073 conspecta
1021 2029 1091 2063 sunt
1113 2052 1124 2068 ‚
1156 2038 1226 2063 tum
1250 2027 1360 2061 subru-

347 2080 403 2112 ber
423 2075 489 2119 ipse
513 2074 605 2108 faciei
631 2074 736 2112 livor3
761 2084 798 2106 ne
822 2072 884 2106 buc
917 2074 977 2106 alia
1000 2072 1113 2106 addam
1134 2085 1144 2111 3
1177 2072 1252 2105 satis
1275 2070 1362 2103 infir.

349 2129 462 2155 mant.
488 2120 605 2161 Neque
627 2127 645 2150 a
677 2115 832 2158 polyposa
855 2117 909 2149 illa
944 2117 1147 2149 concretione
1171 2116 1232 2148 tibi
1267 2113 1360 2147 facile

351 2165 476 2207 imponi
503 2162 603 2198 finas3
629 2158 711 2201 posl‘e
723 2160 830 2199 enim,
856 2169 950 2203 atque
975 2159 1052 2192 adeo
1065 2170 1169 2192 revera
1195 2157 1264 2202 post
1276 2168 1361 2190 mor-

346 2219 414 2241 iem
439 2205 597 2249 plerasque
618 2203 709 2246 gigni
733 2203 783 2236 vel
806 2201 861 2236 ista
885 2202 1038 2246 majores,
1061 2202 1362 2245 &compaffiores,

349 2252 416 2295 ipse
440 2259 567 2293 quoque
591 2248 666 2280 alias
690 2249 699 2285 (
723 2257 737 2280 e
758 2250 774 2286 >
794 2257 865 2280 cum
889 2248 976 2280 Viro
986 2246 1193 2284 Clarissimo,
1217 2243 1361 2286 mihique

353 2295 416 2332 iarn
439 2293 513 2326 inde
537 2292 575 2324 ab
597 2302 634 2322 eo
658 2299 803 2332 tempore
827 2302 893 2332 quo
916 2300 1002 2322 meus
1029 2288 1083 2322 hic
1109 2287 1237 2322 auditor
1262 2287 1326 2321 fuit
1350 2309 1360 2324 ‚

351 2333 472 2380 'magno
496 2335 552 2370 suo
576 2335 693 2367 merito
716 2332 811 2374 longe
835 2332 1012 2365 charissimo
1035 2331 1162 2365 Andrea
1175 2330 1261 2377 Pasta
1283 2340 1363 2364 con-

353 2380 515 2420 firmabo,
538 2389 593 2411 nec
618 2378 641 2409 ii
689 2376 720 2408 ui
744 2376 884 2417 plurima
917 2384 1038 2408 attente
1063 2374 1165 2407 secant
1197 2373 1364 2417 cujusque-

355 2425 445 2461 modi
472 2422 642 2456 cadavera,
665 2388 890 2453 diffitebuntur
911 2443 918 2450 .
954 2419 1002 2452 At
1026 2419 1111 2450 enim
1131 2416 1286 2459 quosdam
1310 2415 1363 2449 hic

355 2467 505 2504 Sacerdos
528 2467 611 2498 intra
634 2463 799 2496 thoracem
830 2461 958 2495 dolores
981 2459 1131 2503 imposita
1165 2459 1267 2493 sterno
1289 2458 1367 2492 dex-

355 2525 423 2546 tera
448 2510 560 2545 solitus
583 2516 647 2540 erat
672 2505 832 2538 indicare.
858 2504 970 2538 Audio
992 2518 1001 2537 .-
1035 2504 1084 2538 secl
1108 2505 1187 2536 vitia
1211 2514 1274 2536 non
1297 2502 1367 2535 dee-

356 2566 429 2592 rant
452 2554 517 2596 ejus
541 2551 700 2595 portionis
735 2549 856 2582 arteriae
891 2550 1020 2591 Magnae
1039 2571 1052 2588 ,
1083 2558 1153 2590 quae
1187 2547 1248 2579 alte
1279 2547 1367 2579 intra

355 2601 522 2634 thoracem
546 2596 649 2630 sterno
672 2592 857 2635 respondet:
884 2590 1047 2625 defuerant
1070 2599 1176 2624 autem
1198 2591 1232 2622 in
1257 2590 1368 2622 alacri-

357 2654 424 2678 tate
448 2642 503 2675 illa
527 2664 539 2681 ,
562 2642 594 2672 δε
617 2633 877 2680 promptitudine
909 2634 946 2668 ad
972 2635 1113 2667 afflone-s
1145 2632 1266 2666 indicia
1298 2644 1368 2675 quae

359 2686 467 2721 cordis
489 2681 701 2718 ventriculum
720 2679 885 2714 dexterum
906 2690 940 2711 ea
962 2679 1162 2711 concretione
1176 2675 1369 2720 impeditum

357 2735 392 2766 in
416 2731 541 2762 vivente
564 2723 795 2768 significarent.
955 2736 958 2739 *

405 2785 458 2816 23.
483 2774 608 2806 Verum
627 2779 703 2801 curn
728 2766 859 2809 polypis
881 2768 1019 2801 multum
1045 2778 1060 2799 a
1093 2763 1284 2809 quibusdam
1309 2766 1368 2797 tri-

359 2819 477 2852 butum
497 2814 619 2847 videam
633 2811 670 2845 ad
695 2810 895 2852 apoplexiam
909 2809 1131 2848 efficiendam5
1153 2808 1232 2851 quid
1256 2806 1368 2841 dehoc

361 2861 447 2896 mihi
472 2857 636 2892 videatur,
663 2857 694 2887 &
717 2862 917 2897 compertum
941 2853 979 2886 sit
999 2878 1012 2895 ,
1047 2864 1111 2886 non
1135 2852 1176 2885 est
1208 2851 1268 2885 hoc
1293 2853 1368 2885 loco

362 2900 558 2940 reticendum
581 2924 588 2930 .
617 2897 782 2939 Polyposae
806 2899 1027 2931 concretiones
1060 2909 1075 2930 a
1099 2895 1255 2929 veteribus
1288 2907 1368 2938 quo-

361 2959 424 2992 que
448 2941 688 2978 Profectoribus
723 2939 881 2973 adnotatae
906 2941 977 2974 sunt
999 2965 1012 2982 ,
1043 2942 1076 2972 in
1111 2938 1162 2973 his
1186 2952 1201 2972 a
1231 2940 1368 2972 Coitcro

363 2989 420 3034 (f
436 2994 471 3031 )‚
494 2989 549 3030 qui
574 2987 624 3024 se,
649 2981 771 3026 scripfit
787 3006 795 3021 ‚
820 2993 858 3017 ex
873 2983 1004 3027 finubus
1027 2985 1107 3017 durae
1120 2982 1297 3017 membrana
1319 2994 1368 3015 ce-

365 3035 448 3069 rebri
472 3031 665 3075 phreneticae
688 3027 830 3061 mulieris
851 3049 862 3066 ,
900 3035 937 3060 uc
959 3027 1039 3060 alias
1063 3037 1101 3061 ex
1116 3025 1279 3068 suspendio
1302 3036 1372 3059 ent>-

365 3086 507 3112 catorum
531 3071 685 3112 cerebris,
707 3068 871 3113 extraxisti
888 3070 988 3113 fibras
1005 3070 1072 3113 sive
1104 3069 1268 3113 filamenta
1292 3068 1373 3111 cras-

360 3122 398 3170 [a
412 3146 420 3160 ,
446 3117 608 3153 lumbricis
633 3125 691 3148 non
714 3113 869 3156 diffimilia
888 3137 900 3153 ,
922 3125 958 3147 ex
981 3113 1051 3147 alba
1071 3114 1193 3155 pituita
1217 3110 1371 3155 conflata.-

361 3162 480 3208 Jimilcs
497 3156 654 3204 sumpfiffe
678 3169 716 3192 ex
738 3157 837 3190 cordis
859 3157 1045 3190 ventriculis
1069 3170 1078 3188 :
1111 3155 1243 3197 indeque
1266 3165 1374 3189 ortum

370 3217 509 3240 errorem
532 3199 716 3236 existimasse
741 3200 918 3233 multorum
942 3203 998 3244 qui
1022 3211 1143 3234 vermes
1167 3202 1199 3232 in
1222 3199 1351 3245 cerebro
1366 3221 1374 3235 ‚

369 3253 401 3283 &
424 3249 517 3282 corde
540 3246 595 3279 sibi
619 3246 702 3279 visos
726 3243 867 3286 aiebant.
894 3244 940 3276 At
964 3245 1191 3285 Nymmannus
1202 3254 1272 3275 cum
1296 3242 1375 3284 ejus-

368 3289 532 3327 demmodi
558 3290 778 3323 concretiones
799 3288 883 3320 circa
907 3288 1066 3320 Torcular
1088 3284 1337 3328 deprehendisset
1363 3298 1374 3324 3

369 3336 410 3369 ab
432 3337 472 3368 iis
496 3333 577 3368 hanc
602 3332 706 3366 sedem
729 3332 894 3369 obturari,
918 3330 1037 3364 censuit
1058 3356 1065 3369 ‚
1091 3329 1172 3364 unde
1195 3328 1320 3371 sanguis
1344 3330 1377 3362 in

370 3389 478 3413 totum
502 3377 664 3410 cerebrum
687 3374 759 3407 ferri
795 3373 1011 3412 credebatur5
1045 3377 1075 3407 &
1106 3373 1147 3406 sic
1179 3372 1377 3414 apoplexiam

372 3424 470 3455 oriri.
496 3420 606 3453 Habes
632 3419 831 3461 Nynunanni
854 3417 970 3457 dogma
1002 3428 1035 3450 in
1060 3414 1265 3460 Sepulchrcto
1288 3419 1342 3458 (g
1363 3420 1378 3456 )

375 3465 544 3498 secundum
577 3464 658 3505 leges
683 3462 919 3494 circumitionis
954 3459 1113 3503 sanguinis
1148 3462 1191 3492 ita
1227 3457 1377 3493 instaura-

373 3518 465 3543 tum,
488 3517 522 3539 ut
547 3507 764 3538 concretiones
789 3505 852 3536 illae
877 3515 940 3536 non
964 3505 1046 3536 circa
1064 3503 1225 3537 Torcular
1242 3525 1252 3542 ‚
1276 3502 1325 3535 sed
1337 3502 1376 3535 ad

373 3551 508 3584 initium
538 3551 737 3582 Internarum
755 3548 959 3593 Juguiarium
991 3558 1138 3580 venarum
1169 3545 1345 3580 statuantur
1366 3568 1379 3585 ,

962 175 1122 232 Liber
1155 174 1190 227 I.
1226 170 1310 227 De
1347 172 1553 228 Morbis
1584 172 1790 240 Capitis

1406 250 1551 293 sanguini
1574 248 1839 286 obstantessnon
1861 248 1895 283 in
1917 248 2080 287 cerebrum
2102 249 2217 292 ituro,
2239 251 2289 286 sed
2314 263 2330 286 a
2353 263 2407 286 οε·-

1405 293 1498 327 rebro
1519 293 1663 326 redituro
1677 305 1687 325 .-
1708 292 1805 335 idque
1805 289 2048 336 frequentiffime
2070 293 2312 337 inapoplcfficis
2334 307 2405 330 con-

1405 338 1542 380 tingere,
1563 336 1762 373 existimetur
1787 359 1795 367 .
1829 334 1916 369 Illud
1937 348 2066 382 quoq-ue
2102 337 2249 372 additum
2282 339 2404 373 ibidem

1402 380 1484 423 leges
1498 402 1507 418 ‚
1531 378 1553 413 si
1576 377 1806 421 ejusdemmodi
1828 381 2050 414 concretiones
2079 392 2096 413 e
2116 379 2212 414 corde
2245 392 2300 424 per
2322 390 2406 415 arte-

1401 425 1463 458 rias
1486 422 1650 466 produ&ae
1672 447 1683 462 ‚
1715 422 1941 465 abrumpamur
1963 422 2050 457 forte
2081 436 2097 457 ει
2121 424 2269 466 sanguine
2293 435 2406 468 quami

1399 478 1524 510 cunque
1545 466 1589 499 ob
1610 466 1734 500 eausam
1755 465 1975 501 vehementius
1985 477 2154 501 commoto
2164 491 2177 508 ,
2201 466 2240 499 ab
2250 466 2408 509 ejusdem-

1423 522 1461 544 ue
1484 512 1607 552 impetu
1630 509 1751 543 sursum
1774 508 1964 549 trudantur3
1988 510 2026 544 ad
2049 510 2240 554 angustiores
2264 520 2367 553 partes
2392 533 2403 548 ‚

1398 523 1542 597 pedesque
1563 554 1698 587 minime
1720 552 1866 586 cedentes
1879 552 2095 596 Carotidum,
2117 557 2149 588 &
2162 554 2406 589 Vertebraliutn

1397 598 1581 630 arteriarum
1612 595 1671 630 esse
1693 605 1894 638 perventuras
1914 617 1926 635 ‚
1960 596 2066 640 sicque
2087 609 2216 632 omnem
2247 596 2288 630 ad
2320 609 2407 630 cere-

1393 642 1486 674 brum
1510 639 1633 674 aditum
1657 639 1799 683 sanguini
1810 638 2046 674 obstrueturas.
2072 643 2143 675 Iino
2159 652 2214 675 nec
2238 641 2292 674 illa
2306 641 2407 675 omis-

1395 685 1424 718 sa
1449 685 1587 718 invenies
1609 686 1628 729 (-
1645 682 1665 717 h
1687 686 1701 722 )
1732 694 1803 725 quae
1825 680 2017 724 Fracassatus
2050 694 2213 727 comperta
2248 689 2404 719 memora-

1395 737 1481 760 verat
1505 728 1539 760 in
1563 727 1719 763 disseffis,
1742 727 1872 768 jubente
1886 727 2008 769 Magno
2031 729 2170 762 Etruriae
2185 731 2277 763 Duce
2292 752 2304 769 ,
2326 739 2406 770 apo-

1398 771 1606 813 pletffticorum
1616 769 1844 810 cadaveribus,
1867 769 2026 811 sauguinis
2050 771 2200 805 videlicet
2222 772 2405 805 concretio-

1398 826 1450 848 nes
1473 816 1507 847 in
1532 812 1716 856 sanguiferis
1738 813 1928 855 pulmonum
1949 813 2047 854 vasis,
2070 814 2223 849 &cordis
2245 817 2408 849 ventricu-

1399 858 1457 891 lis.
1483 856 1541 890 Sed
1565 857 1586 890 si
1611 867 1719 891 verum
1740 856 1832 899 loqui
1854 856 2024 895 volumus·,
2047 857 2092 891 ibi
2115 862 2130 898 (
2150 859 2163 892 i
2183 862 2197 898 )
2217 859 2409 893 Fracassatus

1399 901 1466 944 ipse
1489 899 1580 935 fassus
1603 901 1645 934 est
1667 923 1676 938 ‚
1708 910 1766 933 non
1787 900 2002 941 Apoplexiam
2025 908 2127 935 tamen
2149 924 2162 941 ,
2176 901 2234 944 sed
2248 901 2409 945 syncopen

1401 945 1478 978 hanc
1500 941 1691 987 uffesiionem
1714 944 1950 986 nuncupandam
1968 942 2065 988 fuiffe
2087 969 2093 974 .
2132 943 2231 987 Qod
2256 954 2330 978 vero
2365 945 2406 979 ad

1401 988 1466 1021 duo
1489 987 1543 1020 illa
1568 989 1682 1020 attinet
1704 996 1955 1020 commemorata
1978 985 2127 1029 dogmata
2153 1010 2161 1023 ‚
2185 989 2328 1029 quamvis
2351 1000 2410 1031 po-

1402 1031 1531 1073 lyposas
1555 1033 1772 1065 concretiones
1796 1032 1829 1063 in
1852 1030 2028 1063 viventium
2051 1031 2128 1064 vafis
2142 1030 2235 1063 facile
2258 1031 2408 1068 existere,

1399 1074 1621 1108 concederetur
1642 1086 1656 1114 ;
1688 1085 1751 1107 non
1774 1083 1879 1107 tamen
1902 1073 1995 1107 facile
2018 1072 2091 1107 esset
2112 1085 2220 1107 omnes
2253 1074 2344 1108 simul
2370 1074 2410 1108 ad

1399 1118 1561 1153 cerebrum
1586 1118 1714 1157 aditus,
1738 1128 1791 1151 aut
1816 1129 1831 1150 a
1854 1117 1979 1150 cerebro
2002 1115 2173 1160 regressus,
2198 1129 2318 1159 pereas
2340 1118 2411 1151 san-

1401 1164 1490 1206 guini
1514 1162 1649 1194 omnino
1670 1161 1840 1199 obturari3
1865 1159 1922 1193 nisi
1946 1160 2089 1194 universa
2103 1161 2338 1204 propemodum
2359 1172 2411 1194 ar-

1401 1205 1539 1245 teriosa,
1562 1213 1615 1238 aut
1638 1203 1752 1237 venosa
1774 1205 1916 1246 corporis
1938 1202 2031 1243 vasa,
2053 1206 2086 1237 &
2108 1205 2212 1240 cordis
2234 1216 2310 1239 cava
2330 1216 2411 1238 con-

1402 1259 1487 1283 creto
1518 1247 1668 1290 sanguine
1690 1247 1917 1289 replerentur3
1950 1245 2032 1279 unde
2054 1255 2159 1281 tamen
2195 1249 2292 1282 citius
2324 1249 2410 1282 lenta

1403 1294 1539 1335 syncope
1563 1293 1701 1325 oriretur
1723 1301 1819 1333 quam
1844 1290 2006 1335 repentina
2027 1290 2215 1331 apoplexia.
2242 1291 2409 1335 Equidem

1401 1338 1434 1369 in
1458 1335 1660 1369 cadaveribus
1692 1334 1771 1375 saepc
1796 1334 1902 1366 inveni
1935 1330 2091 1374 ejusmodi
2113 1335 2330 1369 concretiones
2361 1335 2412 1368 vel

1400 1382 1441 1413 in
1464 1377 1542 1412 vasis
1566 1378 1604 1412 ad
1635 1377 1796 1411 cerebrum
1828 1376 2061 1419 pertinentibus
2084 1387 2095 1415 3
2125 1386 2232 1411 verum
2254 1376 2296 1411 fic
2327 1376 2413 1412 forte

1402 1423 1544 1465 contigit
1568 1443 1577 1458 ‚
1608 1431 1644 1456 ut
1667 1432 1716 1454 eas
1751 1431 1877 1463 perraro
1898 1421 1932 1452 in
1956 1419 2165 1462 apopletfiticis
2197 1419 2413 1464 deprehende-

1403 1478 1488 1503 rem,
1513 1476 1740 1508 nonnunquam
1762 1462 1862 1497 ferme
1887 1463 2016 1504 exiguas
2030 1463 2230 1504 invenirem,
2252 1464 2340 1506 quod
2363 1465 2412 1499 ti-

1405 1510 1439 1543 bi
1464 1513 1496 1543 &
1520 1509 1681 1552 superior,
1705 1512 1738 1542 δε
1761 1506 1851 1547 haec,
1875 1509 1905 1538 &
1930 1517 1999 1548 quae
2025 1504 2171 1549 sequetur
2194 1507 2340 1550 Epistola
2364 1508 2411 1542 sa-

1406 1556 1450 1586 tis
1471 1551 1650 1586 indicabit:
1673 1561 1709 1585 ut
1733 1551 1810 1585 meis
1833 1547 1964 1592 quidem
1986 1548 2262 1586 observationibus
2275 1553 2411 1586 minime

1404 1595 1590 1630 confirmare
1612 1595 1723 1638 poffim
1741 1618 1754 1636 ‚
1785 1592 1819 1627 id
1843 1593 2106 1642 inlapoplefticis
2129 1593 2188 1628 esse
2202 1592 2415 1639 frequentzffi-

1407 1651 1492 1674 mum
1506 1652 1516 1671 .-
1538 1647 1664 1672 tantum
1688 1636 1771 1671 abest
1792 1645 1828 1670 ut
1850 1634 1934 1669 mihi
1958 1636 2109 1683 acciderit
2120 1638 2207 1680 quod
2231 1639 2328 1673 alicui
2344 1662 2353 1677 ,
2377 1640 2414 1673 in

1409 1676 1621 1726 Sepulchreto
1642 1685 1656 1721 <
1678 1681 1696 1721 l<
1717 1685 1731 1721 )
1754 1681 1836 1723 leges
1859 1679 2003 1713 accidisse
2024 1702 2037 1720 ,
2060 1689 2096 1713 ut
2112 1689 2269 1727 quotquot
2292 1682 2417 1725 apople-

1408 1727 1462 1761 xia
1485 1734 1624 1760 mortuos
1647 1724 1770 1766 aperuit
1788 1746 1799 1761 ³
1832 1723 1864 1756 in
1886 1721 2030 1756 omnibus
2053 1723 2124 1756 illas
2159 1733 2215 1759 aut
2236 1727 2270 1759 in
2300 1727 2414 1768 corde,

1409 1777 1466 1804 aut
1487 1771 1519 1803 in
1542 1767 1682 1805 cerebro,
1706 1775 1763 1800 aut
1784 1768 1817 1800 in
1840 1764 1987 1800 ambobus
2012 1768 2161 1808 reperiret
2183 1793 2190 1802 .
2214 1768 2324 1812 Negas
2349 1771 2415 1812 igi-

1409 1823 1482 1853 tur,
1506 1812 1630 1854 inquies
1645 1836 1653 1850 ‚
1678 1809 1767 1854 quod
1777 1810 1956 1843 Martianus
1973 1808 2033 1849 (l)
2054 1809 2201 1853 exposuit
2214 1834 2223 1849 ,
2240 1811 2374 1856 sanguin
2384 1814 2413 1846 is

1401 1856 1565 1896 stationem
1583 1855 1658 1898 fieri
1679 1850 1894 1897 existimavisti:
1918 1854 2142 1899 Hippocratem
2164 1855 2196 1887 in
2217 1857 2308 1889 venis
2330 1879 2339 1893 ‚
2359 1855 2416 1898 seu

1410 1899 1539 1932 arteriis
1564 1899 1662 1931 totius
1685 1897 1822 1938 corporis
1843 1919 1856 1936 ,
1892 1896 1923 1929 in
1946 1896 2108 1938 apoplexia
2130 1907 2204 1931 vero
2220 1898 2416 1942 potiffimuin

1410 1942 1556 1983 intercipi
1579 1952 1655 1980 eas,
1679 1951 1743 1982 quae
1759 1940 1837 1982 sunt
1856 1941 1891 1985 in
1914 1938 2011 1976 collo,
2038 1940 2081 1972 Θ·
2102 1940 2139 1973 in
2158 1941 2280 1983 peffore
2302 1966 2310 1973 .
2339 1943 2416 1984 Ego

1410 1995 1486 2017 vero
1509 1984 1543 2018 id
1566 1993 1694 2018 tantum
1716 1995 1822 2026 nego,
1844 1984 1896 2016 seu
1919 1983 2027 2024 potius
2049 1982 2087 2016 de
2110 1994 2148 2016 eo
2170 1993 2297 2019 tantum
2320 1984 2418 2019 dubi-

1411 2037 1447 2061 to
1469 2027 1558 2071 quod
1590 2027 1700 2060 multis
1724 2026 1794 2069 post
1825 2027 2024 2061 Martianum
2054 2036 2178 2060 certum
2200 2028 2328 2062 videtur
2348 2051 2361 2069 ,
2383 2032 2418 2063 &

1413 2071 1701 2113 frequentiffimum
1725 2072 1759 2102 in
1783 2070 1827 2102 rei
1850 2068 1980 2113 quidem
2004 2070 2058 2102 illa
2069 2070 2284 2114 explicatione
2307 2071 2345 2105 de
2355 2083 2419 2115 qua

1414 2116 1510 2156 paulo
1533 2123 1604 2147 ante
1626 2113 1750 2147 dietum
1772 2112 1816 2146 ‘est
1837 2125 1847 2143 .·
1881 2122 2063 2157 quanquam
2086 2114 2153 2156 ipsa
2176 2115 2321 2151 vasorum
2346 2126 2419 2158 quae

1411 2159 1445 2190 in
1469 2158 1558 2191 collo
1581 2156 1651 2190 sunt
1674 2180 1688 2197 ,
1717 2157 1913 2198 interceptio
1942 2165 2096 2198 quatenus
2119 2157 2181 2191 huc
2214 2158 2312 2192 faciat
2334 2181 2344 2196 ‚
2380 2170 2419 2192 ex

1410 2202 1527 2235 Caleni
1550 2200 1679 2235 vetustis
1701 2211 1773 2243 quae
1797 2199 1898 2233 Salius
1920 2201 1934 2237 (
1954 2210 1985 2231 m
2007 2202 2020 2238 )
2043 2198 2158 2243 objicit
2178 2223 2191 2241 ,
2222 2203 2425 2246 experimen-

1412 2246 1455 2278 tis
1479 2243 1724 2278 existimandum
1747 2242 1814 2282 est,
1838 2242 1876 2276 de
1899 2241 2017 2286 quibus
2039 2254 2115 2279 curn
2135 2245 2176 2278 iis
2198 2256 2270 2289 quae
2292 2245 2422 2279 Vassal-

1412 2297 1449 2320 va
1473 2287 1606 2327 habuit,
1629 2288 1824 2332 comparatis
1846 2285 1973 2327 longior
1996 2288 2151 2321 nimirum
2173 2288 2275 2322 sermo
2298 2288 2423 2322 facien-

1412 2330 1470 2365 dus
1490 2329 1585 2372 esset,
1606 2341 1701 2372 quam
1724 2330 1856 2375 praesens
1879 2328 2063 2362 institutum
2078 2333 2240 2372 patiatur3
2263 2332 2423 2377 quamob-

1414 2386 1480 2408 rcrn
1503 2374 1567 2407 alio
1598 2375 1613 2412 (
1634 2384 1653 2405 n
1676 2377 1689 2412 )
1723 2373 1899 2418 rejicietur:
1989 2373 2088 2405 Nunc
2113 2375 2251 2417 reliquas
2286 2376 2420 2419 apople-

1416 2420 1573 2452 c‘ticorum
1599 2414 1744 2449 historias
1768 2415 1924 2457 propositi
1946 2417 2068 2462 generis
2092 2415 2319 2458 subjiciemus.

1460 2472 1509 2503 24.
1533 2459 1978 2497 SALSAMENTARIUS,
2001 2469 2090 2501 cujus
2114 2470 2179 2493 erat
2203 2462 2329 2495 taberna
2355 2463 2423 2495 Ve-

1417 2506 1512 2538 netiis
1534 2511 1645 2536 contra
1668 2510 1795 2544 portam
1816 2501 2065 2535 Armamentarii
2082 2503 2226 2545 publici,
2249 2503 2420 2539 confisten·

1417 2558 1448 2581 te
1471 2555 1565 2581 aetate
1579 2569 1589 2585 ‚
1610 2546 1698 2579 bono
1720 2543 1857 2583 habitu,
1882 2544 2120 2588 &subpingui5
2146 2558 2184 2580 ex
2202 2559 2270 2591 quo
2293 2549 2423 2592 aliquot

1419 2602 1491 2624 ante
1514 2589 1668 2623 mensibus
1693 2597 1901 2631 aegrotaverat
1922 2613 1931 2629 ,
1956 2599 2020 2622 non
2044 2590 2182 2632 amplius
2205 2593 2252 2624 ita
2274 2591 2388 2626 hilaris
2411 2616 2423 2632 ,

1420 2644 1455 2669 ut
1478 2635 1559 2668 olim
1574 2659 1583 2674 ,
1606 2633 1669 2667 fuit
1682 2655 1692 2671 ,
1716 2643 1772 2665 nec
1793 2641 1899 2665 tamen
1930 2630 1967 2665 de
1991 2633 2200 2668 incommodo
2221 2636 2344 2678 questus
2378 2635 2421 2669 est

1419 2679 1489 2712 ullo
1511 2676 1600 2720 quod
1624 2676 1661 2709 ad
1684 2685 1780 2718 caput
1804 2676 1974 2715 attineret,
1996 2675 2034 2709 ad
2057 2676 2143 2718 quod
2167 2688 2266 2722 neque
2288 2681 2354 2714 illae
2377 2689 2425 2712 at-

1421 2724 1582 2755 tinuerant
1604 2721 1827 2762 aegrotationes
1848 2744 1855 2751 .
1890 2719 1980 2752 Huic
2000 2720 2105 2762 pridie
2138 2721 2252 2756 Nonas
2288 2723 2424 2757 Sextiles

1419 2768 1463 2799 A.
1491 2765 1581 2806 1708.
1607 2764 1693 2797 nulla
1718 2763 1834 2805 praevia
1857 2761 1995 2795 evidenti
2007 2762 2122 2804 causa,
2143 2763 2199 2797 nisi
2224 2765 2307 2800 forte
2330 2779 2368 2800 ex
2379 2768 2426 2799 ci-

1419 2810 1484 2848 bo,
1505 2809 1539 2840 in
1563 2819 1627 2850 quo
1649 2808 1697 2839 vel
1722 2806 1870 2839 extremis
1892 2805 1968 2838 vitae
1991 2805 2103 2840 diebus
2124 2807 2261 2851 deliquit
2287 2834 2298 2850 ,
2334 2810 2425 2844 valde

1419 2851 1576 2886 intumuit
1599 2850 1697 2883 bucca
1712 2848 1854 2889 sinistra,
1876 2857 2001 2881 tumore
2025 2849 2099 2883 inde
2122 2850 2151 2884 sc
2163 2852 2353 2887 extendente
2377 2850 2428 2886 in-'

1421 2895 1467 2929 fra
1493 2903 1661 2933 mentum,
1685 2902 1776 2936 atque
1800 2892 1972 2927 auriculam
1990 2918 1996 2925 .
2018 2893 2133 2937 Neque
2145 2907 2182 2928 eo
2205 2898 2309 2931 minus
2331 2899 2363 2930 in
2376 2906 2427 2929 ta-

1418 2940 1512 2973 berna
1535 2936 1598 2970 fuit
1622 2937 1695 2977 sua,
1718 2947 1771 2970 aut
1793 2948 1826 2969 ea
1849 2947 1918 2978 quae
1943 2935 2045 2969 facere
2065 2961 2078 2977 ,
2109 2941 2143 2972 &
2164 2938 2325 2975 comedere
2348 2940 2428 2973 sole-

1419 2984 1495 3019 bat,
1520 2980 1650 3015 omisit⁴
1677 2980 1735 3013 Sed
1759 2978 1909 3022 postridie
1931 2980 2045 3013 Nonas
2064 2982 2121 3015 vix
2144 2994 2159 3014 e
2182 2983 2266 3017 lecto
2281 3011 2289 3024 ‚
2314 2987 2348 3018 in
2359 2996 2427 3028 quo

1423 3027 1550 3059 nostem
1574 3024 1649 3057 bene
1671 3023 1866 3063 dormierat,
1890 3021 2047 3064 surrexit,
2071 3024 2160 3067 seque
2181 3027 2289 3061 induit
2308 3053 2319 3069 ,
2352 3039 2427 3062 cum

1424 3079 1550 3111 repente
1573 3078 1715 3109 magno,
1739 3069 1771 3099 δε
1794 3065 1972 3100 vehementi
2007 3079 2079 3101 cum
2102 3070 2223 3111 impetu
2257 3083 2313 3113 per
2335 3071 2426 3106 cubi-

1428 3113 1536 3146 culum
1556 3112 1607 3145 bis
1631 3120 1715 3143 terve
1741 3109 1938 3150 ambulavit,
1962 3110 2130 3155 statimque
2140 3112 2305 3156 consedit,
2329 3125 2359 3149 at
2389 3127 2426 3149 ue

1426 3166 1462 3191 ut
1487 3156 1514 3189 se
1537 3155 1684 3192 haberet,
1707 3155 1944 3196 interrogatus,
1967 3153 2029 3189 heu
2052 3154 2113 3190 heu
2133 3181 2142 3196 ‚
2167 3157 2227 3190 heu
2252 3160 2362 3201 respon
2389 3160 2428 3198 it,

1426 3201 1535 3242 ibique
1559 3199 1650 3232 illico
1673 3206 1819 3230 mortuus
1851 3197 1892 3230 est
1911 3222 1918 3229 .
2008 3200 2259 3234 DISSECTIO
2283 3212 2354 3235 ante
2376 3214 2428 3235 ve-

1426 3244 1600 3285 spertinum
1623 3249 1748 3283 tempus
1771 3252 1787 3273 a
1809 3241 1862 3273 Cl.
1889 3243 2061 3275 Santorino
2083 3242 2193 3276 habita
2217 3244 2258 3280 est
2278 3270 2291 3287 ‚
2323 3246 2428 3289 inspe-

1426 3286 1584 3320 &antibus
1610 3283 1858 3324 Protomedico,
1879 3283 1968 3327 cujus
1991 3287 2047 3319 ille
2070 3287 2154 3320 vices
2177 3289 2217 3321 iis
2228 3291 2317 3323 annis
2339 3302 2428 3333 gere-

1428 3330 1506 3369 bat,
1529 3326 1659 3370 aliisque
1682 3338 1755 3361 curn
1778 3338 1816 3359 eo
1840 3328 1999 3370 Medicis,
2023 3333 2055 3363 &
2078 3330 2112 3365 in
2136 3329 2190 3365 his?
2211 3333 2305 3367 nobis
2322 3358 2330 3365 .

1428 3374 1527 3406 Attus
1549 3380 1635 3404 erant
1660 3370 1812 3416 subi-igidi
1826 3394 1837 3410 ,
1858 3372 2009 3414 abdomen
2034 3374 2215 3416 praepingue
2229 3400 2238 3414 ‚
2261 3376 2367 3420 qualia
2390 3388 2429 3409 o-

1430 3425 1595 3453 mentum,
1620 3415 1839 3448 meienterium
1850 3418 1866 3453 ,s
1885 3419 1917 3448 &
1940 3416 2158 3450 mediastinum
2192 3431 2338 3462 quoque.
2362 3420 2430 3454 Te-

1430 3460 1540 3492 nuium
1564 3457 1786 3490 intestinorum
1798 3463 1872 3504 parsi
1892 3458 1928 3494 ad
1942 3459 2142 3502 spithamam,
2156 3473 2256 3505 eoque
2268 3463 2430 3505 amplius,

1429 3514 1467 3535 ex
1489 3501 1589 3534 livido
1612 3502 1789 3543 variegata.
1814 3502 1893 3540 Lien
1927 3514 2020 3545 aequo
2042 3504 2144 3547 major
2162 3528 2174 3544 ,
2207 3517 2240 3538 ac
2263 3507 2396 3540 mollior
2416 3530 2430 3548 ‚

1429 3548 1460 3578 δέ
1483 3556 1620 3578 convexa
1644 3545 1677 3577 in
1701 3543 1781 3577 facie
1803 3545 1990 3588 quibusdam
2013 3547 2086 3580 latis
2121 3547 2205 3590 quasi
2228 3550 2362 3584 maculis
2386 3548 2431 3582 al-‘

2256 3594 2364 3627 bicans
2377 3618 2385 3626 .

386 3646 2430 3665 »vr—mm

436 3710 451 3738 (
466 3708 482 3732 d
496 3708 511 3736 3
526 3708 599 3737 Epist.
617 3715 637 3737 3.
655 3715 679 3731 n.
698 3714 734 3730 22.
801 3708 808 3737 (
825 3717 836 3733 e
852 3708 866 3738 )
880 3707 952 3736 Epist.
972 3715 1009 3736 ²4-
1075 3709 1124 3739 (sl
1141 3707 1197 3734 ΟΒ(-
1213 3709 1285 3733 Anat,

437 3742 450 3768 ζ
467 3740 477 3762 ι’
493 3739 507 3769 )
524 3739 608 3763 niffen
635 3737 663 3761 de
680 3737 786 3770 Cerebro
798 3755 804 3759 .
866 3737 876 3765 (
897 3739 912 3763 k
929 3739 943 3767 3
958 3740 1019 3762 Sect.
1035 3739 1074 3763 cit.
1093 3739 1148 3763 Obs
1169 3748 1206 3769 37.
1226 3739 1247 3769 §.
1266 3747 1285 3764 ι.

435 3771 449 3800 ζ
466 3778 488 3793 m
505 3770 518 3797 )
536 3771 571 3793 De
589 3768 672 3793 Affest.
691 3768 857 3793 Particularib.
874 3776 894 3791 c.
912 3777 932 3793 2.
995 3770 1010 3800 (
1025 3778 1039 3793 n
1056 3770 1070 3799 >
1088 3770 1161 3800 Epist.
1181 3775 1216 3798 ¹9.

1348 3706 1396 3739 (ἕ)
1415 3709 1428 3731 1.
1450 3714 1468 3731 ι.
1486 3707 1511 3730 S.
1529 3715 1552 3740 ².-
1570 3706 1628 3741 Obs.
1646 3715 1667 3731 1.
1685 3716 1740 3735 cum
1758 3709 1838 3734 Schci.

1350 3740 1363 3767 ς
1381 3742 1387 3764 l
1404 3738 1418 3767 )
1435 3739 1525 3765 Annot.
1543 3744 1568 3761 in
1585 3739 1699 3767 Hippon.
1717 3743 1725 3765 1
1750 3748 1772 3765 2·
1789 3741 1816 3765 de
1834 3740 1930 3765 Morbis
1948 3740 2004 3767 vers.
2021 3744 2064 3770 64·

1902 3710 1957 3739 (a)
1974 3710 1997 3734 in
2014 3709 2140 3736 additam.
2160 3712 2188 3736 aa
2206 3713 2267 3738 Seu.
2280 3713 2322 3739 eit.
2338 3714 2398 3740 obs.
2409 3698 2444 3740 ιζ
