2498 4075
338 160 436 211 254

273 233 310 258 tit
336 224 372 258 hi
395 226 428 258 in
453 222 515 258 suis
537 218 769 260 observarunt,
792 220 825 252 δε
849 214 1043 260 inequalem
1066 226 1127 257 an,
1151 223 1188 249 ut
1199 217 1284 250 Lan..

276 267 372 302 cilius
396 270 429 301 in
454 266 530 305 suo,
555 271 591 297 ut
616 263 793 304 plurimum
815 259 948 304 aequales
980 259 1035 302 (q
1056 262 1070 300 )
1089 282 1097 289 .
1129 260 1255 292 Verum
1273 279 1283 294 2

278 320 315 345 ut
340 311 437 351 dixi,
471 307 556 342 nihil
594 305 685 340 aliud
719 307 797 339 scire
830 305 956 347 potui,
990 301 1048 335 nisi
1081 302 1285 335 humillimos

277 353 391 388 fuisse:
416 351 504 396 quod
528 350 675 392 alioquin
696 348 773 383 satis
796 347 947 380 convenit
970 344 1110 388 modicae
1133 345 1184 378 illi
1218 344 1285 377 san-

275 399 385 441 guinis
407 397 511 438 copiae
527 419 535 433 ‚
559 405 631 436 quae
656 404 710 435 per
732 393 817 425 viam
832 414 843 430 ,
869 401 884 422 a
907 389 1045 422 valvulis
1069 388 1284 431 angustiorem

277 441 421 480 sacuam,
446 440 601 481 Magnam
625 436 752 470 subibat
776 434 928 467 arteriam
952 443 959 464 :
995 443 1033 466 ne
1057 442 1095 466 ue
1127 431 1285 473 discrepat

276 484 315 517 ab
339 483 449 517 nostris
473 484 507 515 in
530 482 630 519 Anu,
652 483 685 513 &
708 480 785 512 Sene
809 444 1102 511 Observationilms
1116 497 1127 513 ,
1149 484 1285 518 quarum

276 527 369 561 illam
392 529 426 560 in
449 524 559 559 eadem
582 522 727 565 Epistola
749 523 764 561 (
787 532 802 552 r
823 524 860 569 χ,
882 518 964 553 hanc
997 520 1031 552 in
1069 519 1159 551 XXI.
1204 516 1291 566 (s)

275 571 522 614 proposuimus.
547 568 635 600 Cum
659 567 743 599 enim
768 563 978 597 Semilunares
1001 561 1133 594 valvulae
1169 559 1290 594 utrius-

276 626 337 657 que
360 612 471 650 osseae,
511 613 546 644 in
589 610 647 642 illa
691 607 826 652 quidem
848 606 958 640 limbis
1003 603 1099 638 essent
1143 604 1178 636 in
1222 613 1288 636 non

273 668 371 700 parva
393 655 556 690 tubercula
580 650 853 690 crassescentibus,
876 651 910 683 in
935 648 998 683 hoc
1020 658 1096 680 vero
1118 647 1220 689 magis
1242 654 1290 679 et-

274 703 340 735 iarn
363 697 539 733 introrsum
563 695 873 738 protuberantibus;
896 690 1063 733 utriusque
1090 689 1197 732 pulsus
1220 688 1290 723 fue-

275 754 352 779 runt
377 743 521 782 debiles,
544 741 637 773 Anus
662 739 755 783 parvi
779 737 907 779 insuper
916 747 929 775 3
951 743 1093 768 neutrius
1125 734 1290 767 intermit-

274 796 396 821 tentes.

320 842 371 865 20.
399 829 496 864 Nunc
519 824 652 870 quando
675 824 801 859 mentio
822 821 909 857 faeta
932 820 974 855 est
1006 818 1044 854 de
1067 819 1215 863 pulsuum
1239 821 1290 852 in·

276 872 466 908 termissione
478 895 492 913 ,
513 882 584 913 quae
607 868 656 901 vel
681 868 784 910 magis
805 877 902 909 quam
926 874 1039 900 eorum
1060 863 1212 902 exilitas,
1236 871 1290 898 aut

275 917 452 957 debilitas,
475 912 512 949 ad
535 910 740 954 Asphyxiam
764 909 886 944 accedit
909 913 924 950 (
950 907 1030 951 quid
1064 908 1152 941 enim
1185 908 1287 940 inter-

272 960 376 994 rni'ffio
419 958 462 993 est
503 955 594 991 aliud
638 953 696 988 nisi
729 953 883 997 asphyxia
906 950 1108 990 breviffima.,
1130 959 1185 985 aut
1206 949 1286 993 quid

272 1003 451 1047 asphyaria,
476 999 535 1034 nisi
558 998 747 1034 intermissio
757 996 929 1032 diutissime
940 995 1104 1036 durans?)
1125 1004 1189 1027 non
1213 994 1287 1027 sunt

272 1048 328 1083 hic
353 1046 416 1081 sine
439 1044 584 1080 examine
598 1067 609 1084 ‚
633 1041 729 1085 huius
752 1041 827 1075 vitii
853 1039 953 1074 causae
999 1035 1261 1072 raetermittendae
1275 1059 1286 1075 ‚

273 1103 342 1139 quo
365 1099 534 1132 tantopere
557 1088 692 1131 plurimi
719 1094 880 1118 terrentur
906 1083 962 1117 Me
987 1082 1053 1118 ici,
1079 1081 1158 1124 saepe
1191 1081 1289 1113 meri-

270 1144 308 1169 to
324 1159 336 1175 ,
361 1145 416 1168 nec
442 1144 515 1166 raro
539 1139 644 1164 tamen
670 1137 785 1173 praeter
809 1128 989 1172 rationem,
1011 1125 1113 1159 veluti
1145 1134 1222 1159 cum
1256 1124 1291 1156 in

268 1177 477 1216 ventriculo,
501 1185 555 1209 aut
579 1173 738 1207 intestinis
763 1170 861 1205 subest
883 1170 994 1206 causa,
1041 1179 1089 1201 uae
1114 1177 1168 1202 aut
1192 1165 1291 1209 perse

270 1220 449 1255 evanescere
463 1245 471 1259 ‚
497 1227 552 1253 aut
576 1215 669 1252 facile
692 1227 708 1249 a
723 1214 858 1250 Medico
881 1212 955 1246 tolli
978 1223 1021 1255 po
1058 1219 1091 1244 t.
1105 1212 1187 1248 Quo
1198 1211 1285 1244 enim

268 1263 370 1298 modo
393 1276 410 1297 a
435 1262 586 1299 flatibus,
610 1260 666 1293 illa
690 1256 942 1293 distendentibus
963 1279 973 1294 ,
1004 1253 1113 1288 cordis
1147 1253 1285 1297 palpita-

269 1311 396 1343 tionem
420 1305 490 1340 fieri
512 1303 676 1338 interdum
691 1325 700 1341 ,
724 1304 757 1336 &
781 1301 884 1341 solvi,
910 1299 1053 1333 diximus
1085 1301 1099 1338 (
1123 1304 1138 1331 t
1159 1302 1196 1338 )‚
1228 1308 1285 1330 eo-

268 1351 343 1388 dem
366 1362 496 1395 quoque
511 1373 524 1391 ‚
546 1356 600 1382 aut
624 1358 689 1380 non
713 1347 760 1379 ita
781 1343 923 1379 diffimili
949 1340 1099 1385 pulsuum
1121 1339 1285 1374 intermis-

267 1395 390 1431 sionem
415 1394 497 1429 effici
521 1389 696 1434 aliquando
716 1415 726 1431 ,
750 1391 783 1424 δε
807 1399 862 1431 per
885 1387 914 1421 se
947 1386 1102 1435 abire-in
1128 1384 1286 1434 *pluribus

268 1442 326 1483 qui
350 1439 421 1473 noti
447 1437 517 1472 sunt
540 1436 657 1475 nobis,
682 1431 885 1468 manifestum
908 1429 970 1464 est.
996 1428 1089 1462 Alias
1111 1427 1226 1462 iisdem
1249 1428 1291 1461 il-

267 1484 312 1518 lis
335 1485 371 1516 in
394 1479 568 1514 visceribus
592 1478 724 1512 materia
748 1476 790 1523 est
810 1487 881 1519 quae
906 1473 991 1507 idern
1016 1471 1136 1513 faciat,
1160 1473 1291 1505 irritan-

268 1527 314 1561 do
338 1536 449 1560 eorum
484 1534 615 1561 nervos,
639 1521 833 1564 quibuscum
877 1517 958 1552 nosti
1003 1525 1040 1549 ut
1084 1515 1286 1549 consentiant

269 1569 366 1605 facile
412 1569 501 1602 nervi
545 1565 653 1600 cordis
674 1590 683 1598 .
726 1565 773 1597 Ea
819 1571 925 1596 autem
968 1560 1101 1593 materia
1124 1559 1287 1593 interdum

268 1612 427 1658 ejusmodi
450 1610 515 1651 est,
539 1619 574 1643 ut
599 1608 691 1644 nullo
714 1606 849 1649 negotio
871 1604 945 1638 inde
970 1602 1062 1646 poffit
1085 1604 1187 1636 averti
1201 1628 1209 1635 .
1232 1603 1285 1635 Sic

271 1657 440 1697 memini,
471 1665 546 1689 cum
568 1651 774 1687 febricitanti
799 1650 935 1691 Virgini
970 1644 1112 1680 mederer
1131 1668 1141 1684 ,
1176 1649 1208 1680 &
1248 1644 1287 1679 ad

267 1712 381 1736 caetera
406 1696 591 1733 intermissio
616 1693 766 1739 pulsuum
789 1691 949 1726 acceffisset
972 1699 1088 1732 praeter
1103 1690 1286 1728 rationem3

272 1747 406 1780 minime
430 1742 632 1778 absterritum
655 1735 714 1773 effe
738 1748 788 1771 me
811 1736 850 1769 ab
874 1746 912 1769 eo
944 1731 1127 1767 exhibendo
1147 1755 1160 1772 ,
1196 1733 1285 1775 quod

273 1788 522 1827 constitueram,
548 1783 804 1820 medicamento,
827 1790 895 1823 quo
928 1777 1179 1823 abstergerentur
1211 1787 1285 1809 vcn-

272 1833 414 1868 triculus
429 1855 442 1873 ,
465 1834 498 1865 &
521 1827 693 1866 intestina3
717 1828 787 1860 imo
812 1835 850 1856 eo
873 1820 1026 1867 fidentius
1049 1819 1167 1870 dedi‘sse
1189 1831 1197 1851 t
1229 1831 1283 1852 eo-

267 1877 403 1920 demque
427 1875 480 1909 die
504 1877 535 1907 &
564 1870 693 1913 abstersa
719 1871 812 1904 haec‚
834 1869 866 1900 &
889 1865 997 1908 pulsus
1028 1874 1132 1907 priori
1164 1872 1284 1896 normae

269 1920 435 1956 restitutos
459 1915 572 1952 fuisse.
600 1916 646 1949 Et
669 1923 708 1949 tu
729 1912 779 1946 vel
801 1912 836 1944 iti
851 1907 1059 1952 Sepulchreto
1084 1911 1094 1946 (
1118 1916 1139 1939 u
1161 1906 1282 1955 >dege-

272 1965 343 2006 ris,
363 1961 476 1996 vidisse
501 1960 686 1994 Ballonium
713 1967 778 1990 non
800 1952 838 1988 id
862 1952 989 1993 modo,
1013 1948 1065 1986 sed
1089 1952 1121 1983 &
1146 1949 1208 1983 alia
1241 1950 1282 1983 si·

269 2009 337 2044 mul
362 2003 529 2048 languidi,
553 2006 585 2036 δε
608 2002 695 2044 parvi
719 1998 826 2042 pulsus
857 1997 936 2029 vitia
971 1994 1010 2030 ad
1041 1992 1177 2044 eundem
1209 2005 1281 2027 mo-

272 2052 351 2087 dum
376 2049 516 2084 sublata.
541 2050 607 2079 ‘Pro
627 2042 779 2088 gradibus
796 2040 1021 2085 purgationis,
1044 2046 1176 2080 inquit,
1205 2035 1281 2079 pul-

264 2096 321 2140 sus
345 2092 583 2134 restituebatur.
609 2089 701 2131 Qu
724 2088 823 2120 etiam
847 2085 941 2126 longe
962 2082 1114 2116 diuturna
1139 2081 1282 2122 aliquan-

269 2139 314 2174 do
340 2134 528 2171 intermiffio
552 2132 615 2173 est,
639 2141 676 2166 ut
698 2142 760 2173 qua
783 2128 810 2162 se
829 2138 888 2170 per
903 2125 1087 2170 sexennium
1101 2120 1282 2173 laborasse,

271 2181 387 2220 scribit
411 2175 573 2214 Lancisius
597 2177 654 2220 (x
675 2176 716 2215 >3
739 2173 911 2214 eademque
933 2167 1111 2217 tamem-si
1132 2191 1146 2209 ,
1176 2174 1213 2201 ut
1246 2177 1283 2201 in

270 2225 364 2270 ipso,
389 2234 427 2260 ex
448 2219 748 2264 hypochondriorum
770 2212 913 2258 consensu
936 2212 979 2247 est
1002 2224 1014 2252 3
1046 2210 1098 2245 his
1133 2221 1282 2254 percura-

273 2272 317 2305 tis
331 2293 342 2311 ‚
363 2268 500 2302 omnino
523 2264 620 2302 tolli5
643 2265 676 2296 δε
696 2256 833 2303 perfede
856 2256 978 2300 potest.
1114 2254 1216 2297 de
1227 2266 1283 2289 au-

272 2323 339 2348 tem
361 2312 399 2346 de
423 2309 527 2344 nervis
548 2306 646 2345 dixi,
666 2305 725 2348 qui
749 2305 783 2337 in
807 2298 1067 2344 hypochondriis
1088 2299 1283 2338 irritentur,

271 2357 358 2393 id'em
385 2352 535 2399 profefto
556 2349 595 2384 de
618 2346 732 2382 iisdem
755 2346 804 2380 vel
829 2344 929 2385 alibi,
952 2343 1052 2377 aliave
1073 2342 1112 2375 de
1132 2340 1224 2375 causa
1247 2339 1286 2374 ad

273 2400 410 2436 eundem
433 2396 567 2432 modum
590 2390 752 2436 dispositis
775 2387 956 2431 negandum
978 2397 1043 2419 non
1067 2385 1111 2418 est
1128 2409 1136 2417 .
1164 2385 1237 2418 Fuit
1250 2384 1286 2417 id

275 2443 359 2481 mihi
384 2443 524 2477 maxime
558 2436 689 2471 evidens
720 2436 754 2467 in
785 2429 926 2475 quodam
959 2427 1192 2463 consultiffimo
1223 2428 1287 2461 Rei

273 2487 412 2525 Medicae
436 2483 519 2528 apud
543 2477 758 2515 Bononienses
785 2473 984 2513 Professore,
1007 2474 1066 2517 qui
1089 2482 1165 2505 cum
1198 2469 1287 2504 forte

276 2526 569 2568 animadvertisset,
592 2522 650 2557 sibi
675 2521 800 2565 pulsum
823 2518 1060 2557 intermittere,
1082 2514 1148 2565 ipse
1181 2523 1288 2549 autem

276 2575 352 2612 inde
377 2575 510 2610 anxius,
535 2578 630 2612 atque
657 2565 827 2604 solicitus,
847 2561 936 2606 quasi
959 2558 995 2594 id
1016 2558 1156 2594 fortuita
1166 2569 1289 2592 excau-

277 2621 308 2656 sa
329 2617 386 2653 ess‘e
408 2626 473 2651 non
496 2611 598 2658 posset
609 2635 623 2653 ‚
645 2607 847 2647 identidem,
864 2614 900 2640 ut
923 2603 989 2645 fit,
1010 2602 1134 2646 digitos
1156 2601 1195 2635 ad
1218 2612 1288 2636 car-

277 2675 356 2708 pum
379 2660 580 2696 admoveret,
600 2654 792 2689 crebriorem
815 2649 933 2695 semper
947 2646 1014 2698 *suo
1036 2647 1181 2696 maximo
1212 2656 1288 2680 cum

276 2716 415 2742 moerore
440 2702 508 2737 fieri
541 2696 805 2734 intermissionem
826 2717 839 2735 ,
875 2691 1061 2727 sentiebat:
1096 2689 1182 2736 idem
1215 2701 1288 2722 vero

278 2743 450 2796 postquam
472 2756 604 2786 meum,
624 2741 775 2786 quamvis
797 2737 936 2782 juvenile
962 2760 973 2779 ,
1006 2745 1072 2768 non
1109 2734 1290 2783 aspernatus

277 2793 471 2830 consilium,
493 2789 598 2824 multo
621 2786 722 2820 rarius
745 2781 803 2817 fibi
828 2781 934 2824 pulsus
949 2787 1070 2812 tentare
1088 2786 1212 2819 coepn,
1237 2787 1293 2808 eo-

278 2851 340 2883 que
366 2837 473 2871 minus
497 2838 586 2867 suum
609 2830 647 2864 de
671 2828 723 2863 his
745 2836 896 2870 angorem
922 2823 1021 2872 animi
1045 2831 1182 2864 augere,
1209 2819 1294 2853 mul-

278 2893 317 2917 to
341 2881 442 2913 rarior
465 2873 652 2911 intermissio
675 2870 758 2905 faeta
782 2869 846 2906 est,
870 2868 969 2901 donec
993 2864 1065 2909 ipso
1088 2863 1216 2899 tandem
1239 2874 1294 2895 ne-

280 2926 388 2970 glectu
414 2919 544 2966 prorsus
554 2917 701 2952 evanuit.
834 2911 894 2946 Sed
916 2921 979 2943 non
1005 2921 1058 2943 eos
1080 2916 1292 2956 tantumhner-

280 2980 337 3003 vos
359 2968 416 3011 qui
438 2975 494 2998 cor
517 2962 654 2999 adeunt,
679 2968 789 2992 verum
812 2956 893 2989 alios
915 2955 1015 2987 etiam
1037 2953 1094 2996 qui
1127 2960 1255 2984 arteriis
1277 2973 1291 2990 ‚

281 3022 335 3047 aut
362 3009 511 3045 musculis
534 3006 590 3049 qui
615 3003 666 3037 his
692 3008 921 3045 apponuntur,
942 2996 1119 3031 inserviunt
1140 3020 1149 3036 ‚
1184 3005 1291 3043 earum

281 3058 402 3091 variare
426 3061 533 3086 motus
558 3046 662 3091 posse,
687 3057 724 3079 ex
748 3054 837 3085 aegro
857 3041 985 3089 didici,
1008 3041 1065 3084 qui
1088 3050 1162 3073 cum
1173 3039 1292 3082 gravis-

281 3101 354 3136 fimi
379 3096 486 3132 morbi
511 3091 691 3137 periculum
715 3088 771 3121 vix
793 3086 951 3124 evasislet‚
974 3094 1088 3126 magna
1114 3081 1292 3128 ob-adver-

282 3144 353 3178 sum
377 3140 530 3176 nuntium
553 3138 740 3179 importune
763 3130 906 3164 delatum
930 3126 1085 3162 moestitia
1122 3126 1254 3160 astectus
1278 3146 1291 3163 ‚

285 3200 322 3222 eo
347 3197 385 3221 ue
408 3181 524 3225 majori
537 3204 550 3222 ‚
595 3190 639 3213 uo
661 3176 765 3220 magis
787 3173 869 3207 hanc
891 3172 1051 3206 occultare
1084 3170 1261 3204 conabatur
1286 3192 1295 3206 ,

285 3233 331 3266 mi
359 3232 370 3264 i
417 3226 503 3261 nihil
549 3191 611 3257 teile
643 3218 826 3263 expeditum
850 3216 956 3259 pulsus
980 3214 1131 3248 exhibuit
1156 3216 1298 3258 prim-um

285 3284 424 3317 utroque
445 3272 480 3304 in
502 3279 623 3311 carpo,
646 3263 758 3299 diebus
781 3270 885 3309 autem
910 3257 1146 3308 insequentibus
1170 3258 1204 3290 in
1227 3255 1302 3288 sini-

286 3319 352 3353 stro
376 3325 527 3350 tantum,
550 3309 642 3343 omni
666 3313 834 3352 peccantes
866 3304 1126 3346 inaequalitatum
1158 3308 1302 3343 genere,·

502 3353 635 3390 dextero
659 3350 753 3392 essent
767 3347 879 3383 eodem
891 3356 955 3379 tem
980 3357 1034 3378 ore
1048 3345 1187 3379 maxime
1196 3353 1303 3384 aequa—

736 3392 858 3427 causam
883 3388 922 3423 ad
946 3358 1102 3423 sinistram
1135 3388 1302 3421 dumtaxat

734 3437 868 3471 attinere
893 3458 902 3474 ,
946 3444 1017 3477 quae
1062 3430 1129 3475 ipsa
1174 3439 1304 3474 quoque

286 3372 323 3396 ut
347 3372 420 3396 cum
444 3361 478 3391 in

289 3405 358 3445 les,
381 3402 586 3445 perspicuum
609 3393 682 3446 esset
700 3419 711 3435 ,

288 3447 493 3483 Brachialcm
540 3449 689 3477 arteriam

862 139 1017 195 Liber
1050 137 1113 190 Π.
1145 137 1230 191 De
1266 136 1472 191 Morbis
1504 133 1759 189 Thoracis

1334 227 1412 249 mox
1435 214 1540 247 levato
1563 224 1719 252 moerore,
1743 212 1906 257 nervisque
1938 211 1977 245 ad
2010 211 2174 255 pristinam
2208 204 2345 252 disposi-

1333 260 1456 292 tionem
1478 255 1684 290 redeuntibus
1705 279 1719 296 ,
1751 258 1789 290 ad
1822 256 1981 290 naturales
2005 266 2115 290 motus
2139 253 2256 288 rediit.

1380 312 1431 334 21.
1458 302 1622 334 Caeterum
1646 310 1722 332 curn
1744 300 1893 343 pulsuum
1915 299 2103 333 intermissio
2124 297 2167 331 est
2201 307 2266 330 nou
2295 293 2340 341 *ab

1336 343 1593 387 impediment0‚
1613 352 1670 376 aut
1694 343 1898 376 irritamento
1922 342 2048 376 aliunde
2070 340 2218 383 profesto
2252 362 2259 376 ‚
2285 334 2336 370 led

1335 401 1351 421 a
1374 387 1464 422 causa
1478 412 1485 424 ‚
1507 398 1579 428 quae
1602 387 1636 418 in
1657 385 1753 419 corde
1775 386 1867 429 ipso,
1890 395 1943 420 aut
1966 386 2118 429 proximo
2139 385 2266 425 Magnae
2291 391 2344 413 ar-

1337 433 1425 465 teriae
1447 439 1564 464 trunco
1579 451 1588 467 ,
1610 438 1663 462 aut
1687 427 1726 462 ad
1769 430 1957 464 alterutrum
1989 428 2171 462 innascatur
2192 450 2205 468 ,
2236 424 2344 467 magni

1337 486 1405 509 eam
1427 474 1529 508 facere
1551 482 1721 515 oportere,
1743 471 1907 510 fatendum
1931 473 1995 506 est.
2010 470 2117 505 Potest
2139 479 2243 504 autem
2260 468 2345 501 mus-

1341 519 1467 562 tiplex,
1491 527 1525 549 ac
1548 517 1634 549 varia
1657 513 1737 555 effe,
1759 520 1792 550 δε
1814 518 1848 549 in
1872 518 1985 559 primis
2007 515 2063 549 illa
2095 513 2158 557 ipsa
2189 512 2344 547 constitu.

1341 563 1392 595 tio
1413 559 1609 594 valvularum
1634 559 1903 600 Semilunarium,
1924 559 1962 594 de
1987 570 2048 602 qua
2073 557 2170 601 paulo
2181 566 2254 589 ante
2278 560 2345 597 (y)

1340 606 1465 640 dit‘tum
1488 603 1549 637 est.
1575 604 1691 646 Neque
1713 604 1798 636 enirn
1820 602 1908 646 quod
1932 602 2015 637 mihi
2039 602 2132 636 aliter
2143 602 2345 643 contigerit,

1341 648 1465 683 idcirco
1488 647 1618 690 negligo
1640 645 1728 689 quod
1752 647 1823 680 aliis
1846 648 1984 689 contigit
2000 670 2007 678 .
2034 648 2109 679 Imo
2120 645 2207 686 quod
2224 645 2256 676 in
2271 643 2344 676 aliis

1341 694 1438 726 etiarn
1462 691 1596 724 valvulis
1618 690 1797 731 Gregorius
1820 689 1990 727 Horstius,
2013 688 2169 731 majorem
2191 687 2289 727 dico,
2311 689 2345 719 &

1340 735 1532 770 Laurentius
1555 732 1700 767 Bellinus
1723 732 1951 774 observarunt,
1975 731 2125 766 attendo.
2153 731 2213 764 Ille
2236 732 2345 771 enim,

1341 789 1377 814 ut
1398 779 1433 812 in
1456 777 1514 812 hae
1537 778 1595 811 IX.
1620 775 1820 818 Sepulchreti
1843 775 1989 810 Seffione
2013 775 2125 813 habes,
2150 777 2183 808 &
2217 773 2314 808 fusius
2334 796 2345 812 ‚

1341 834 1407 857 non
1429 824 1464 856 in
1486 821 1635 863 sequente
1656 819 1692 852 de
1715 823 1851 863 Syncope
1866 842 1879 859 ‚
1901 819 1951 853 sed
1975 821 2007 852 in
2020 818 2213 862 praecedente
2225 818 2263 851 de
2273 818 2345 850 Pal-

1340 868 1499 911 pitatione
1521 866 1536 903 ζ
1557 874 1582 940 ἓ
1603 866 1618 904 )
1639 862 1747 905 leges,
1767 863 1927 897 calculum
1948 863 2044 897 instar
2077 862 2213 896 minoris
2245 860 2346 895 casta-

1342 922 1407 945 neae
1429 910 1520 944 nucis
1542 918 1559 939 a
1584 914 1694 940 natum
1715 906 1884 950 conspexit
1907 906 2129 940 membranosae
2161 904 2345 939 substantiae

1341 954 1538 988 valvularum
1562 950 1686 984 dexteri
1707 950 1814 985 cordis
1837 951 2009 984 ventriculi
2023 962 2032 988 3
2060 950 2204 982 Belliuus
2237 957 2344 982 autem

1341 996 1480 1041 lapidem
1503 995 1649 1038 genitum
1673 994 1707 1027 in
1740 995 1836 1028 altera
1881 994 2080 1027 valvularum
2124 992 2310 1025 Mitralium
2334 1003 2342 1026 :

1338 1051 1471 1083 uterque
1495 1037 1564 1081 post
1587 1037 1694 1081 pulsus
1716 1038 1986 1072 intermittentes.-
2019 1047 2097 1079 quas
2129 1034 2345 1068 Observatio-

1341 1096 1395 1118 nes
1417 1085 1452 1116 in
1475 1082 1634 1126 superiore
1658 1082 1755 1114 etiam
1779 1081 1924 1123 Epistola
1946 1084 1960 1121 (
1982 1083 2034 1120 a)
2055 1079 2308 1113 commemoravi
2333 1101 2343 1109 .

1342 1125 1494 1163 Horstius
1515 1134 1649 1161 tamen;
1674 1135 1746 1157 nam
1784 1125 1927 1158 Bellinus
1959 1124 2038 1157 alias
2071 1133 2137 1156 rem
2172 1120 2282 1156 fuisius
2315 1120 2345 1154 se

1343 1179 1550 1205 executurum
1573 1166 1747 1211 promisit3
1771 1168 1804 1200 i'n
1829 1167 2010 1211 pericardio
2043 1165 2133 1201 simul
2170 1165 2344 1200 humorem

1336 1212 1528 1258 putridum,
1573 1214 1606 1245 δε
1649 1221 1705 1244 cor
1748 1210 1851 1252 duplo
1894 1209 1995 1253 majus
2041 1210 2166 1243 invenit
2183 1234 2190 1241 .
2227 1208 2287 1242 Sed
2312 1211 2345 1241 Ec

1335 1260 1513 1300 Cowperus
1536 1278 1548 1296 ,
1580 1257 1613 1289 &
1635 1252 1836 1289 Vieussenius
1859 1278 1872 1295 ,
1904 1253 1981 1288 ficut
2004 1255 2036 1286 in
2061 1253 2167 1287 eadem
2200 1251 2348 1295 Epistola

1334 1305 1348 1341 (
1371 1300 1390 1335 b
1411 1304 1426 1341 )
1447 1299 1627 1334 indicatum
1649 1297 1712 1334 est,
1735 1308 1851 1342 praeter
1873 1298 2071 1331 valvularum
2094 1294 2233 1335 osseam,
2265 1295 2348 1337 lapi-

1335 1344 1466 1379 deamve
1487 1342 1663 1383 duritiem,
1684 1341 1910 1375 dilatationem
1941 1340 2054 1374 sinistri
2087 1338 2193 1374 cordis
2226 1339 2348 1372 ventri-

1340 1389 1406 1422 culi
1431 1388 1465 1421 in
1489 1388 1531 1420 iis
1553 1387 1608 1428 qui
1633 1383 1773 1428 pulsibus
1797 1385 1922 1419 fuerant
1945 1384 2261 1424 intermittentibus,
2292 1390 2348 1416 aut

1340 1430 1573 1473 inaequalibus,
1600 1429 1664 1462 fere
1684 1427 1978 1472 deprehenderunt.
2004 1429 2100 1461 Forte
2124 1436 2230 1460 autem
2263 1426 2349 1459 acci-

1341 1475 1392 1509 dit
1407 1496 1417 1510 ,
1440 1484 1475 1509 ut
1498 1484 1574 1508 cum
1597 1472 1740 1507 valvulas
1763 1483 1820 1506 nos
1842 1471 1985 1505 vidimus
2008 1473 2053 1504 ita
2076 1480 2215 1504 mutatas
2235 1492 2248 1510 ,
2281 1479 2348 1503 non

1337 1517 1429 1552 simul
1454 1517 1670 1552 invenerimus
1692 1525 1857 1549 cavearum
1878 1514 1989 1550 cordis
2022 1513 2311 1558 amplificationem
2336 1523 2347 1546 .·

1337 1563 1480 1605 itemque
1502 1569 1541 1595 ut
1563 1571 1637 1594 cum
1659 1558 1741 1593 hane
1766 1557 1903 1592 seorsum
1926 1560 2129 1597 invenimus,
2154 1557 2261 1600 pulsus
2284 1567 2349 1590 non

1338 1604 1461 1640 fuerint
1483 1605 1754 1642 intermittentes,
1777 1602 1866 1645 quod
1891 1601 2035 1645 Epistola
2060 1600 2349 1643 praesertimosten-

1337 1650 1392 1682 det
1415 1648 1549 1681 XVIII.
1576 1647 1589 1686 (
1612 1657 1628 1679 c
1649 1646 1686 1686 >‚
1711 1655 1765 1679 aut
1788 1644 1810 1678 fi
1834 1647 1868 1678 in
1894 1656 1959 1679 uno
1981 1648 1995 1684 (
2017 1646 2036 1679 d
2059 1648 2070 1684 )
2096 1644 2222 1678 fuerant
2242 1667 2250 1682 ‚
2286 1644 2349 1677 alia

1338 1692 1431 1725 simul
1455 1689 1578 1730 essent,
1601 1700 1675 1732 quae
1699 1689 1838 1722 accusari
1864 1686 1991 1721 fortasse
2015 1688 2160 1732 possent.-
2184 1699 2242 1721 nec
2265 1688 2350 1721 Val-

1337 1736 1428 1769 salvae
1451 1737 1513 1775 (e)
1535 1733 1626 1767 aliter
1648 1731 1771 1765 videbis
1794 1730 1956 1765 accidisse.
2091 1730 2183 1772 Qid
2195 1729 2349 1774 ergoest?

1335 1779 1387 1813 An
1409 1789 1480 1821 quae
1503 1776 1642 1819 sejuneta
1665 1775 1701 1809 id
1725 1773 1845 1818 semper
1867 1784 1931 1807 non
1956 1772 2108 1817 possunt3
2131 1773 2239 1808 eadem
2271 1786 2351 1807 con-

1338 1821 1448 1865 junsta
1471 1828 1625 1862 poterunt
1647 1818 1789 1860 semper,
1813 1826 1869 1853 aut
1891 1818 1956 1851 sere
1987 1817 2108 1859 semper
2142 1817 2347 1852 intermiffio-

1338 1876 1410 1898 nem
1436 1862 1542 1907 pulsus
1565 1860 1711 1896 efficere?
1734 1864 1823 1895 Cum
1846 1859 1884 1894 ad
1907 1860 1977 1895 haec
2009 1861 2209 1905 dispicienda
2243 1862 2351 1896 multo

1339 1909 1443 1951 plures
1488 1908 1694 1949 requirantur
1739 1904 1989 1938 Observationes
2013 1917 2024 1943 3
2069 1904 2145 1939 satis
2189 1908 2222 1939 in
2270 1917 2351 1948 prae-

1333 1952 1433 2029 {entia
1456 1949 1555 1984 fuerit
1577 1961 1648 1993 quae
1673 1948 1790 1992 semper
1808 1959 1873 1982 non
1907 1946 2099 1992 respondent
2122 1972 2135 1990 ‚
2179 1947 2352 1983 indicavis-

1346 2006 1363 2028 e
1385 2019 1394 2027 .

1378 2049 1431 2071 22.
1456 2037 1552 2071 Illam
1577 2047 1707 2080 quoque
1730 2035 2023 2071 intermittentium
2049 2037 2199 2080 pulsuum
2219 2035 2349 2070 causam

1335 2081 1392 2116 hic
1415 2077 1499 2123 (f)
1521 2081 1555 2113 in
1581 2079 1794 2123 Sepulchreto
1816 2080 1956 2123 proferri
1980 2080 2100 2122 video,
2122 2080 2160 2115 de
2185 2091 2247 2124 qua
2272 2079 2350 2113 satis

1331 2125 1487 2169 superque
1509 2123 1670 2166 superiore
1692 2122 1839 2167 Epistola
1862 2126 1876 2162 (
1892 2135 1916 2167 g
1936 2127 1950 2163 )
1974 2123 2128 2166 scriptum
2150 2124 2214 2164 est,
2235 2122 2354 2156 videli-

1331 2178 1382 2203 cet
1407 2167 1580 2211 pericardii
1603 2165 1642 2200 ad
1664 2177 1720 2200 cor
1745 2165 1956 2201 adhaefionem
1973 2192 1981 2199 .
2016 2167 2127 2207 Qam
2160 2175 2246 2201 certe
2286 2177 2353 2199 non

1333 2213 1453 2255 semper
1475 2211 1510 2244 id
1533 2210 1659 2250 facere,
1682 2208 1735 2244 his
1756 2222 1823 2254 quo
1850 2222 1888 2244 ue
1910 2211 2045 2243 Litteris
2068 2214 2087 2251 (-
2103 2210 2124 2245 h
2148 2214 2163 2252 )
2183 2208 2354 2244 confirma-

1334 2257 1441 2289 vimus
1457 2278 1466 2286 .
1601 2253 1815 2288 proferuntur
1863 2255 1892 2286 ic
1916 2258 1926 2293 (
1952 2255 1965 2288 i
1986 2257 1999 2294 )
2021 2255 2130 2289 cordis
2153 2256 2251 2288 etiam
2263 2253 2354 2288 exul-

1335 2299 1529 2347 cerationes.
1553 2297 1648 2332 Num
1673 2308 1749 2330 vero
1771 2308 1847 2331 cum
1871 2297 1922 2331 his
1946 2297 2063 2340 semper
2088 2297 2150 2333 fint
2174 2296 2280 2342 pulsus
2303 2297 2356 2330 in-

1338 2341 1580 2380 termittentes,
1602 2341 1765 2384 proximis
1787 2342 1925 2374 Litteris
1948 2344 1962 2380 (
1984 2341 2003 2380 l<
2023 2345 2036 2381 )
2058 2352 2236 2384 quaeremus
2253 2363 2263 2378 ‚
2289 2350 2355 2374 non

1338 2387 1467 2421 minus,
1491 2394 1588 2427 quam
1612 2384 1771 2427 semperne
1792 2395 1869 2418 cum
1892 2385 1933 2417 iis
1955 2385 2250 2419 exulcerationibus
2284 2385 2354 2417 ani-

1339 2430 1386 2463 mi
1409 2425 1607 2462 defectiones
1630 2427 1826 2471 jungantur.
1963 2428 2062 2462 Nunc
2086 2440 2183 2467 ver0.
2208 2427 2261 2463 his
2285 2450 2297 2467 ‚
2321 2430 2356 2460 &

1338 2473 1491 2512 cacteris,
1512 2480 1584 2513 quae
1609 2482 1675 2505 non
1697 2472 1745 2504 ita
1768 2470 1849 2513 saepe
1870 2470 2080 2513 accusantur,
2103 2471 2201 2506 causis
2224 2481 2355 2514 praeter-

1341 2514 1457 2554 millis,
1483 2525 1577 2547 unam
1602 2513 1801 2557 potissimum
1824 2514 2050 2556 attendemus,
2082 2527 2143 2559 qua
2175 2515 2262 2549 nulla
2298 2513 2355 2547 sae-

1340 2561 1413 2604 pius
1427 2582 1440 2600 ‚
1462 2568 1535 2592 cum
1559 2557 1598 2590 de
1621 2556 1771 2600 pulsuum
1796 2558 2025 2592 intermissione
2039 2581 2052 2598 ,
2075 2562 2105 2592 &
2132 2558 2355 2601 inaequalitate

1340 2605 1469 2647 agitur,
1494 2613 1510 2634 a
1534 2600 1670 2635 Medicis
1694 2600 1854 2635 nominari
1880 2601 1982 2640 solet,
2007 2601 2185 2646 polypum.
2203 2603 2275 2635 Nec
2298 2600 2356 2634 de..

1340 2648 1412 2681 sunt
1426 2647 1492 2693 'qui
1503 2643 1590 2678 credi
1614 2645 1713 2678 velint
1726 2667 1740 2685 ‚
1759 2643 1846 2678 hunc
1855 2654 1970 2679 notum
1983 2643 2074 2679 fuisse
2087 2647 2234 2683 Caleno,
2259 2645 2358 2688 quip-

1343 2702 1381 2734 pe
1402 2700 1471 2733 ejus
1496 2686 1770 2731 conformationem
1791 2698 1831 2723 ex
1850 2687 2086 2729 multiplicibus
2105 2688 2270 2732 pelliculis
2302 2687 2356 2722 de-

1344 2733 1494 2768 scribenti
1519 2733 1553 2765 in
1577 2731 1685 2774 gallo,
1710 2730 1798 2773 quasi
1821 2742 1897 2764 vero
1918 2731 1964 2764 ibi
1988 2731 2047 2772 (l)
2069 2733 2187 2767 diserte
2210 2743 2273 2765 non
2307 2732 2357 2765 lo-

1345 2786 1497 2821 queretur
1521 2777 1559 2808 de
1582 2775 1683 2808 cordis
1706 2776 1813 2808 tunica
1830 2797 1840 2812 ‚
1866 2774 2021 2817 scirrhoso
2053 2783 2176 2811 tumore
2207 2774 2319 2820 affec'ia
2343 2798 2357 2815 ‚

1341 2821 1471 2864 perinde
1495 2830 1530 2852 ac
1546 2817 1575 2861 fi
1591 2817 1701 2860 plures
1724 2818 1825 2862 craffae
1853 2817 2037 2852 membranae
2068 2819 2218 2853 involutae
2248 2818 2352 2852 altere

1348 2863 1444 2897 alteri
1458 2860 1734 2906 fuiffentCerte
1757 2863 1862 2895 minus
1887 2861 2118 2904 improbabilia
2137 2864 2305 2902 dicerent,
2330 2860 2353 2894 si

1348 2917 1423 2940 cum
1446 2906 1618 2949 Antipatri
1644 2904 1796 2938 morbum
1820 2903 2022 2939 effecensuit
2045 2909 2059 2946 (
2081 2919 2112 2941 m
2136 2910 2150 2947 )
2173 2906 2211 2939 ab
2234 2905 2359 2940 obstru-

1343 2951 1452 2984 &ione
1476 2949 1605 2983 laevium
1627 2949 1791 2991 pulmonis
1816 2949 2003 2982 arteriarum
2025 2962 2065 2984 ex
2087 2949 2189 2993 craffis
2203 2948 2358 2991 &visco-

1338 2993 1384 3040 fis
1408 2992 1615 3032 humoribus,
1638 2990 1769 3038 aliquid,
1786 2992 1907 3035 polypi
1931 2990 2033 3026 simile
2060 2994 2170 3026 animo
2192 2992 2359 3036 concepis-

1344 3039 1394 3077 se,
1418 3035 1631 3070 affirmarent.
1657 3036 1778 3068 Saltem
1800 3046 1872 3083 quae
1897 3046 1912 3067 a
1935 3036 2043 3070 cordis
2066 3037 2192 3080 polypo
2217 3034 2287 3070 fieri
2310 3036 2360 3070 di.

1343 3090 1486 3119 cuntur,
1510 3081 1550 3113 ab
1572 3091 1605 3111 ea
1629 3089 1725 3121 quam
1747 3088 1946 3121 conjecerat,
1970 3080 2062 3114 causa
2095 3081 2257 3123 repetebat
2293 3081 2362 3114 Ga-

1344 3124 1434 3158 lenus
1455 3123 1647 3166 omnigenam
1670 3123 1812 3164 primum
1836 3123 1868 3155 in
1887 3122 1981 3166 pulsu
2009 3123 2257 3167 inaequali'tatem
2278 3150 2287 3164 ,
2306 3122 2361 3156 de-

1345 3167 1420 3201 inde
1445 3178 1520 3199 vero
1544 3169 1577 3198 i'n
1602 3163 1763 3208 progressu
1788 3166 1888 3198 cordis
1909 3167 2173 3209 palpitationem,
2198 3165 2361 3209 &spiran-

1351 3211 1384 3244 di
1407 3209 1646 3255 difficultatem,
1669 3207 1805 3251 denique
1827 3212 2033 3251 repentinum
2058 3208 2178 3244 obitum
2193 3235 2202 3250 ,
2226 3219 2279 3244 aut
2292 3221 2362 3243 cer-

1352 3263 1384 3287 te
1407 3253 1474 3287 haec
1498 3251 1572 3286 inde
1595 3251 1757 3293 repetebat
1781 3252 1883 3285 Salius
1905 3256 1919 3292 (
1942 3263 1961 3285 n
1984 3257 1996 3293 )
2031 3252 2163 3286 eandem
2198 3253 2363 3297 conjectu-

1353 3308 1419 3331 ram
1445 3296 1568 3331 secutus
1583 3321 1592 3335 ‚
1616 3295 1717 3338 iisque
1740 3293 1875 3329 addebat
1900 3295 2039 3338 aliquam
2052 3296 2200 3338 hydropis
2204 3298 2363 3340 speciem,

1353 3344 1384 3375 &
1403 3339 1666 3388 leipofflymiam,
1690 3340 1855 3373 Caeterum
1878 3341 1935 3382 qui
1960 3342 1993 3372 in
2017 3342 2102 3372 venis
2137 3341 2277 3384 polypos
2293 3351 2361 3373 non

1353 3385 1561 3427 comestura,
1586 3381 1638 3415 scd
1670 3382 1774 3416 oculis
1793 3404 1804 3420 ,
1836 3382 2043 3426 manibusque
2076 3382 2320 3425 deprehenderit
2351 3407 2364 3424 ,

1356 3428 1500 3472 primus,
1524 3435 1681 3470 quantum
1704 3425 1742 3459 ad
1765 3424 1829 3460 hoc
1852 3436 1978 3470 tempus
1988 3424 2092 3469 legisse
2104 3429 2258 3503 meminis,
2284 3426 2365 3460 fuis-

2244 3482 2259 3502 e
2273 3481 2323 3502 vi-

353 3645 369 3674 (
385 3651 401 3675 q
418 3641 500 3673 )Vid.
520 3640 544 3671 §.
560 3647 601 3667 ιο.
615 3638 697 3666 sthol.
715 3636 745 3661 ad
763 3635 806 3660 eit.
822 3631 880 3658 ΟΜ.
943 3629 954 3662 (
970 3641 983 3658 v
997 3632 1007 3662 )
1022 3639 1062 3661 η.
1080 3638 1105 3657 n.
1122 3638 1160 3657 ιι.
1221 3628 1235 3657 (
1247 3627 1285 3658 J)
1306 3636 1332 3651 π.
1350 3636 1389 3660 ¹5·
1451 3627 1466 3657 (
1480 3633 1491 3651 1
1506 3627 1515 3657 )
1532 3624 1607 3655 Epist·
1625 3632 1660 3655 ²3-
1677 3633 1700 3649 n·
1718 3629 1747 3650 ¹6
1809 3627 1823 3656 (
1838 3635 1853 3650 u
1870 3625 1879 3656 )
1895 3625 1955 3653 sest.
1973 3625 2018 3650 hae
2035 3633 2058 3654 9·
2076 3625 2102 3649 in
2119 3624 2201 3650 Schol.
2217 3625 2247 3650 ad
2265 3625 2323 3652 obs,
2341 3628 2366 3651 g,

355 3677 401 3705 (n
419 3676 426 3704 )
442 3674 478 3697 De
496 3669 830 3695 subit.M0n.i.1.e.=9,
852 3664 913 3695 §-3·
959 3663 1019 3696 ‚sy
1034 3662 1049 3692 )
1065 3669 1091 3688 n.
1110 3670 1149 3692 ιφ.
1213 3659 1263 3688 (z
1281 3662 1288 3687 J
1303 3658 1361 3683 obs.
1382 3667 1421 3688 ις.
1438 3657 1461 3688 §-
1479 3664 1499 3682 1·
1561 3657 1569 3684 s
1588 3655 1627 3685 a)
1646 3664 1673 3679 n.
1691 3664 1711 3684 ⁹·
1729 3657 1753 3681 δι
1770 3663 1805 3685 ¹3-
1869 3656 1927 3684 (b)
1942 3657 2076 3686 τις-ειη.
2139 3657 2192 3685 (c)
2209 3665 2233 3681 n.
2245 3664 2265 3681 ι.
2279 3659 2314 3682 28.
2327 3666 2372 3688 30.

353 3706 368 3735 (
384 3704 400 3728 d
417 3712 424 3733 y
441 3702 512 3729 Epist,
532 3708 546 3724 2
564 3718 569 3724 .
588 3709 612 3724 n·
632 3708 661 3729 34
731 3698 739 3725 (
758 3706 770 3722 ε
832 3694 889 3719 Vid-
920 3693 994 3722 Epist.
1030 3700 1066 3723 ¹7-
1102 3701 1125 3716 n.
1157 3698 1194 3715 ει.
1259 3689 1301 3718 (J
1355 3689 1430 3715 οὓς.»
1448 3695 1485 3718 ¹5·
1547 3685 1619 3717 (ὃ)
1651 3695 1691 3721 ,ιη
1710 3694 1747 3715 ¹7·
1778 3687 1802 3711 ἃ
1833 3685 1907 3721 (ἕψῃ.
1955 3684 1966 3715 (
1985 3687 2000 3710 b
2019 3687 2033 3716 )
2062 3693 2088 3710 n.
2124 3694 2159 3711 u.

354 3731 638 3766 (3)Obs·¹¹‘&⁴³
710 3722 1006 3757 (k)”·¹⁹·&s‘q¹³²
1070 3723 1250 3751 (¹202100·
1268 3718 1309 3744 ΒΗ·
1326 3719 1341 3744 Ῑ·
1362 3730 1381 3749 5-
1398 3721 1471 3747 ‘02⁶
1524 3717 1726 3747 tre->Densa
1743 3717 1759 3742 1.
1776 3725 1801 3747 ⁴·
1818 3725 1841 3742 e.
1859 3720 1883 3741 ⁸.
1901 3723 1927 3741 in
1943 3716 1988 3742 fin.

354 3767 363 3797 t
379 3773 397 3790 a
412 3765 426 3795 )
440 3766 477 3790 De
491 3761 577 3788 Affea.
594 3758 682 3785 ratde.
697 3765 721 3785 e.
737 3765 777 3783 ιι.
