2498 4075
341 231 518 271 Denique;
539 226 649 260 omnia
675 225 762 258 enirn
790 233 861 265 quae
884 219 970 268 hune
994 220 1193 259 attinerent,
1217 231 1348 254 enume-

340 285 412 311 rare
436 283 502 306 non
527 271 572 305 est
596 270 721 301 animus
745 279 755 304 ς
791 262 1025 299 lmmorrhozdas
1048 263 1081 296 in
1102 272 1152 296 ore
1171 263 1316 296 matricis
1338 285 1346 301 ,

344 320 379 354 id
401 316 443 351 est
469 315 507 349 ad
530 315 656 354 vaginae
679 310 842 344 orificium
865 320 880 341 a
904 304 1001 339 Celso
1024 308 1037 344 (
1060 305 1080 338 Ι)
1103 308 1113 343 )
1137 307 1237 343 olim,
1262 307 1346 339 &ab

343 365 487 399 Auoore
510 358 588 391 libri
609 365 704 397 quem
727 353 855 386 Galeno
878 348 1041 398 quondam
1075 349 1262 383 tribuebant
1279 375 1288 390 ‚
1312 352 1346 383 de

344 406 494 450 Gynecels
517 408 734 437 memoratas,
757 396 825 438 jure
850 401 1030 432 meritoque
1044 392 1201 426 Arantius
1223 394 1345 436 caufizm

346 449 454 483 habere
470 439 719 488 fere'difficilem
737 445 889 481 partum,
913 434 1048 474 tradidit
1071 445 1110 467 eo
1132 436 1237 478 capite
1259 439 1273 476 <
1296 439 1307 469 t
1329 440 1343 475 >

346 490 436 534 quod
478 491 518 522 de
563 482 841 519 haemorrhoidum
874 479 1003 512 illarum
1037 479 1132 510 noxis
1155 503 1164 518 ‚
1208 479 1308 513 causis
1332 502 1342 518 ,

345 536 443 576 signis
464 556 473 571 ‚
505 532 535 563 &
557 529 725 562 curatione
748 522 936 565 conscripsit
960 546 967 553 .
994 521 1108 554 Paulus
1132 531 1239 555 autem
1264 525 1346 558 Bar-

311 610 324 618 „
342 582 451 613 bertus
473 577 487 614 (
508 573 527 612 k
549 577 562 613 )
585 570 732 606 addidit,
764 566 882 613 quibus
905 566 1035 599 indiciis
1059 564 1186 606 sanguis
1209 577 1247 598 ex
1270 567 1345 609 ipsis

346 622 446 657 fluens
470 632 486 653 a
511 618 673 650 menstruo
697 613 933 646 internoscatur
950 633 957 640 .
1131 628 1134 631 -

388 676 443 707 47.
469 661 632 696 Postremo
657 665 765 699 partus
789 653 966 687 infelicitas
1003 662 1066 685 non
1099 653 1132 683 in
1166 661 1267 687 matre
1295 653 1345 686 so-

343 710 412 744 lum
438 730 447 744 ‚
481 703 532 738 sed
556 705 654 737 etiam
678 701 712 732 in
737 697 823 732 edita
848 697 936 739 prole
973 695 1139 737 spectanda
1164 696 1208 729 est
1235 721 1243 735 ,
1283 697 1344 730 sive

342 752 410 788 haec
436 758 565 783 mortua
587 757 650 788 qua
673 743 711 777 de
734 753 766 776 re
788 741 880 782 supra
904 739 995 777 dixi,
1020 740 1083 772 five
1097 739 1271 773 monstrosa
1297 742 1344 773 in.

344 795 439 838 super
462 801 552 826 exeat
579 814 588 828 ,
622 789 686 821 sive
708 787 839 821 demum
862 784 972 816 vivens
1007 781 1137 825 quidem
1161 806 1170 822 ‚
1205 782 1256 816 sed
1289 793 1343 817 aut

344 834 543 872 monstrosa,
568 841 622 866 aut
648 830 737 873 gravi
761 829 827 861 alio
851 827 934 859 vitio
959 824 1068 861 affe&
1081 826 1245 859 nascatur.
1274 829 1344 859 Pri-

344 893 433 916 mum
458 880 562 921 igitur
584 875 622 909 de
647 872 803 906 Monstris
826 869 878 905 seu
902 871 1039 903 mortuis
1063 893 1072 908 ,
1096 869 1147 902 seu
1169 870 1253 903 vivis
1277 871 1345 904 edi-

344 928 406 966 tis,
429 921 579 967 quaedam
604 916 788 960 proferam,
811 915 915 947 minus
940 912 976 945 ad
1003 911 1253 947 controversiam
1278 926 1349 956 quae

343 971 382 1004 de
405 976 520 1001 eorum
543 963 672 1004 origine
695 972 710 991 a
736 959 826 992 Viris
843 956 1046 990 Doc‘tiffimis
1068 956 1129 989 hoc
1153 954 1268 989 saeculo
1281 960 1350 999 agi-

343 1022 407 1047 tata
431 1009 497 1046 est,
519 1016 616 1050 quam
640 1004 679 1037 ad
703 1001 958 1035 Observationes
977 1000 1064 1048 'ipsas
1087 999 1282 1042 speffbantia,
1309 1003 1348 1034 ab

342 1057 403 1092 hac
425 1051 589 1088 Valsalvae
614 1048 752 1081 initium
775 1047 913 1078 ducens.
981 1047 985 1051 ⁴

385 1100 438 1142 48.
462 1096 500 1131 M
527 1094 570 1127 O*
587 1091 623 1125 N
649 1093 669 1125 S
693 1091 727 1123 T
749 1090 784 1122 R
810 1089 846 1125 Ι,
872 1096 906 1120 ut
929 1087 1030 1129 vulgo
1053 1086 1225 1121 videbatur
1249 1111 1258 1126 ‚
1288 1087 1345 1121 bu.

341 1142 413 1180 foui
437 1139 554 1175 similis
577 1158 586 1174 ,
613 1144 714 1169 mater
738 1132 851 1175 saepius
876 1138 967 1164 antea
991 1130 1076 1163 filios
1100 1142 1182 1163 nunc
1207 1141 1307 1163 mares
1332 1156 1342 1170 ‚

341 1198 428 1220 nunc
451 1182 604 1218 foeminas
628 1175 808 1221 prorniscue
832 1183 997 1217 pepererat
1020 1198 1028 1212 ,
1053 1174 1129 1207 illos
1153 1184 1264 1207 omnes
1289 1185 1347 1207 un-

340 1230 439 1272 dique
465 1228 577 1264 sanos,
599 1222 654 1256 has
679 1229 810 1258 autem,
833 1228 905 1259 quae
928 1216 999 1251 duae
1022 1214 1150 1249 fueraut
1173 1238 1183 1253 ‚
1206 1228 1345 1259 quarum

341 1275 439 1308 altera
463 1279 539 1304 tunc
563 1275 682 1302 annum
707 1263 821 1304 agebat
846 1260 944 1293 XIII.
969 1260 1065 1293 altera
1092 1271 1208 1302 paucos
1244 1272 1343 1295 annos

340 1319 466 1351 vixerat
491 1333 500 1349 ‚
535 1308 642 1344 surdas
669 1306 801 1345 ambas,
823 1305 855 1336 &
877 1301 967 1351 quod
991 1302 1203 1345 consequitur
1227 1325 1236 1341 ‚
1274 1315 1346 1338 mu-

339 1370 405 1394 tas.
430 1352 611 1391 Noviffime
634 1362 708 1385 cum
734 1359 805 1383 ante
827 1346 902 1380 oeto
926 1348 1056 1379 circiter
1079 1346 1199 1380 menses
1232 1359 1347 1382 conce-

341 1402 468 1447 piss’et·>
503 1406 577 1431 toto
613 1404 721 1429 autem
744 1391 838 1435 hujus
862 1388 1050 1432 gestationis
1083 1389 1190 1432 spatio
1223 1390 1345 1433 semper

341 1446 455 1481 moesta
478 1438 624 1484 jacuisset
648 1462 658 1477 ,
693 1440 726 1470 &
748 1446 814 1479 prae
839 1433 997 1467 moestitia
1033 1433 1148 1476 saepius
1171 1433 1246 1468 flere
1270 1447 1346 1468 con-

340 1490 510 1525 saevisset,
535 1484 635 1518 foetus
657 1490 764 1515 autem
790 1487 921 1511 motum
945 1478 969 1510 st
993 1488 1066 1511 cum
1091 1477 1228 1511 aliorum
1253 1488 1346 1512 motu

339 1545 424 1576 quos
447 1537 537 1565 antea
561 1526 726 1564 ediderat,
748 1519 910 1558 conferret
925 1545 934 1559 ,
957 1521 1036 1554 adeo
1059 1520 1251 1563 languidum
1276 1525 1344 1555 ani-

339 1572 558 1612 madvertisset
581 1580 616 1604 ut
641 1566 806 1602 interdurn
833 1564 933 1598 ferme
969 1564 1113 1598 crederet
1139 1574 1308 1598 mortuum
1334 1579 1342 1603 ς

338 1633 378 1655 eo
400 1631 467 1663 quo
489 1617 632 1652 diximus
656 1620 805 1653 tempore
829 1607 1024 1644 foemineum
1035 1606 1155 1642 foetum
1178 1610 1211 1641 in
1236 1608 1342 1642 lucem

340 1663 467 1700 emisit,
492 1657 644 1694 Secundis
666 1654 798 1698 quidem
823 1651 993 1694 praeditum
1016 1652 1210 1686 naturaliter
1235 1651 1263 1684 se
1288 1652 1345 1686 ha-

339 1708 493 1747 bentibus
519 1729 529 1743 ,
553 1701 604 1734 sed
628 1700 753 1741 aspectu
777 1693 993 1744 monstrosum
1017 1695 1095 1728 adeo
1120 1719 1129 1734 ‚
1165 1705 1200 1728 ut
1225 1694 1343 1730 bufoni

337 1753 467 1796 potius,
492 1757 590 1791 quam
615 1743 727 1786 puellae
745 1766 754 1780 ,
779 1738 891 1772 similis
916 1762 924 1776 ,
956 1740 978 1771 ί]
1005 1738 1177 1779 inferiores
1202 1741 1344 1779 excipias

339 1805 450 1835 artus,
472 1791 684 1829 infimamque
708 1783 830 1817 ventris
842 1790 966 1824 partem
991 1782 1172 1815 videretur.
1199 1783 1344 1815 Primum

338 1849 408 1873 erat
433 1846 549 1881 parvus
574 1856 582 1871 ,
616 1841 652 1865 ut
677 1825 884 1870 longitudine
909 1826 1054 1867 palmum
1077 1835 1140 1857 non
1166 1834 1307 1865 aequaret
1335 1848 1345 1862 ,

337 1881 389 1918 sed
412 1879 475 1915 hoc
500 1886 594 1911 tanto
618 1875 750 1908 brevior
773 1869 848 1904 esset
874 1892 886 1908 ,
921 1878 1062 1911 quantus
1085 1867 1129 1901 est
1151 1866 1345 1901 transversim

338 1927 460 1967 digitus
483 1922 591 1966 pollex
615 1943 623 1950 .
660 1915 784 1950 Deinde
808 1912 930 1947 collam
965 1913 1102 1945 omnino
1133 1911 1242 1944 deerat
1266 1932 1276 1947 ‚
1308 1921 1345 1944 ut

339 1978 487 2005 mentum
510 1965 712 2004 contingeret
738 1957 882 1991 medium
907 1956 1066 1997 peetoris,
1091 1956 1159 1988 imo
1182 1955 1238 1986 vix
1260 1954 1345 1997 digi-

338 2013 401 2049 tuli
426 2009 601 2045 intervallo
622 2003 752 2039 distaret
772 2013 788 2034 a
811 1999 1003 2041 cartilagine
1027 1997 1225 2031 Ensiformi.
1253 1999 1343 2033 Tum

339 2056 430 2091 oculi
451 2051 584 2097 quidem
607 2045 738 2093 perfeffl
762 2054 876 2081 erant3
900 2042 952 2076 sed
977 2042 1130 2076 auriculae
1154 2042 1260 2074 multo
1292 2043 1344 2073 in-

339 2100 438 2134 ferius
461 2107 559 2140 quam
585 2094 707 2128 soleant
732 2111 741 2126 ‚
774 2088 942 2121 collocatae
968 2108 977 2123 ‚
1013 2084 1157 2118 summos
1190 2083 1342 2119 humeros

340 2142 540 2185 tangebant:
563 2149 599 2172 os
621 2136 735 2171 hians:
759 2131 851 2165 nasus
874 2140 941 2164 erat
965 2129 1002 2162 ad
1016 2126 1342 2171 superiorairnperfe-

340 2190 432 2227 (ficus,¹
455 2195 530 2219 nam
553 2180 647 2223 hujus
671 2177 785 2215 radix,
807 2178 838 2208 &
863 2172 953 2207 frons
976 2181 1048 2205 tota
1083 2171 1216 2204 deerant
1241 2195 1247 2202 .
1284 2170 1342 2205 Ad

339 2231 408 2266 haec
431 2251 444 2268 ‚
477 2226 638 2261 abdomen
662 2218 749 2264 quasi
773 2221 808 2251 in
832 2217 986 2258 marsupii
1009 2214 1177 2262 cujusdam
1209 2214 1345 2249 modum

340 2270 574 2319 protuberabat
597 2265 749 2301 deorsum
774 2260 1023 2305 propendentiS,
1049 2262 1084 2292 in
1108 2269 1199 2299 cujus
1221 2258 1346 2292 marsu-

341 2320 389 2362 pii
413 2314 556 2351 medium
580 2308 777 2344 umbilicalis
788 2304 952 2339 funiculus
967 2330 974 2343 ,
1001 2303 1171 2336 secundum
1196 2311 1344 2337 naturam

342 2361 560 2397 constitutus,
585 2355 613 2388 se
638 2355 666 2387 se
689 2350 869 2385 inserebat.
894 2349 1044 2389 Denique
1059 2356 1146 2379 artus
1169 2345 1346 2393 superiores

342 2408 388 2439 ita
412 2407 518 2438 sterno
543 2397 816 2433 annectebantur,
839 2401 874 2426 ut
900 2390 1030 2424 extendi
1047 2401 1111 2423 non
1137 2389 1280 2431 possent.
1309 2390 1344 2435 ¹¹!

343 2449 521 2493 posteriore
545 2452 652 2476 autem
687 2437 834 2477 corporis
870 2434 952 2467 facie
977 2433 1076 2474 Spina
1113 2433 1147 2464 in
1172 2442 1236 2464 tres
1258 2432 1345 2473 quah

344 2493 465 2536 gibbos
486 2486 636 2522 distincta
659 2480 848 2516 cernebatur
863 2503 871 2517 ‚
895 2487 1035 2526 quorum
1059 2474 1201 2508 summus
1224 2475 1348 2516 capiti,

345 2536 469 2571 medius
492 2530 642 2567 thor-aci,
666 2525 800 2558 infimus
823 2531 929 2554 ventri
944 2519 1175 2560 respondebat.
1202 2519 1283 2567 Haec
1295 2529 1351 2567 ex-

345 2581 467 2613 terius.
602 2573 632 2605 A
658 2570 684 2603 Β
708 2570 739 2602 D
765 2568 799 2600 O
824 2565 860 2598 M
888 2565 902 2596 I
929 2564 961 2596 N
989 2565 1001 2594 I
1027 2564 1045 2595 S
1069 2572 1176 2595 aurem
1188 2560 1352 2594 dissectio.

347 2635 386 2657 ne
409 2627 615 2662 compertum
639 2614 682 2648 est
698 2638 707 2652 ‚
731 2609 931 2650 marsupium
955 2608 988 2639 in
1012 2607 1100 2648 quod
1123 2605 1352 2643 extuberabat,

347 2667 461 2700 laxatis
485 2661 582 2704 ipsius
607 2683 616 2698 ‚
639 2667 705 2691 non
728 2651 961 2695 integumentis
986 2649 1084 2700 modo
1108 2671 1117 2685 ,
1150 2648 1200 2681 sed
1225 2650 1256 2680 ὃ(
1281 2658 1354 2681 mu-

347 2710 441 2744 sculis
464 2705 576 2742 deberi
599 2728 607 2743 ‚
630 2702 664 2734 in
688 2709 809 2740 eoque,
836 2705 991 2736 tanquam
1014 2704 1049 2725 in
1075 2691 1166 2726 sacco
1190 2690 1329 2739 quodam
1345 2716 1352 2729 ,

347 2753 457 2797 jecur,
480 2751 597 2785 lienem
621 2769 634 2786 ‚
657 2741 874 2776 ventriculum
897 2761 905 2776 ,
932 2740 961 2769 δε
984 2736 1136 2770 intestina
1160 2744 1271 2767 omma
1295 2733 1354 2767 effe

346 2796 474 2841 pofita:
498 2803 571 2837 quae
595 2787 740 2831 alioquin
763 2784 904 2818 viscera,
928 2790 964 2813 ut
989 2791 1062 2822 quae
1072 2778 1222 2812 Thorace
1246 2780 1355 2811 conti-

347 2840 530 2875 nebantur,
554 2833 593 2869 ad
605 2841 729 2867 naturae
741 2836 888 2861 normam
910 2822 1091 2857 constru&a
1115 2832 1223 2855 erant.
1331 2865 1336 2870 Ι

349 2884 423 2917 Ubi
449 2884 487 2915 ad
510 2882 619 2921 Caput
644 2882 776 2909 ventum
801 2871 844 2904 est
870 2894 878 2907 ‚
910 2865 1044 2900 confusa
1081 2876 1187 2898 rerum
1210 2873 1353 2898 occurrit

348 2935 543 2969 compages.
571 2921 687 2962 Neque
711 2917 797 2950 enim
820 2913 907 2950 ossa,
931 2911 1033 2944 cranii
1058 2906 1217 2942 fornicem
1250 2907 1354 2940 efiice-

349 2982 385 3005 re
409 2969 529 3006 solita,
551 2974 654 3006 neque
676 2960 777 2994 cranii
803 2968 914 2990 cavum
940 2953 1214 2989 inveniebantur3
1232 2950 1291 3001 *sed
1306 2950 1356 3000 os—

347 3014 383 3048 -sa
407 3013 579 3047 dumtaxat
603 3004 753 3040 abnormi
773 3000 875 3043 figura
899 3023 910 3039 ‚
945 2997 1004 3032 alia
1028 3007 1124 3039 parva
1149 3019 1158 3033 ‚
1195 2996 1259 3029 alia
1296 2994 1355 3026 ali-

351 3065 477 3100 quanto
501 3051 624 3093 majora
649 3072 657 3086 ‚
692 3050 776 3081 inter
801 3044 831 3078 se
854 3044 1015 3090 intricato·
1032 3039 1248 3074 musculorum
1271 3048 1355 3071 nexu

351 3101 508 3143 colligata
523 3122 531 3132 .
555 3093 689 3128 Cerebri
713 3099 819 3124 autem
843 3098 882 3120 ne
905 3086 1073 3125 vestigium
1096 3082 1226 3127 quidem
1252 3092 1356 3123 reper-

352 3155 425 3178 tum
449 3142 515 3182 est,
536 3138 598 3173 nifi
621 3134 710 3180 quod
734 3141 872 3174 corpora
893 3136 1104 3162 occurrerunt
1121 3151 1133 3167 ‚
1156 3125 1279 3160 cerebri
1304 3135 1359 3157 na-

352 3198 419 3227 tes,
441 3188 472 3219 &
495 3184 587 3218 testes
608 3178 748 3224 perbelle
771 3174 942 3209 referentia
967 3185 976 3209 ς
1011 3170 1060 3204 sed
1094 3169 1198 3220 figura
1231 3178 1323 3202 tenus
1347 3182 1356 3205 3

355 3243 433 3266 nam
456 3229 594 3261 exterius
618 3220 832 3258 membraneis
855 3217 990 3250 nexibus
1024 3213 1165 3256 undique
1199 3211 1325 3262 firmata
1349 3234 1358 3250 ‚

358 3274 497 3308 interius
521 3281 584 3305 non
609 3267 731 3301 cerebri
757 3260 939 3297 substantiae
964 3260 1033 3292 ullo
1067 3259 1161 3299 paeto
1187 3255 1304 3289 similia
1328 3266 1359 3287 e-

355 3327 428 3352 rant
444 3341 453 3355 ,
476 3315 528 3349 sed
552 3312 680 3354 corpori
708 3308 817 3352 potius
840 3303 967 3338 cuidam
990 3325 1000 3341 ‚
1025 3302 1137 3334 mediae
1160 3301 1245 3346 inter
1267 3299 1356 3340 glan.

357 3360 506 3397 dulosum
531 3382 540 3396 ,
576 3358 606 3389 &
631 3350 841 3396 spongiosum
867 3356 988 3380 naturae
1014 3371 1020 3379 .
1054 3343 1155 3393 Quod
1179 3343 1231 3376 etsi
1257 3353 1359 3391 neque

356 3405 523 3441 cerebrum
544 3397 694 3434 defuisset
719 3418 730 3435 ,
766 3396 796 3428 &
822 3391 926 3434 puella
948 3389 1015 3423 haec
1039 3398 1147 3437 Vivere
1172 3382 1324 3434 potuisset
1349 3398 1358 3421 5

359 3459 466 3485 tamen
490 3455 553 3481 non
577 3442 665 3477 secus
688 3451 726 3473 ac
750 3438 873 3472 sorores
896 3457 906 3472 ‚
941 3432 1115 3466 necessario
1139 3430 1231 3464 surda
1254 3427 1361 3462 fuisset

926 140 1085 192 Liber
1118 138 1210 190 ΙΙΙ.
1244 137 1329 191 De
1367 134 1572 188 Morbis
1609 136 1821 189 Ventris

1398 224 1569 259 propterea
1594 216 1671 257 quia
1696 223 1871 257 utrumque
1895 213 2040 249 foramen
2064 226 2120 257 per
2142 213 2230 257 quod
2255 225 2271 250 a
2306 223 2391 246 cere-

1397 260 1458 293 bro
1481 261 1521 292 ad
1546 270 1634 292 aures
1658 259 1746 291 nervi
1772 258 1970 299 mittuntur,
1999 257 2172 291 firmiffima
2196 256 2389 291 occludeba-

1398 313 1450 336 tur
1473 303 1681 341 membrana,
1706 309 1741 334 ut
1763 311 1802 333 ne
1825 304 1915 335 tenui
1937 303 2068 344 quidem
2093 300 2261 335 filamento
2272 311 2391 334 nerveo

1398 347 1481 380 ullus
1503 346 1738 387 relinqueretur
1761 344 1911 378 transitus
1936 370 1943 377 .
1978 346 2050 378 Nec
2074 356 2148 378 vero
2172 346 2272 385 magis
2294 343 2390 376 licuit

1398 390 1560 431 Spinalem
1585 388 1860 437 medulla—myst&
1883 389 2081 431 principium
2103 388 2237 430 aliquod
2267 387 2391 435 inveni-

1397 445 1430 466 re
1452 445 1489 466 ex
1512 444 1579 475 quo
1603 442 1694 464 nervr
1717 439 1848 463 initium
1877 441 2029 473 caperent
2051 454 2063 471 ‚
2093 442 2164 473 quae
2195 439 2392 472 caeteroquin

1396 488 1452 519 per
1474 485 1640 514 ventrem,
1664 473 1851 513 thoracem,
1875 484 1961 508 artus
1987 476 2175 508 naturaliter
2198 473 2394 507 ferebantur.

1397 520 1486 552 Nam
1510 519 1557 551 vel
1582 516 1799 556 craffiffimos,
1824 527 1859 550 ut
1883 528 1958 559 puta
1980 517 2152 555 Crurales,
2179 516 2395 560 persequendo

1397 565 1457 596 ubi
1477 562 1514 596 ad
1538 564 1670 604 Spinam
1694 560 1855 594 accederes
1872 586 1879 599 ,
1904 560 2014 595 sensim
2039 562 2106 595 fieri
2130 560 2277 594 exiliores
2299 558 2398 592 vidis-

1398 607 1462 644 ses,
1488 608 1575 639 &in
1599 606 1733 647 Spinam
1756 603 1889 646 quidem
1913 604 2006 646 infigi
2026 618 2034 642 ς
2057 615 2168 638 verum
2192 605 2227 636 in
2246 604 2308 637 hac
2343 612 2396 635 to-

1397 660 1429 683 ta
1455 660 1518 683 non
1544 648 1641 681 modo
1667 648 1788 681 nullam
1821 646 1881 680 esse
1905 648 2078 681 medullam
2106 647 2271 689 Spinaleru
2296 669 2305 685 ,
2344 646 2397 679 sed

1397 705 1453 726 nec
1476 703 1593 726 cavum
1618 691 1720 724 ullum
1744 700 1810 732 quo
1836 690 1973 725 medulla
1996 690 2226 734 comprehendi
2263 688 2362 732 posset
2388 713 2396 719 .

1439 749 1492 780 49.
1518 735 1587 768 Etsi
1612 734 1763 766 Valsalva
1796 733 1930 768 scribere
1964 735 2073 767 omisit
2100 756 2110 771 ,
2144 743 2290 767 mortuus
2313 755 2326 772 ,
2358 743 2397 765 an

1397 781 1507 813 vivens
1531 778 1583 811 hic
1607 777 1707 810 foetus
1731 776 1837 810 editus
1861 777 1900 810 sit
1915 801 1928 819 ,
1952 777 2067 811 nedum
2091 776 2260 820 quomodo
2285 774 2313 808 se
2337 775 2397 808 ha-

1398 825 1508 857 berent
1532 832 1638 859 renes,
1661 820 1779 857 vesica,
1803 829 1931 860 uterus,
1958 824 2110 864 nervique
2134 832 2188 863 per
2210 828 2307 862 caput
2335 818 2398 852 dis-

1397 875 1577 901 currentes·,
1601 876 1635 897 ea
1659 873 1768 896 tamen
1792 875 1864 905 quae
1889 863 2035 906 scripsit,
2059 865 2132 898 satis
2148 864 2218 898 sunt
2233 885 2241 899 ,
2267 872 2301 895 ut
2315 874 2396 904 prae-

1400 911 1483 946 clare
1505 909 1746 950 intelligamus,
1769 907 1887 939 vitium
1910 906 2051 948 ejusdem
2075 905 2175 942 foetus
2200 907 2400 949 praecipuum

1402 955 1440 988 ad
1466 953 1520 986 illa
1545 953 1680 986 attinere
1696 975 1705 989 ,
1727 950 1766 983 de
1789 950 1906 990 quibus
1929 949 2007 984 XII.
2033 950 2069 983 ad
2094 961 2124 983 te
2149 949 2293 993 Epistola
2317 948 2362 993 (sl
2385 952 2400 989 >

1402 998 1509 1031 acium
1532 996 1597 1036 est,
1620 1006 1693 1028 cum
1718 995 1756 1026 ab
1781 992 2026 1036 hydrocephalo
2050 994 2195 1027 cranium
2220 1003 2335 1035 magna
2360 1003 2399 1024 ex

1400 1050 1489 1084 parte
1511 1061 1520 1077 ‚
1555 1048 1664 1071 totum
1688 1046 1791 1070 autem
1816 1037 1980 1070 cerebrum
2005 1035 2082 1080 saepe
2108 1037 2311 1077 absumptum
2343 1033 2401 1068 esse

1398 1087 1433 1117 in
1457 1080 1638 1116 istiusmodi
1662 1080 1798 1114 foetibus
1822 1083 1831 1119 (
1858 1078 1928 1113 sane
1952 1091 2010 1122 pro
2035 1079 2210 1114 husonibus
2236 1091 2300 1112 non
2326 1090 2400 1111 raro

1399 1128 1518 1162 habitis
1539 1128 1623 1165 (m)
1644 1128 1657 1164 )
1680 1123 1868 1157 confirmavi
1884 1145 1892 1160 ‚
1917 1135 2018 1166 neque
2030 1124 2173 1165 exempla
2197 1127 2262 1161 (n)
2286 1133 2402 1157 eorum

1400 1171 1537 1205 reticui.
1562 1170 1594 1201 in
1617 1168 1735 1210 quibus
1760 1177 1910 1209 praeterea
1935 1178 1997 1199 non
2024 1167 2129 1203 solum
2164 1165 2304 1200 medulla
2329 1166 2403 1207 Spi-

1397 1215 1498 1250 nalis,
1524 1213 1572 1246 secl
1597 1210 1685 1254 quod
1708 1210 1814 1244 multo
1837 1212 1939 1244 rarius
1964 1211 2027 1249 est,
2051 1211 2191 1244 inveniri
2213 1211 2311 1243 tubus
2334 1219 2399 1241 non

1399 1258 1508 1298 potuit
1532 1267 1598 1298 quo
1623 1255 1691 1289 haec
1714 1253 1924 1288 conderetur.
1950 1253 1988 1285 In
2012 1266 2079 1288 eam
2103 1263 2210 1287 autern
2224 1252 2402 1294 Epistolarn

1397 1302 1479 1335 hanc
1494 1298 1654 1332 valsalvae
1666 1297 1938 1331 Observationem
1950 1296 2077 1331 idcirco
2089 1308 2155 1330 non
2166 1297 2265 1329 retuli
2281 1319 2290 1334 ,
2314 1294 2405 1337 quod

1400 1354 1514 1387 praeter
1527 1343 1580 1375 illa
1594 1365 1603 1380 ,
1631 1340 1726 1374 habet
1741 1342 1820 1378 alia,
1846 1339 1909 1373 sive
1920 1350 2090 1380 mentum,
2115 1340 2177 1374 sive
2192 1337 2403 1381 spinam‚sive

1400 1397 1485 1421 artus
1509 1386 1705 1427 superiores,
1730 1383 1791 1418 sive
1814 1384 1945 1421 deinum
1970 1384 2130 1418 abdomen
2153 1407 2165 1423 ‚
2200 1386 2229 1416 δέ
2255 1384 2405 1424 pleraque

1399 1431 1518 1471 spectes
1542 1429 1640 1470 hujus
1667 1428 1812 1467 viscera,
1836 1438 1873 1461 ut
1898 1426 1961 1460 huc
1988 1430 2097 1469 potius
2120 1425 2335 1461 differendam
2359 1424 2405 1458 es-

1399 1475 1428 1507 se
1453 1497 1465 1513 ‚
1496 1472 1672 1517 censuerim
1694 1496 1706 1503 γ.
1741 1471 1822 1514 Quo
1846 1481 1931 1504 certe
1954 1470 1998 1504 ob
2021 1483 2087 1504 non
2112 1469 2269 1504 absimiles
2298 1468 2406 1502 causas

1397 1515 1584 1551 distulissem
1602 1538 1611 1553 ‚
1637 1516 1659 1548 sl
1682 1525 1760 1548 tunc
1786 1512 1964 1548 habuissem
1981 1537 1989 1551 ,
2015 1515 2148 1548 Batonii
2180 1524 2310 1556 quoque
2332 1512 2408 1545 Ob-

1396 1561 1613 1595 servationem
1637 1570 1708 1600 quae
1734 1559 1830 1600 paulo
1852 1554 1989 1590 inferius
2013 1559 2073 1601 (o)
2102 1555 2317 1598 subjicietur,
2337 1555 2410 1589 for-

1395 1602 1472 1638 tasle
1496 1613 1604 1636 autem
1627 1605 1658 1635 δι
1683 1603 1818 1635 alteram
1843 1612 1974 1640 meam,
1999 1613 2071 1643 quae
2095 1603 2191 1634 tertia
2216 1599 2259 1633 est
2285 1599 2409 1642 puella·

1396 1659 1468 1681 rum
1484 1672 1491 1686 ,
1516 1658 1594 1688 quas
1616 1644 1681 1686 ipse
1704 1644 1838 1679 dissecui
1853 1658 1868 1685 ,f
1886 1646 2017 1677 cerebro
2042 1645 2224 1678 carentium
2251 1655 2260 1679 ;
2296 1655 2408 1676 omncs

1395 1692 1482 1724 enim
1506 1689 1590 1723 haud
1615 1688 1699 1721 secus
1721 1700 1756 1722 ac
1780 1688 1838 1721 ista
1861 1687 2022 1721 Valsalvae
2047 1711 2059 1728 ‚
2096 1691 2127 1721 ὅ(
2152 1688 2208 1720 illa
2235 1687 2367 1720 Baronii
2393 1710 2405 1725 5,

1398 1733 1541 1767 foetuum
1565 1731 1696 1765 fuerunt
1721 1730 1877 1773 sequioris
1903 1733 2013 1766 sexus:
2037 1730 2123 1773 quod
2151 1730 2284 1764 adillud
2309 1731 2409 1763 addes

1397 1778 1486 1818 quod
1511 1778 1544 1808 in
1568 1788 1601 1808 ea
1627 1773 1773 1815 Epistola
1795 1776 1809 1813 <
1828 1774 1885 1815 p)
1920 1774 2027 1806 obiter
2064 1774 2280 1807 animadverti
2305 1798 2313 1806 .
2349 1775 2407 1807 Sed

1398 1832 1501 1854 meam
1525 1820 1615 1852 illam
1639 1817 1914 1852 observationem
1940 1818 2073 1850 tertiam
2096 1827 2182 1851 nunc
2196 1817 2325 1856 accipe:
2353 1819 2406 1850 cui

1398 1875 1464 1896 non
1487 1862 1651 1896 dissimilis
1667 1885 1677 1900 ‚
1702 1861 1878 1902 praesertim
1901 1860 1945 1894 ob
1969 1861 2101 1902 Spiuam
2128 1858 2220 1894 simul
2243 1858 2378 1895 bifidam
2400 1883 2410 1900 ,

1397 1907 1533 1939 biennio
1558 1906 1625 1946 poss
1650 1903 1782 1936 Hasniae
1805 1903 1919 1936 habita
1943 1904 1987 1937 est
2010 1908 2023 1943 (
2046 1914 2064 1944 q
2086 1907 2121 1942 ).

1441 1961 1490 1989 50.
1516 1947 1867 1981 MONSTRUM
1895 1958 1904 1983 ς
1942 1945 1984 1979 sic
2017 1948 2102 1980 enim
2127 1946 2288 1979 vocabant
2312 1959 2321 1982 3
2349 1948 2411 1980 tri-

1395 1993 1486 2032 duo,
1509 2003 1547 2025 an
1571 1989 1750 2034 quatriduo
1775 1999 1847 2023 ante
1874 1988 1928 2023 hic
1953 1990 2080 2023 editum
2095 2013 2107 2030 ,
2130 1989 2214 2022 mihi
2237 2001 2252 2022 a
2267 1990 2412 2024 Chirur-

1396 2048 1439 2078 go
1460 2035 1602 2077 quodam
1625 2033 1786 2067 ostensum
1822 2033 1864 2066 est
1889 2032 2068 2066 Februario
2107 2034 2211 2069 nitense
2236 2035 2277 2066 A.
2313 2038 2408 2076 1745.

1396 2080 1496 2120 Qod
1521 2087 1556 2113 ut
1584 2076 1714 2120 aspexi,
1740 2078 1898 2109 continuo
1922 2077 2013 2113 dixi,
2036 2078 2173 2110 cerebro
2196 2087 2304 2111 carere
2319 2100 2326 2110 ,
2341 2079 2410 2110 lta·
2462 2115 2465 2117 ,

1396 2135 1458 2165 que
1483 2132 1517 2156 ut
1542 2121 1668 2154 dic'tum
1694 2119 1834 2153 sectione
1856 2121 2127 2161 comprobarem,
2153 2118 2252 2158 adme
2275 2119 2409 2156 domum

1398 2166 1533 2205 attulit,
1558 2164 1626 2198 haec
1650 2174 1801 2199 narrans,
1825 2163 2019 2201 mulierem,
2045 2163 2174 2197 felicem
2201 2162 2355 2198 haetenus
2378 2177 2413 2198 a-

1398 2211 1520 2243 liorum
1543 2208 1728 2242 liberorum
1752 2217 1936 2248 parentem,
1961 2205 2092 2241 felicem
2106 2218 2240 2250 quoque
2263 2207 2344 2241 hanc
2358 2209 2412 2242 u-l-

1401 2257 1517 2287 rimam
1561 2253 1647 2287 uteri
1694 2252 1908 2293 gestationem
1953 2249 2098 2284 habuisse
2129 2275 2138 2285 .
2184 2252 2274 2285 Cum
2328 2262 2406 2285 vero

1399 2297 1437 2331 ad
1462 2294 1559 2338 hujus
1594 2294 1693 2328 finem
1725 2294 1791 2336 jam
1825 2292 1942 2327 venisse
1965 2318 1975 2332 ,
2012 2304 2066 2328 aut
2119 2295 2252 2336 propius
2279 2292 2409 2336 abesse,

1398 2340 1618 2376 existimarem
1642 2337 1767 2371 difficili
1792 2347 1906 2379 praeter
1928 2339 2128 2379 opinionem
2155 2348 2247 2379 partu
2272 2338 2415 2380 puellam

1398 2384 1482 2417 hanc
1508 2392 1693 2417 mortuam,
1718 2384 1749 2413 &
1773 2391 1828 2423 per
1848 2380 1942 2423 pedes
1967 2381 2007 2413 ab
2032 2381 2210 2416 obstetrice
2235 2380 2412 2415 detsaftam

1398 2424 1531 2460 emisisse
1555 2450 1562 2457 .
1596 2426 1644 2458 Re
1668 2434 1774 2458 tamen
1811 2435 1883 2458 vera
1918 2434 1983 2456 non
2016 2425 2112 2465 paulo
2146 2426 2303 2458 minorem
2340 2425 2409 2458 vidi

1398 2466 1579 2511 quarnesse
1603 2467 1758 2501 debuisset
1784 2479 1794 2506 3
1828 2478 1930 2509 neque
1954 2469 2041 2501 enim
2076 2467 2287 2510 septimestris
2310 2466 2411 2502 foetus

1404 2511 1646 2555 longitudinem
1673 2510 1819 2553 aequabat
1841 2533 1853 2549 ‚
1876 2513 1908 2543 &
1932 2521 2062 2551 parvam
2085 2522 2214 2554 quoque
2241 2537 2249 2550 ‚
2284 2520 2319 2543 ut
2346 2511 2417 2546 dixi

1405 2559 1418 2595 (
1440 2567 1454 2588 ν
1473 2557 1513 2598 ),
1538 2555 1626 2588 illam
1653 2553 1739 2588 snam
1753 2553 1903 2587 Valsalva
1928 2553 2162 2595 conspexerat:
2187 2554 2276 2596 quod
2292 2578 2301 2592 ,
2324 2553 2346 2587 si
2361 2567 2415 2588 ca-

1405 2609 1464 2642 put
1488 2600 1529 2632 ab
1553 2596 1672 2631 inclusa
1706 2608 1788 2641 aqua
1821 2606 1912 2630 antea
1944 2597 2120 2631 distentum
2154 2595 2414 2640 amplificatum-

1404 2655 1465 2685 que
1488 2643 1729 2683 concipiamus,
1755 2651 1819 2674 non
1842 2640 1996 2679 difficile,
2019 2639 2101 2673 sicut
2126 2640 2203 2674 alias
2225 2641 2287 2682 (s)
2314 2641 2352 2674 ad
2380 2651 2414 2675 te

1407 2685 1540 2728 scripsi,
1565 2685 1707 2725 intelligi
1733 2682 1860 2726 potest.
1885 2684 2049 2717 Caeterum
2073 2686 2202 2726 optime
2216 2685 2407 2725 nutritum,

1407 2728 1489 2763 nihil
1516 2729 1597 2761 male
1627 2727 1720 2761 olens
1746 2752 1754 2765 ‚
1785 2728 1816 2760 ὃ(
1851 2726 1988 2761 necdum
2014 2727 2202 2761 abscedente
2226 2728 2373 2761 cuticula
2401 2751 2411 2766 ‚

1408 2772 1579 2815 pulchrum
1603 2771 1666 2804 hoc
1690 2769 1797 2804 fuisset
1822 2769 2049 2811 corpusculum
2073 2793 2083 2809 ,
2120 2772 2241 2813 quippe
2278 2772 2334 2804 reli
2364 2773 2414 2806 uis

1407 2818 1530 2859 egregie
1554 2814 1798 2848 conformatum
1822 2812 1980 2856 plerisque
2005 2815 2154 2855 partibus
2177 2839 2186 2854 ,
2217 2814 2339 2848 nisi-cle
2359 2826 2417 2848 or.

1407 2862 1537 2894 mirates
1562 2859 1610 2892 hae
1634 2855 1824 2891 accessissent
1841 2883 1850 2897 ‚
1874 2857 1962 2900 quod
1988 2858 2112 2892 nullum
2139 2858 2313 2899 apparebat
2347 2859 2417 2892 col-

1406 2904 1474 2938 lum
1498 2927 1510 2944 ‚
1544 2905 1576 2935 δι
1608 2901 1700 2944 supra
1734 2901 1845 2934 oculos
1869 2901 1926 2934 vix
1949 2901 2072 2944 aliquid
2108 2911 2177 2935 erat
2209 2899 2354 2941 frontis,
2376 2913 2418 2937 ex

1406 2959 1506 2990 eoque
1540 2948 1614 2981 loco
1650 2957 1708 2987 pro
1743 2945 1972 2978 communibus
2008 2945 2154 2987 corporis
2186 2946 2382 2986 tegumentis
2405 2967 2416 2983 ,

1407 3003 1468 3024 una
1503 2999 1570 3022 erat
1606 2990 1788 3023 membrana
1820 2988 1916 3022 rubea
1941 3011 1951 3028 ,
1997 3000 2071 3031 quae
2117 2989 2241 3030 capitis
2263 3011 2276 3028 ,
2320 2990 2417 3023 mini—

1407 3047 1457 3068 me
1494 3034 1540 3066 ibi
1575 3033 1797 3066 extuberantis
1820 3054 1830 3070 ‚
1864 3032 1932 3064 imo
1964 3032 1997 3064 in
2035 3032 2211 3075 posteriora
2245 3031 2379 3066 declivis
2402 3055 2413 3071 ,

1410 3079 1572 3120 superiora
1607 3076 1769 3110 obducens
1792 3097 1801 3112 ,
1845 3086 1899 3116 per
1933 3075 2076 3109 medium
2111 3074 2242 3109 dorsum
2274 3076 2317 3110 ad
2341 3075 2418 3110 tho..

1411 3133 1515 3155 racem
1561 3120 1661 3153 ferme
1705 3118 1854 3152 infimum
1902 3119 2054 3160 pergebat
2079 3139 2088 3154 ‚
2133 3127 2256 3161 quanto
2313 3121 2418 3162 magis

1409 3164 1600 3199 descendens
1624 3186 1635 3202 ‚
1667 3172 1760 3196 tanto
1793 3163 1899 3197 minus
1932 3163 1996 3196 lata
2021 3186 2028 3194 .
2064 3161 2131 3195 Sub
2165 3172 2227 3204 qua
2263 3162 2418 3204 posterio-

1411 3220 1445 3242 re
1470 3209 1662 3242 membranae
1688 3215 1778 3248 parte
1814 3203 2015 3247 assurgebant
2051 3203 2307 3248 protuberantiae
2345 3205 2416 3240 duae

1409 3250 1500 3286 osseae
1523 3256 1541 3289 ‚'
1579 3260 1616 3283 ut
1663 3250 1857 3283 videbantur
1881 3274 1890 3289 ‚
1933 3258 2006 3289 qnae
2051 3249 2182 3290 singulae
2230 3261 2246 3282 a
2279 3248 2410 3291 singulis

1410 3296 1563 3328 lateribus
1586 3286 1700 3337 capstis
1724 3292 1876 3335 profeetae
1901 3315 1909 3330 ,
1944 3296 1973 3325 ὅ(
2007 3304 2073 3335 quo
2108 3293 2236 3334 longius
2270 3293 2309 3325 ab
2342 3293 2412 3334 ipso

1409 3338 1671 3376 descendebant,
1705 3349 1743 3370 eo
1776 3338 1881 3369 minus
1914 3335 2005 3368 elata²
2028 3359 2041 3375 ‚
2075 3336 2239 3378 magisque
2273 3337 2358 3368 inter
2381 3335 2411 3367 se

1413 3384 1617 3420 accedentes,
1644 3381 1777 3421 Spinam
1801 3377 1919 3413 subesse
1943 3378 2077 3414 bifidam
2100 3379 2324 3419 indicabant.
2358 3379 2412 3412 Ad

1414 3425 1482 3468 ejus
1528 3425 1721 3459 membranae
1765 3425 1864 3457 latera
1910 3433 1977 3456 non
2019 3423 2148 3457 deerant
2192 3425 2414 3465 integumenta

2283 3475 2371 3497 com-

364 3580 2405 3620 W

422 3694 437 3724 (
451 3695 466 3719 h
480 3694 495 3723 )
510 3695 545 3717 De
561 3690 655 3716 Medic.
670 3692 688 3714 1.
704 3691 727 3713 6.
743 3694 763 3710 c.
782 3687 818 3711 18.
835 3691 859 3708 n.
879 3691 901 3711 ⁹-

424 3727 432 3752 (
452 3732 476 3747 m
495 3726 503 3755 )
519 3723 575 3747 Vid.
593 3721 676 3745 Haller
694 3719 722 3743 de
738 3719 809 3741 Foetu
829 3717 904 3740 Hum.
922 3712 968 3736 sine
985 3711 1081 3735 cerebro
1097 3715 1146 3733 not.
1165 3717 1189 3732 η.

421 3755 436 3784 ί
451 3763 466 3785 q
482 3755 496 3783 )
513 3754 567 3778 Vrd.
586 3752 648 3776 Rob.
666 3749 745 3779 Steph-
762 3746 861 3772 Henrici
881 3743 994 3772 Descript.
1012 3740 1119 3767 Omenti
1133 3745 1186 3764 not.
1203 3736 1232 3762 ad
1250 3737 1271 3766 ᾗ.
1292 3744 1326 3761 u.

963 3682 970 3709 (
989 3680 1028 3709 ἱ)
1045 3683 1082 3709 56.
1101 3680 1125 3703 in
1143 3678 1159 3702 l.
1177 3678 1205 3702 de
1219 3678 1322 3701 Tumor.
1341 3683 1361 3703 p.
1371 3682 1403 3708 ‚1¹-

1251 3707 1257 3732 s
1276 3715 1292 3729 r,
1308 3711 1316 3734 )
1335 3705 1404 3735 epist.
1424 3711 1461 3728 12.
1479 3712 1501 3728 n.
1518 3705 1540 3727 8.

1465 3674 1472 3701 s
1492 3673 1507 3698 k
1523 3673 1537 3701 )
1553 3674 1622 3698 Anat.
1642 3672 1718 3695 Praei.
1739 3671 1754 3694 Ι,
1774 3680 1795 3700 4.
1814 3671 1842 3695 ad
1859 3670 1899 3694 fin.
1963 3668 1973 3699 (
1991 3671 2001 3695 Ι
2017 3671 2031 3700 )
2048 3679 2071 3696 n.

1603 3702 1765 3735 (⁰⁴)ss·5v²-
1829 3702 1976 3730 (p)n.6.

1612 3735 1648 3764 (j
1670 3731 1768 3762 )E91st›
1788 3741 1819 3757 ιι.
1840 3740 1863 3755 τι.
1880 3740 1902 3760 7.

2089 3679 2112 3701 5.
2131 3670 2152 3694 te
2171 3670 2231 3699 seqq.

1393 3737 1549 3767 l⁷*)s¹·43·
