2498 4075
977 1094 1641 1160 AMICUM

129 1166 712 1281 ¹EPlsToLA
783 1193 2006 1284 ANAToMloo-MEDICA
2075 1217 2137 1280 L-

537 1336 539 1339 ’
676 1341 914 1410 Spectat
948 1342 1016 1394 ad
1048 1341 1311 1394 Dolorem
1346 1340 1581 1408 Capitis:
2051 1331 2053 1333 '

226 1491 229 1493 .
271 1500 288 1505 „
393 1463 478 1495 Uon
503 1462 566 1495 tibi
579 1462 749 1503 pollicitus
764 1461 857 1502 sum,
879 1462 992 1506 praesto
1007 1487 1016 1502 ,
1039 1464 1121 1497 inci-

236 1528 243 1536 .
306 1519 310 1521 >
404 1508 492 1548 piens
516 1518 531 1538 a
555 1507 683 1549 Capitis
705 1506 831 1540 Dolore
857 1531 864 1537 .
899 1506 981 1538 Noli
1015 1517 1120 1542 autem

402 1549 587 1590 expectare,
613 1558 649 1583 ut
672 1558 869 1592 quaecunque
893 1548 987 1591 hujus
1019 1551 1118 1584 causae

403 1591 582 1632 Valsalvae,
606 1601 660 1626 aut
684 1591 765 1625 mihi
790 1592 823 1623 in
855 1592 1059 1627 cadaveribus
1091 1595 1120 1627 se

301 1648 303 1655 ·
360 1662 362 1664 .
400 1635 565 1674 obtulere,
587 1646 636 1671 eas
659 1646 768 1669 omnes
794 1632 852 1667 hac
869 1636 1014 1678 Epistola
1028 1648 1117 1671 com-

404 1677 617 1721 prehendam.
646 1680 807 1722 Pleraeque
830 1690 938 1713 earum
962 1680 1113 1721 posthac,

398 1722 470 1756 aliae
493 1723 559 1755 alio
582 1724 655 1756 loco
671 1747 682 1763 ,
705 1722 941 1766 producentur.
960 1723 1114 1758 Plurimis

96 1763 181 1797 enim
204 1767 418 1811 cumreliqui
443 1767 615 1808 corporis,
638 1776 709 1800 tum
732 1768 849 1807 capitis
873 1765 968 1809 ipfius
992 1767 1113 1801 morbis

96 1807 139 1841 est
162 1807 327 1854 adjunctus
350 1812 376 1845 is
399 1809 619 1846 dolor.Quin
645 1809 727 1843 solus
752 1809 789 1843 ad
813 1811 984 1844 interitum
996 1811 1112 1853 perdu-

95 1853 143 1883 cit
168 1850 295 1887 fortasse
318 1855 496 1887 neminem.
522 1854 602 1893 Qo
625 1851 684 1891 fit,
708 1863 745 1887 ut
768 1852 805 1885 de
828 1865 866 1886 eo
878 1855 979 1888 nullas
997 1877 1006 1892 ‚
1032 1867 1110 1897 quas

96 1894 153 1928 hic
176 1895 373 1939 potissimum
399 1898 584 1938 proteram,
608 1895 740 1930 habeam
764 1895 934 1939 historias,
958 1896 1016 1931 nisi
1041 1910 1109 1939 per-

93 1940 289 1981 paucas‚iin
314 1942 431 1984 quibus
454 1949 507 1973 aut
530 1949 642 1973 caetera
664 1940 869 2021 ingommoda
913 1942 1070 1975 anteceffit
1094 1946 1125 1981 ‚⁴

95 1990 152 2015 aut
175 1983 261 2015 inter
283 1985 349 2026 ipsa
373 1985 512 2018 maxime
537 1983 660 2019 saeviit.
720 1985 905 2026 iugulorum
948 1997 1104 2028 generum

91 2024 231 2068 fingulas
254 2029 394 2067 primum
418 2040 456 2061 ex
479 2027 627 2060 Valsalva
651 2027 761 2060 nostro
785 2027 825 2060 lic
851 2028 967 2061 habeto
984 2054 991 2061 .

137 2080 168 2102 2.
192 2068 448 2105 PUER‘anncs
472 2070 626 2104 tredecim
650 2080 762 2110 natus,
785 2071 1007 2112 perspicaciori
1023 2073 1112 2115 inge-

91 2113 150 2146 nio
174 2113 353 2155 praeditus,
379 2114 470 2158 cujus
496 2113 607 2155 soror,
633 2113 794 2157 fraterque
819 2123 856 2148 ex
881 2113 1001 2156 phthisi
1027 2117 1111 2149 inte-

89 2157 231 2194 sterant,
255 2169 328 2193 cum
350 2159 417 2201 ipse
441 2157 709 2200 anuosuperiore
733 2158 896 2199 pulmonis
918 2157 1032 2192 sinistri
1058 2161 1107 2191 in-

90 2199 310 2234 flammatione
333 2201 520 2241 laborasset,
542 2202 721 2242 corripitur
745 2199 857 2234 dolore
876 2203 992 2242 capitis
1016 2202 1106 2245 supra

89 2244 227 2286 oculos,
251 2254 350 2288 atque·
366 2245 483 2280 horum
506 2245 603 2277 etiam
627 2243 760 2282 dolore,
783 2245 866 2275 circa
888 2255 966 2286 quos
989 2246 1108 2279 viscida

85 2285 242 2322 effluebat
266 2290 414 2322 materia.
442 2286 598 2322 Postridie
621 2286 756 2323 delirat,
781 2287 938 2320 oculosiu
952 2287 1107 2324 adstantes

89 2329 226 2373 defigit,
249 2331 399 2365 nonnihil
425 2331 545 2364 viscida
569 2331 715 2363 evomit.
741 2329 862 2363 Deinde
874 2332 1103 2372 eximproviso

87 2372 348 2408 ronvuffionibus
374 2373 582 2417 prehenditur
596 2385 632 2406 :a
643 2371 758 2415 quibus
770 2375 803 2405 in
819 2371 1019 2407 affectionem
1027 2386 1105 2417 qua-

86 2416 112 2450 fi
135 2416 315 2460 soporosam
339 2418 477 2456 incidit3
502 2417 615 2459 saepius
638 2425 744 2449 tamen
776 2415 1008 2457 convulsione,
1030 2429 1104 2453 cum

87 2459 216 2495 difficili
239 2460 445 2506 respiratione
467 2460 638 2503 conjuneh
650 2482 662 2500 ‚
673 2459 831 2494 excitatur
843 2484 850 2491 .
864 2459 1016 2503 Denique
1030 2473 1102 2494 mo-

88 2504 174 2537 ritur
185 2528 192 2537 .
286 2505 495 2538 VENTRE
509 2512 623 2546 aperto
634 2526 646 2542 ,
672 2502 743 2544 sana
755 2503 861 2536 omnia
877 2504 1100 2544 inveniuntur5

86 2558 280 2591 quamquam
302 2549 335 2580 in
359 2548 537 2581 ventriculo
558 2551 623 2579 erat
648 2545 764 2579 humor
787 2545 918 2589 quidam
941 2549 1101 2590 aerugino-

84 2592 135 2625 sus
149 2616 158 2631 ‚
181 2590 278 2624 vefica
302 2601 409 2625 autem
432 2592 534 2627 lotio,
560 2593 593 2624 &
614 2589 709 2632 cystis
720 2587 812 2623 fellea
827 2590 888 2622 bile
903 2591 1074 2634 turgebant
1089 2615 1098 2624 .

87 2634 128 2668 ln
154 2633 306 2669 Thorace
329 2636 437 2669 dexter
459 2634 571 2677 pulmo
603 2645 618 2666 a
652 2632 759 2674 pleura
804 2633 935 2675 quidem
980 2635 1101 2669 solutus

83 2686 173 2717 erat3
199 2677 249 2711 sed
272 2680 307 2712 in
330 2678 490 2721 superiore
513 2686 618 2721 parte,
642 2677 831 2710 claviculam
844 2680 969 2716 versus,
993 2680 1102 2711 conti-

84 2722 179 2756 nebat
202 2721 402 2757 tuberculum
418 2746 428 2762 ,
452 2733 565 2756 nucem
588 2719 770 2763 juglandem
794 2720 892 2753 ferme
907 2723 1101 2764 aequans,in

84 2777 151 2808 quo
160 2777 253 2808 parva
267 2772 357 2808 erant
369 2779 445 2800 cava
458 2790 465 2803 ,
480 2767 618 2799 materiae
635 2764 738 2806 plena,
750 2776 820 2807 quae
832 2765 940 2797 colore
950 2787 962 2804 ,
975 2768 1005 2798 &
1019 2766 1101 2798 mol-

84 2809 158 2842 litie
182 2808 384 2843 substantiam
407 2811 523 2843 cerebri
548 2807 754 2840 medullarem
779 2806 934 2840 referebat
959 2821 966 2839 :
1002 2817 1099 2851 atque

87 2852 166 2885 hinc
189 2851 337 2894 fortasse,
361 2853 383 2886 fi
406 2854 530 2888 diutius
554 2862 631 2895 puer
655 2850 805 2892 vixisset,
827 2853 959 2884 initium
985 2853 1093 2884 morbi

84 2897 143 2939 qui
169 2895 333 2936 sororem,
356 2896 550 2940 fratremque
573 2898 798 2934 interemerat,
822 2894 995 2928 extitisset.
1021 2895 1097 2928 Pul-

85 2951 142 2972 mo
165 2948 269 2972 autem
291 2938 435 2979 sinister,
460 2941 517 2984 qui
541 2939 848 2978 inflammationem,
872 2949 907 2972 ut
920 2938 1009 2974 dixi,
1024 2948 1096 2971 ante

87 2993 203 3015 annum
228 2981 327 3024 passus
340 2983 462 3025 fuerat,
485 2994 556 3017 cum
568 2983 675 3024 pleura
689 2980 727 3013 ad
738 2981 868 3015 dorsum
888 2982 1098 3015 connecteba-

85 3036 160 3059 tur.
188 3026 401 3060 Pericardium
424 3028 481 3061 seri
503 3027 612 3061 uncias
637 3024 750 3057 habuit
774 3025 873 3065 duas,
898 3036 996 3067 eoque
1031 3037 1098 3058 am-

87 3070 194 3112 plius;
214 3070 328 3103 'dexter
353 3080 458 3104 autern
480 3069 588 3103 cordis
612 3068 806 3101 ventriculus
830 3079 956 3109 parvam
970 3079 1099 3102 concre-

86 3116 212 3146 tionem
235 3113 440 3156 polyposam.
466 3114 597 3156 Sanguis
619 3113 762 3154 reliquus
785 3112 876 3145 nullo
900 3112 998 3146 modo
1020 3123 1099 3145 con-

85 3165 226 3189 creverat
241 3180 254 3197 ,
277 3158 422 3200 quamvis
445 3156 520 3191 hora
543 3156 608 3199 jam
630 3154 703 3189 esset
727 3157 766 3188 ab
789 3155 882 3189 obitu
904 3156 1027 3189 decima
1051 3156 1097 3189 se-

85 3201 188 3242 ptima
203 3225 211 3232 .
302 3201 428 3235 Crauio
451 3201 599 3239 creseere,
623 3199 702 3232 dura
726 3199 856 3232 meninx
878 3200 915 3232 ad
939 3198 1097 3242 sanguife-

85 3254 197 3276 rorum
221 3242 366 3277 vasorum
390 3245 483 3276 latera
506 3245 632 3277 inventa
655 3242 697 3276 est
719 3245 844 3276 cinereo
874 3242 982 3275 colore
1013 3243 1097 3276 infe-

92 3287 163 3319 eta.
188 3288 278 3321 Dum
302 3297 405 3320 autem
432 3286 517 3325 haec,
541 3299 556 3320 a
579 3284 691 3326 crista,
714 3296 749 3319 ut
762 3295 898 3327 vocant,
921 3286 999 3328 galli
1012 3287 1095 3319 avel-

87 3329 207 3367 leudo,
232 3329 495 3372 abrumperetur,
518 3331 683 3370 paululum
706 3331 813 3371 erupit
845 3329 903 3362 seri
947 3328 1059 3363 saniosr
1084 3341 1092 3361 .-

86 3372 144 3404 seri
168 3383 271 3407 autem
294 3373 424 3415 limpidi
449 3372 534 3416 quasi
558 3375 652 3406 uncia
675 3374 749 3406 inde
771 3374 896 3413 exivit,
918 3385 979 3415 qua
1012 3372 1094 3406 fere-

86 3416 202 3450 bantur
225 3419 315 3450 nervi
340 3419 479 3458 Optici.
505 3417 630 3450 Totum
653 3428 727 3449 vero
752 3417 910 3450 cerebrum
935 3425 1094 3458 repertum

85 3459 128 3492 est
152 3460 278 3494 sanum:
306 3462 339 3493 in
362 3472 460 3503 eoque
486 3460 621 3493 Pinealis
645 3460 802 3503 glaudulae
827 3460 959 3502 insignis
970 3461 1093 3502 magni-

87 3500 168 3536 tudo
191 3503 402 3543 spectantium
429 3503 540 3536 oculos
564 3503 744 3536 alliciebat.

127 3554 162 3588 3.
187 3547 261 3579 Hoc
285 3548 437 3580 ultimum
452 3570 460 3585 ,
484 3548 604 3589 quippe
626 3547 664 3580 de
687 3546 899 3589 ingeniosiore
925 3558 1093 3591 puero‚eo

88 3598 233 3632 ternpore
256 3589 410 3632 scriptum
434 3590 612 3630 intelligis,
634 3601 707 3623 cum
731 3602 765 3623 ea
788 3591 1091 3634 glandulaapleris-

86 3633 146 3675 qu'e
169 3632 354 3667 credebatur
378 3633 461 3668 sedes
485 3634 597 3667 animae
620 3635 987 3676 cogitantis.Caeterum
1003 3646 1090 3669 mor-
1121 3679 1123 3681 ι

1172 1462 1248 1500 bum
1271 1463 1367 1497 dolor
1389 1464 1527 1507 capitis,
1551 1465 1583 1497 &
1606 1463 1776 1497 oculorum
1798 1460 1987 1498 inchoavit3
2009 1459 2159 1493 delirium
2179 1480 2191 1500 2

1171 1507 1312 1542 vomitus
1327 1531 1336 1547 ‚
1360 1506 1543 1543 convulfio,
1569 1506 1664 1547 sopor
1688 1516 1823 1544 auxere3
1847 1504 1955 1538 eadem
1987 1502 2152 1536 convulsio
2175 1524 2185 1539 ,

1174 1559 1212 1583 ut
1235 1550 1551 1586 videtur-inferendo
1573 1560 1733 1587 mortem,
1759 1548 1883 1583 finivit.
1912 1544 2051 1593 Fortasse
2087 1548 2186 1579 etiam

1173 1595 1299 1628 occulte
1310 1593 1480 1628 inchoavit
1489 1620 1497 1626 .
1509 1594 1684 1627 Leviorum
1697 1594 1781 1626 euim
1792 1591 2042 1625 convulsionum
2053 1588 2186 1623 effeetus

1171 1635 1288 1678 dolor,
1310 1638 1482 1677 delirium,
1507 1638 1650 1670 vomitus
1673 1635 1730 1670 esse
1764 1643 1937 1679 potueruut
1962 1658 1972 1673 ,
2007 1642 2042 1667 ut
2074 1632 2188 1666 delirii

1167 1678 1295 1715 effeetus
1321 1682 1479 1723 turgentia
1503 1679 1669 1723 Utriusque
1691 1679 1820 1718 vesicae3
1845 1689 1918 1710 uam
1942 1676 2111 1710 delirantes
2134 1684 2189 1709 ne-

1166 1735 1226 1766 que
1250 1725 1325 1758 lotii
1350 1725 1509 1759 stimulum
1534 1723 1721 1764 attendere,
1744 1722 1896 1757 &cibum
1912 1721 2014 1754 solent
2025 1719 2186 1760 recusare,

1164 1768 1221 1809 qui
1245 1769 1358 1811 cystim
1383 1767 1531 1802 videlicet
1555 1766 1802 1809 comprimendo
1819 1791 1826 1802 .
1859 1764 1959 1798 bilem
1993 1763 2186 1797 extrudat,

1164 1811 1284 1854 Aliqua
1310 1823 1413 1846 tamen
1437 1809 1533 1853 hujus
1558 1816 1626 1853 pars
1649 1810 1776 1844 videtur
1798 1809 1943 1855 vomitus
1965 1806 2127 1854 occasione
2149 1807 2188 1840 in

1161 1857 1378 1890 ventriculum
1402 1854 1589 1896 compulsa,
1613 1854 1696 1888 unde
1720 1854 1921 1894 aeruginolus
1944 1852 2037 1884 color
2074 1851 2186 1893 reje6H

1159 1897 1307 1932 humoris
1330 1924 1339 1931 .
1376 1901 1533 1940 Soporem
1565 1909 1693 1940 quoque
1716 1897 1826 1930 eadem
1851 1893 2021 1927 convulsio
2043 1895 2184 1928 circum-

1157 1941 1257 1983 presso
1280 1943 1410 1977 cerebro
1437 1941 1505 1983 post
1530 1940 1559 1974 se
1571 1941 1793 1981 relinquebat,
1816 1937 2184 1985 quae-subinde-rediens,

1157 1986 1336 2021 vellicando
1361 1984 1615 2026 interrumpebat
1639 2011 1644 2015 .
1671 1985 1728 2017 Sed
1753 1983 1968 2017 convulsionis
1991 1982 2086 2022 ipsius
2111 1978 2185 2014 effe-

1166 2029 1255 2067 ἕως,
1281 2041 1318 2062 an
1341 2029 1431 2063 c‘ausa
1456 2028 1519 2062 fuit
1544 2027 1576 2060 icl
1602 2027 1702 2061 serum
1727 2026 1814 2071 quod
1843 2025 1879 2059 ad
1892 2026 2085 2060 anteriorem
2098 2035 2184 2058 cere-

1164 2071 1217 2104 bri
1240 2071 1338 2106 basirn
1361 2075 1528 2106 inventum
1552 2069 1619 2105 est?
1652 2070 1862 2104 Utrumlibet
1895 2068 2001 2102 credas
2024 2093 2032 2107 ‚
2066 2069 2181 2101 licet.

1164 2116 1342 2152 Sive-gemin]
1368 2117 1450 2148 intra
1475 2126 1644 2148 nervorum
1666 2141 1673 2151 ,
1708 2117 1740 2146 &
1773 2116 1959 2147 meninuum
1992 2110 2180 2145 struouram

1151 2159 1262 2193 ,latens
1284 2159 1499 2193 convulsionis
1520 2157 1610 2191 causa
1627 2183 1636 2197 ‚
1657 2155 1736 2190 vasis
1759 2156 1940 2190 constrictis
1965 2157 1998 2188 &
2032 2154 2182 2196 sanguine

1160 2213 1346 2240 remorato,
1370 2202 1447 2236 fecit
1472 2212 1508 2235 ut
1534 2201 1634 2234 serum
1660 2199 1903 2234 effunderetur:
1929 2199 1988 2231 sive
2000 2197 2063 2231 hoc
2088 2208 2179 2231 antea

1159 2243 1317 2284 effusum,
1341 2247 1504 2287 meninges
1526 2243 1686 2277 irritando
1708 2240 1779 2286 quae
1803 2242 1840 2276 ad
1883 2243 1984 2274 imam
2010 2240 2150 2274 frontem
2165 2264 2176 2280 ‚

1159 2291 1192 2321 &
1215 2290 1297 2321 circa
1322 2300 1431 2322 nervos
1456 2289 1599 2330 Opticos
1622 2287 1719 2326 sunt,
1743 2288 1825 2320 leves
1837 2286 1979 2328 primum
1992 2284 2177 2317 convulsioe

1158 2342 1233 2367 nes,
1258 2332 1449 2374 doloresque
1470 2332 1615 2368 creavit3
1640 2330 1791 2364 utralibet
1839 2331 1964 2361 ratione
2010 2327 2179 2362 commode

1157 2374 1318 2415 possumus
1341 2386 1406 2408 rem
1429 2374 1611 2416 intelligere
1627 2398 1634 2405 .
1661 2374 1777 2415 Neque
1790 2373 1879 2404 enim
1889 2370 1976 2414 quod
2003 2372 2178 2411 limpidum

1156 2416 1255 2451 fuerit
1281 2418 1403 2458 serum,
1427 2418 1551 2451 idcirco
1573 2418 1744 2450 innoxium
1766 2415 1948 2448 censeamus
1972 2414 2087 2447 necesse
2111 2415 2178 2449 est.-

1154 2460 1283 2502 quando
1306 2462 1447 2497 constat,
1472 2460 1567 2496 sales,
1592 2461 1650 2502 qui
1677 2460 1814 2492 maxime
1839 2458 1955 2503 poffint
1979 2456 2177 2499 erodere,i'n

1155 2515 1233 2546 aqua
1257 2505 1405 2544 solutos,
1428 2502 1523 2546 hujus
1548 2502 1765 2545 pelluciditati
1792 2501 1875 2537 nihil
1890 2501 2036 2535 officere.
2052 2503 2177 2539 Quam.

1154 2558 1270 2588 quarn,
1297 2559 1353 2581 nec
1376 2559 1473 2582 omne
1496 2544 1539 2579 id'
1556 2546 1656 2579 serum
1682 2545 1855 2589 limpidum
1879 2544 1966 2585 fuit,
1987 2543 2039 2577 sed
2063 2555 2095 2577 m
2107 2557 2178 2589 par-

1154 2599 1185 2622 te
1210 2588 1388 2624 saniosum.
1417 2591 1523 2624 Sanies
1547 2599 1653 2623 autem
1677 2590 1758 2629 illa,
1782 2589 1832 2622 seu
1855 2600 1926 2621 vera
1942 2589 2029 2624 fuit,
2054 2587 2105 2623 seu
2117 2601 2177 2631 po-

1154 2635 1219 2667 tius
1237 2633 1337 2674 ‘saniei
1363 2635 1501 2675 species,
1526 2633 1610 2666 unde
1636 2631 1802 2674 repetenda
1826 2631 1889 2665 fit.
1917 2633 1950 2664 iu
1984 2631 2056 2664 aliis
2091 2630 2175 2667 haud

1154 2676 1350 2712 absimilibus
1375 2677 1516 2712 historiis
1538 2687 1716 2720 quaeremus
1739 2680 1831 2718 (a).
1859 2675 1960 2710 Nunc
1984 2676 2114 2710 alteram
2136 2688 2176 2710 ex

1156 2720 1301 2754 Valsalva
1326 2724 1451 2764 accipe.
1533 2720 1535 2722 ’
1895 2726 1896 2729 ’

1193 2776 1226 2808 4.
1253 2766 1337 2799 VIR
1361 2777 1459 2798 annos
1482 2762 1600 2797 habeus
1611 2764 1740 2796 circiter
1751 2762 1986 2807 quadraginta,
2011 2763 2172 2796 obnoxius

1149 2818 1217 2841 erat
1241 2808 1279 2841 ab
1303 2811 1391 2842 anuis
1414 2808 1476 2850 j'am
1492 2807 1615 2841 rmultis
1638 2807 1747 2840 dolori
1770 2809 1804 2839 in
1828 2805 2172 2849 hypocbonclriodex-

1150 2860 1220 2884 tero
1243 2862 1299 2893 per
1322 2853 1477 2886 circuitus
1500 2851 1698 2891 recurrenti,
1721 2853 1751 2882 &
1774 2850 1955 2882 vomitioni
1981 2849 2077 2883 illum
2112 2850 2172 2884 sae-

1149 2896 1220 2936 pius
1242 2894 1387 2928 dolorem
1409 2894 1602 2931 comitanti,
1629 2895 1662 2926 &
1687 2892 1860 2934 aliquando
1884 2895 1918 2925 in
1942 2893 2074 2926 Iliacam
2097 2891 2170 2934 pas-

1149 2938 1267 2977 sionem
1289 2950 1364 2972 cum
1387 2938 1510 2971 delitiis
1532 2937 1761 2978 degeneranti:
1788 2935 1908 2969 crebris
1931 2937 2011 2970 item
2044 2936 2170 2969 dolori-

1150 2982 1208 3016 bus
1230 2983 1368 3024 capitis,
1388 2983 1444 3024 qui
1468 2980 1609 3014 atrocius
1620 2980 1809 3023 plerumque
1827 2979 1985 3013 vexabant
1998 2978 2167 3022 conjune'ti

1148 3036 1223 3059 cum
1247 3024 1381 3058 molesto
1404 3024 1442 3057 ad
1464 3024 1578 3058 oculos
1603 3022 1725 3057 affluxu
1749 3024 1893 3056 materiae
1918 3022 2026 3056 serosae
2042 3048 2049 3054 .
2074 3022 2165 3055 Huic

1150 3069 1278 3102 tandem
1302 3080 1317 3101 a
1342 3069 1449 3102 multo
1471 3068 1548 3107 vino
1573 3066 1662 3100 ebrio
1683 3077 1758 3100 cum
1790 3067 1975 3109 paulopost-
1996 3064 2164 3098 consuetus

1149 3114 1183 3144 in
1202 3111 1462 3155 *hypochondrio
1485 3111 1601 3151 dolor,
1624 3112 1656 3143 δε
1679 3111 1824 3144 vomitus
1848 3108 2012 3151 rediissent
2030 3132 2056 3158 ,Ι
2077 3116 2164 3141 uter.

1149 3168 1211 3199 que
1236 3166 1340 3189 autem
1363 3149 1521 3198 imperati
1543 3153 1679 3197 quadam
1704 3155 1741 3186 ab
1764 3154 1936 3196 Empirico
1958 3161 2076 3185 ventris
2110 3152 2163 3183 in-

1148 3200 1300 3233 unt‘tione
1326 3198 1448 3232 sedatus
1472 3199 1571 3235 eflet,
1596 3199 1707 3239 ingens
1729 3197 1822 3230 illico
1855 3198 1943 3228 intus
1969 3218 1979 3234 ‚
2012 3203 2162 3236 extraque

1147 3244 1236 3275 calor
1258 3244 1374 3284 capitis
1397 3243 1571 3275 oboritur:
1607 3241 1696 3284 quod
1733 3239 1838 3278 eadem
1871 3238 2063 3284 inuntftione
2094 3237 2163 3270 illi-

1147 3296 1238 3323 tum,
1262 3285 1531 3320 vehementiffimo
1551 3286 1726 3327 corripitur
1750 3282 1982 3325 dolore.Huic
1994 3281 2160 3321 delirium,

1147 3332 1179 3363 ὃς
1201 3330 1378 3364 convulsivi
1404 3338 1511 3363 motus
1534 3327 1704 3370 accedunt.
1730 3326 1861 3367 Qbus
1883 3335 1945 3370 una
1968 3333 2041 3357 ante
2083 3323 2159 3357 obi-

1147 3382 1216 3405 tum
1240 3374 1317 3407 hora
1341 3371 1596 3416 quiescentibus,
1619 3381 1672 3404 aut
1694 3379 1777 3402 certe
1803 3367 1859 3401 sub
1883 3368 2006 3402 sensum
2028 3378 2092 3400 non
2104 3378 2158 3400 ca-

1145 3416 1315 3457 dentibus,
1339 3417 1553 3458 apoplefflcus
1575 3426 1648 3447 cum
1671 3409 2158 3459 difficilirespiratione,spuma

1144 3461 1230 3492 circa
1250 3472 1308 3499 os,
1331 3458 1557 3500 &impetuoso
1579 3469 1612 3490 ac
1635 3457 1770 3498 turgido
1794 3455 1884 3497 pulsu
1896 3452 2158 3494 fa&1t's‚exced1t

1144 3514 1160 3535 e
1184 3505 1269 3537 vita.
1356 3502 1625 3536 CADAVERIS
1649 3500 1835 3534 facieserat
1849 3498 1989 3541 pallida,
2013 3496 2157 3530 membra

1146 3556 1252 3579 autem
1274 3546 1436 3580 contracta
1457 3546 1498 3580 ab
1520 3554 1586 3577 aere
1610 3543 1700 3577 valde
1730 3542 1853 3586 frigido
1868 3567 1877 3579 ,
1900 3552 1937 3573 an
1957 3538 2155 3582 apraegress‘a

1145 3587 1375 3623 convulsione?
1400 3588 1616 3622 Pericranium
1639 3589 1723 3621 circa
1746 3585 1884 3631 sinciput
1906 3585 2072 3617 inventum
2105 3582 2152 3616 est

1146 3633 1269 3669 craffius
1294 3633 1416 3667 factum
1441 3644 1457 3666 a
1480 3632 1604 3674 succis,
1625 3631 1768 3675 gelatinae
1790 3627 2006 3671 intjp‘mdum,
2025 3631 2154 3678 coperc-

1571 3695 1574 3697 ψ
1840 3681 1843 3684 ·
1892 3684 1896 3693 ’»
2045 3678 2112 3703 τις.

948 3717 949 3720 ’
1044 3725 1048 3734 Ι
1303 3713 2147 3734 -..ψ-*ψ-
1870 3712 1882 3733 *v
2064 3730 2065 3733 ,

150 3738 160 3767 ζ
178 3745 194 3761 a
211 3738 220 3767 )
237 3739 310 3762 Infra
325 3745 393 3764 num.
414 3745 448 3767 13.
466 3740 488 3763 ἃ
504 3738 575 3766 Epist.
597 3747 617 3768 ς.
634 3745 656 3762 n.
676 3749 698 3769 ς.
717 3741 739 3764 Bc
756 3747 793 3770 ¹3-
