2498 4075
425 75 484 131 18

357 158 456 198 quem
481 165 522 191 ex
545 154 635 188 ῐεᾶο
666 150 831 196 delapsum
857 148 970 182 fractis
1000 156 1078 189 pene
1100 137 1251 180 omnibus
1284 144 1380 179 costis

356 197 437 233 alias
457 201 531 248 (z)
554 207 753 241 proponam,
775 195 917 236 itemque
939 193 975 224 in
999 192 1077 224 Sene
1099 189 1139 222 de
1162 200 1229 233 quo
1240 190 1382 239 mentio-

359 252 434 275 nem
455 242 603 284 injiciam
624 243 640 280 <
662 251 681 272 a
703 244 718 280 )
737 261 746 277 ‚
778 248 852 272 cum
875 238 908 270 in
930 231 1155 268 Gonorrhoeae
1190 232 1382 266 trafiatione

359 286 442 320 vitia
467 286 627 328 attingam
650 282 803 318 Prostatae
826 277 1007 324 glandulae.
1031 276 1071 311 In
1081 285 1221 324 utroque
1245 274 1382 309 enimil-

360 327 386 362 li
410 327 584 364 inficiebant
607 328 727 361 annulo
748 326 822 360 bina
845 320 1041 357 subrotunda
1061 319 1248 363 corpuscula
1272 320 1383 353 ciceris

357 371 610 414 magnitudine,
632 372 667 404 in
691 371 801 415 primo
822 364 981 403 sublivida
999 388 1012 405 ‚
1035 365 1069 396 in
1088 364 1188 398 altero
1211 363 1381 402 rubentia,

361 409 533 451 sub‘stantia
557 416 591 449 in
613 424 751 457 utroque
762 408 951 456 glandulosa
966 433 974 440 .
1002 407 1097 449 Qin
1111 407 1211 440 etiam
1232 407 1267 439 in
1280 407 1383 439 altero

361 458 415 494 sua
447 456 569 503 singula
593 458 784 494 subobscure
817 452 1022 488 ostendebant
1045 449 1243 501 foraminula
1259 473 1281 499 ι,
1312 460 1384 492 quae

359 500 508 544 maiora,
532 502 789 538 &luculentiora
811 497 920 532 videre
934 496 1052 529 licebat
1075 505 1109 527 in
1122 503 1283 543 proxrmis
1293 494 1385 537 glan-

357 545 446 580 dulis
472 545 735 581 lenticularibus.
762 543 832 576 Has
856 542 943 574 enirn
966 538 1100 575 habebat
1133 549 1161 570 is
1185 535 1287 571 homo
1310 548 1380 569 am-

357 588 517 632 plificatas
553 592 587 625 in
611 590 806 623 continuato
838 585 949 628 pylori
973 592 1068 618 antro
1087 603 1097 619 ,
1123 591 1177 623 per
1199 579 1286 630 quod
1308 579 1378 614 duae

356 633 458 669 tresve
480 633 677 670 ducebantur
709 633 744 665 in
768 627 1182 673 longitudinem-extantes
1215 624 1306 658 lineae
1339 622 1381 657 ad

359 677 429 711 duo
451 677 508 711 illa
532 675 733 713 subrotunda
757 671 946 716 corpuscula
970 668 1144 705 desinentes
1165 680 1173 700 :
1208 668 1250 702 iis
1273 676 1381 702 autem

359 721 456 757 lineis
478 720 612 764 singulis
634 720 720 756 binae
743 718 792 751 vel
816 725 913 750 ternae
936 712 1110 748 insidebant
1124 710 1380 762 glandulae‚·in-

361 764 497 798 tervallo
520 765 631 807 aliquo
653 762 842 805 dssjumstae-
976 758 1146 805 Revocant
1170 753 1221 788 hae
1244 755 1383 789 lenticu-

358 809 438 842 lares
461 807 633 843 ventriculi
656 804 814 849 glandulae
840 800 925 836 mihi
949 801 984 835 in
1008 809 1201 847 memoriam
1221 798 1383 832 Observa-

362 853 490 888 tionem
514 861 622 885 earum
647 850 743 884 aliam
761 871 774 888 ‚
796 845 860 881 huc
883 845 1024 879 maxime
1048 850 1267 883 attinentem,
1284 843 1385 893 ‘quip-

362 907 403 939 pe
425 905 490 928 non
516 896 550 930 in
575 895 651 929 viro
674 892 821 927 habitam
845 891 879 923 in
903 900 970 931 quo
992 886 1080 921 nulla
1098 907 1111 926 ,
1134 885 1232 936 quod·
1248 885 1385 936 scirem,

360 949 398 973 ut
422 939 456 973 in
480 938 580 975 modo
603 936 792 973 memoratis
814 955 823 971 ,
854 932 1036 972 laborantis
1058 930 1234 966 ventriculi
1257 930 1386 963 extitis-

359 982 426 1019 sent
449 982 572 1017 indicia
596 1006 608 1022 ,
641 980 694 1015 sed
715 979 773 1023 qui
797 976 946 1013 brevibus
970 973 1101 1020 quidem
1123 996 1133 1013 ‚
1158 971 1211 1007 sed
1232 972 1387 1008 acerbiss-

360 1028 442 1066 miS,
464 1025 531 1070 ejus
553 1025 721 1061 doloribus
743 1020 910 1057 confeetus
933 1019 996 1054 est.
1076 1062 1083 1068 ι

409 1070 459 1104 18·
487 1072 617 1106 VIRO
641 1078 740 1102 annos
762 1073 842 1102 nato
865 1064 905 1098 ad
929 1061 1142 1106 quadraginta
1161 1083 1172 1099 ‚
1195 1058 1352 1100 lacertoso
1374 1084 1385 1101 ,

360 1117 394 1151 δε
417 1114 572 1158 gravibus
595 1112 736 1149 distento
757 1108 1018 1153 cogitationibus
1038 1129 1047 1145 ,
1070 1115 1141 1139 ante
1164 1103 1383 1146 dies‘aliquot

358 1167 505 1201 coeperat
527 1166 625 1200 caput
650 1155 782 1194 dolere,
804 1155 837 1189 δι
861 1150 962 1185 sensus
975 1148 1100 1184 ardoris
1122 1145 1179 1197 esl'e
1191 1148 1224 1182 in
1236 1148 1384 1196 mingen-

359 1202 403 1236 do
417 1225 429 1242 ,
451 1212 527 1235 cum
550 1200 622 1244 post
643 1207 794 1237 coenam,
818 1196 853 1229 in
875 1206 938 1238 qua
962 1204 1061 1236 neque
1074 1194 1216 1225 nimium
1230 1216 1240 1232 ,
1264 1201 1384 1241 necin-

354 1245 492 1282 salubris
515 1243 696 1288 quidquam
709 1238 884 1282 sumpserat
897 1260 908 1277 ‚
933 1237 1023 1273 saevis
1045 1234 1088 1271 est
1098 1234 1265 1270 doloribus
1287 1245 1321 1267 in
1334 1245 1382 1270 re-

353 1290 453 1332 gione
476 1287 651 1324 ventriculi
677 1291 849 1326 correptus
874 1306 882 1314 .
918 1281 1027 1316 Dolor
1049 1280 1168 1323 capitis
1193 1277 1348 1322 perstabat
1371 1304 1380 1313 .

353 1333 497 1372 Dolores
517 1329 691 1366 ventriculi
717 1326 913 1371 augebantur
928 1348 935 1355 .
962 1326 1020 1357 Per
1044 1323 1151 1357 alvum
1173 1344 1184 1361 ‚
1208 1324 1242 1356 &
1264 1333 1320 1365 per
1342 1333 1380 1356 os

354 1377 457 1414 multa
479 1375 593 1409 viridis
617 1373 753 1408 materia
775 1368 966 1417 ejiciebatur
989 1391 996 1400 .
1029 1365 1091 1416 Per
1113 1366 1184 1400 haec
1207 1390 1218 1406 ,
1249 1367 1379 1399 ineunte

354 1421 407 1456 die
431 1420 533 1457 tertio
555 1416 680 1453 deceffit
703 1418 789 1449 circa
812 1412 958 1451 medium
969 1411 1124 1447 Sextilem
1147 1411 1191 1443 A.
1207 1410 1379 1453 1707.Ve.

353 1465 472 1502 netiis.
609 1458 923 1496 VENTRICULI
948 1455 1047 1498 aperti
1072 1465 1144 1497 pars
1167 1453 1298 1487 dextera
1310 1451 1380 1486 sana

354 1518 444 1544 eratt
466 1508 502 1540 in
524 1517 620 1549 eaque
643 1499 1102 1540 confertiffimaslenticulares
1124 1496 1292 1540 glandulas
1303 1507 1380 1530 cum

333 1561 337 1563 ’
355 1551 561 1588 Doetiffimis
582 1548 710 1583 Amicis
732 1545 870 1589 spectavi
895 1543 942 1578 ita
964 1544 1015 1576 uti
1039 1542 1073 1574 in
1098 1543 1161 1575 III.
1176 1541 1381 1575 Adversariis

357 1597 378 1640 (
396 1595 415 1629 b
437 1599 451 1636 )
475 1593 631 1637 scriptum
653 1592 720 1626 est.
747 1588 878 1624 Sinistra
901 1588 936 1620 in
959 1585 1065 1621 fundo
1087 1585 1202 1618 multis
1225 1593 1291 1618 erat
1314 1595 1381 1617 ma-

354 1640 439 1675 culis
462 1637 643 1677 sanguineis
661 1661 670 1676 ,
694 1637 726 1670 &
750 1631 802 1667 his
816 1629 963 1670 vividis,
983 1629 1157 1664 distincta:
1181 1640 1259 1672 quas
1272 1630 1382 1669 inter,

355 1683 482 1726 aliquot
517 1677 609 1717 'foeda
631 1677 811 1720 ferruginea
845 1673 982 1709 crustula
1003 1671 1124 1705 obduci
1154 1672 1345 1715 incipientes
1367 1696 1380 1716 ,

357 1737 423 1763 rem
447 1727 486 1760 ab
508 1723 770 1760 inflammatione
796 1718 834 1753 ad
858 1726 1065 1760 gangraenam
1089 1725 1215 1759 vergere
1235 1738 1248 1756 ‚
1281 1715 1382 1749 osten-

353 1769 492 1806 debant.
517 1769 570 1803 Ab
592 1767 702 1801 eadem
727 1772 815 1809 parte
839 1773 903 1804 qua
927 1759 1022 1795 nullae
1045 1768 1134 1792 erant
1158 1758 1290 1809 maculae
1315 1780 1324 1795 ‚
1348 1760 1380 1790 &

355 1814 426 1850 sana
448 1814 586 1849 interior
608 1811 718 1845 tunica
742 1806 911 1843 videbatur
934 1827 946 1844 ‚
981 1803 1074 1837 nullo
1097 1811 1231 1845 negotio
1254 1802 1382 1846 sangui-

354 1869 427 1893 nem
451 1855 693 1900 exprimebam.
721 1850 942 1888 Duodenum,
967 1849 998 1879 ὅ(
1013 1846 1134 1889 reliqua
1157 1845 1306 1896 intestina
1328 1844 1378 1877 vel

354 1902 489 1937 interius
514 1899 651 1942 spe&ata
676 1895 762 1931 nihil
786 1893 930 1928 morbidi
955 1889 1137 1924 habuerunt
1158 1914 1166 1922 .
1194 1889 1277 1922 Bilis
1299 1886 1379 1921 vefi-

354 1946 427 1983 cula
449 1944 610 1984 duorum,
631 1950 687 1978 aut
711 1940 814 1973 trium
838 1936 1022 1978 digitorum
1044 1932 1218 1967 intervallo
1241 1932 1281 1965 ab
1305 1930 1378 1964 infi-

355 2001 412 2025 mo
435 1987 539 2023 fundo
562 1986 590 2021 se
613 1981 843 2022 contrahebat,
868 1982 901 2015 ὃς
925 1977 1030 2013 rursus
1040 1985 1212 2020 antequam
1235 1977 1270 2025 in
1295 1986 1379 2008 mea-

354 2043 428 2070 tum
451 2031 602 2066 desineret
626 2028 796 2071 Cysticum
819 2050 831 2067 ,
863 2022 1062 2059 dilatabatur
1092 2019 1135 2054 fic
1172 2029 1208 2055 ut
1241 2030 1276 2054 in
1300 2019 1379 2068 duas

355 2077 459 2112 videri
491 2073 590 2119 posset
614 2071 738 2108 divisa.
871 2066 1038 2103 Thoracis
1070 2064 1248 2106 parietibus
1269 2073 1378 2095 omni-

356 2122 416 2156 bus
439 2120 607 2162 pulmones
631 2127 686 2159 pet
710 2114 740 2150 se
763 2111 967 2147 adhaerebant
990 2132 1011 2155 ‚p
1034 2106 1225 2142 mediastino
1248 2117 1378 2150 quoque

357 2164 398 2201 ad
430 2162 564 2198 eundern
588 2159 722 2196 modum
753 2156 868 2190 annexi
891 2165 905 2194 ;
935 2153 1001 2186 sani
1026 2160 1132 2186 tamen
1151 2163 1164 2191 3
1195 2161 1271 2184 nam
1292 2149 1382 2192 quod

356 2207 514 2253 posterior
546 2215 657 2240 eorum
682 2212 753 2245 pars
777 2199 911 2234 rubebat
937 2219 946 2234 ‚
979 2195 1094 2230 eodem
1118 2196 1238 2238 pariter
1271 2194 1382 2227 colore

357 2251 491 2287 dorsum
513 2273 523 2288 ‚
547 2252 580 2283 &
604 2245 779 2292 posteriora
800 2241 1009 2280 brachiorum
1032 2238 1155 2275 infesta
1176 2245 1291 2287 erant3
1310 2237 1382 2287 Ne-

357 2307 419 2342 que
441 2296 475 2329 in
497 2292 593 2328 corde
614 2302 716 2336 neque
740 2289 775 2322 in
799 2285 952 2322 auriculis
982 2282 1168 2332 quidquam·
1182 2282 1346 2331 sanguinis
1369 2305 1379 2315 .

488 2336 684 2373 luctatoris,
706 2343 785 2376 quas
801 2357 809 2369 ‚
833 2328 962 2366 cerebro
972 2338 1047 2362 exce
1071 2336 1108 2376 to
1123 2349 1137 2367 ‚
1158 2325 1379 2368 inspeximus,

361 2382 511 2427 partibus
535 2378 619 2414 nihil
644 2375 855 2412 adnotatione
878 2372 1019 2421 dignum
1054 2378 1123 2418 uit..

408 2437 458 2468 19.
480 2423 623 2459 Nullum
658 2420 698 2452 ab
721 2418 784 2451 hoc
808 2417 896 2451 Viro
928 2425 964 2448 in
989 2412 1119 2447 Vivendx
1144 2422 1259 2459 norma
1282 2422 1378 2461 grave

362 2476 532 2513 peccatum
556 2463 724 2500 admissum
747 2460 879 2501 fuerat,
901 2466 938 2492 ut
961 2456 1001 2491 ab
1024 2456 1085 2489 illo
1106 2466 1197 2497 cujus
1217 2465 1379 2489 ventricu-

362 2507 432 2549 lum
465 2511 702 2545 inflammatum
723 2531 732 2545 ‚
768 2502 962 2544 maculisque
995 2501 1097 2542 nigris
1129 2497 1270 2534 oblitum
1293 2497 1378 2548 vidit:

361 2551 418 2591 Cl'.
443 2553 625 2589 Koehlerus
647 2554 661 2591 (
683 2562 700 2584 c
723 2552 755 2590 ):
779 2548 867 2582 nulla
891 2555 956 2581 erat
981 2543 1109 2587 prorsus
1134 2551 1189 2577 aut
1203 2544 1379 2592 incongrui

364 2598 615 2635 medicamenti,
641 2603 678 2630 ut
701 2592 786 2637 apud
804 2590 1020 2632 Klaunigium
1042 2589 1056 2626 (
1077 2588 1098 2620 d
1119 2589 1160 2628 ),
1182 2595 1260 2628 aut,
1283 2586 1380 2636 sicuti

363 2655 430 2679 non
464 2642 558 2677 semel
581 2641 615 2674 in
648 2638 706 2673 hac
740 2634 943 2677 Sepulchreti
976 2631 1125 2666 scetione
1144 2654 1155 2671 ,
1186 2641 1298 2664 veneni
1331 2629 1381 2664 seu

363 2685 500 2726 fraude,
523 2684 576 2719 seu
597 2682 671 2718 casu
694 2682 728 2714 in
753 2679 809 2715 esti
833 2676 974 2720 suspicio
1000 2701 1007 2708 .
1042 2676 1118 2708 Imo
1141 2673 1288 2723 quaedam
1309 2696 1321 2713 ,
1344 2682 1382 2708 ut

364 2729 613 2765 animadvertere
625 2725 719 2770 potui
749 2724 785 2764 i,
806 2719 1021 2765 praecesserant
1033 2730 1104 2763 quae
1129 2717 1291 2767 sanguinis
1303 2719 1383 2751 acri·

366 2775 512 2810 moniam
546 2770 729 2807 indicarent
749 2791 757 2798 .
793 2767 922 2801 Tamen
944 2762 975 2811 fi,
999 2761 1079 2806 quid
1111 2759 1197 2795 forte
1220 2763 1384 2810 miraris)

366 2819 471 2861 magis
495 2815 663 2852 miraberis
686 2814 720 2846 in
744 2809 898 2847 muliere,
922 2804 1205 2856 cujus-historiam
1227 2816 1245 2840 a
1264 2816 1315 2839 me
1340 2814 1384 2839 ti-

367 2861 403 2896 bi
428 2861 506 2894 alias
527 2862 543 2900 <
566 2869 581 2893 e
603 2862 617 2899 )
640 2853 851 2900 promissam,
872 2853 938 2898 jam
961 2861 1029 2884 acci
1056 2861 1090 2883 e.
1108 2892 1115 2899 .

413 2915 467 2938 20.
493 2898 816 2938 PAUPERCULA
842 2896 999 2933 rusticana
1038 2903 1386 2942 oemlna,·ann01·um,

368 2956 407 2984 ut
429 2946 620 2985 videbatur,
641 2942 771 2977 circiter
818 2939 1030 2984 uinquaginta
1044 2961 1056 2978 ,
1079 2936 1223 2970 obnoxia
1244 2945 1310 2969 erat
1334 2947 1387 2978 per

368 2991 537 3026 intervalla
559 2986 748 3023 difficultati
771 2995 803 3017 re
820 2984 990 3027 pirationis
1012 3005 1022 3021 ‚
1048 2991 1120 3016 curn
1143 2980 1295 3023 angustiae
1319 2979 1386 3013 sen-

369 3036 406 3070 su
429 3060 439 3074 ,
469 3037 504 3069 δε
525 3031 619 3079 pulsu
640 3029 724 3065 duro
746 3028 926 3070 conjunetae
951 3050 964 3067 ‚
999 3035 1177 3068 magnaque
1200 3025 1388 3057 arteriarum

368 3078 520 3114 omnium
543 3075 746 3120 agitatione,
763 3079 800 3105 ut
823 3070 938 3105 harum
961 3069 1099 3104 alternus
1110 3076 1219 3102 motus
1242 3067 1298 3101 sub
1309 3079 1388 3101 ocu-

370 3122 420 3158 los
441 3121 567 3156 caderet
591 3120 628 3152 in
649 3116 725 3161 ipsis
747 3114 915 3152 manibus,
939 3125 1004 3148 non
1029 3112 1130 3148 modo
1152 3113 1188 3146 in
1208 3111 1389 3161 collonat-

370 3177 435 3209 que
445 3163 647 3206 temporibus
659 3186 667 3193 .
695 3159 766 3196 Ubi
778 3158 950 3201 respiratio
967 3158 1099 3198 angebat
1111 3179 1124 3197 ,
1147 3156 1388 3190 Nosocomium

372 3208 437 3245 hoc
460 3208 596 3248 adibat,
619 3203 777 3249 missoque
800 3202 908 3235 multo
919 3200 1068 3244 sanguine
1080 3224 1093 3241 ‚
1116 3201 1251 3244 quierat
1273 3198 1387 3233 duriu-

372 3253 478 3288 sculus
497 3275 510 3293 ‚
533 3250 726 3286 liberabatur
745 3273 754 3281 .
789 3247 843 3279 Sic
866 3255 964 3278 annos
985 3254 1125 3288 quatuor
1148 3244 1292 3283 vixerat,
1314 3253 1387 3276 cum

372 3296 465 3331 domi
487 3293 661 3329 ventriculi
683 3290 851 3326 doloribus
860 3297 1006 3331 correpta
1018 3311 1031 3328 ,
1053 3290 1099 3321 ibi
1125 3288 1211 3320 intra
1236 3287 1330 3320 horas
1339 3288 1389 3319 vi-

373 3340 461 3381 ginti
482 3347 624 3384 quatuor
635 3343 763 3370 mortua
784 3333 827 3367 est
843 3358 850 3365 .
983 3332 1220 3367 CADAVER
1244 3331 1337 3363 nobis
1350 3328 1388 3364 ad

373 3378 562 3418 anatomen
585 3380 712 3425 publice
736 3375 926 3412 tradendam
947 3376 990 3409 A.
1019 3386 1112 3419 1737.
1138 3385 1211 3408 ante
1239 3374 1388 3418 Januarii

376 3426 471 3461 finem
491 3424 672 3462 concessum
694 3421 756 3455 est.
781 3421 907 3454 Omnia
929 3418 1042 3453 ordine
1066 3417 1258 3453 rimantibus
1280 3442 1289 3456 ,
1321 3417 1390 3451 haec

377 3472 411 3504 in
434 3472 556 3505 Ventre
578 3469 643 3503 visa
666 3465 738 3502 sunt
760 3464 860 3508 digna
882 3475 953 3508 quae
977 3463 1208 3497 adnotarentur
1222 3487 1231 3496 .
1256 3462 1390 3496 Ventri-

946 68 1106 123 Liber
1136 66 1233 121 ΙΙΙ.
1267 65 1355 120 De
1390 63 1598 120 Morbis
1632 64 1848 119 Ventris

1430 145 1520 179 culus
1543 152 1698 186 magnus,
1721 145 1753 176 ἅτ
1776 141 1970 185 semiplenus
1989 156 2001 182 3
2031 155 2107 180 cum
2127 144 2199 189 ipso
2221 149 2333 186 aperto
2353 164 2367 183 ,
2397 142 2449 176 in.

1432 188 1627 230 spectoque,
1647 187 1765 220 mirum
1788 185 1884 227 esset,
1907 196 1972 219 non
1984 189 2096 222 omnia
2118 199 2173 232 per
2183 187 2346 221 vomitum
2369 184 2450 220 fuis-

1432 231 1462 266 se
1485 230 1600 272 rejeeta
1626 253 1634 261 .
1668 230 1749 263 Erat
1771 230 1858 263 enim
1893 229 2040 273 pluribus
2064 242 2100 265 ac
2131 232 2229 266 variis
2249 227 2448 264 erofionibus

1432 275 1654 312 exulceratus,
1677 272 1877 311 recentibus,
1901 282 1939 306 ut
1962 274 2152 309 videbantur
2172 298 2183 313 ,
2208 273 2260 308 sed
2282 272 2348 317 jam
2371 271 2450 307 affe-

1432 319 1495 353 &is
1518 316 1683 359 nigredine
1705 315 1909 359 gangraenosa
1923 340 1931 347 .
1954 317 2075 353 Earum
2088 319 2162 352 aliae
2185 317 2223 352 ad
2233 317 2347 361 jugum
2358 325 2448 350 erant

1433 362 1631 396 creberrume
1642 382 1656 400 ‚
1678 361 1711 393 &
1722 361 1910 401 perminutae
1922 382 1935 399 ‚
1957 360 2140 404 cujusmodi
2155 363 2189 395 in
2202 361 2352 404 proxima
2363 371 2448 403 quo-

1433 416 1495 448 que
1517 402 1671 439 Duodeni
1695 402 1841 436 intestini
1865 412 1955 446 parte
1976 405 2258 448 conspiciebantur
2280 416 2289 438 :
2312 402 2448 449 majores

1435 449 1505 483 aliae
1527 459 1583 490 per
1607 444 1743 494 fundum
1754 444 1894 490 disjectae
1906 470 1919 488 ,
1943 449 2107 491 magisque
2120 448 2178 483 ubi
2201 448 2397 482 ventriculus
2409 446 2450 481 ab

1433 490 1602 535 oesophagi
1625 491 1698 536 hne·
1711 489 1886 531 expandere
1910 490 1938 524 se
1962 491 2160 535 incipiebat:
2185 501 2241 525 nec
2252 490 2449 533 oesophagus

1429 535 1496 579 ipse
1518 534 1645 569 carebat
1669 532 1902 580 ejusdemmodi
1925 533 2126 570 erosionibus
2138 547 2152 576 ‚·
2173 545 2211 570 ut
2233 533 2275 568 ab
2296 534 2447 577 ingestis,

1429 590 1500 623 quae
1523 578 1632 622 qualia
1655 574 1808 617 fuissent,
1830 588 1928 620 neque
1939 577 2102 613 constabat
2114 603 2128 620 ,
2150 590 2189 613 ne
2213 589 2250 613 ue
2271 587 2310 610 ex
2333 589 2366 611 ea
2376 588 2449 621 quae

1430 625 1464 657 in
1488 620 1671 655 ventriculo
1693 619 1852 662 restabat,
1873 623 2005 655 materia
2028 620 2165 665 judicari
2204 622 2268 656 atis
2290 628 2418 667 poterat
2435 643 2450 661 ‚

1431 667 1533 701 illatae
1557 664 1615 700 esse
1627 663 1830 698 viderentur.
1856 665 1938 698 Lien
1961 677 2058 709 aequo
2077 667 2243 709 aliquanto
2264 674 2390 707 major,
2415 666 2449 698 δε

1432 710 1558 747 laxior,
1583 708 1724 743 maxima
1738 718 1777 740 ex
1801 717 1891 750 parte
1900 708 1954 742 dia
1979 708 2141 753 hragrnati
2154 734 2166 751 ‚
2188 721 2228 743 ex
2250 708 2355 751 aliqua
2369 712 2450 741 ven-

1431 754 1553 788 triculo
1578 753 1818 795 agglutinatus,
1842 762 1880 786 an
1892 751 1934 786 ob
1957 719 2053 796 hujus
2063 749 2343 798 magnitudinem?
2365 751 2451 784 Ute-

1432 809 1486 833 rus
1507 795 1720 830 sinistrorsum
1741 794 1834 829 valde
1845 795 2037 835 inclinatusz
2060 799 2171 843 itaque
2192 795 2351 831 sinistrum
2365 804 2451 837 quo-

1433 853 1497 886 que
1519 842 1621 875 Teres
1642 838 1709 882 ejus
1732 838 1897 873 vinculum
1921 839 2047 875 brevius
2070 841 2225 877 dextero.
2248 839 2355 874 Alteri
2378 846 2451 871 ute-

1435 887 1515 920 rinae
1539 884 1673 918 cervicis
1696 883 1790 916 lateri
1812 884 1900 916 intus
1925 882 1981 917 suo
2003 886 2109 920 retuso
2131 885 2247 919 vertice
2270 880 2451 916 adhaerebat

1436 929 1621 964 membrana
1632 925 1811 970 pyramidis
1826 925 1929 960 forma
1939 950 1953 966 ‚
1975 937 2071 970 parva
2081 947 2102 969 ‚v
2115 926 2310 964 craffiuscula
2322 948 2332 964 ,
2356 924 2426 958 alba
2439 948 2450 966 ,

1435 984 1533 1015 quarn
1555 972 1707 1016 reliquias
1722 968 1780 1004 else
1802 970 1908 1005 censui
1920 969 2109 1013 hydatidis,
2132 983 2212 1016 aqua
2227 971 2312 1004 olim
2332 967 2452 1002 disten-

1436 1026 1478 1050 tae
1494 1041 1501 1049 .
1525 1014 1638 1051 Vefica
1661 1015 1801 1050 urinaria
1824 1014 1863 1047 ab
1884 1014 2001 1049 osculis
2024 1015 2121 1058 usque
2143 1025 2303 1050 ureterum
2326 1011 2453 1055 sangui-

1435 1058 1504 1094 fera
1526 1059 1649 1093 vascula
1673 1057 1856 1092 ostendebat
1880 1055 1959 1092 adeo
1981 1058 2037 1093 suo
2061 1060 2175 1094 rubore
2196 1056 2390 1100 conspicua,
2414 1063 2453 1089 ut

1435 1104 1582 1147 quamvis
1605 1100 1699 1137 essent
1723 1103 1902 1145 pei-minuta
1913 1124 1926 1141 ‚
1949 1113 2060 1137 eorum
2084 1104 2169 1137 inter
2191 1103 2221 1137 se
2230 1099 2453 1135 communica-

1433 1148 1540 1181 tiones
1564 1145 1650 1181 haud
1674 1146 1788 1180 melius
1812 1145 1949 1189 perspici
1972 1145 2148 1190 potuissent
2170 1169 2183 1187 ,
2206 1145 2228 1180 fi
2252 1144 2373 1187 injetffta
2396 1153 2454 1191 ru-

1434 1189 1578 1225 bicunda
1601 1200 1672 1223 cera
1695 1188 1826 1224 fuissent
1851 1190 1968 1232 repleta
1983 1214 1990 1221 .
2014 1191 2067 1223 Sic
2076 1189 2228 1224 conferta
2249 1188 2401 1230 utrinque
2416 1195 2452 1219 in

1432 1235 1597 1270 urethram
1620 1233 1843 1276 pertinebant,
1866 1231 1958 1275 cujus
1968 1233 2160 1268 interiorem
2184 1232 2308 1267 faciem¹
2324 1227 2454 1263 confer-

1432 1288 1465 1312 ta
1488 1278 1538 1311 vel
1562 1278 1666 1321 magis
1686 1300 1698 1317 ,
1732 1287 1832 1320 eoque
1856 1287 1920 1314 non
1943 1278 1990 1310 ita
2024 1277 2160 1320 pulchra
2182 1300 2196 1318 ‚
2230 1272 2453 1323 occupabant.

1432 1323 1473 1355 In
1496 1321 1643 1356 Mesaraei
1666 1319 1873 1360 disssefflone,
1896 1320 1983 1363 quod
2007 1320 2228 1364 pinguedine,
2250 1327 2348 1361 eaque
2361 1324 2455 1360 opti-

1431 1377 1491 1400 mae
1515 1374 1622 1406 nmae,
1646 1373 1683 1400 ut
1705 1374 1827 1399 caeterae
1850 1373 1977 1408 partes,
2002 1365 2073 1407 plus
2095 1377 2194 1408 quam
2217 1376 2234 1398 a
2257 1364 2365 1407 primo
2384 1369 2456 1393 cre-

1430 1408 1582 1451 didisses,
1605 1408 1810 1450 abundabat,
1832 1406 2001 1451 glandulas
2027 1407 2093 1442 vidi
2120 1408 2207 1443 sanas
2219 1405 2353 1452 quidem
2368 1430 2377 1444 ‚
2400 1401 2456 1438 sed

1429 1451 1514 1499 justo
1537 1451 1696 1497 majores,
1718 1463 1794 1486 cum
1818 1453 1924 1496 plures
1934 1463 2043 1487 earum
2066 1451 2151 1487 fabis
2172 1450 2270 1486 essent
2289 1448 2338 1483 vel
2357 1457 2458 1498 ,gran-

1431 1496 1578 1531 dioribus
1602 1507 1711 1539 pares.
1735 1494 1956 1532 Mesentericae
1979 1497 2105 1530 arteriae
2120 1494 2298 1540 Superioris
2320 1494 2456 1527 initium

1431 1541 1588 1575 Coeliacae
1611 1548 1742 1584 quoque
1764 1545 1936 1573 commune
1959 1550 2025 1573 erat
2042 1563 2050 1572 .
2074 1541 2257 1573 Coronaria
2279 1534 2454 1571 ventriculi

1432 1585 1595 1618 diametro
1617 1594 1685 1617 erat
1708 1584 1805 1625 longe
1829 1583 1985 1626 ampliore
2008 1593 2106 1626 quam
2130 1583 2231 1618 soleat
2248 1600 2263 1614 ,ν
2279 1582 2373 1615 Vena
2398 1590 2455 1613 au-

1433 1639 1499 1662 tem
1523 1629 1636 1668 Cava,
1658 1627 1737 1661 dum
1761 1630 1873 1669 supra,
1899 1627 2040 1669 itemque
2064 1625 2149 1660 infra
2171 1625 2277 1671 jecur‘,
2300 1621 2456 1667 quemad-

1434 1672 1569 1709 modum
1593 1672 1627 1702 in
1655 1670 1813 1705 Theatris
1835 1671 2041 1704 Anatomicis
2064 1670 2137 1704 fieri
2160 1670 2203 1704 est.
2214 1669 2374 1708 solitum,
2397 1667 2454 1700 in-

1433 1714 1614 1755 cideretur,
1637 1723 1676 1746 ne
1697 1721 1827 1756 guttam
1851 1711 1984 1755 quidem
2007 1713 2125 1747 effudit
2157 1713 2341 1755 sanguinis.

1434 1758 1599 1792 Thoracis
1629 1766 1806 1799 utrumque
1829 1767 1944 1790 cavum
1976 1755 2092 1790 habuit
2126 1756 2331 1800 aliquantum
2363 1764 2455 1799 aquae

1433 1802 1526 1836 nullo
1550 1801 1658 1836 colore
1680 1799 1834 1840 in-sectae,
1858 1801 2026 1843 pulmones
2050 1808 2156 1834 autem
2178 1811 2247 1835 aere
2270 1798 2421 1841 turgidos
2443 1821 2458 1840 ,

1429 1848 1462 1879 δέ
1486 1845 1602 1888 pleurae
1626 1856 1642 1877 a
1666 1852 1757 1886 tergo
1773 1863 1783 1880 ‚
1806 1846 1839 1877 &
1863 1843 1903 1876 ab
1926 1844 2082 1879 lateribus
2105 1855 2261 1878 annexos.
2287 1845 2325 1876 In
2334 1841 2431 1876 corde
2446 1866 2457 1882 ,

1430 1891 1463 1922 &
1481 1887 1696 1934 Jugularibus
1719 1887 1808 1919 venis
1828 1911 1838 1927 ‚
1862 1887 1897 1919 in
1921 1888 2040 1930 quibus
2064 1888 2137 1931 plus
2161 1887 2327 1930 sanguinis
2349 1885 2420 1922 fuit
2445 1909 2461 1924 ,γ

1428 1943 1529 1975 quam
1551 1932 1586 1964 in
1608 1932 1695 1964 venis
1718 1928 1956 1971 inferioribus,
1981 1931 2106 1973 aliquid
2131 1930 2281 1975 polypofi
2305 1955 2313 1962 .
2336 1929 2456 1965 cordis

1430 1977 1565 2017 parietes
1589 1985 1605 2007 a
1629 1972 1759 2007 sinistris
1782 1972 1949 2007 evidenter
1970 1973 2129 2008 craffiores
2154 1986 2252 2018 quam
2276 1984 2333 2017 par
2356 1971 2456 2014 esset,

1430 2029 1505 2051 cum
1526 2029 1545 2052 a
1566 2016 1688 2050 dextris
1716 2015 1901 2052 viderentur
1931 2030 2026 2061 aequo
2050 2019 2212 2053 tenuiores
2232 2042 2240 2051 .
2274 2018 2380 2052 Nulla
2404 2027 2457 2052 ta-

1429 2072 1503 2095 men
1526 2061 1782 2094 ventriculorum
1801 2082 1814 2100 ‚
1848 2070 1903 2095 aut
1926 2072 2077 2096 venarum
2103 2085 2115 2102 ,
2148 2072 2203 2097 aut
2227 2063 2353 2096 arteriae:
2377 2063 2457 2098 Pul-

1431 2105 1575 2139 monaris
1598 2102 1776 2143 dilatatio,
1797 2113 1852 2150 aut
1877 2106 1984 2138 trunci
1996 2105 2135 2150 denique
2159 2107 2286 2140 arteriae
2298 2106 2452 2147 Magnae.

1433 2151 1514 2183 Erat
1544 2147 1678 2193 quidem
1698 2148 1734 2180 in
1766 2144 1864 2190 hujus
1885 2148 2023 2182 valvulis
2056 2149 2183 2192 aliquid
2216 2149 2349 2185 subduri
2374 2172 2384 2188 ,
2419 2151 2455 2183 in*

1432 2192 1568 2236 ipsoque
1591 2200 1709 2225 trunco
1733 2200 1804 2225 tum
1828 2202 1927 2235 prope
1949 2203 2007 2226 cor
2021 2214 2031 2230 ‚
2055 2201 2129 2227 tum
2151 2193 2228 2226 alibi
2255 2193 2364 2235 paffim
2386 2195 2456 2226 ini·

1432 2238 1479 2270 tia
1504 2235 1623 2271 futurae
1636 2235 1720 2272 olim
1743 2235 1778 2268 in
1800 2246 1836 2269 os
1849 2236 2065 2277 mutationis,
2090 2236 2173 2271 flavo
2186 2236 2358 2271 dumtaxat
2370 2248 2457 2281 quo-

1430 2280 1505 2314 dam
1528 2280 1640 2313 colore
1662 2278 1824 2319 indicata,
1848 2280 1930 2323 quin
1945 2280 2043 2314 etiam
2065 2278 2144 2314 dura
2156 2279 2224 2325 jam
2246 2279 2332 2315 faeta
2356 2280 2456 2323 paulo

1430 2323 1521 2367 supra
1545 2322 1758 2369 diaphragma
1774 2344 1784 2360 ‚
1807 2322 1865 2359 ubi
1889 2324 2046 2366 ampliora
2070 2333 2161 2358 erant
2183 2346 2194 2361 ,
2218 2327 2250 2358 &
2274 2325 2377 2366 magis
2400 2335 2457 2357 ex-

1430 2367 1556 2401 tantia.-
1583 2365 1728 2409 sedjusta
1740 2375 1807 2400 erat
1818 2376 1949 2402 truncus
1960 2367 2078 2410 ubique
2102 2367 2281 2402 diametro.
2307 2367 2391 2401 Non
2412 2367 2455 2402 fic

1430 2412 1466 2443 in
1479 2411 1575 2444 ramis
1598 2410 1751 2446 omnibus
1762 2409 1832 2446 haec
1843 2410 1872 2444 se
1881 2410 2019 2445 habebat
2037 2434 2045 2441 .
2072 2410 2160 2444 Nam
2176 2419 2294 2453 praeter
2303 2413 2456 2445 Corona-

1428 2455 1510 2487 riam
1533 2453 1625 2488 illam
1648 2453 1686 2487 de
1709 2465 1772 2496 qua
1795 2454 1922 2489 dietum
1942 2452 2003 2492 est,
2027 2465 2105 2488 cum
2127 2455 2260 2489 arterias
2282 2454 2456 2488 Carotides

1428 2498 1517 2531 inter
1539 2496 1569 2544 se
1591 2507 1810 2540 compararem
1828 2520 1839 2536 ,
1862 2497 2024 2532 evidenter
2048 2495 2151 2540 major
2172 2496 2316 2532 latitudo
2339 2509 2456 2533 occur-

1430 2541 1520 2576 rebat
1545 2539 1697 2581 sinistrae,
1718 2552 1816 2584 quam
1838 2541 1976 2576 dexterae
1990 2567 1997 2575 .
2020 2542 2173 2584 Cumque
2196 2542 2253 2576 illa
2277 2565 2289 2582 ‚
2311 2543 2369 2577 vix
2393 2541 2456 2577 ses-

1431 2584 1624 2629 quipollicis
1648 2584 1687 2617 ab
1713 2586 1841 2627 origine
1864 2585 1970 2628 spatio
1991 2584 2146 2626 emenso,
2170 2587 2206 2618 in
2228 2585 2312 2619 duos
2329 2608 2339 2624 ,
2365 2585 2456 2621 inso-

1432 2631 1497 2664 lito
1520 2630 1694 2671 exemplo,
1716 2627 1918 2674 divideretur
1940 2640 2071 2669 ramos,
2094 2628 2152 2663 sub
2174 2640 2209 2662 ea
2223 2628 2381 2664 divisione
2395 2629 2456 2664 ali-

1432 2681 1555 2716 quanto
1578 2672 1681 2718 magi-s
1706 2674 1734 2706 le
1756 2672 1941 2713 dilatabat,
1962 2685 2062 2719 quam
2084 2674 2118 2706 in
2143 2673 2302 2718 plerisque
2326 2674 2456 2709 arteriae

1434 2717 1555 2763 soleant
1589 2716 1626 2749 ad
1650 2716 1719 2750 luas
1750 2718 1972 2759 partitiones.-
2017 2717 2167 2761 idemque
2200 2718 2240 2753 ad
2276 2718 2456 2753 Subclaviae

1433 2761 1600 2805 utriusque
1634 2758 1826 2793 divifionem
1849 2763 1986 2803 primam
2018 2763 2051 2794 in
2075 2761 2212 2804 majores
2244 2773 2352 2797 ramos
2384 2763 2457 2796 ani-

1435 2804 1595 2839 madverti
1609 2828 1616 2836 .
1750 2806 1875 2838 Cranio
1897 2805 2033 2849 denique
2044 2805 2255 2840 circumsecto
2268 2807 2320 2841 die
2344 2818 2359 2840 a
2382 2818 2456 2842 mu·

1435 2849 1526 2881 lieris
1548 2847 1644 2881 obitu
1665 2845 1939 2891 duodetrigesimo
1952 2872 1964 2889 ‚
1986 2850 2152 2884 cerebrum
2175 2861 2240 2883 non
2264 2849 2368 2884 modo
2390 2849 2456 2884 fine

1435 2892 1502 2927 ulla
1525 2902 1608 2925 noxa
1626 2916 1634 2930 ,
1659 2889 1711 2923 sed
1735 2902 1834 2934 neque
1847 2891 1965 2927 foetens
1979 2913 1989 2930 ‚
2013 2904 2113 2937 neque
2131 2892 2221 2937 pejus
2244 2895 2370 2928 caeteris
2381 2905 2456 2939 quae

1436 2935 1530 2971 simul
1554 2933 1779 2975 diffecuimus‚
1801 2935 1897 2978 longe
1920 2937 2171 2976 recentioribus,
2198 2938 2367 2972 inventum
2389 2937 2455 2973 est.

1483 2990 1533 3013 21.
1558 2979 1668 3013 Habes
1702 2979 1736 3010 in
1758 2979 1960 3015 craffitudine
1983 2991 2078 3023 aequo
2117 2980 2230 3024 majori
2255 2980 2456 3017 finistrorum

1437 3023 1544 3058 cordis
1568 3023 1725 3065 parietum
1749 3023 1848 3057 causae
1871 3024 1960 3058 illius
1984 3034 2106 3067 partem
2128 3036 2199 3069 quae
2222 3026 2400 3061 violentius
2422 3038 2456 3060 a-

1438 3067 1567 3111 gitabat
1591 3066 1744 3105 arterias,
1766 3067 1802 3098 in
1825 3066 1940 3103 harum
1963 3078 2070 3103 autem
2093 3069 2259 3103 nonnullis
2284 3070 2457 3104 dilatatio-

1439 3111 1535 3159 nibus
1556 3133 1569 3151 ‚
1601 3108 1807 3159 pluribusque
1831 3112 2025 3145 mutationis
2057 3114 2091 3146 in
2114 3124 2151 3147 os
2188 3114 2297 3148 initiis
2323 3112 2456 3149 effeffiffls

1438 3155 1578 3232 quidem
1591 3155 1811 3201 agitationis:
1835 3166 1906 3197 quae
1930 3157 2039 3190 omnia
2050 3167 2124 3196 cum
2147 3156 2191 3190 iis
2211 3156 2359 3192 conferas
2382 3169 2455 3202 quae

1439 3211 1454 3232 a
1471 3200 1515 3232 ias
1538 3202 1553 3239 (
1566 3197 1588 3240 f
1610 3200 1624 3239 )
1647 3195 1823 3238 scripfimus
1844 3197 1882 3232 de
1894 3200 2016 3242 Spuriis
2028 3224 2040 3241 ‚
2063 3209 2099 3234 ut
2120 3199 2285 3236 Lancifius
2296 3202 2430 3236 vocabat
2443 3227 2454 3242 ,

1439 3240 1732 3291 Aneurysmatibus
1746 3265 1753 3273 .
1887 3242 1995 3279 Habes
2008 3253 2158 3287 praeterea
2169 3243 2261 3287 quod
2273 3244 2310 3278 ad
2333 3255 2455 3288 propo-

1438 3286 1536 3320 situm
1558 3295 1592 3317 in
1617 3295 1732 3331 primis
1756 3286 1898 3326 attinet,
1922 3287 2107 3320 acerbiffimi
2131 3288 2257 3322 doloris
2279 3289 2455 3323 ventriculi

1439 3329 1545 3363 causas
1568 3330 1603 3362 in
1626 3328 1722 3371 hujus
1745 3328 1960 3364 erofionibus.
1991 3332 2140 3373 Qarum
2165 3343 2230 3365 non
2253 3332 2299 3366 ita
2322 3330 2456 3365 diffimi-

1440 3374 1485 3407 les
1507 3383 1582 3407 cum
1605 3371 1691 3405 brevi
1718 3371 1787 3415 post
1810 3383 1952 3416 tempore
1975 3374 2009 3408 in
2031 3375 2113 3408 ebrii
2132 3387 2260 3418 quoque
2273 3398 2286 3415 ,
2308 3375 2457 3418 Epistola

1440 3416 1536 3452 XIV.
1560 3419 1627 3459 (g)
1649 3414 1801 3459 descripti
1822 3419 2214 3458 ventriculoinvenerim;
2236 3427 2272 3452 ut
2294 3418 2352 3452 illa
2377 3420 2457 3454 mit-

1441 3471 1509 3495 tam
1531 3471 1601 3502 quae
1624 3459 1722 3503 paulo
1734 3461 1895 3505 ante-(h)
1918 3463 1952 3495 in
1964 3463 2094 3497 Veneto
2106 3464 2168 3497 illo
2180 3463 2265 3497 Viro
2290 3473 2368 3539 asme
2378 3475 2458 3497 con-

2323 3508 2414 3550 pecta

438 3662 454 3690 (
469 3667 486 3688 t
501 3665 511 3688 2
528 3661 601 3690 Epist.
618 3668 656 3691 53.
671 3668 697 3684 η.
715 3668 754 3689 37-
816 3659 831 3688 (
846 3667 862 3683 a
879 3658 893 3687 )
910 3656 985 3686 Epist.
1002 3665 1042 3686 44.
1058 3666 1083 3683 n.
1100 3664 1141 3686 ¹⁹·
1228 3688 1232 3692 η

439 3690 481 3724 (d
495 3691 510 3720 )
526 3692 587 3721 ἱρὴ.
603 3693 638 3716 Ν.
653 3692 683 3716 c.
701 3692 773 3716 Cent.
793 3698 816 3720 3.
834 3689 856 3714 ἃ
873 3699 894 3719 as
911 3687 970 3713 Obs.
989 3695 1042 3718 ¹45-
1105 3687 1115 3716 (
1132 3695 1144 3712 ι
1159 3690 1170 3715 >
1188 3687 1262 3717 Epist.
1281 3695 1318 3715 ιφ.
1339 3694 1361 3711 η,
1381 3694 1419 3717 35.

1202 3656 1216 3685 (
1230 3655 1244 3679 b
1261 3656 1276 3685 )
1293 3655 1406 3680 Animav.
1423 3665 1446 3686 4,

1561 3654 1570 3686 )
1588 3656 1726 3680 Commerc.
1745 3655 1831 3680 Litter.
1848 3657 1878 3680 A.
1896 3662 1964 3685 1743.
1982 3655 2060 3681 Hebd.
2077 3665 2098 3687 ς.
2116 3664 2141 3681 n.
2158 3663 2182 3681 2.

1482 3658 1725 3717 (isssssi’ist-awn
1753 3686 1911 3717 ”assess-
1971 3689 2144 3718 (εὔια
2210 3689 2319 3719 ίῦὶη.
2340 3689 2380 3715 18.
