2498 4075
410 243 570 310 Epist·
609 244 770 296 Anat.
804 241 1016 296 Medica
1050 239 1197 294 xm.
1231 239 1350 291 Art.
1374 240 1551 300 2526.
1575 240 1719 300 δίη.

65 327 138 355 cute
160 320 315 356 videlicet
338 334 408 365 quae
433 332 515 363 pone
539 320 715 353 auriculam
737 318 801 359 est,
826 317 985 360 impositis
1018 319 1060 352 iis

63 374 133 406 quae
157 364 310 398 erodendi
335 366 401 398 vim
427 363 543 398 habent
566 387 574 402 ,
598 362 775 397 exulcerata
795 386 804 396 .
838 363 924 395 Cum
958 364 1060 407 igitur

51 408 174 443 'omnia
199 417 342 446 naturae,
364 410 396 440 &
419 407 555 448 tempori
578 404 823 445 commisissem,
846 408 875 438 δέ
911 405 1061 439 nonnihil

70 448 130 482 'am
154 451 273 485 levatus
298 449 388 484 essem
413 459 476 482 non
499 450 538 483 sic
562 458 691 489 tamen,
713 458 750 482 ut
775 449 873 490 legere
896 472 906 486 ,
931 452 962 483 &
987 450 1064 482 scri-

90 504 136 525 ere
161 503 236 527 tunc
261 493 324 527 fine
358 491 499 529 molestia
532 491 638 525 adhuc
673 490 790 534 possem
811 513 820 528 ,
853 504 929 525 cum
959 503 1062 525 rerum

66 539 217 570 memoria
242 538 343 579 magis
365 547 463 579 quam
486 535 629 577 praesenti
653 534 757 570 studio
780 535 900 573 fretus,
924 534 1061 569 solemne

66 591 196 614 examen
220 579 327 620 subii,
349 583 382 613 &
406 580 438 612 in
463 579 569 613 album
591 579 776 614 Doctorum
809 578 878 611 sum
910 578 1027 612 relatus
1051 590 1062 617 5

65 624 99 656 in
125 625 263 657 Patriam
287 621 447 665 paulisper
469 621 567 655 seceffi
582 645 594 662 ‚
617 622 726 664 ibique
757 621 909 657 convalui
933 646 941 653 .
980 622 1062 660 Quae

66 669 177 700 omnia
200 679 239 700 eo
261 665 356 703 dixi,
380 676 416 702 ut
448 665 610 706 intelligas
635 688 647 704 ,
678 664 749 707 post
779 674 937 707 quantum
974 676 1062 699 mor-

67 710 145 745 burn
167 718 286 754 quanta
310 709 393 744 mihi
415 709 586 742 oculorum
609 707 812 755 sanitaaDei
852 709 1061 750 praepotentis

66 752 274 787 beneficentia
297 750 438 786 concessa
460 751 498 785 fit
516 774 525 789 ,
548 761 584 787 ut
608 762 707 785 annos
728 762 791 793 jam
816 759 907 784 natus
930 753 1060 784 circiter

66 795 361 839 duodeo&0ginta‚
387 793 450 828 fine
471 794 669 837 conspicillis
705 805 792 836 aeque
829 793 1061 836 propemodum

66 840 193 873 videam
226 851 260 873 ac
294 836 441 872 videbam
487 847 557 873 ante
600 838 691 871 illam
736 837 1026 872 inflammationem
1052 863 1060 870 .

65 885 178 925 Qam
199 882 220 916 si
246 882 327 916 forte
350 883 465 925 quaeris
487 893 548 925 qua
573 881 695 915 ratione
717 879 886 914 diutissime
906 882 1062 915 arcuerim

68 928 102 960 in
128 934 215 960 tanta
232 949 240 963 ‚
266 929 297 959 δε
322 934 388 958 tarn
415 924 528 959 affidua
551 925 724 958 oculorum
749 922 890 957 interdiu
914 949 921 961 ‚
947 927 978 958 δε
1003 936 1063 957 no-

68 970 123 1003 eru
145 971 376 1007 contentione;
400 979 463 1000 non
487 969 549 1001 alia
574 968 679 1002 dicam
702 991 713 1007 ‚
736 978 831 1010 quam
866 964 958 1000 faciei
987 990 997 1005 ‚
1029 971 1062 1001 δε

69 1013 291 1055 palpebrarum
315 1012 441 1044 lotione
464 1012 646 1051 matutina,
669 1011 709 1044 ab
730 1021 769 1043 eo
792 1019 935 1052 tempore
960 1009 1061 1043 sicin-

68 1054 180 1090 stituta
196 1078 205 1093 ‚
229 1064 265 1089 ut
290 1066 353 1088 non
377 1063 493 1088 temere
516 1056 628 1098 quavis
662 1065 741 1096 aqua
777 1062 880 1087 uterer
902 1076 911 1090 ,
944 1053 995 1088 sed
1027 1066 1060 1086 ea

69 1098 238 1137 dumtaxat
262 1110 331 1141 quae
356 1097 456 1131 modo
480 1109 495 1130 e
519 1107 618 1140 puteo
640 1096 745 1130 hausta
767 1094 857 1130 esset.
884 1097 964 1129 Haec
975 1098 1061 1130 enim

66 1143 223 1176 haetenus
245 1140 363 1183 frigida
387 1140 450 1180 est,
474 1150 509 1174 ut
535 1140 598 1176 fine
618 1141 659 1174 iis
682 1140 834 1183 periculis
855 1151 925 1183 quae
964 1153 979 1174 a
1002 1140 1062 1174 fti-

70 1185 226 1229 gidiffima
250 1186 346 1218 timet
372 1184 533 1218 Hildanus
552 1187 567 1224 (
589 1196 607 1217 a
629 1188 666 1224 ),
688 1182 837 1217 fibrarum
873 1183 937 1216 vim
968 1196 1064 1227 quam

69 1228 231 1272 praegressa
255 1227 458 1270 ophthalmia
481 1227 719 1265 infirmaverat,
744 1230 776 1261 δι’
799 1227 958 1267 restituere
987 1252 999 1269 ‚
1032 1231 1065 1262 &

69 1272 189 1306 servare
213 1272 373 1314 potuerit.
397 1270 589 1312 Cuiusmodi
615 1281 728 1313 aquam
751 1281 789 1303 an
812 1270 890 1303 velit
913 1271 965 1304 Cl.
999 1274 1067 1307 De-

70 1314 276 1358 thardingius
301 1315 335 1347 in
357 1326 396 1348 eo
419 1313 597 1357 opusculo,
643 1314 707 1347 uod
729 1315 764 1348 de
781 1312 1067 1357 speczfi'coprophy-

34 1365 38 1367 ’
69 1359 182 1392 labiim
206 1358 364 1392 oculorum
387 1356 579 1400 inscriptum
602 1369 617 1390 e
643 1357 705 1391 idit
728 1356 859 1390 Hafniae
892 1359 934 1390 A.
972 1368 1069 1400 1745.

69 1414 132 1444 pro
153 1410 242 1434 certo
267 1401 347 1435 scire
372 1411 436 1433 non
458 1399 604 1443 possum;
625 1411 808 1444 quanquam
831 1398 1068 1435 Eruditiffimus

70 1445 225 1479 Hallerus
258 1448 272 1484 (
294 1443 312 1477 b
335 1448 373 1485 ),
405 1455 443 1476 ex
465 1455 531 1486 quo
556 1455 621 1478 uno
644 1442 711 1486 ejus
733 1443 880 1486 opusculi
913 1445 1068 1478 notitiam

74 1487 179 1522 habeo
194 1511 206 1528 ,
229 1488 263 1520 id
287 1484 468 1529 specificum
491 1482 571 1527 esse,
592 1488 643 1520 ait
663 1510 677 1527 ,
710 1485 859 1520 lotionem
893 1497 957 1529 quae
988 1499 1068 1530 aqua

64 1530 190 1575 frigida
207 1529 270 1574 fit.
297 1529 354 1564 Sed
378 1528 441 1563 hoc
464 1538 547 1564 certe
571 1528 660 1570 scio,
683 1540 757 1564 cum
780 1530 864 1563 forte
887 1529 954 1571 ejus
975 1542 1070 1574 quam

71 1576 167 1615 dixi,
190 1585 278 1617 aquae
303 1572 432 1608 tandem
443 1571 610 1605 omisissem
621 1574 733 1609 usum,
756 1573 1068 1617 inflammationem,

69 1630 141 1662 quae
165 1628 261 1651 annos
284 1616 356 1659 plus
378 1614 586 1658 quadraginta
601 1614 766 1657 abfuerat,
788 1618 858 1649 cito
871 1616 992 1651 rediisse
1003 1620 1069 1662 pri-

70 1673 160 1696 mum
181 1659 311 1702 quidem
333 1660 458 1699 levem,
481 1662 513 1691 ὃς
537 1659 702 1702 palpebras
716 1668 839 1694 tantum
853 1660 1042 1695 afficientem
1055 1687 1069 1704 ,

69 1704 123 1739 sed
145 1703 333 1737 diuturnam
348 1725 357 1740 ‚
379 1701 493 1734 deinde
516 1713 591 1735 vero
613 1714 686 1736 cum
709 1702 765 1740 hic
787 1703 954 1748 plerosque
966 1706 1069 1740 aestate

70 1749 246 1790 arriperet,
270 1746 303 1778 in
318 1746 541 1784 ,membranam
554 1745 653 1789 ipsam
666 1745 827 1781 Aduatam
841 1749 980 1790 graviter
991 1749 1069 1783 adeo

71 1790 334 1830 incumbentem,
358 1799 393 1823 ut
417 1792 450 1823 in
475 1787 647 1822 chemofim
670 1789 853 1832 degenerare
876 1791 1072 1836 jamincipe-

71 1844 120 1868 ret
136 1858 144 1865 .
170 1834 253 1870 Quae
280 1842 386 1866 tamen
408 1831 471 1866 fine
496 1844 579 1866 venae
604 1833 741 1867 seffione
764 1836 811 1868 ita
833 1840 882 1869 uti
906 1836 982 1869 alias
1005 1840 1070 1878 (c)

70 1877 206 1912 scribam
221 1900 233 1917 ,
256 1877 395 1919 pervit0ca
419 1876 480 1909 est.
506 1878 617 1920 Itaque
642 1887 739 1911 annos
764 1878 836 1917 inde
858 1878 923 1922 jam
954 1890 1070 1916 novem

69 1921 174 1956 oculis
196 1919 294 1953 ferme
318 1930 353 1954 ut
376 1920 457 1953 olim
480 1920 590 1956 valeo,
613 1931 669 1954 nec
691 1921 759 1955 ullo
782 1921 883 1956 adhuc
906 1934 984 1966 egeo
995 1936 1071 1959 con-

71 1964 194 2007 spicilli
219 1961 427 2006 adjumento.
452 1964 546 1997 Faxit
570 1965 685 2004 Deus,
709 1976 746 1998 ne
770 1967 873 2008 magis
909 1968 1071 2012 magisque

70 2006 289 2050 ingravescens
311 2016 386 2040 aetas
409 2006 540 2040 illorum
565 2006 647 2041 mihi
673 2009 849 2043 utilitatem
874 2010 1068 2046 imminuat.

71 2052 196 2084 Verum
219 2050 258 2085 ab
280 2051 320 2084 iis
342 2062 424 2094 quos
448 2050 514 2094 ipse
539 2051 681 2092 pertuli,
704 2051 743 2086 ad
765 2064 818 2087 eos
842 2065 922 2096 quos
945 2056 979 2089 in
990 2056 1069 2090 alio·

70 2105 143 2128 rum
165 2095 266 2128 oculis
289 2094 459 2127 exteriores
486 2096 613 2128 morbos
636 2094 723 2135 vidi,
748 2096 927 2131 redeamus.

130 2148 181 2179 25.
207 2138 336 2180 Unguis
359 2138 470 2178 oculi,-
504 2137 545 2170 fic
582 2138 670 2171 enim
702 2140 790 2181 quod
823 2148 967 2184 πτερύγιον
998 2154 1073 2177 cum

71 2181 198 2214 Graecis
224 2180 420 2220 diceremus,
446 2182 542 2213 latine
570 2181 681 2214 Celsus
715 2185 729 2221 (
750 2184 803 2221 d)
830 2186 957 2217 vocavit
982 2207 991 2221 ‚
1021 2185 1072 2220 id-

70 2236 133 2265 que
155 2225 264 2257 novies
288 2245 298 2261 ‚
333 2227 364 2256 δε
388 2223 542 2266 nusquam
564 2235 578 2264 ,·
609 2234 682 2256 nam
716 2234 847 2267 propter
890 2227 1072 2263 dubitatio·

59 2277 127 2307 >nes
148 2266 349 2311 quorundam
370 2267 404 2298 in
427 2277 548 2304 manu,
574 2275 627 2299 aut
651 2278 709 2300 mre
734 2267 902 2311 descriptis
926 2270 994 2313 ejus
1027 2273 1068 2305 li-

72 2309 140 2343 bris
173 2309 326 2353 quaefivi3
350 2309 486 2342 lec‘tione
511 2311 673 2348 variantes
698 2311 802 2353 igitur
829 2315 957 2355 Unguis
990 2326 1068 2349 ocu-

71 2353 100 2386 li
123 2351 372 2400 frequentiorem
403 2354 564 2394 originem
585 2364 646 2392 3me
681 2354 715 2386 in
749 2355 953 2391 Adversariis
985 2361 999 2397 <
1022 2359 1068 2401 e)

60 2394 238 2438 ‚conjecisse
261 2418 271 2433 ,
307 2407 372 2429 non
396 2396 524 2437 ignoras
548 2419 558 2434 ,
594 2408 632 2429 ex
653 2397 913 2433 membraneum
928 2400 1071 2435 semilu-

72 2442 144 2473 nari
161 2451 272 2482 quam,
288 2439 325 2472 ad
350 2440 434 2477 oculi
459 2440 609 2481 angulum
633 2440 793 2474 internum
819 2464 830 2482 ,
861 2453 897 2477 ut
921 2444 1070 2479 videntur

72 2481 206 2525 quidam
230 2482 394 2523 indicare,
416 2483 623 2524 proposuerat
647 2482 752 2517 Vidus
776 2485 894 2520 Vidius
917 2487 1066 2521 deAuat.

72 2527 173 2568 Corp.
203 2526 290 2560 hum.
316 2524 401 2559 libro
425 2526 503 2559 Vll.
536 2537 615 2569 capa
632 2527 693 2560 IV.
720 2528 767 2561 ibi
787 2550 796 2566 ,
818 2532 950 2573 ‘opinor
970 2555 979 2572 ,
1014 2531 1069 2565 ubi

73 2568 228 2612 descripta
252 2570 456 2608 caruncula,
479 2571 511 2602 δέ
536 2570 775 2611 Lacrymalibus
800 2574 928 2608 Punc‘tis
947 2600 957 2614 ‚
980 2574 1071 2617 glan-

38 2655 41 2657 ‚
71 2612 181 2645 dulam
205 2623 334 2659 quoque
366 2613 485 2645 interni
510 2613 617 2655 anguli
640 2615 674 2646 in
697 2613 848 2650 homine!
871 2620 903 2650 ὃ(
941 2619 1071 2651 cartila-

70 2656 178 2698 ginem
190 2679 202 2695 ,
223 2657 247 2688 si
263 2657 387 2698 Superis
398 2656 501 2699 placet
515 2682 525 2697 ‚
549 2666 642 2700 atque
654 2658 734 2691 hanc
746 2660 961 2695 involventem
971 2673 1072 2696 mem-

71 2699 225 2739 branam,
246 2709 497 2733 commemorat.
523 2701 597 2741 Ego
620 2712 694 2734 vero
717 2713 781 2736 non
806 2715 822 2736 a
846 2704 980 2739 belvinae
1003 2717 1072 2739 car-

72 2743 219 2787 tilaginis
241 2742 442 2784 membrana,
467 2742 580 2776 sedsab
601 2755 633 2776 ea
648 2756 753 2787 quam
777 2757 847 2780 ante
870 2750 1069 2783 carunculam

73 2784 244 2821 humanam
265 2785 510 2829 descripseram,
525 2788 662 2829 Unguis
687 2791 846 2832 originem
858 2791 939 2833 effe,
962 2792 1071 2835 conje-

72 2839 192 2873 ceram.
206 2828 244 2863 Id
258 2833 410 2864 attentius
421 2829 639 2864 considerandi
652 2834 740 2865 annis
753 2833 966 2876 superioribus
978 2848 1071 2869 occa-

72 2873 191 2906 sionem
204 2872 299 2906 habui
311 2875 344 2906 in
358 2872 427 2907 viro
439 2873 687 2917 quadragenario
698 2898 711 2916 ,
733 2879 787 2910 cui
807 2879 841 2911 in
854 2879 983 2922 singulis
994 2891 1073 2914 ocu-

73 2916 113 2948 lis
126 2914 368 2959 finguliungues
390 2915 454 2960 jam
477 2917 549 2950 inde
560 2918 599 2950 ab
612 2917 825 2960 adolescentia
844 2923 978 2964 oborti,
1002 2933 1073 2957 tan-

72 2958 145 2991 dem
170 2959 265 3002 usque
289 2960 326 2993 ad
348 2960 485 2994 Corneae
510 2960 653 2995 medium
678 2961 706 2996 se
729 2965 933 3000 extenderant
953 2991 962 3005 ‚
998 2979 1071 3001 cum

72 3002 242 3035 Patavium
263 3001 304 3036 ad
336 3004 647 3047 Experientiffimum
679 3006 865 3051 Chirurgiae
903 3010 1070 3045 Publicum

72 3044 284 3092 Professorem
306 3046 548 3091 Hieronymum
574 3048 786 3085 Vandellium
809 3065 826 3085 a
850 3065 915 3096 quo
945 3066 1070 3088 curare-

72 3097 149 3129 tur,
172 3090 359 3131 proiectus,
382 3091 419 3124 ad
442 3091 669 3126 consulendum
691 3105 739 3127 me
763 3098 868 3129 venit.
882 3096 1070 3133 Esseautem

73 3131 142 3165 vidi
165 3133 254 3166 illam
278 3131 378 3175 ipsam
402 3135 638 3177 membranam,
660 3149 732 3180 quae
758 3151 774 3172 a
800 3140 861 3173 lata
895 3140 958 3175 basi
993 3154 1068 3185 pro-

72 3174 234 3217 crescens,
256 3177 289 3209 in
314 3178 464 3220 trianguli
489 3178 621 3213 modum
647 3180 676 3214 se
698 3182 976 3225 amplificaverat,
998 3185 1068 3219 Ad-

71 3228 154 3269 natae
178 3231 243 3253 non
266 3220 406 3267 multum
430 3221 610 3264 adhaerens,
633 3225 700 3257 imo
723 3227 762 3259 ad
777 3228 991 3270 longitudinis
1001 3240 1066 3262 me-

71 3265 168 3296 dium*
189 3264 235 3296 ita
259 3264 441 3306 disjuncta,
464 3276 498 3299 ut
523 3266 688 3308 specillum
700 3270 852 3307 mediocri
865 3272 1063 3306 craffitudine

71 3307 163 3341 nullo
186 3308 318 3350 negotio
341 3308 425 3340 inter
447 3318 610 3353 utramque
642 3312 833 3348 Vandellius
867 3314 1027 3358 trajiceret
1050 3341 1063 3358 ‚

71 3351 208 3383 Corneae
234 3360 362 3388 autem,
386 3351 424 3385 ad
447 3363 541 3394 quam
574 3356 729 3398 trianguli
762 3367 921 3393 extremus
953 3370 1063 3394 vertex

71 3394 270 3436 pertinebat,
295 3395 460 3428 arffiffime
483 3407 637 3437 connata,
663 3409 699 3432 ut
723 3412 797 3434 cum
819 3414 903 3445 aeger
935 3403 1067 3438 oculum

71 3435 109 3471 ad
133 3449 165 3470 ea
189 3450 260 3480 quae
283 3450 298 3471 a
322 3439 419 3472 latere
442 3449 569 3473 externo
581 3452 690 3483 erant,
715 3444 892 3487 aspicienda
903 3456 1067 3480 converte-

70 3491 117 3514 ret
132 3509 139 3521 ‚
164 3491 250 3516 totus
273 3480 441 3516 necessario
462 3482 681 3520 extenderetur
694 3489 821 3530 Unguis
837 3503 847 3523 .·
870 3488 1009 3533 hincque
1020 3501 1069 3523 et-

70 3527 135 3558 iam
161 3526 342 3566 acciderat,
364 3537 400 3560 ut
426 3527 625 3569 Lacrymalis
648 3531 832 3566 Caruncula
856 3533 1068 3576 praefixarnfi-

69 3567 103 3601 bi
127 3570 344 3603 membranam
368 3568 517 3614 sequen5‚
540 3574 573 3604 &
597 3573 702 3607 multo
725 3576 856 3617 longior
878 3576 950 3611 esset
962 3576 1066 3617 faeta,

155 3614 320 3656 Morgagni
331 3614 366 3646 de
379 3615 446 3648 Sed.
461 3616 502 3648 Θ
512 3618 534 3647 C
535 3615 598 3658 aus.
610 3617 711 3652 Morb.
726 3620 825 3653 Tom.
839 3622 865 3654 I.
1040 3628 1042 3631 ’

1949 257 2043 302 107

1111 320 1144 351 &
1164 324 1254 357 ,extra
1277 315 1361 349 suam
1384 316 1486 350 sedem
1533 315 1670 349 rotraeta
1685 338 1693 346 .
1719 314 1797 356 Qo
1806 312 1871 347 basi
1895 316 2051 357 propior,
2074 328 2119 351 eo,

1111 362 1215 394 miuus
1237 359 1414 393 membrana
1437 360 1476 393 ab
1529 371 1550 405 ξι
1574 367 1684 391 natura
1706 356 1866 400 recedebat
1887 379 1896 394 2
1931 369 1945 389 a
1977 358 2112 393 vasculis

1113 403 1229 446 quibus
1252 402 1500 439 insternebatur,
1526 401 1637 446 rithens
1654 426 1661 439 ,
1687 409 1721 434 ut
1744 401 1788 432 ibi
1804 401 1955 435 libentius
1969 402 2110 436 Faunum

1114 447 1312 489 appellares5
1336 454 1447 479 caetera
1468 445 1576 480 albida
1586 445 1836 486 ,¹u—ttUnguem
1861 444 1973 477 melius
1997 456 2109 478 vocare

1114 488 1233 534 posses:
1257 500 1354 531 opaca
1378 497 1506 527 tamer-13
1529 487 1736 531 quamobrem
1760 497 1824 518 uon
1837 497 1934 528 pauca
1945 486 2109 522 radiorum

1114 542 1205 577 parte
1228 534 1422 574 intercepta,
1444 543 1523 574 aeger
1547 531 1745 575 Nytf'talopia
1768 530 2004 575 Hippocratica
2028 529 2112 574 (f)

1114 576 1329 619 quadantenus
1351 572 1415 617 jam
1438 570 1519 608 affici
1541 575 1645 607 videri
1670 581 1818 616 poterat;
1840 575 1905 606 sero
1929 575 2013 608 enim
2045 586 2112 607 me-

1115 622 1177 654 lius
1198 619 1348 652 cernebat
1371 629 1467 661 quam
1494 617 1647 657 meridie,
1672 615 1932 656 &subobscuro,
1955 618 2113 659 quamlu'-

1112 664 1188 698 cido
1211 664 1244 695 in
1269 662 1342 695 loco
1357 685 1367 700 ,
1391 662 1544 705 nimirum
1568 662 1644 704 quia
1667 660 1710 693 ob
1733 670 1802 693 eam
1826 657 1991 693 radiorum
2013 661 2113 693 inter-

1111 707 1292 748 ceptionem
1316 705 1343 738 se
1367 705 1451 746 Iris,
1474 704 1591 746 credo,
1613 703 1798 742 dilatationi
1811 700 2113 737 assuefecerat.Cae-

1113 761 1220 784 terum
1244 748 1349 782 nullus
1372 746 1539 782 oculorum
1562 746 1681 787 dolor,
1703 746 1826 780 nullum
1848 756 2038 788 magnopere
2061 758 2113 780 eo.

1115 806 1187 829 rum
1210 793 1314 827 motui
1337 791 1626 833 impedimentum.

1167 840 1217 870 26.
1273 847 1321 868 am
1354 846 1427 868 vero
1462 833 1500 868 de
1532 832 1679 867 morbosa
1711 832 1942 874 lacrymatione
1976 832 2115 866 scriben-

1114 881 1191 915 dum
1224 893 1238 912 e
1289 903 1297 910 .
1331 878 1414 916 Quae
1455 877 1492 912 de
1539 876 1596 913 hac
1641 878 1674 909 in
1716 876 1922 918 Sepulchreto
1967 876 2077 918 legeris
2100 900 2110 913 ,

1114 934 1168 958 aut
1190 923 1299 956 omissa
1324 946 1332 960 ‚
1365 930 1419 954 aut
1443 931 1507 954 non
1531 921 1576 955 ita
1600 920 1758 961 explicata
1781 917 1875 952 essent
1897 942 1910 959 ,
1934 917 1957 951 si
1981 931 2052 962 quae
2075 918 2113 953 de

1113 968 1251 1001 naturali
1276 965 1506 1007 lacrymatione
1529 965 1562 996 in
1586 962 1695 996 eodem
1722 966 1774 1004 (g
1795 965 1809 1001 )
1833 971 2055 1004 proponuntur
2077 974 2118 996 ex

1112 1019 1201 1054 parte
1224 1020 1315 1050 vera,
1338 1006 1517 1041 constanter
1542 1007 1694 1045 retineri,
1719 1016 1818 1048 neque
1840 1016 1915 1039 curn
1940 1004 2024 1039 falsis
2045 1017 2118 1049 quae

1113 1052 1242 1088 admista
1266 1051 1338 1085 sunt
1360 1074 1372 1090 ,
1407 1050 1566 1084 confundi
1600 1046 1772 1091 potuissent
1796 1073 1803 1080 .
1837 1048 1937 1082 Nunc
1970 1049 2008 1082 de
2025 1061 2118 1096 ⁴qua-

1112 1107 1188 1131 tuor
1211 1094 1505 1129 Observationibus
1518 1117 1529 1133 ,
1554 1091 1592 1125 ad
1617 1093 1835 1132 lacrymarum
1849 1093 1973 1138 auctam
1987 1094 2117 1126 effusio-

1114 1152 1186 1173 nem
1209 1136 1440 1177 attinentibus,
1463 1145 1527 1169 tres
1551 1134 1616 1175 (h)
1642 1134 1712 1169 sunt
1735 1145 1805 1177 quae
1829 1146 1894 1174 ejus
1919 1135 1964 1166 rei
1987 1135 2115 1169 causam

1114 1183 1339 1217 exuberantem
1351 1181 1432 1213 intra
1445 1180 1612 1213 calvariam
1628 1177 1774 1212 humoris
1782 1178 1913 1219 copiam
1921 1177 2095 1212 obtrudant
2108 1204 2120 1219 ,

1115 1225 1201 1270 quasi
1215 1224 1288 1259 inde
1300 1225 1359 1258 viae
1374 1231 1515 1266 paterent
1528 1223 1742 1263 lacrymarum
1753 1219 1791 1253 ad
1804 1221 1916 1254 oculos
1930 1231 1937 1252 .·
1952 1220 2038 1263 quod
2051 1230 2122 1254 tan-

1117 1280 1153 1303 to
1176 1270 1280 1304 minus
1302 1276 1368 1301 erat
1392 1265 1573 1300 faciendum
1598 1267 1672 1310 quia
1695 1264 1910 1306 lacrymarum
1934 1265 1989 1297 illa
2025 1265 2123 1298 uber-

1119 1323 1186 1353 tas,
1213 1313 1247 1345 in
1272 1310 1418 1345 foeminis
1440 1308 1639 1352 praescrtim‚
1663 1316 1716 1340 aut
1739 1319 1755 1339 a
1779 1307 1934 1347 tristitia,
1957 1318 2013 1342 aut
2033 1309 2121 1342 ado-

1118 1357 1185 1390 lore
1208 1352 1450 1388 manifestissime
1474 1351 1700 1395 proveniebat.
1725 1352 1820 1384 Tunc
1846 1360 1950 1385 autem
1975 1351 2122 1386 Orbicu-

1119 1401 1177 1434 lari
1201 1399 1422 1441 palpebrarum
1445 1395 1610 1435 musculo,
1634 1403 1669 1428 ut
1693 1395 1727 1427 in
1752 1394 1900 1428 flentibus
1913 1394 2056 1429 videmus
2069 1394 2124 1428 fie-

1120 1446 1167 1481 ri,
1191 1444 1327 1484 sapius,
1350 1440 1494 1479 arctius,
1515 1438 1639 1473 diutius
1662 1438 1851 1473 conti-aeto,
1876 1447 1946 1472 turn
1969 1438 2121 1479 glandula

1120 1484 1332 1520 Innomiuata'
1348 1484 1452 1526 magis
1476 1492 1629 1525 urgetur,
1652 1491 1686 1514 ut
1710 1481 1781 1523 plus
1804 1480 1950 1514 humoris
1962 1480 2125 1523 secernat,

1119 1534 1151 1564 δε
1174 1531 1257 1562 inter
1280 1528 1442 1572 palpebras
1465 1524 1628 1565 effundat,
1653 1534 1722 1558 tum
1746 1522 1836 1557 simul
1862 1534 1970 1557 tenues
1994 1524 2124 1558 molles-

1118 1585 1177 1617 que
1203 1572 1268 1616 ejus
1291 1571 1435 1606 humoris
1458 1568 1496 1603 ad
1520 1568 1672 1611 majorem
1686 1567 1909 1614 Lacrymalem
1920 1567 2052 1602 dunum
2064 1569 2125 1601 viae

1119 1617 1404 1659 comprimuntur,
1427 1622 1463 1647 ut
1488 1613 1592 1647 minus
1616 1611 1762 1644 humoris
1773 1611 1912 1653 ejusdem
1924 1611 2033 1645 nasum
2051 1622 2125 1644 ver-

1120 1660 1171 1694 sus
1195 1658 1302 1692 efferre
1325 1665 1461 1701 queant.
1596 1655 1635 1687 In
1659 1655 1780 1698 reliqua
1796 1664 1902 1688 autem
1916 1654 2128 1688 Observatio-

1119 1715 1156 1737 ne
1178 1703 1336 1736 XXXIII.
1360 1699 1499 1734 calculus
1519 1699 1552 1732 in
1570 1697 1737 1742 glandula,
1761 1706 1797 1730 ut
1821 1697 1993 1739 scribitur,
2025 1698 2129 1741 lacry-

1119 1746 1219 1786 mali,
1242 1745 1281 1778 ad
1303 1743 1386 1779 oculi
1406 1741 1554 1786 angulum
1578 1743 1734 1776 internum
1747 1741 1831 1783 fita,
1853 1744 2013 1775 occurrens
2027 1754 2130 1783 ,cau-

1122 1790 1153 1823 sa
1177 1788 1306 1832 quidem
1329 1786 1386 1822 esse
1410 1787 1520 1829 potuit
1544 1785 1975 1826 morbosaelacrymationis3
1998 1785 2127 1819 sednon

1121 1835 1195 1877 quia
1220 1840 1319 1866 totam
1338 1830 1520 1874 glandulam
1543 1828 1713 1871 receptioni
1732 1827 1937 1862 humiditatis
1969 1830 2008 1862 ad
2037 1840 2130 1862 nares

1122 1874 1340 1919 transferendae
1362 1875 1500 1916 ineptam
1522 1873 1682 1911 redderem
1705 1875 1805 1915 neque
1829 1872 1914 1905 enim
1925 1871 2015 1913 haec,
2038 1873 2128 1915 glan·

1123 1920 1195 1955 dula
1220 1919 1284 1959 est,
1308 1920 1342 1952 in
1363 1929 1429 1960 quo
1452 1915 1555 1950 adhuc
1580 1916 1703 1959 aliquot
1727 1926 1849 1956 errare,
1872 1916 1992 1955 miror,
2019 1916 2068 1950 sed
2092 1917 2128 1949 in

1124 1962 1286 2006 superficie
1308 1971 1456 2001 tantum,
1479 1960 1619 1993 Sebaccis
1643 1960 1789 1993 minimis
1811 1956 1971 2001 glandulis
2002 1962 2136 1994 Carum-2<

1122 2008 1194 2041 cula
1216 2005 1336 2044 obsita,
1361 2015 1460 2048 neque
1483 2004 1577 2038 illum
1601 2005 1635 2036 in
1658 2001 1687 2037 se
1712 2001 1880 2037 humorem
1903 2004 2019 2047 recipit
2042 2017 2050 2038 :
2076 2015 2135 2037 vem

1121 2063 1192 2085 rum
1215 2050 1291 2093 quia
1313 2049 1454 2083 calculus
1477 2059 1542 2082 non
1565 2044 1664 2081 modo
1685 2045 1846 2090 inaequalis
1867 2046 1983 2088 valde,
2007 2047 2055 2081 sed
2069 2059 2137 2090 pro=

1123 2107 1156 2130 ea
1180 2094 1252 2131 sede,
1270 2094 1366 2126 etiam
1389 2089 1479 2125 valde
1503 2092 1659 2134 maguus,
1682 2100 1717 2124 ut
1740 2088 1825 2133 apud
1837 2090 2134 2134 Arrffitoreminspi-

1121 2139 1232 2172 cienda
1253 2136 1428 2170 delineatio
1450 2138 1464 2177 <
1487 2136 1500 2168 i
1521 2139 1531 2176 )
1559 2134 1707 2178 praeclare.
1727 2133 1866 2168 ostendit
1888 2158 1900 2175 ‚
1925 2134 2129 2178 Lacrymalia

1123 2181 1244 2215 Puncta
1269 2181 1308 2215 ab
1331 2180 1418 2215 oculi
1440 2177 1613 2219 contactu,
1637 2180 1670 2211 δε
1685 2177 1781 2224 *quod
1813 2178 2021 2221 consequitur
2043 2203 2056 2220 ‚
2089 2179 2133 2212 ab

1120 2225 1188 2266 ejus
1212 2224 1357 2257 humoris
1382 2225 1560 2268 receptione
1573 2222 1719 2267 arcebat,
1743 2224 1775 2255 δε
1791 2232 1897 2256 tenues
1909 2222 2131 2263 canaliculos,

1120 2269 1158 2301 ab
1180 2268 1220 2301 iis
1245 2268 1374 2301 Punffis
1398 2266 1560 2310 profestos
1570 2289 1583 2307 ,
1607 2274 1758 2307 praeterea
1780 2266 2037 2307 comprimebat.

1163 2323 1216 2354 27.
1240 2312 1285 2344 Et
1310 2311 1380 2345 saue
1403 2310 1577 2344 crebriores
1600 2308 1761 2343 diuturnze
1786 2310 2030 2351 lacrymationis
2053 2321 2131 2344 cau-

1122 2354 1160 2387 sae
1185 2356 1219 2387 in
1243 2354 1397 2388 diuturna
1432 2355 1555 2387 viarum
1589 2352 1812 2394 lacrymalium
1843 2363 1859 2385 a
1891 2353 2052 2396 palpebris
2089 2352 2129 2388 ad

1122 2395 1185 2430 nali
1205 2399 1360 2439 ‘interiora
1382 2396 1608 2441 compressione
1633 2419 1645 2435 ,
1678 2395 1897 2430 obstruffione
1921 2418 1933 2435 ‚
1965 2399 2128 2432 coalituve

1121 2439 1313 2475 confistunt.
1341 2442 1458 2481 Hunc,
1481 2439 1558 2485 dum
1581 2438 1645 2473 nasi
1669 2440 1823 2472 interiora
1846 2438 2091 2475 demonstrarem
2115 2466 2128 2482 ,

1122 2495 1191 2526 uon¹
1210 2495 1337 2527 perraro
1361 2485 1479 2518 accidit
1504 2493 1539 2517 ut
1563 2483 1738 2517 invenirem
1757 2506 1770 2523 ‚
1803 2482 1894 2516 semel
1919 2484 2069 2519 videlicet
2093 2487 2128 2519 in

1121 2527 1193 2560 viro
1217 2525 1424 2571 hydropico,
1446 2526 1540 2569 cujus
1564 2528 1666 2560 imum
1690 2527 1889 2569 Lacrymalis
1912 2527 2027 2562 duetus
2058 2531 2126 2563 ori-

1123 2570 1230 2604 ficium
1254 2583 1329 2606 eum
1353 2584 1368 2605 a
1392 2571 1514 2605 dextris
1539 2580 1664 2604 tantum
1688 2570 1801 2605 deesset
1818 2594 1829 2610 ‚
1853 2569 1959 2614 ipsum
1991 2572 2128 2608 ductum

1122 2614 1294 2656 coaluisse,
1318 2614 1536 2659 deprehendi:
1569 2616 1687 2658 iterum
1719 2616 1753 2648 in
1787 2615 1919 2648 muliere
1952 2628 2048 2660 quam
2080 2617 2127 2651 fe-

1123 2658 1187 2692 bris
1210 2657 1391 2693 sustulerat.
1421 2662 1460 2693 In
1486 2658 1544 2692 hac
1568 2668 1642 2691 vero
1673 2669 1748 2692 cum
1779 2657 1926 2693 infimum
1962 2660 2126 2705 utriusque

1121 2701 1235 2735 dufftus
1259 2703 1401 2739 osculum
1424 2704 1577 2745 exiguum
1601 2699 1674 2735 esset
1695 2726 1708 2742 ,
1740 2713 1795 2734 nec
1830 2702 1997 2745 specillum
2029 2706 2124 2739 altius

1122 2744 1329 2786 admitteret3
1352 2748 1461 2781 mirari
1475 2744 1550 2779 desii
1564 2770 1576 2786 ,
1597 2757 1670 2779 cum
1694 2758 1710 2778 a
1724 2746 2122 2789 „palpebrisimmiffuruffi

1121 2790 1231 2823 omnia
1255 2800 1393 2834 quatuor
1416 2790 1619 2832 Lacrymalia
1643 2789 1762 2822 Puncta
1779 2790 1911 2836 penitus
1922 2790 2047 2825 occlusa
2059 2792 2124 2835 spe-

1121 2834 1223 2867 davi.
1250 2836 1287 2868 In
1311 2836 1406 2868 altera
1431 2843 1534 2867 autem
1557 2832 1690 2878 foemina
1724 2833 1775 2866 cui
1806 2833 1923 2880 sinistri
1958 2835 2044 2869 oculi
2077 2839 2124 2868 ci-

1126 2877 1190 2916 lia,
1214 2880 1322 2912 omnia
1346 2877 1603 2922 propemodum,
1628 2876 1734 2918 nescio
1759 2887 1849 2919 cujus
1873 2877 1979 2911 morbi
2002 2879 2036 2912 vi
2067 2890 2124 2912 ex-

1123 2919 1287 2961 ciderant,
1311 2923 1442 2956 memini
1467 2921 1548 2954 olim
1572 2920 1759 2961 Lacrymale
1782 2922 1916 2953 alterum
1942 2923 2123 2965 Punc‘tum,

1123 2966 1156 2997 δε
1178 2966 1235 3006 qui
1259 2966 1298 2998 ab
1321 2965 1394 3008 ipso
1417 2966 1554 3007 incipere
1577 2963 1731 3001 debebat,
1756 2964 1993 3005 canaliculum,
2018 2968 2050 2999 δε
2074 2977 2124 2999 re-

1120 3008 1246 3050 liquum
1270 3019 1376 3042 totum
1400 3007 1492 3049 usque
1516 3007 1554 3042 ad
1579 3007 1639 3039 nasi
1662 3007 1779 3040 intima
1802 3006 1938 3041 ductum
1970 3019 2034 3042 non
2065 3021 2123 3042 oc...

1118 3051 1203 3084 clusa
1236 3052 1336 3085 modo
1359 3074 1369 3090 ,
1404 3050 1453 3084 sed
1486 3050 1732 3084 coalescentibus
1774 3051 1948 3094 parietibus
1991 3053 2024 3086 in
2049 3053 2122 3086 soli.

1122 3094 1200 3128 dum
1231 3095 1443 3138 ligamentum
1474 3092 1698 3137 degenerasse3
1730 3094 1865 3129 alterum
1899 3105 2002 3129 autem
2037 3098 2121 3130 Pun-

1119 3138 1207 3172 &um
1232 3151 1304 3172 cum
1330 3139 1384 3173 suo
1408 3138 1586 3172 canaliculo
1608 3149 1672 3171 non
1706 3137 1808 3171 solum
1841 3148 1946 3181 patens
1977 3140 2085 3172 inveni
2109 3165 2121 3182 ‚

1120 3180 1169 3215 sed
1193 3185 1226 3216 δε
1250 3194 1362 3216 cavum
1386 3181 1549 3224 utriusque
1571 3181 1671 3224 duplo
1693 3192 1789 3224 quam
1821 3182 1919 3215 soleat
1941 3205 1953 3222 ,
1985 3182 2081 3216 latius
2104 3208 2119 3225 ,

1119 3226 1239 3268 quippe
1263 3226 1352 3270 quod
1375 3225 1499 3259 subiens
1521 3225 1654 3269 quidem
1678 3223 1793 3258 humor
1817 3247 1827 3264 ,
1858 3223 1909 3258 sed
1941 3225 1988 3257 ibi
2022 3225 2118 3260 subfi-

1117 3268 1193 3302 stere
1216 3268 1315 3302 donec
1346 3268 1455 3311 digito
1488 3271 1720 3312 exprimeretur
1743 3291 1754 3305 ‚
1786 3270 1913 3301 coaetus
1937 3292 1954 3314 ,Ἰ
1978 3270 2024 3306 ΞΠ,
2044 3281 2116 3304 eum

1114 3312 1247 3347 modum
1270 3313 1457 3346 dilataverat
1480 3337 1488 3343 .
1526 3315 1563 3346 In
1596 3313 1660 3345 alio
1693 3321 1796 3345 autem
1819 3322 1882 3344 non
1906 3313 2037 3346 memini
2067 3315 2118 3347 ul..

1116 3355 1183 3390 lam
1227 3355 1316 3391 fuisse
1361 3356 1585 3390 dilatationem
1604 3380 1616 3396 ,
1648 3356 1700 3388 cui
1730 3355 1843 3388 duetus
1878 3364 2008 3399 uterque
2031 3356 2116 3391 infra

1119 3400 1271 3440 Saccum,
1294 3409 1330 3433 ut
1355 3408 1470 3432 vocant
1486 3425 1495 3440 ,
1520 3400 1694 3443 impervius
1718 3399 1851 3431 omnino
1874 3398 1961 3432 fuit.
1986 3401 2116 3442 Optan-

1118 3441 1197 3476 dum
1222 3442 1327 3478 fuisset
1353 3467 1365 3483 ,
1402 3455 1416 3474 a
1440 3454 1560 3486 quanto
1604 3444 1638 3475 in
1684 3440 1813 3484 singulis
1858 3451 2000 3483 tempore
2026 3469 2033 3482 ‚
2081 3447 2114 3477 δι

1119 3497 1196 3521 num
1218 3487 1450 3521 ob'oculorum
1470 3511 1483 3526 ,
1516 3498 1553 3519 an
1586 3484 1650 3518 nafi
1674 3487 1791 3518 interni
1826 3485 2079 3531 inflammatione
2102 3512 2116 3530 ‚

1119 3529 1365 3574 suppuratione,
1390 3531 1620 3576 exulceratione
1642 3528 1710 3562 haec
1733 3528 1914 3562 accidissent
1934 3551 1945 3567 ,
1978 3532 2010 3562 δε
2041 3533 2119 3573 qui-

1117 3573 1174 3609 bus
1197 3586 1269 3610 cum
1290 3574 1506 3609 incommodis
1520 3573 1691 3649 conjungat
1703 3595 1715 3613 ,
1725 3571 1904 3615 pernoscere
1918 3595 1928 3612 ,
1938 3571 1972 3606 id
1986 3572 2073 3649 ῗιῐιῡοά
2083 3576 2118 3609 in

1721 3627 1738 3648 2
1966 3626 1986 3658 p
2002 3627 2016 3649 e
2042 3628 2075 3649 e-

154 3777 169 3794 a
188 3771 196 3799 )
211 3771 284 3794 Cent-
301 3775 323 3792 1.
341 3767 400 3794 obs.
417 3777 456 3799 ²7-
517 3772 532 3801 (
547 3768 560 3793 b
578 3769 592 3798 )

156 3799 389 3861 2³)Y1'nssrisgnzii'
407 3809 477 3864 {251
514 3801 583 3859 fif)
600 3800 657 3826 vid.
674 3801 756 3830 supra,
773 3809 798 3825 n.
818 3809 854 3830 ¹⁹·

238 3848 244 3854 ·
389 3849 394 3855 —
479 3852 485 3860 .
504 3846 515 3868 3
534 3852 541 3859 .

129 3768 142 3865 ΑΑΛ

608 3769 637 3794 ad
655 3769 741 3795 Boerh.
759 3772 840 3797 Meth.
858 3773 929 3797 stud.
946 3771 1016 3796 Med.
1034 3774 1062 3796 P.
1083 3780 1119 3801 14·

1181 3774 1196 3804 (
1211 3782 1222 3798 e
1242 3773 1248 3801 l
1267 3774 1340 3802 Epist.
1357 3782 1397 3802 57.
1413 3780 1436 3796 n.
1456 3780 1478 3801 9.
1541 3771 1556 3799 ί
1571 3769 1587 3793 ri
1602 3769 1615 3797 )
1632 3771 1666 3793 De
1682 3768 1775 3794 Medic.
1793 3771 1812 3793 1.
1829 3778 1853 3799 7.
1871 3777 1893 3794 c.
1912 3776 1937 3797 7.
1956 3775 1979 3792 n.
1996 3775 2018 3797 4.
2038 3768 2060 3792 8:
2080 3774 2103 3797 5·

917 3802 932 3832 (
944 3811 963 3832 a
979 3802 992 3830 )
1009 3803 1069 3827 Seet.
1086 3803 1131 3827 hae
1149 3805 1184 3830 18,
1202 3805 1252 3834 post
1267 3805 1324 3830 obs.
1345 3812 1383 3834 33.
1400 3803 1506 3834 append.
1527 3810 1548 3828 1.
1566 3801 1589 3826 δι
1604 3800 1687 3826 Schol.
1703 3800 1733 3825 ad
1753 3799 1813 3825 obs.
1832 3808 1852 3826 i·
1869 3800 1896 3825 in
1913 3798 2039 3824 Additum.

603 3834 613 3865 (
629 3832 640 3855 i
655 3831 669 3860 )
685 3830 755 3857 Blasii
771 3831 829 3857 Obs.
844 3832 913 3857 Med.
930 3832 993 3857 Tab.
1013 3841 1035 3862 9·
1052 3832 1106 3863 Fig.
1124 3841 1162 3859 ιο.
