2498 4075
424 88 484 136 72

352 155 475 188 caeteris
497 154 560 189 fere
583 153 731 188 omnibus
753 165 822 199 quae
846 152 995 188 adnotata
1020 154 1092 186 sunt
1114 178 1125 194 ,
1147 153 1170 187 fi
1193 165 1257 188 non
1279 165 1354 188 cau-

357 207 442 234 lam,
469 208 500 232 at
524 199 590 230 vim
615 198 722 230 saltem
746 209 814 241 quae
839 196 876 231 ad
901 195 1213 239 iuvandamcausam
1236 198 1351 230 valeret

359 241 424 283 ejus
449 241 485 274 de
511 254 573 288 qua
599 241 784 283 loquimur,
807 239 985 284 epilepfiae,
1007 240 1154 282 inquiri,
1176 244 1208 274 &
1230 239 1351 281 conjici

355 285 461 325 posse,
484 285 623 327 suspicor
651 295 662 322 3
694 284 818 317 causam
842 292 947 317 autem
980 283 1171 331 praecipuam
1205 281 1288 326 poffe
1320 284 1353 316 in

356 339 435 369 aqua
459 330 539 371 poni
563 338 633 370 quae
657 328 691 358 in
714 327 1037 371 ventriculisinventa
1060 325 1120 364 est,
1145 328 1249 360 hveea
1272 327 1355 360 mul-

354 379 388 403 ta
413 372 445 403 in
467 373 560 408 vivo,
585 369 638 403 seu
683 381 758 403 auca
780 370 896 404 suerit.
921 368 1021 401 Fuisse
1048 377 1152 404 autem
1173 369 1308 403 multam
1321 371 1354 404 in

332 419 336 427 ’
354 414 538 455 hydropico
552 438 560 452 ,
584 414 652 445 veri
668 415 755 447 imile
779 413 821 446 est
843 425 851 444 =
876 409 963 455 quod
987 410 1113 446 videtur
1133 412 1319 446 confirmare
1342 436 1355 454 ,

358 457 493 490 Willisii
516 468 645 500 quoque
678 461 687 496 (
713 458 731 498 l<
752 461 766 497 )
788 455 912 499 judicio
931 478 942 495 ‚
978 455 1129 497 plexuum
1151 455 1356 490 Choroidum

355 500 479 542 pallor,
506 511 679 544 eorumque
702 524 709 537 ,
733 503 764 532 &
788 499 930 531 Fornicis
953 498 1067 531 laxitas
1091 520 1100 536 ‚
1135 499 1247 539 &Villa
1268 498 1355 541 quasi

352 543 493 585 gelmirez
517 543 632 585 species
657 542 712 577 sub
734 543 843 575 Tenui
868 542 1014 584 meninge
1034 566 1041 572 .
1077 542 1150 574 Nec
1173 553 1246 574 vero
1268 542 1349 576 illud

353 586 455 620 obstat
469 611 480 628 ‚
503 585 590 629 quod
612 597 708 628 pauca
732 596 810 626 aqua
834 586 917 617 intra
939 586 1084 617 cranium
1099 586 1221 618 mortui
1245 596 1350 628 repet-

351 640 383 662 ta
408 629 465 663 sit.
491 630 594 663 Facile
618 630 700 661 enim
723 628 832 669 potuit
857 639 931 661 cum
957 639 972 660 a
991 628 1167 660 cervicibus
1189 636 1285 669 caput
1297 628 1349 661 ab·

352 673 549 711 scinderent,
572 673 677 706 multo
701 672 840 704 maxima
865 683 951 713 aquae
977 680 1046 713 pars
1069 681 1124 713 per
1146 670 1259 704 tubum
1281 682 1351 704 ver-

352 717 511 749 tebrarum
537 714 683 750 effluere.
710 713 810 754 Qod
833 713 855 746 fi
880 714 983 747 multa
1005 715 1107 755 igitur
1129 711 1194 748 fuit
1214 725 1227 753 ;
1257 722 1351 748 tanto

352 762 452 799 magis
477 759 634 801 premebat
660 758 768 790 laxum
790 758 959 789 fornicem
979 781 987 795 ‚
1011 765 1132 798 quanto
1154 758 1255 798 magis
1278 758 1352 790 reli-

348 799 417 847 qua*
431 802 548 836 cerebri
573 801 742 835 substantia
762 823 771 839 ,
803 800 924 842 quippe
946 811 1038 842 aequo
1060 798 1171 833 durior
1191 824 1201 840 ,
1235 799 1352 835 refistc-

351 849 406 880 bat
420 868 428 882 ‚
455 853 637 887 quantoque
661 844 765 876 minus
787 843 828 874 in*
845 843 1099 876 ventriculorum
1121 853 1200 876 cavo
1219 867 1228 882 ‚
1263 844 1351 887 quod

350 899 464 923 caetero
491 889 545 921 uin
569 885 736 920 secundum
759 893 903 919 naturam
926 908 935 923 ‚
959 885 982 918 fi
1004 897 1069 919 non
1094 908 1107 926 ‚
1138 885 1228 929 quod
1251 888 1351 930 aliqui

349 900 548 966 contendunt
578 953 586 970 ,
610 930 733 963 nullum
753 939 766 968 ‚¹
798 937 829 961 at
852 939 934 963 certe
969 930 1118 972 exiguum
1142 940 1243 962 revera
1274 930 1315 964 est
1337 955 1346 969 ,

351 985 474 1019 quanto
498 997 507 1012 ,
545 975 676 1016 inquam
700 998 709 1013 ‚
740 972 844 1006 minus
866 974 899 1005 in
931 985 968 1006 eo
991 984 1068 1006 cavo
1091 983 1157 1006 erat
1190 973 1283 1015 spatii
1306 975 1350 1007 ob

350 1018 503 1061 majorem
527 1018 658 1051 alterius
681 1016 950 1059 Str-iaticorporis
973 1016 1267 1060 protuberantiam,
1289 1015 1351 1051 sive

348 1062 417 1096 haec
452 1074 467 1094 a
490 1059 677 1104 primordiis
700 1059 802 1093 fuerat
828 1083 840 1100 ,
874 1059 936 1093 ssve
971 1059 1073 1102 postea
1111 1069 1244 1102 propter
1276 1060 1351 1095 illos

351 1117 473 1148 poros,
498 1105 583 1138 intus
606 1102 733 1137 additos
752 1127 764 1143 ,
796 1103 836 1136 sic
859 1112 1035 1136 excreverat
1057 1114 1065 1135 .·
1098 1103 1351 1139 ventriculorum

352 1158 457 1183 autem
481 1147 598 1181 cerebri
624 1148 658 1179 in
681 1147 857 1189 epileptico
879 1147 974 1179 nimis
996 1145 1190 1189 angustorum
1211 1146 1352 1189 aliquam

352 1203 445 1236 potes
466 1192 500 1224 in
525 1190 737 1233 Sepulchrcto
759 1189 1022 1223 Observationem
1053 1192 1066 1228 (
1088 1189 1100 1222 l
1121 1192 1135 1229 )
1167 1188 1319 1231 inspicere
1342 1215 1350 1223 .

487 1232 545 1266 Sed
572 1234 593 1265 fi
620 1235 744 1274 mavis,
769 1245 857 1276 aquae
880 1231 964 1265 nihil
987 1245 1003 1265 e
1025 1233 1134 1265 cranio
1157 1231 1318 1266 defluxisse
1340 1257 1353 1275 ‚

357 1283 388 1313 ἃ
414 1279 462 1311 vel
489 1278 521 1309 in
543 1278 671 1310 vivente
695 1287 827 1318 paucam
851 1275 940 1309 fuisse
966 1287 977 1314 3
1000 1275 1060 1308 hac
1082 1286 1209 1323 quoque
1231 1278 1355 1310 ratione

355 1321 446 1356 causa
473 1318 529 1354 esse
554 1320 712 1363 precipua
737 1320 844 1360 potuit
870 1318 958 1352 istius
980 1319 1160 1361 epilepsiae,
1184 1330 1254 1362 quae
1267 1331 1358 1353 nem-

358 1378 399 1410 pe
422 1363 495 1400 esset
518 1375 592 1397 cnm
616 1363 820 1404 proclivitate
835 1362 873 1395 ad
897 1362 1065 1403 somnum,
1089 1365 1207 1396 &cum
1230 1373 1263 1397 ea
1286 1375 1357 1406 quae

352 1410 434 1444 hanc
459 1407 524 1441 fere
547 1407 752 1453 consequitur
767 1429 779 1446 >
802 1404 985 1446 desipientia
1006 1429 1016 1444 ,
1049 1414 1102 1439 aut
1124 1406 1224 1448 specie
1247 1406 1357 1440 saltem

356 1452 550 1495 desipientiae
586 1450 757 1493 conmutata
783 1448 823 1481 sic
856 1448 952 1482 ferme
978 1473 988 1488 ,
1020 1449 1113 1482 utin
1146 1449 1355 1483 somnolentis

355 1496 498 1531 videmus
520 1520 526 1525 .
563 1495 651 1527 Nam
674 1503 709 1526 ut
735 1503 830 1534 pauca
854 1504 932 1536 aqua
955 1493 1124 1525 Fornicem
1155 1494 1260 1526 minus
1284 1504 1354 1536 pre-

352 1549 449 1574 meret
476 1551 485 1577 5
512 1537 573 1579 jam
597 1537 702 1569 laxum
727 1545 831 1569 tamen
855 1537 955 1579 magis
978 1535 1102 1568 laxabat
1126 1558 1136 1574 ,
1170 1548 1267 1579 eoque
1292 1537 1354 1569 ho-

354 1587 474 1617 minem
500 1579 746 1613 somniculosum
771 1579 871 1612 facere
896 1587 1040 1621 poterat.
1103 1581 1135 1611 ui
1156 1578 1170 1612 ?
1193 1580 1318 1622 inquies
1342 1603 1350 1610 .

356 1627 530 1660 Nimirum
553 1625 625 1666 quia
650 1634 723 1655 cum
747 1622 819 1656 usus
842 1623 988 1656 Fornicis
1013 1622 1133 1663 lateat,
1155 1621 1237 1656 nihil
1252 1623 1354 1666 suspi—

354 1671 420 1704 cari
445 1678 530 1704 vetat
554 1665 612 1699 esse
636 1665 811 1708 ejusmodi,
837 1675 872 1698 ut
894 1665 917 1698 'si
944 1666 1048 1698 laxior
1071 1665 1109 1699 fit
1130 1688 1142 1704 ‚
1176 1665 1353 1699 dormitare

353 1720 521 1757 oporteat.
548 1711 616 1744 Hic
638 1708 738 1751 jocari
760 1720 808 1742 me
834 1708 918 1742 sorte
941 1708 1044 1743 credes
1068 1734 1074 1741 .
1109 1709 1211 1752 Atqui
1236 1710 1282 1742 ita
1305 1709 1355 1752 jo-

357 1769 415 1791 cor
436 1781 448 1796 ,
481 1765 518 1789 ut
543 1752 733 1787 contendam
755 1779 763 1793 ,
795 1753 953 1785 neminem
977 1760 1081 1785 tamen
1105 1751 1161 1786 esse
1185 1752 1241 1795 qui
1266 1753 1356 1796 possit

358 1811 460 1835 meam
497 1797 595 1840 reipsa
620 1795 729 1829 salsam
761 1795 818 1829 esse
842 1795 1050 1838 suspicionem
1070 1819 1082 1835 ,
1115 1794 1325 1829 demonstrare
1349 1821 1357 1830 .

359 1844 418 1879 Sed
442 1841 617 1877 auferamus
645 1840 733 1878 ἐπεὶ
757 1838 886 1882 quando
909 1838 1143 1872 &dormitatio
1166 1840 1263 1881 repeti
1289 1838 1357 1872 for-

358 1887 431 1921 tasse
455 1884 557 1928 potest
586 1884 622 1916 ab
647 1884 701 1916 illa
724 1893 818 1925 quarn
841 1881 931 1916 fuisse
954 1881 1093 1915 vidimus
1117 1884 1151 1915 in
1174 1880 1254 1916 vasis·
1273 1894 1357 1915 cere-

356 1932 430 1971 bri,
455 1929 615 1972 sanguinis
639 1927 797 1968 paucitate
820 1949 829 1963 ,
866 1928 898 1958 ἃ
922 1924 995 1958 satis
1017 1923 1071 1958 hic
1095 1925 1137 1958 est
1156 1947 1166 1962 ‚
1198 1926 1357 1967 explicata

358 1975 423 2019 jam
448 1973 524 2007 alibi
552 1983 568 2005 a
590 1971 682 2004 nobis
707 1969 961 2008 dormitatione,
983 1968 1063 2002 illud
1085 1967 1245 2001 ostendere
1269 1967 1357 2011 quod

358 2030 457 2053 unum
482 2018 515 2050 in
540 2014 747 2049 Nosocomio
769 2022 896 2056 quoque
920 2021 996 2045 tunc
1007 2010 1235 2045 ostendendum
1259 2011 1358 2045 susce-

360 2064 491 2106 pimus,
519 2058 558 2092 ab
579 2057 635 2091 ista
659 2060 719 2090 sive
744 2056 870 2097 multa,
891 2054 943 2089 seu
966 2065 1063 2099 pauca
1076 2067 1155 2100 aqua
1178 2053 1359 2099 epilepsiam

365 2105 502 2150 potuisse
527 2103 680 2136 excitari.
1256 2121 1258 2123 .

408 2160 456 2182 11.
484 2150 569 2180 Cum
593 2145 679 2178 enim
703 2156 736 2178 ea
760 2156 829 2187 quae
852 2142 941 2186 supra
967 2152 1140 2177 memorata
1161 2143 1256 2183 sunt,
1277 2142 1361 2175 niul-

363 2204 405 2226 tse
429 2203 500 2235 quae
535 2187 707 2233 praefuisset
728 2209 740 2229 >
771 2199 860 2229 aqua:
892 2187 1012 2219 indicia
1043 2186 1264 2220 enumerasl'em
1283 2210 1295 2227 ,
1328 2188 1361 2218 δε.

361 2235 451 2270 causa
475 2233 636 2275 exempli,
657 2231 824 2274 quomodo
836 2229 1134 2264 secundumBellini
1157 2234 1171 2271 (
1193 2241 1223 2264 m
1245 2233 1258 2270 )
1281 2229 1361 2269 dog-

362 2289 447 2314 mata
462 2303 469 2317 ‚
495 2277 533 2310 ab
556 2277 653 2309 nimia
681 2275 824 2308 humoris
847 2275 940 2316 copia
964 2272 1063 2306 modo
1085 2272 1145 2307 hos
1166 2272 1298 2314 ‚ssmodo
1323 2273 1361 2303 il-

363 2325 412 2358 los
437 2332 550 2355 nervos
572 2329 627 2352 aut
650 2318 858 2351 contrahente
880 2340 892 2357 ,
924 2326 975 2349 aut
999 2317 1122 2349 laxante
1146 2318 1245 2358 repeti
1270 2314 1361 2358 possit

364 2365 510 2410 epilepsia
537 2363 585 2395 vel
610 2362 695 2396 nulla
721 2359 820 2401 pofita
844 2361 876 2391 vi
898 2358 1016 2393 stimuli
1039 2382 1051 2398 ,
1084 2358 1266 2392 indicassem
1288 2371 1299 2397 3
1322 2359 1363 2390 il-

366 2410 423 2444 lud
447 2410 603 2443 alterurn3
631 2404 875 2448 prohibentibus
899 2403 1052 2444 temporis
1065 2402 1214 2443 angustiis
1237 2413 1291 2434 vix
1315 2410 1363 2432 at-

365 2455 431 2497 tigi
454 2476 465 2492 ,
499 2450 655 2485 nimirum
679 2449 711 2479 vi
735 2458 839 2481 tamen
863 2446 958 2479 etiarn
990 2445 1113 2491 stimuli
1135 2446 1267 2477 excitari
1292 2443 1362 2486 pros-

365 2498 395 2532 se
417 2521 429 2537 ³
463 2499 493 2529 ὃς
521 2495 554 2526 in
579 2490 747 2534 propossto
772 2489 964 2524 adolescente
988 2488 1123 2530 potuisle
1144 2511 1155 2525 ‚
1188 2488 1361 2530 praesertim

365 2553 440 2575 cum
463 2536 620 2571 indicium
642 2534 763 2568 stimuli
788 2544 852 2566 non
875 2531 1010 2571 deesset,
1033 2531 1118 2574 quod
1142 2533 1173 2564 δι
1197 2531 1244 2563 ibi
1267 2530 1335 2563 dixi
1351 2553 1361 2568 ,

366 2583 524 2618 subflavus
556 2579 704 2613 videlicet
729 2589 816 2620 aquae
847 2574 967 2609 color}
1000 2575 1045 2607 Et
1070 2573 1137 2607 sane
1171 2575 1255 2607 inter
1288 2574 1364 2606 illos

368 2629 464 2662 etiam
487 2624 635 2659 Medicos
657 2622 713 2663 qui
737 2631 808 2653 ante
832 2619 1024 2652 recentiores
1038 2617 1237 2657 floruerunt,
1259 2619 1292 2650 in
1315 2629 1365 2649 ea-

369 2671 441 2705 dem
475 2668 535 2702 hac
560 2666 623 2700 fuit
661 2665 814 2698 sententia
849 2674 913 2706 prae
946 2662 1073 2708 caeteris
1092 2662 1230 2693 saxonia
1263 2659 1365 2693 noster

368 2719 382 2755 ζ
405 2727 423 2747 η
445 2718 480 2755 ).
509 2712 578 2749 Qui
601 2720 674 2743 cum
697 2707 903 2750 epilepticam
934 2705 1169 2739 convulsionem
1194 2715 1233 2737 ex
1256 2705 1368 2737 irrita-

368 2766 479 2792 mento
501 2753 672 2788 deduceret
695 2751 882 2785 membranae
905 2748 1011 2783 tenuis
1025 2770 1037 2787 ,
1059 2746 1179 2780 cerebri
1203 2748 1367 2781 ventricu-

368 2803 419 2835 los
442 2798 675 2837 summamus,
698 2796 776 2828 illuc
800 2792 965 2836 processit,
991 2800 1025 2824 ut
1039 2790 1207 2827 scriberet.
1232 2802 1368 2833 aquam,

368 2843 530 2879 dummodo
551 2836 611 2873 {zon
629 2840 674 2881 fit
694 2837 835 2881 permista
847 2848 916 2870 cum
933 2836 1025 2878 succo
1036 2833 1162 2882 biliosa,
1184 2836 1226 2867 VJ·
1243 2842 1370 2876 propte-

370 2901 422 2924 rea
445 2897 503 2919 non
520 2883 563 2927 fir
585 2883 696 2916 coloris
713 2879 794 2923 flavi
806 2903 816 2919 ‚
839 2887 895 2912 aut
914 2878 1049 2915 vindis,
1073 2887 1130 2910 non
1145 2874 1252 2920 facere
1275 2877 1369 2919 epile-

365 2932 485 2976 psiam.
621 2926 745 2958 Verum
768 2922 809 2957 es’t
832 2920 961 2965 quidem
983 2945 996 2961 ,
1029 2932 1092 2953 non
1115 2932 1185 2953 raro
1215 2922 1249 2952 in
1271 2920 1369 2961 epile-

373 2977 540 3019 pticorum
560 2968 721 3013 capitibus
745 2967 875 3008 reperiri
892 2965 1068 3008 stagnantes
1091 2975 1187 3006 aquas
1210 2964 1341 2996 citriuas
1358 2988 1368 3002 ‚

367 3019 471 3063 serum
488 3015 608 3059 flavum
631 3012 672 3046 (θ’
694 3021 782 3047 acre,
808 3008 965 3051 lympham
981 3006 1184 3049 subfulvam‚
1199 3005 1281 3048 salis
1303 3017 1369 3039 mo-

371 3073 403 3096 re
419 3059 589 3102 ferientem
612 3056 771 3097 linguam,
791 3053 895 3095 serum
917 3052 1086 3087 ciri-inum,
1109 3060 1144 3083 ut
1157 3060 1248 3092 potes
1273 3049 1371 3081 velex

372 3104 476 3138 nostra
500 3101 557 3135 hac
584 3097 785 3140 Sepulchreti
810 3096 955 3140 Sestione
977 3096 991 3132 <
1014 3104 1030 3126 ο
1051 3097 1065 3134 )
1089 3093 1285 3136 intelligere.
1311 3090 1369 3125 Sed

376 3157 480 3182 tamen
513 3144 648 3177 saxonia
672 3140 750 3174 scire
783 3138 936 3173 debuislet
958 3160 969 3177 ‚
1001 3137 1172 3170 Coiterum
1195 3136 1370 3169 Anatomi-

375 3202 449 3225 cum
472 3188 541 3222 sane
564 3183 847 3229 praestantiffimum
872 3182 904 3215 in
929 3179 1113 3222 Epilepticis
1137 3180 1297 3213 multoties
1319 3178 1370 3211 νὶ-

378 3233 448 3279 djffi
473 3244 487 3264 a
514 3241 586 3264 uam
603 3228 738 3271 fimilem
761 3225 827 3270 ejus
849 3235 945 3268 quarn
969 3224 1010 3271 *in
1034 3223 1106 3272 aliis
1128 3234 1167 3255 ex
1197 3223 1300 3265 capite
1321 3221 1370 3253 la-

376 3278 504 3311 boranti
531 3285 565 3307 us
589 3273 748 3304 invenerat
765 3293 774 3308 ‚
800 3269 862 3302 hoc
886 3267 927 3300 est
950 3266 1111 3307 lzmpzdam
1130 3290 1139 3304 ,
1161 3273 1305 3305 tenuem,
1327 3265 1371 3297 Θ·

377 3330 513 3363 puram,
539 3316 679 3355 hancque
698 3313 817 3356 pluries
839 3322 930 3354 quam
947 3307 1062 3351 flavam
1089 3335 1096 3348 ‚
1120 3308 1172 3342 ‘vel
1194 3308 1251 3342 bili
1274 3306 1371 3341 colore

374 3362 531 3407 fimssem,
553 3357 641 3403 quod
664 3359 695 3390 δε
716 3359 750 3390 in
775 3355 880 3389 eadem
904 3353 1049 3386 Sestione
1071 3355 1159 3401 (p)
1182 3351 1274 3398 habes
1292 3374 1304 3391 ,
1336 3358 1373 3383 ut

379 3407 445 3439 illis
481 3413 623 3448 opponas
647 3412 715 3444 quae
749 3399 844 3443 paulo
867 3396 936 3441 post
966 3407 1003 3429 ex
1036 3396 1171 3429 Saxonia
1203 3398 1373 3440 sequuntur

973 46 1129 128 Liber
1162 75 1202 128 1.
1234 75 1318 129 De
1356 74 1564 128 Morbis
1598 72 1805 138 Capitis
1834 74 1837 76 ’

1404 150 1485 186 Obs.
1509 152 1597 185 XIX.
1623 155 1656 185 δε
1678 152 1850 195 praesertim
1873 148 1940 194 ejus
1964 147 2176 193 pronuntiato
2190 147 2277 196 quod
2301 150 2397 192 paulo

1403 203 1475 227 ante
1508 194 1716 236 produximus
1736 218 1749 236 ,
1780 197 1812 228 &
1842 194 1878 226 in
1909 192 2059 235 subjectis
2091 192 2143 225 illi
2167 194 2396 226 Observationi
2450 204 2451 207 ¹

1403 236 1544 271 Scholiis
1566 239 1684 280 pariter
1706 238 1789 278 leges
1812 261 1821 269 .
1844 238 1897 270 Ex
1918 237 2026 270 colore
2047 235 2151 277 igitur
2181 234 2363 270 flavescente
2383 260 2399 277 ,

1402 292 1478 314 cum
1501 292 1590 324 aquae
1613 281 1714 320 inest«,
1734 280 1900 314 stimulum
1921 279 2055 323 quidem
2076 277 2155 311 huic
2177 277 2273 311 inesse
2285 302 2298 319 ,
2319 290 2397 312 con-

1405 323 1551 366 jicimus3
1575 323 1625 356 sed
1650 334 1713 356 non
1738 334 1847 358 omnes
1868 322 1984 366 quibus
2006 321 2168 355 stimulare
2189 320 2279 364 posfit
2301 344 2313 361 ‚
2346 333 2398 355 ra-

1405 365 1570 405 tionestad
1594 367 1685 401 illurn
1706 377 1806 401 unum
1827 366 1969 399 colorem
1991 362 2235 399 contrahimus.
2261 366 2350 399 Nam
2362 363 2398 398 id

1406 421 1474 443 acre
1488 434 1497 449 ‚
1517 407 1551 443 id
1567 409 1647 452 salis
1669 420 1751 443 more
1768 406 1889 451 feriens
1911 408 2070 451 linguam,
2091 406 2179 452 quod
2202 406 2302 441 modo
2325 419 2397 442 rne-

1407 453 1626 492 rnorabamus,
1647 453 1695 485 vel
1718 453 1751 485 in
1774 463 1854 495 aqua
1886 451 2021 494 limpida
2051 451 2146 484 latere
2170 449 2254 493 posse
2277 472 2288 488 ‚
2323 452 2395 494 quis

1405 494 1555 530 dubitet?
1578 494 1679 531 Vides
1700 503 1784 529 certe
1806 497 1840 528 in
1872 493 1965 536 hujus
1985 495 2142 529 See‘tionis
2165 493 2398 528 Observatione

1404 541 1479 573 XV.
1504 537 1645 572 morbum
1660 537 1857 573 ‘comitialem
1879 536 1918 571 ab
1940 536 2066 572 humore
2096 537 2247 580 limpido,
2273 536 2371 571 calido
2383 561 2397 579 ,

1400 584 1443 617 (θ’
1458 581 1562 625 salso,
1585 592 1669 623 aquae
1684 579 1786 624 fortis
1807 578 1972 623 aurificum
1994 580 2100 614 aemulo
2110 589 2324 621 nonnunquam
2349 591 2400 613 or-

1402 633 1493 659 tum:
1519 626 1617 667 ne'Que
1639 626 1673 657 in
1695 625 1789 657 XIII.
1817 622 2052 657 Observatione
2075 622 2276 666 Mangoltius
2296 645 2310 662 ‚
2342 634 2398 658 aut

1401 671 1435 701 in
1457 667 1551 702 XVI.
1574 669 1788 710 Hippocrates
1819 666 1927 699 colore
1950 666 2102 700 infestam
2134 678 2150 700 a
2175 677 2249 699 uam
2272 677 2398 700 memo-

1401 719 1473 745 rant
1493 723 1563 754 quae
1586 710 1698 744 fecerit
1719 707 1922 753 epilepsiam3
1945 709 1994 744 sed
2016 708 2072 743 hic
2094 711 2149 754 qui
2173 720 2223 742 ern
2244 710 2399 752 pituitam

1402 756 1437 787 in
1460 755 1542 787 male
1564 755 1672 788 olente
1696 753 1825 787 cerebro
1846 753 2015 787 credentem
2038 752 2333 795 &colliquantem
2356 755 2400 787 il-

1402 799 1430 830 le
1453 809 1528 830 vero
1553 797 1609 830 seri
1627 796 1767 839 saporem
1788 805 1909 836 acrem,
1924 794 2126 836 subacidum,
2148 795 2312 839 &salsum
2321 821 2335 838 ,
2357 802 2399 835 &-

1397 852 1514 883 parum
1535 842 1710 875 exedentem
1733 848 1891 882 repertum
1914 839 2025 872 scribit
2045 863 2053 872 .
2087 841 2204 883 Itaque*
2222 849 2296 872 cum
2330 841 2399 874 Sle-

1403 885 1550 926 vogtiurn
1573 886 1586 923 (
1608 895 1626 926 q
1650 887 1659 921 )
1695 883 1776 925 leges
1800 884 1833 915 in
1855 893 1931 915 cane
1965 881 2140 925 epileptico
2161 893 2276 925 aquam
2307 885 2401 919 citri-

1401 938 1473 962 nam
1495 935 1587 969 atque
1610 924 1766 961 turbidam
1798 924 1837 958 ad
1860 925 1979 958 cerebri
2009 926 2199 959 ventriculos
2221 926 2365 968 reperisse
2387 952 2400 966 ,

1396 980 1456 1004 >aut
1480 971 1514 1003 in
1536 970 1683 1004 Caesareae
1694 969 1873 1003 Academiae
1889 967 2157 1011 Ephemeridibus
2178 974 2193 1009 ζ
2214 980 2230 1002 r
2250 972 2265 1009 >
2287 970 2320 1002 in
2333 971 2402 1013 epi.

1402 1014 1529 1056 septicis
1553 1025 1674 1056 puero,
1696 1016 1728 1046 &
1751 1014 1823 1045 viro
1844 1012 1981 1058 multum
1997 1011 2268 1055 seriflavescentis
2290 1014 2398 1055 intra,

1401 1066 1459 1090 aut
1482 1057 1563 1089 circa
1586 1057 1748 1090 cerebrum
1772 1055 1937 1089 occurrisse
1958 1066 1969 1093 5
2003 1066 2067 1088 non
2090 1057 2189 1097 magis
2212 1056 2245 1088 in
2269 1055 2320 1089 his
2342 1057 2401 1092 esse

1403 1097 1539 1141 potuisse
1561 1098 1723 1134 stimulum
1745 1098 1897 1138 credito,
1918 1109 2013 1141 quarn
2036 1097 2090 1132 ubi
2101 1109 2140 1131 ex
2161 1097 2278 1133 iisdem
2288 1100 2399 1143 Ephe.

1404 1142 1576 1176 meridibus
1599 1142 1680 1187 (s)
1704 1143 1801 1182 scies,
1823 1142 1910 1175 intra
1934 1141 2100 1174 cerebrum
2122 1139 2243 1184 juvenis
2265 1166 2275 1181 ,
2306 1145 2401 1178 item-

1403 1198 1464 1229 que
1488 1186 1599 1229 puellae
1620 1209 1634 1226 ,
1666 1189 1698 1219 &
1721 1184 1854 1218 infantis
1877 1185 2052 1227 plurimum
2074 1184 2205 1227 lymphae
2235 1185 2326 1220 fuisse
2349 1189 2402 1220 in-

1406 1239 1554 1265 ventum,
1578 1231 1698 1272 quippe
1720 1240 1811 1275 quae,
1835 1227 1858 1260 fi
1881 1238 1946 1261 non
1964 1227 2076 1270 procul
2097 1227 2190 1262 dubio
2213 1253 2225 1270 ,
2256 1239 2291 1263 ut
2315 1231 2402 1264 Ger-

1406 1273 1516 1306 bezius
1541 1271 1662 1307 ibidem
1683 1272 1828 1310 censuit3
1852 1279 1882 1304 at
1907 1281 1969 1304 non
1990 1269 2052 1303 fine
2075 1281 2189 1313 magna
2211 1274 2278 1305 veri
2310 1273 2402 1312 fimi-2

1408 1314 1545 1350 litudine
1567 1317 1650 1348 acris
1673 1314 1756 1349 fuit.
1783 1314 1897 1354 Quid,
1920 1313 1942 1346 si
1967 1325 2045 1357 aqua
2056 1314 2104 1347 vel
2128 1313 2191 1348 sola
2212 1317 2306 1359 copia
2328 1318 2402 1351 irri-

1407 1368 1474 1393 tare
1497 1357 1630 1402 potest?
1669 1358 1728 1392 Sed
1752 1356 1813 1391 five
1836 1358 1938 1392 multa
1962 1356 2000 1390 fit
2020 1380 2030 1396 ‚
2065 1356 2127 1390 five
2150 1368 2246 1400 pauca
2265 1383 2277 1400 ‚
2300 1360 2403 1395 modo

1408 1412 1460 1436 aut
1484 1413 1572 1435 mora
1591 1425 1604 1441 ‚
1634 1412 1688 1435 aut
1712 1401 1928 1445 simulantibus
1962 1399 2202 1444 cujusquemodi
2233 1405 2406 1445 particulis
2430 1412 2433 1414 ’

1408 1444 1525 1479 additis
1549 1444 1681 1478 subinde
1703 1444 1875 1489 pluribus,
1897 1453 1950 1478 aut
1974 1444 2177 1486 paucioribus
2190 1449 2405 1489 proportione

1409 1488 1449 1522 ad
1471 1499 1558 1530 aquae
1578 1490 1706 1531 copiam
1728 1499 1799 1532 quae
1822 1497 1898 1521 tunc
1920 1487 1963 1521 est
1982 1511 1995 1527 ,
2029 1490 2061 1521 &
2086 1488 2124 1522 ad
2146 1489 2404 1526 membranarum

1409 1534 1509 1574 magis
1531 1530 1672 1564 minusve
1695 1531 1853 1564 tensarum
1876 1530 2171 1569 sensum,‘irritans
2194 1531 2270 1572 fiat5
2294 1534 2369 1568 satis
2390 1558 2405 1576 ‚

1407 1585 1461 1609 aut
1484 1586 1545 1617 ego
1566 1573 1695 1617 quidem
1727 1575 1900 1617 plurimum
1924 1573 2020 1607 fallor
2035 1596 2049 1614 ‚
2081 1574 2222 1618 intelligi
2256 1577 2367 1612 licebit
2391 1602 2405 1619 ‚

1404 1631 1465 1661 qua
1490 1620 1612 1651 ratione
1634 1627 1710 1651 tunc
1734 1617 1826 1660 poffit
1846 1617 2046 1661 comitialem
2069 1618 2219 1654 morbum
2241 1623 2406 1662 excitare,

1405 1661 1548 1704 illudque
1569 1662 1664 1693 etiam
1689 1660 1820 1694 fortassis
1830 1684 1843 1701 ‚
1865 1662 1921 1703 qui
1944 1658 2068 1694 fastum
2089 1659 2152 1703 fit,
2173 1672 2210 1697 ut
2229 1663 2400 1708 proposito

1407 1704 1597 1739 adolescenti
1619 1715 1693 1737 cum
1717 1705 1806 1738 urina
1830 1711 1919 1736 mota
1942 1703 1984 1736 est
2009 1726 2017 1740 ‚
2051 1713 2127 1737 tunc
2152 1708 2294 1748 primum
2319 1709 2408 1741 acci-

1407 1748 1488 1781 derit
1522 1746 1668 1789 epilepsia
1692 1751 1756 1780 non
1790 1746 1873 1780 secus
1898 1758 1932 1780 ac
1967 1748 2094 1789 Poggio
2117 1750 2131 1786 (
2154 1755 2169 1781 t
2189 1752 2204 1789 )
2226 1749 2317 1784 simul
2352 1752 2407 1784 lo-

1408 1793 1517 1832 tium,
1540 1788 1631 1823 simul
1655 1790 1830 1824 insultuurn
1856 1791 1906 1823 vis
1929 1790 2124 1832 augebatur5
2147 1791 2306 1827 subdusto
2317 1794 2409 1828 vide-

1408 1836 1484 1868 licet
1509 1835 1639 1867 humore
1664 1845 1729 1876 quo
1752 1834 1944 1867 stimulantia
1954 1833 2164 1876 corpuscula,
2186 1844 2406 1881 quaecunque,

1409 1889 1462 1913 aut
1485 1877 1666 1920 ubicunque
1689 1889 1722 1910 ea
1735 1877 1854 1917 essent,
1875 1876 2101 1917 diluebantur,
2124 1889 2247 1921 quanto
2270 1880 2325 1914 ille
2341 1892 2411 1914 ma-

1407 1924 1457 1965 gis
1479 1921 1696 1961 decrescebat,
1720 1931 1812 1954 tanto
1835 1919 1954 1954 horum
1975 1920 2058 1953 vires
2081 1923 2184 1964 magis
2216 1922 2409 1959 videbantur

1408 1964 1578 1999 increscere
1605 1989 1612 1996 .
1649 1966 1747 1996 Certe
1770 1973 1871 1998 autem
1906 1963 1996 1997 causa
2020 1965 2104 1997 tanti
2138 1965 2244 1999 morbi
2268 1979 2333 2001 non
2369 1979 2411 2002 ex

1410 2009 1493 2043 mole
1512 2030 1524 2048 ‚
1558 2007 1610 2041 sed
1633 2018 1671 2039 ex
1708 2009 1740 2039 vi
1764 2006 1943 2041 estimanda
1967 2005 2010 2040 est
2032 2032 2038 2038 .
2062 2008 2116 2041 Sic
2137 2010 2298 2043 Fernelius
2319 2014 2333 2049 (
2355 2022 2374 2044 u
2396 2015 2414 2050 2

1409 2052 1489 2086 altas
1510 2051 1592 2084 circa
1613 2051 1768 2091 meninges
1786 2073 1797 2088 ,
1822 2051 1902 2083 alias
1926 2050 1957 2083 in
1981 2049 2096 2084 cerebri
2110 2050 2282 2093 substantia
2301 2053 2412 2096 putri-

1411 2097 1480 2128 dam
1503 2093 1656 2135 quandam
1690 2092 1943 2135 &glutinosam
1968 2091 2090 2134 fimiem
2115 2092 2199 2136 fizbae
2230 2097 2410 2138 quantitate

1409 2135 1617 2183 deprehendit
1636 2160 1646 2175 ,
1678 2145 1742 2176 quae
1764 2135 1897 2168 crudelis
1919 2134 2011 2177 husus
2034 2136 2077 2168 (9⁹
2108 2139 2257 2172 immanis
2280 2138 2413 2184 affeeftus

1402 2180 1508 2223 fumes
1521 2178 1648 2222 fuerit-
1781 2177 1835 2212 Ad
1857 2177 1925 2211 haec
1949 2188 2055 2212 tamen
2075 2203 2089 2220 ,
2111 2179 2176 2214 duo
2199 2181 2284 2223 posse
2307 2183 2374 2216 dici
2398 2205 2412 2220 ‚

1413 2236 1477 2257 non
1501 2224 1642 2263 ignoro,
1665 2221 1798 2266 alterum
1822 2245 1834 2261 ‚
1866 2220 1923 2255 esse
1946 2223 2002 2263 qui
2033 2221 2307 2259 observationibus
2332 2248 2341 2264 ‚
2378 2228 2414 2259 δε

1413 2266 1637 2309 experimentis
1659 2266 1760 2304 ireti,
1782 2273 1952 2306 pernegent
1971 2288 1984 2305 ,
2016 2276 2031 2297 a
2054 2266 2309 2302 membranarum
2329 2279 2417 2302 cere-

1415 2311 1464 2343 bri
1488 2309 1672 2342 irritatione
1693 2306 1910 2339 convulsiones
1933 2308 2034 2346 oriri5
2057 2309 2192 2344 alterum
2215 2335 2228 2351 ,
2250 2324 2364 2346 aonam
2386 2313 2417 2344 i·-

1414 2354 1514 2392 stamj
1536 2362 1633 2394 quam
1654 2360 1712 2383 nos
1735 2347 1848 2395 haarurn
1872 2348 1929 2383 effe
1950 2350 2095 2389 causam,
2119 2345 2311 2394 conjicimus
2333 2378 2343 2393 ‚
2367 2355 2417 2388 ef·-

1415 2396 1537 2429 fec‘tum
1568 2391 1694 2427 fortasse
1717 2392 1774 2425 esle
1806 2391 1890 2436 posse
1911 2417 1920 2425 .
1954 2393 2106 2434 Qorum
2129 2396 2213 2431 illud
2244 2400 2306 2432 erit
2330 2398 2418 2432 infra

1414 2443 1427 2479 (
1450 2449 1471 2471 x
1491 2442 1505 2477 )
1528 2435 1722 2479 expendendi
1747 2436 1834 2470 locus
1854 2448 1866 2474 3
1899 2434 1962 2468 hoc
1983 2447 2057 2470 vero
2079 2438 2212 2472 minime
2235 2440 2349 2474 necesse
2372 2442 2418 2475 cst

1415 2492 1451 2516 ut
1476 2481 1513 2514 ad
1535 2479 1769 2514 discutiendum
1793 2477 1958 2522 aggrediar
1976 2502 1990 2520 ‚
2011 2479 2073 2512 {ive
2094 2483 2168 2524 quia
2191 2494 2254 2517 non
2278 2493 2314 2518 ut
2337 2496 2417 2519 con-

1415 2524 1570 2559 vulsiones
1595 2524 1735 2565 semper,
1756 2523 1802 2555 ita
1826 2524 1946 2565 semper
1966 2534 2047 2566 aqua
2071 2546 2081 2562 ,
2105 2525 2191 2567 quod
2213 2528 2260 2559 vel
2282 2527 2338 2561 ista
2362 2529 2418 2561 Se-

1418 2567 1579 2612 pulchreti
1603 2567 1709 2600 Seetio
1731 2569 1745 2604 (
1768 2576 1785 2604 γ
1807 2569 1821 2605 >
1844 2564 1938 2599 docet
1958 2590 1971 2612 ἒ
2002 2565 2044 2600 est
2065 2567 2101 2600 in
2124 2570 2328 2611 epilepticis,
2353 2570 2417 2604 five

1417 2613 1492 2647 aliis
1515 2611 1613 2643 etiam
1635 2608 1835 2647 rationibus3
1858 2620 1933 2642 curn
1955 2610 2030 2642 satis
2053 2608 2108 2643 hic
2131 2612 2260 2655 quidem
2282 2612 2418 2648 fitillud

1417 2666 1518 2689 unum
1550 2664 1686 2696 regerere
1711 2676 1724 2693 ,
1755 2663 1804 2685 me
1829 2663 1942 2696 aquam
1978 2653 2138 2687 interdum
2173 2656 2328 2699 epilepsiae
2360 2657 2418 2692 esse

1418 2698 1563 2738 causam,
1586 2708 1651 2729 non
1676 2708 1735 2743 pro
1753 2704 1841 2728 certo
1864 2696 2016 2729 affirmare
2041 2722 2051 2737 ,
2075 2696 2127 2731 sed
2149 2691 2298 2741 suspicari
2324 2700 2418 2734 dum-

1417 2752 1531 2782 taxat,
1554 2751 1588 2773 ac
1611 2741 1767 2783 conjicere
1787 2752 1797 2786 .·'
1821 2740 1953 2772 minime
1976 2748 2082 2773 autem
2104 2753 2229 2783 aequum
2252 2742 2327 2782 esse,
2354 2744 2419 2777 sus-

1420 2786 1581 2828 picionem
1606 2784 1700 2816 altera
1736 2782 1861 2825 obJesta
1886 2782 2066 2825 suspicione
2096 2784 2242 2819 funditus
2275 2787 2418 2821 convelli

1420 2827 1529 2870 posse,
1552 2827 1750 2860 existimare.
1776 2825 1832 2858 Sed
1857 2825 1893 2858 ad
1918 2827 2053 2871 reliquas
2076 2828 2109 2860 in
2133 2828 2249 2871 quibus
2274 2833 2420 2873 aquain—

1420 2871 1544 2906 tei-dum
1568 2870 1656 2911 fuit,
1679 2867 1838 2902 interdum
1861 2880 1924 2902 non
1949 2871 2013 2903 init
2024 2893 2037 2910 ,
2062 2871 2178 2905 nostras
2199 2896 2212 2913 ,
2245 2883 2297 2908 aut
2319 2875 2419 2908 Ami-

1419 2926 1532 2948 corum
1554 2914 1802 2948 Observationes
1824 2922 2010 2955 pergamus.

1466 2969 1511 2991 12.
1538 2959 1623 2991 VIR
1645 2959 1702 3001 qui
1725 2956 1944 2998 coquinariam
1965 2957 2152 3000 exercebat,
2178 2961 2297 2994 morbis
2312 2963 2419 2995 urina-

1422 3003 1543 3036 riarum
1567 3003 1706 3044 partium
1729 3008 1816 3044 antea
1838 3000 2018 3040 obnoxius,
2042 3003 2084 3034 ob
2104 3003 2272 3044 affiduam,
2295 3016 2351 3038 nec
2375 3006 2420 3038 le-

1422 3057 1495 3078 vem
1509 3070 1521 3087 ,
1544 3056 1607 3088 qua
1631 3043 1799 3087 prehensus
1821 3041 1945 3084 fuerat,
1969 3043 2087 3077 febrem
2111 3047 2145 3080 in
2159 3047 2364 3081 Bononiensis
2388 3050 2419 3084 S.

1420 3090 1533 3122 Mariae
1557 3089 1592 3122 de
1614 3089 1686 3121 Vita
1708 3084 1912 3119 Nosocomio
1936 3088 2143 3122 decumbebat
2159 3114 2166 3122 .
2191 3090 2273 3123 Vidi
2293 3090 2420 3133 sangui-

1421 3143 1493 3165 nem
1517 3143 1612 3179 quem
1634 3129 1783 3163 miserant
1805 3152 1818 3169 ‚
1846 3131 1890 3162 ita
1914 3131 1948 3163 in
1971 3131 2074 3165 vitreo
2096 3132 2165 3167 vase
2196 3130 2383 3169 concrevisse
2406 3159 2420 3175 ,

1422 3185 1458 3209 ut
1482 3175 1576 3219 hujus
1599 3174 1739 3221 undique
1774 3173 1947 3214 parietibus
1971 3173 2130 3209 adhaerens
2150 3200 2163 3217 ,
2194 3176 2296 3211 serum
2326 3189 2421 3212 omne

1422 3219 1513 3261 supra
1536 3218 1565 3251 se
1588 3214 1759 3251 extrusisset
1773 3240 1781 3254 ‚
1804 3216 1891 3258 quod
1916 3227 2050 3259 paucum
2071 3228 2160 3260 erat,
2183 3222 2394 3257 &cruentum
2409 3247 2419 3254 .

1424 3262 1516 3305 Pejus
1548 3262 1660 3295 habere
1683 3258 1831 3302 pergebat
1859 3284 1867 3297 ‚
1899 3260 2074 3302 praesertim
2097 3262 2221 3305 vespere
2241 3289 2249 3296 .
2282 3266 2347 3299 Die
2379 3266 2423 3299 ab

1423 3306 1524 3338 initio
1560 3304 1656 3337 febris
1679 3304 1809 3335 circiter
1841 3302 2029 3339 duodecima
2051 3305 2242 3348 epilepticus
2274 3317 2422 3343 mortuus

1424 3349 1468 3382 est
1486 3372 1493 3380 .
1530 3345 1639 3390 Hujus
1661 3356 1696 3393 ut
1719 3346 1867 3381 morbum
1890 3358 1954 3382 non
1984 3349 2126 3384 multum
2150 3348 2220 3382 sane
2241 3348 2424 3385 observave-

1423 3401 1491 3425 ram
1505 3415 1518 3432 ,
1540 3393 1586 3436 ita
1609 3389 1789 3424 dislec‘tioni
1811 3400 1875 3422 nou
1897 3391 2053 3425 interfui:
2076 3402 2173 3434 quam
2195 3396 2316 3437 peregit
2339 3394 2423 3428 ide'm

2323 3448 2381 3480 qul

383 3527 1781 3549 Μ
1814 3541 1820 3544 e

1270 3623 1330 3647 Sea
1348 3622 1391 3646 hac
1407 3628 1443 3645 1².
1462 3619 1522 3643 Obs-
1538 3623 1561 3642 6.
1830 3647 1834 3651 ι

1235 3655 1242 3685 (
1257 3653 1298 3682 s)
1317 3654 1386 3677 cent.
1405 3659 1428 3681 3.
1445 3649 1505 3675 obs.
1524 3656 1558 3674 14.
1576 3656 1598 3672 n.
1617 3656 1640 3671 2.
1658 3650 1679 3671 δι
1697 3649 1770 3672 Cent.
1788 3657 1810 3679 7.
1830 3655 1854 3671 in
1871 3649 1979 3677 Append.

1035 3688 1048 3715 ί
1064 3688 1105 3716 x)
1125 3695 1148 3711 n.
1166 3691 1199 3711 2¹.
1236 3715 1246 3723 ν
1263 3689 1305 3714 (y
1322 3682 1334 3711 >
1352 3684 1413 3708 Obs-
1429 3689 1466 3712 34.
1485 3684 1521 3710 36.
1539 3680 1575 3709 38.
1593 3681 1635 3703 ἃς.

440 3600 453 3626 (
470 3598 486 3621 k
503 3597 516 3625 3
533 3597 593 3621 Sest.
613 3581 849 3629 proximas1320bs.
864 3604 887 3631 7:
952 3596 961 3620 r
978 3596 988 3619 1
1003 3595 1017 3625 )
1033 3595 1094 3620 seu.
1113 3594 1157 3619 hac
1174 3600 1209 3620 ιι.
1227 3591 1286 3618 ost.
1303 3593 1340 3615 ιε.
1358 3591 1380 3615 t<
1397 3597 1437 3619 ιο·

442 3629 456 3656 (
471 3637 484 3651 o
499 3628 513 3655 )
530 3628 587 3651 Obs.
607 3628 686 3657 10.§.
704 3636 725 3651 2.
743 3627 765 3649 ἃ
781 3632 806 3650 in
823 3628 909 3651 Addit.
927 3626 986 3650 ΟΜ.
1004 3633 1027 3655 7.
1044 3628 1066 3649 8.
1085 3631 1119 3650 16.
1183 3627 1253 3655 (p)

441 3660 452 3686 (
475 3667 485 3680 r
500 3658 512 3686 )
530 3660 585 3681 Dec.
621 3660 673 3681 ΔΑ.
691 3662 714 3681 ⁶.
731 3656 788 3680 Obs.
809 3658 859 3681 ¹81.
877 3658 899 3680 Ec
915 3655 985 3681 cent.
1006 3664 1041 3681 10.
1058 3657 1115 3681 obs.
1133 3664 1171 3684 ¹³4·

440 3691 455 3718 (
471 3696 485 3712 u
501 3690 514 3718 ')
534 3689 558 3711 in
574 3690 593 3711 Α
613 3688 657 3712 dit.
674 3688 702 3712 ad
720 3687 780 3711 hane
797 3687 858 3712 Seu.
875 3687 934 3712 Obs.
953 3695 973 3712 ι.

1501 3588 1516 3617 (
1530 3596 1554 3611 m
1570 3585 1581 3619 )
1598 3589 1633 3611 De
1650 3587 1826 3620 moth-Capit.
1888 3586 1902 3615 (
1918 3595 1933 3609 n
1954 3587 1998 3616 )c.
2018 3588 2057 3610 16.
2075 3585 2119 3619 tit.-
2136 3585 2204 3615 supra
2218 3585 2247 3609 ad
2263 3593 2287 3609 n.
2304 3587 2327 3611 8.

1624 3619 1637 3646 <
1653 3625 1667 3646 q
1684 3616 1808 3645 yniffen.
1826 3618 1854 3640 de
1871 3616 1998 3641 Proceffib.
2014 3616 2177 3640 Mammillar.
2192 3616 2218 3647 '§.
2236 3623 2272 3644 33.

2037 3647 2054 3674 ί
2069 3653 2078 3669 ι
2094 3646 2108 3675 *J
2124 3646 2206 3676 supra,
2223 3654 2247 3670 n.
2262 3654 2285 3675 7.
