2498 4075
1065 784 1068 805 l

1067 805 1070 816 l

1039 818 1071 854 g

848 901 957 1012 T

517 1055 606 1107 -A

59 1159 547 1231 EPISTOLA
610 1158 1064 1225 ANATOM

985 748 1015 770 xxi*
1044 771 1046 775 ,
1079 769 1083 775 ,
1107 746 1117 770 ”.
1131 757 1167 773 .-:

1048 768 1080 823 ι’(
1112 800 1114 802 Ι

1077 801 1082 819 ὲ

1072 824 1081 832 x.

1061 767 1076 842 fx

1080 820 1092 841 ‘i

1796 899 2037 1015 GN

1082 1160 1690 1225 ICO-MEDICA
1747 1160 2066 1226 XXVllh

885 1053 1554 1110 AMICUM

142 1273 408 1336 Quaedam
445 1271 511 1324 de
545 1269 706 1323 Fame
744 1283 938 1333 praeter
971 1284 1256 1338 naturam,
1293 1274 1347 1325 &
1381 1270 1448 1323 de
1484 1283 1661 1323 morte
1695 1285 1766 1324 ex
1803 1270 1983 1324 Inedia

437 1337 762 1390 scribuntur:
796 1336 1000 1404 reliqua
1034 1336 1098 1388 de
1133 1338 1277 1391 Laesa
1312 1336 1707 1405 Deglutitione.

242 1459 254 1463 -
316 1442 346 1475 E
366 1448 410 1484 qu
431 1447 506 1474 tuor
528 1438 637 1473 Libris
659 1439 693 1472 in
703 1449 783 1481 quos
794 1438 1038 1483 sepulchretum

274 1490 287 1499 ““
329 1486 416 1518 Anat
440 1484 560 1517 micum
584 1481 723 1516 divisum
744 1481 808 1519 est,
832 1483 937 1516 multo
963 1484 1035 1517 lon-

331 1528 469 1571 gissimus
492 1527 534 1561 est
557 1526 690 1559 Tertius
705 1549 714 1565 ‚
736 1527 794 1567 qui
807 1528 961 1560 nimirum
985 1527 1033 1558 vi-

331 1574 375 1605 tia
407 1570 638 1613 compleffltur
673 1570 818 1602 Partium
850 1571 1000 1603 omnium
1023 1594 1034 1608 ,

330 1624 525 1657 quaecunque
559 1612 761 1654 peculiariter
796 1612 836 1646 ad
872 1615 1031 1647 Ventrem

221 1664 285 1702 ;···*¹·
309 1694 311 1696 ¹
330 1658 492 1696 attinent,
515 1666 570 1688 nec
593 1656 720 1688 virilem
732 1654 915 1697 modo,sed
939 1657 1036 1689 etiam

330 1699 538 1734 muliebrem.
573 1701 652 1736 Quo
681 1699 784 1740 magis
816 1713 832 1733 a
864 1712 913 1733 me
942 1711 1039 1743 opera

21 1748 85 1791 jam
108 1745 208 1780 danda
231 1748 294 1779 erit
308 1769 317 1782 ‚
338 1742 631 1786 quomodocunque
654 1751 787 1785 potero,
812 1743 991 1781 brevitati,
1013 1742 1035 1776 si

46 1791 151 1825 uidem
175 1790 272 1823 velim
295 1787 430 1829 suscepti
456 1785 552 1829 hujus
577 1797 638 1828 pro
674 1795 705 1818 te
739 1785 860 1820 laboris
897 1788 1036 1830 aliquem

21 1804 294 1875 sinemseperire.
323 1833 406 1866 Dare
428 1839 535 1863 autem
556 1841 624 1862 eam
648 1840 780 1871 operam
812 1829 897 1872 posse
928 1831 1036 1865 videor

22 1881 56 1911 in
79 1879 121 1911 iis
141 1878 278 1914 maxime
299 1875 498 1916 argumentis
519 1884 590 1916 quae
611 1870 734 1915 ¹singula
756 1874 790 1907 in
814 1873 946 1917 fingulis
969 1875 1037 1916 pri-

26 1922 88 1955 mis
109 1929 248 1963 quatuor
271 1917 475 1952 Semonibus
508 1922 760 1959 proponuntur,
783 1918 1000 1959 Inappetent'c'a
1025 1940 1036 1957 ‚

25 1970 133 1998 Fames
145 1959 420 1997 Pmternaturalis
434 1985 444 2000 ,
468 1959 549 1993 Sitis
570 1958 924 2001 Mon-bosaffleqluticio
936 1959 1037 2001 Laesa.

23 2009 140 2051 Neque
163 2008 273 2044 enim3
296 2002 321 2037 si
343 2004 498 2038 ultimum
520 2001 654 2041 demas;
675 2001 739 2036 ulla
761 1993 804 2037 est
827 2014 844 2036 a
868 2003 1038 2043 Verisa-iva,

25 2060 79 2085 aut
103 2063 119 2083 a
143 2061 192 2083 me
216 2048 361 2082 instituta
383 2045 550 2086 dissectio,
572 2057 642 2087 quae
667 2046 865 2087 potiffimum
896 2045 934 2079 ad
969 2046 1036 2080 haec

25 2096 161 2128 attineat
185 2099 391 2135 argumenta.
416 2089 520 2131 Qud
545 2100 583 2122 ne
609 2090 758 2129 mireris3
792 2089 843 2124 fac
875 2090 1000 2133 cogites
1026 2112 1037 2128 ,

23 2149 120 2182 quam
142 2148 215 2173 raro
238 2134 381 2172 accidat,
408 2142 445 2167 ut
470 2134 587 2175 aliquis
610 2134 767 2168 moriatur
790 2144 910 2176 quem,
945 2133 1038 2166 nullo

22 2182 173 2226 graviore
194 2178 394 2221 conjunfto,
418 2185 471 2210 aut
502 2175 685 2218 insequente
720 2176 835 2210 morbo
858 2197 867 2212 ‚
897 2174 1037 2217 dejeftus

23 2225 171 2260 ciborum
197 2222 378 2265 appetitus,
400 2229 455 2254 aut
479 2221 583 2253 nimia
618 2218 739 2256 fames,
762 2218 867 2252 fitisve
888 2217 1036 2253 consum-

23 2268 142 2313 pserit.
169 2265 393 2303 Quamobrem
415 2263 472 2297 ubi
494 2264 533 2296 de
556 2263 701 2305 graviore
724 2263 784 2296 illo
807 2263 930 2304 egimus
946 2285 959 2302 ‚
983 2270 1039 2296 aut

24 2322 153 2355 agemus
175 2308 314 2349 morbo,
337 2306 359 2340 si
383 2306 432 2340 ibi
460 2317 495 2339 ea
531 2308 628 2340 etiam
658 2307 739 2340 vitia
772 2304 863 2340 simul
897 2306 1038 2339 invenies

25 2362 317 2390 commemorata3
352 2349 432 2393 quid
466 2360 548 2393 opus
569 2350 646 2390 est,
680 2360 717 2384 ut
751 2350 829 2382 alibi
862 2347 1037 2382 necessario

25 2399 138 2438 clieta,
162 2406 215 2433 aut
239 2394 395 2432 dicenda,
419 2393 472 2427 hic
496 2393 658 2427 inutiliter
680 2391 888 2435 repetantur?
911 2391 1038 2433 Versa,

24 2441 135 2485 quaeso
163 2440 220 2473 has
244 2449 306 2471 tres
332 2438 447 2480 primas
460 2436 1038 2478 SepulcbretiSeetiones.Languen-

27 2496 120 2523 tem,
141 2492 195 2517 aut
219 2483 344 2516 nullum
368 2481 548 2522 appetitum
571 2490 646 2513 cum
669 2481 793 2522 magnis
816 2478 970 2513 viscerum
985 2480 1038 2513 lae-

26 2527 195 2567 sionibus,
216 2526 298 2561 idest
315 2535 389 2557 cum
413 2526 535 2565 magnis
558 2523 703 2563 morbis;
733 2525 897 2564 ingentem
930 2532 1037 2556 autem

26 2573 112 2606 fitim
135 2581 211 2605 cum·
229 2567 369 2602 febribus
385 2590 398 2607 ‚
423 2578 499 2601 curn
521 2567 832 2602 inflammationibus
847 2588 856 2603 ‚
878 2577 952 2599 cum
974 2564 1038 2608 hy-

27 2616 150 2657 drope,
174 2613 236 2646 fere
259 2610 462 2655 conjunetam
484 2610 623 2645 videbis.
650 2613 761 2654 Itaque
776 2610 918 2643 Bonetus
930 2609 1037 2653 paffim

28 2658 150 2693 easdem
173 2655 422 2691 Observa-tiones
445 2655 511 2688 alio
533 2656 614 2688 loco·
633 2653 770 2698 proferri
794 2654 832 2686 ab
854 2652 883 2687 se
905 2676 915 2691 ‚
951 2653 1040 2687 indi.

28 2713 99 2741 cat,
123 2704 153 2733 δέ
177 2699 336 2733 nonnullae
359 2699 456 2731 etiam
478 2698 515 2732 de
537 2699 653 2742 quibus
677 2709 744 2732 non
765 2696 946 2731 indicatum
969 2696 1010 2730 est
1027 2719 1038 2735 ,

30 2746 108 2779 alibi
132 2742 362 2787 proferuntur.
382 2742 482 2778 Quod
505 2744 611 2776 minus
635 2740 817 2775 mitandum
849 2740 911 2780 est,
944 2752 1043 2783 quam

29 2794 64 2824 in
87 2799 148 2821 una
170 2786 339 2829 eademque
351 2786 497 2818 Sefftione
519 2787 627 2820 iterari
641 2785 891 2819 Observationes
902 2783 1042 2818 easdem.

32 2836 72 2866 In
95 2831 240 2864 Seffione
262 2830 349 2862 enim
373 2829 400 2861 Ι.
424 2827 510 2862 haud
533 2831 602 2864 aliae
620 2828 691 2863 sunt
715 2828 963 2862 Observationes
976 2828 1042 2862 HI.

32 2880 65 2910 &
91 2875 154 2907 IV.
177 2884 273 2917 quarn
295 2883 367 2914 quae
398 2872 431 2905 in
464 2874 522 2907 IX.
558 2872 793 2906 Observatione
825 2870 867 2905 est
890 2874 918 2912 §.
943 2882 975 2914 7.
1011 2875 1044 2905 ὅ(

33 2923 67 2954 in
89 2919 128 2951 X.
156 2919 185 2958 §.
216 2927 241 2949 r.
266 2917 382 2958 Neque
405 2916 473 2949 aliae
496 2918 530 2950 in
554 2918 617 2951 III.
635 2916 781 2950 Seffione
792 2914 1042 2948 Observationes

34 2963 153 3006 pariter
177 2962 242 2994 III.
269 2962 300 2993 &
325 2959 388 2992 IV.
410 2970 506 3003 quam
529 2972 600 3003 quae
624 2959 658 2992 in
681 2959 725 2991 V.
750 2957 822 2992 sunt
845 2959 874 2999 §.
899 2969 933 3001 7.
958 2962 989 2991 δε
1009 2969 1039 3000 3.

34 3017 70 3040 ut
96 3015 157 3038 una
179 3003 350 3046 eademque
373 3000 418 3035 est
439 3014 509 3045 quae
530 3002 766 3037 Observatione
789 3003 871 3036 VII.
894 3004 922 3042 §.
948 3013 978 3035 z.
1011 3006 1044 3034 δε

34 3061 105 3092 quse
128 3048 162 3080 in
187 3046 431 3081 Additamentis
454 3047 571 3089 legitur
594 3045 831 3081 Observatione
854 3047 919 3082 IV.
950 3046 981 3085 ς.
1014 3055 1041 3077 1.

33 3101 149 3136 praeter
173 3092 248 3125 alias
271 3101 347 3133 quas
370 3087 435 3130 ipse
460 3088 594 3124 fortassis
614 3088 866 3124 animadvertes,

78 3147 107 3168 2.
133 3136 183 3169 De
207 3136 253 3167 II.
277 3143 382 3167 autem
406 3133 552 3167 Sefflone
575 3134 643 3168 haec
675 3133 809 3176 quidem
841 3142 904 3166 non
937 3130 1013 3165 dico
1034 3155 1045 3165 .

34 3177 121 3214 Illud
144 3187 255 3212 tamen>
274 3176 375 3217 dico„
393 3176 528 3209 nimiam
552 3177 668 3211 famem
691 3176 791 3220 ipsam
814 3186 944 3221 quoque
966 3175 1044 3209 fuis-

36 3225 65 3257 se
87 3234 163 3256 cum
185 3222 330 3264 graviore
355 3219 467 3264 aliquo
487 3220 603 3254 morbo
624 3219 860 3264 conjunctam,
891 3228 926 3253 ut
958 3220 1046 3252 varia

21 3300 23 3304 ,
37 3266 144 3310 passim
159 3276 212 3299 aut
223 3267 256 3298 in
268 3265 348 3298 vivis
361 3263 566 3297 incommoda
577 3288 589 3305 ‚
613 3274 666 3298 aut
687 3267 721 3297 in
734 3274 936 3298 mortuorum
948 3262 1048 3296 visce-

22 3312 123 3345 ,ribus
147 3311 229 3343 mala
252 3306 527 3342 commonstrant.
552 3309 702 3342 Praeterea
725 3308 748 3340 fi
769 3317 871 3342 certas
893 3306 1044 3350 quasdam

21 3356 180 3396 ⁴excipias
199 3364 298 3397 quam
322 3350 507 3391 rariffimas‚
528 3350 636 3393 easque
658 3351 722 3395 jam
744 3352 845 3386 indea
858 3349 1045 3394 primordiis

37 3397 158 3432 inditas
179 3395 475 3433 conformationes,
499 3403 576 3437 puta
597 3394 797 3429 deficientem
809 3396 1046 3438 pylorum‚aut

39 3443 186 3475 latiorem
209 3439 405 3483 eundemque
428 3438 536 3473 multo
567 3438 746 3473 breviorem
767 3462 778 3478 ,
814 3438 981 3483 minusque
1015 3439 1050 3470 in

41 3497 138 3529 gyros
161 3494 347 3518 contortum
369 3481 594 3516 intestinorum
620 3481 756 3520 tubum,
781 3482 820 3517 ad
843 3494 917 3526 quas
949 3482 1051 3514 miror

41 3540 105 3562 non
128 3527 184 3562 ess‘e
208 3528 332 3568 additas
352 3526 432 3560 dua-s-
450 3525 527 3558 illas
546 3524 623 3565 adeo
645 3527 812 3568 vulgatas,
842 3537 976 3569 quarum
1007 3526 1053 3558 al-

43 3583 143 3606 teram
166 3571 377 3606 adventitiam
399 3568 481 3602 vidit
505 3569 688 3611 Ruyschius
709 3573 723 3610 (
747 3583 765 3604 a
788 3574 823 3609 )‚
838 3570 966 3603 alteram
977 3580 1055 3602 con-

44 3617 184 3659 genitam
207 3613 375 3650 Dionifius
396 3616 411 3652 (
432 3612 450 3646 b
474 3617 511 3653 >3
535 3612 557 3645 si
580 3614 675 3654 illas,
696 3615 827 3655 inquam
848 3639 857 3653 ,
880 3615 1020 3655 excipias
1039 3624 1052 3654 ,¹²

45 3662 81 3693 in
100 3658 258 3703 plerisque
271 3659 340 3692 aliis
353 3656 644 3691 Observationibus
657 3659 716 3690 erit
729 3668 786 3691 cur
798 3656 922 3692 dubites
932 3681 940 3695 ,
964 3668 1034 3689 vera
1047 3680 1056 3695 ,

48 3714 87 3736 an
109 3702 184 3737 falsa
207 3702 344 3737 insolitae
366 3701 461 3735 famis
483 3700 575 3735 causa
600 3709 822 3745 proponatur,
848 3710 884 3734 ut
918 3713 993 3735 cum
1025 3701 1059 3734 in

1088 1441 1192 1485 liene,
1214 1438 1301 1483 quasi
1323 1438 1452 1482 aliquid
1484 1439 1520 1472 in
1551 1439 1766 1473 ventriculum
1797 1438 1999 1481 immittente
2023 1459 2036 1477 ‚
2068 1445 2106 1470 ea

1086 1486 1178 1519 causa
1198 1485 1353 1527 quaeritui·
1376 1483 1463 1524 (c),
1487 1491 1540 1517 aut
1563 1494 1635 1516 cum
1658 1483 1692 1514 in
1704 1483 1875 1515 ventriculi
1889 1478 2107 1523 amplitudine

1087 1530 1171 1572 (d),
1194 1540 1291 1570 quarn
1314 1529 1424 1570 potius
1448 1527 1558 1560 nimia:
1592 1525 1786 1568 ingestorum
1819 1527 1922 1567 copiae
1956 1521 2108 1557 effthum

1083 1571 1206 1606 dixeris
1221 1597 1228 1610 ,
1251 1583 1345 1615 quam
1368 1569 1516 1606 causam,
1541 1579 1604 1601 non
1629 1569 1713 1602 secus
1737 1577 1831 1610 atque
1855 1569 1889 1601 in
1903 1568 2051 1602 Sefflone
2077 1565 2109 1598 1.

1085 1619 1099 1655 (
1121 1627 1136 1648 e
1161 1619 1170 1653 )
1196 1616 1229 1647 in
1251 1627 1290 1647 eo
1313 1615 1369 1657 qui
1392 1612 1477 1647 nihil
1502 1612 1565 1655 jam
1577 1611 1636 1646 diu
1647 1610 1853 1651 comederat,
1870 1612 2020 1655 exiguam
2031 1619 2109 1642 con-

1087 1659 1182 1693 tracti
1206 1658 1375 1692 ventriculi
1397 1657 1610 1698 capacitatem
1635 1655 1733 1688 males
1757 1652 1906 1689 effeetum
1922 1653 2047 1688 credere
2061 1653 2114 1685 in·
2131 1669 2159 1683 —ea

1089 1700 1238 1736 tei-miffae
1260 1700 1484 1739 comestionis,
1507 1711 1604 1743 quam
1628 1697 1753 1733 causam
1777 1710 1835 1731 cur
1858 1698 1942 1732 nihil
1967 1697 2074 1731 ederet
2099 1719 2110 1727 .

1088 1746 1148 1781 Sed
1172 1746 1209 1779 de
1234 1746 1342 1785 liene,
1364 1747 1396 1778 &
1420 1743 1458 1778 de
1482 1743 1654 1777 ventriculi
1678 1741 1903 1785 magnitudine
1937 1753 1975 1774 eo
2010 1740 2113 1781 magis

1089 1790 1274 1827 dubitabis,
1294 1800 1373 1822 cum
1394 1798 1472 1820 mox
1495 1785 1715 1830 Appendicem
1740 1786 1853 1827 legeris
1885 1784 1954 1827 post
1993 1784 2115 1817 Obser-

1087 1835 1251 1867 vationem
1276 1834 1355 1866 Vll.
1380 1831 1543 1874 ipsamque
1567 1831 1608 1863 X.
1631 1828 1900 1862 Observationern
1927 1853 1934 1860 .
1976 1827 2116 1869 Hepatis

1087 1888 1165 1910 vero
1175 1876 1336 1910 insolitam
1349 1874 1605 1915 magnitudinem
1618 1870 1660 1917 (f)
1674 1883 1712 1906 an
1725 1871 1817 1906 famis
1833 1871 1973 1906 insolitae
1985 1870 2114 1904 causam

1088 1921 1216 1959 credes,
1241 1919 1302 1952 sive
1324 1917 1413 1961 quod
1437 1917 1656 1951 ventriculum
1675 1917 1779 1959 magis
1791 1916 1912 1949 foveret
1925 1937 1933 1953 ‚
1947 1913 2011 1947 sive
2025 1912 2116 1957 quod

1089 1966 1163 2007 plus
1183 1964 1260 1996 bilis
1287 1959 1469 2005 separaret?
1494 1972 1533 1994 an
1556 1959 1727 1999 effeRum‘,
1750 1958 1842 2002 quod'
1852 1960 1943 1993 aurfta
1956 1969 1997 1991 ex*
2017 1957 2116 2000 copiae

1089 2008 1186 2042 molle
1208 2005 1311 2040 viscus
1336 2004 1420 2038 haud
1443 2004 1536 2038 aliter
1559 2016 1592 2038 ac
1616 2004 1648 2035 in
1674 2002 1830 2046 saginatis
1851 2001 2014 2036 anseribus
2030 2011 2119 2041 ,arna-

1090 2048 1280 2095 plisicasset?
1306 2046 1409 2091 Qod
1431 2046 1452 2079 fi
1477 2045 1514 2081 de
1539 2047 1650 2088 hepate
1675 2046 1761 2079 illud
1792 2048 1898 2080 cen-les
1920 2057 1932 2086 ;
1968 2056 2046 2078 num
2077 2044 2116 2078 d'e

1090 2102 1255 2136 pancreate
1278 2103 1406 2135 quoque
1430 2094 1440 2130 (
1507 2095 1520 2131 )
1543 2089 1709 2125 censebis?
1732 2089 1820 2132 quasi
1846 2101 1924 2124 vero
1948 2090 2026 2132 quia
2059 2087 2121 2122 du·-

1088 2138 1144 2171 ctu
1167 2146 1234 2169 erat
1258 2136 1432 2177 praeditum
1455 2101 1579 2177 <suplici
1598 2157 1607 2172 ,
1629 2133 1846 2176 distinetoque
1871 2134 1946 2166 loco
1969 2131 2118 2166 intestina.

1090 2180 1225 2213 adeunte
1250 2184 1260 2218 (
1284 2178 1317 2211 id
1340 2175 1431 2220 quod
1454 2179 1487 2210 in
1513 2179 1582 2211 aliis
1595 2200 1609 2216 ,,
1627 2178 1726 2210 etiam
1750 2188 1815 2209 non
1830 2175 1985 2209 famelicis
2008 2175 2119 2216 ,li-aud

1090 2223 1184 2257 semel
1204 2221 1433 2266 deprehensum
1456 2221 1522 2264 est)
1536 2222 1610 2254 ideo
1625 2220 1730 2254 multo
1742 2221 1811 2262 plus
1827 2219 2005 2253 secerneret
2019 2219 2118 2259 succi,

1087 2279 1162 2310 qusev
1183 2277 1230 2300 res
1253 2276 1318 2298 non
1343 2275 1382 2297 ex
1405 2262 1566 2299 durftuum
1587 2274 1741 2302 flumem,
1764 2263 1821 2306 qui
1849 2262 1972 2296 modici
1990 2260 2046 2296 esse
2061 2273 2122 2305 po-

1089 2320 1244 2348 tuerunt,
1267 2308 1319 2341 sed
1343 2319 1381 2341 ex
1406 2308 1556 2348 visceris,
1579 2307 1671 2349 quo-d
1694 2307 1841 2349 alioquin
1866 2306 1979 2339 sanum
2014 2315 2080 2338 erat
2106 2330 2121 2345 ‚

1089 2353 1265 2395 ampliori,
1289 2351 1311 2384 si
1338 2350 1421 2384 forte
1457 2362 1548 2391 erat,
1572 2349 1797 2394 magnitudine
1834 2351 1973 2382 omnino
2010 2348 2115 2383 fuerat

1089 2395 1293 2431 deducenda.
1318 2395 1490 2436 Denique-‚
1516 2405 1551 2428 ut
1576 2396 1637 2428 alia
1661 2392 2028 2432 omittamdicendane
2041 2401 2110 2426 erat

1084 2442 1157 2483 pica
1182 2452 1200 2472 a
1222 2436 1398 2473 ventriculo
1419 2439 1589 2477 wansmffir
1609 2435 1745 2472 exorta?
1770 2437 1851 2469 Non
1882 2446 1969 2469 certe
1992 2447 2005 2476 ,·
2038 2447 2112 2469 nam

1087 2482 1216 2518 lethalis
1241 2482 1309 2515 haec
1335 2480 1508 2512 ventriculi
1531 2477 1721 2521 dispositio,
1748 2489 1786 2513 ut
1809 2481 1844 2512 in
1862 2481 1996 2513 muliere
2009 2478 2109 2513 fuerit

1088 2527 1154 2571 jam
1177 2526 1278 2559 morti
1302 2524 1473 2566 proximu
1497 2531 1566 2556 tum
1591 2523 1701 2566 procul
1724 2520 1826 2556 d'ubio
1848 2521 1906 2556 esse
1931 2533 1996 2556 non
2020 2532 2115 2566 pote-

1089 2580 1138 2606 rat
1151 2595 1164 2611 ,
1185 2581 1257 2604 cum
1277 2565 1422 2601 carbones
1443 2565 1496 2600 illc·
1518 2567 1551 2599 in
1574 2566 1696 2601 delitiis
1711 2564 1867 2609 fuerant.

1132 2626 1163 2658 3.
1188 2612 1249 2646 Sed
1270 2610 1417 2648 nihilne,
1442 2610 1552 2653 inqu-is
1568 2632 1582 2647 ‚
1602 2611 1636 2643 in
1661 2619 1731 2643 tota
1755 2609 1815 2643 hac
1849 2611 1997 2645 Sefflone
2037 2622 2117 2653 pro-

1088 2657 1168 2693 bas?
1193 2657 1268 2698 Ego
1277 2655 1452 2696 vetoplura
1466 2666 1479 2692 ,·
1501 2652 1624 2687 tametfi
1638 2655 1672 2686 in
1684 2654 1755 2687 aliis
1765 2653 1931 2687 meliorem
1941 2654 2113 2693 d‘el'eiftums

1092 2705 1127 2737 in
1149 2701 1223 2734 aliis
1244 2699 1347 2732 acrius
1370 2697 1529 2739 judici-um
1541 2696 1703 2732 desidero.
1729 2697 1807 2731 Alia
1817 2709 1945 2741 quoque
1956 2697 2115 2740 suntquae

1093 2756 1161 2779 non
1182 2742 1244 2777 fine
1266 2741 1470 2775 dubitatione
1492 2741 1601 2785 aliqua
1626 2742 1766 2782 accipere
1790 2740 1900 2782 possim
1916 2754 1930 2771 r
1949 2741 2015 2773 alia·
2032 2752 2112 2774 con.

1093 2799 1143 2822 tra
1155 2812 1166 2828 ‚
1188 2798 1260 2830 quae
1284 2784 1473 2819 confirmare
1486 2786 1586 2818 etiam·
1596 2783 1705 2826 possim
1718 2807 1726 2814 .
1742 2783 1844 2818 Vides
1855 2784 1994 2825 exempli
2006 2784 2113 2824 causa,

1094 2844 1164 2875 quae
1186 2830 1225 2865 de
1251 2829 1407 2872 pediculis
1438 2828 1567 2870 aiiquot
1600 2839 1618 2860 a
1648 2837 1753 2869 puero
1782 2828 1917 2860 ieterico
1949 2826 2114 2861 devoratis

1095 2874 1329 2910 Observatione
1354 2874 1411 2906 IX.
1436 2870 1601 2914 proposita>
1622 2869 1717 2910 sunt,
1740 2878 1777 2904 ut
1800 2870 1836 2902 in
1861 2870 2041 2904 ventriculo
2077 2872 2113 2904 in

1095 2916 1292 2959 monstrosam
1313 2916 1563 2959 magnitudinem
1583 2939 1592 2953 ‚
1617 2916 1652 2946 δε
1676 2914 1713 2946 i„
1731 2912 2005 2957 numerofiffimam
2028 2915 2113 2948 mul-

1096 2962 1264 2996 titudinem
1287 2960 1482 2992 excreverint
1496 2981 1507 2997 ,
1530 2967 1567 2992 ut
1592 2954 1714 3000 famem
1745 2955 1965 2998 insatiabilem·
1987 2979 2002 2995 ‚⁴
2030 2956 2115 2992 surrr-

1095 3015 1190 3048 ptum
1210 3004 1395 3038 alimentum
1417 3000 1627 3044 absumendo,
1647 2998 1817 3034 intulerint
1831 3026 1840 3034 .
1874 3000 1973 3034 N‘um-
2001 2999 2118 3036 iisdem

1094 3050 1173 3091 illi,
1193 3047 1309 3091 quibus
1334 3046 1457 3085 hom0,
1480 3044 1622 3087 gaudent
1644 3042 1834 3077 alimentis?
1869 3055 1945 3078 num
1979 3042 2032 3078 his
2057 3045 2116 3080 ad.

1098 3101 1253 3137 augentur
1275 3086 1427 3123 felicius?
1451 3099 1532 3122 nurn-
1552 3099 1589 3121 ea
1608 3087 1691 3121 sedes
1703 3087 1775 3121 satis
1798 3087 1913 3121 idonea
1936 3087 2004 3128 est,
2026 3097 2063 3122 ut
2079 3090 2116 3123 in

1097 3149 1136 3171 ea
1157 3137 1286 3172 vivant,
1312 3143 1410 3176 neque
1434 3131 1623 3174 potionibus
1647 3131 1825 3165 obruantur
1841 3129 1998 3173 ,indeque
2021 3130 2115 3166 simu-1

1095 3192 1171 3215 cum
1194 3180 1235 3211 iis
1258 3177 1374 3221 quibus
1396 3175 1487 3209 avide
1510 3173 1709 3216 inhaereant,
1730 3175 1813 3208 cibis
1837 3175 1874 3208 ad
1898 3173 2046 3207 intestina
2060 3174 2114 3207 ab·-

1096 3226 1279 3266 ripiantur,·
1301 3223 1369 3253 imo
1392 3228 1428 3253 ut
1451 3218 1479 3252 se
1501 3218 1531 3252 se
1555 3218 1635 3252 adeo
1659 3226 1836 3261 propagent
1861 3216 1875 3250 ?
1907 3218 2056 3260 Denique
2089 3217 2114 3252 fi

1097 3270 1135 3301 in
1155 3279 1191 3300 ea
1213 3264 1279 3298 sede
1301 3260 1472 3302 vixisfent5
1496 3273 1600 3296 nonne
1621 3263 1690 3296 cito
1713 3260 1954 3293 intolerabilem
1970 3283 1984 3300 ,
2018 3270 2053 3295 ut
2077 3261 2114 3295 in

1098 3308 1256 3354 ejusmodi
1280 3307 1394 3341 viscere
1410 3332 1419 3347 ‚
1442 3304 1638 3345 emtionem,
1661 3303 1874 3346 erofionisque
1898 3302 2020 3337 sensum
2055 3316 2115 3347 po.

1098 3357 1167 3389 tius
1191 3349 1353 3389 fecissent,
1378 3362 1477 3393 quam
1497 3348 1593 3383 famis
1606 3348 1621 3381 Ρ·
1644 3348 1703 3382 Sed
1727 3347 1834 3384 nulla,
1858 3348 1972 3390 quaein
1984 3357 2116 3382 mortuo

1101 3397 1234 3432 tandem
1254 3394 1423 3437 conspeeta
1443 3393 1482 3426 fit
1494 3417 1506 3433 ,
1529 3401 1724 3426 memoratur
1746 3390 1845 3423 eroii'o
1865 3414 1877 3421 .,
1906 3392 2018 3433 Itaque
2050 3402 2117 3424 non

1101 3453 1165 3475 una
1188 3441 1225 3474 de
1248 3438 1337 3472 causa
1361 3438 1527 3480 aliquanto
1551 3439 1656 3470 minus
1679 3433 1880 3480 incredibilis
1915 3434 2014 3466 videri
2046 3433 2120 3477 pos.

1098 3484 1142 3519 'sit
1166 3483 1358 3518 Observatio
1380 3492 1451 3524 quae
1473 3481 1507 3513 i'n
1531 3480 1668 3514 Scliolio
1688 3477 1895 3520 adjungitur,
1918 3477 1995 3510 alibi
2010 3487 2117 3512 autem

1104 3528 1172 3569 (h)
1186 3527 1242 3561 sub
1264 3526 1326 3560 hoc
1349 3524 1450 3558 titulo
1485 3525 1680 3566 proponitur
1710 3519 1882 3554 Ventriculi
1903 3520 1989 3559 dolor
2010 3532 2029 3555 a
2058 3531 2118 3557 ve-

1098 3572 1209 3616 ficulz's
1223 3595 1234 3611 ,
1252 3568 1405 3612 pediculis
1411 3567 1517 3611 plenis
1529 3593 1538 3608 ,
1551 3567 1603 3601 illi
1613 3565 1715 3610 affixi-s
1727 3578 1739 3596 .·
1758 3575 1938 3606 quanquam
1961 3576 2003 3598 eo
2023 3565 2120 3599 indi-¹

1106 3625 1162 3649 nat
1186 3617 1310 3649 animus
1325 3636 1332 3646 .
1355 3619 1390 3644 ut
1415 3610 1573 3653 suspicer,
1597 3612 1631 3643 in
1655 3619 1787 3650 utraque
1808 3605 1991 3650 corpuscula
2005 3611 2058 3649 ,&
2072 3608 2121 3649 ‚si

1105 3660 1228 3695 mavis,
1255 3655 1445 3689 animalcula
1468 3653 1634 3695 conspeeta
1656 3651 1713 3685 effe
1736 3650 1954 3694 quadantenus
1989 3651 2123 3695 pedicu-

1106 3703 1213 3735 lorum
1233 3701 1366 3740 similia,
1391 3697 1566 3741 praesertim
1585 3695 1717 3739 quando
1730 3696 1869 3737 eumqui
1891 3694 1971 3728 lianc
1991 3695 2124 3731 alteram

2006 3750 2077 3773 nar-

52 3798 2124 3818 κ-*ῄ-ᾗ--ῲ--ΜἯ

169 3837 185 3897 ))
202 3836 262 3861 Obs.
278 3839 352 3863 Anat.
369 3837 439 3862 Chir.
456 3845 496 3867 74.

110 3838 157 3897 ((,ιὲ
194 3867 252 3892 Obs.
269 3876 290 3893 a·
353 3868 395 3898 (Ε
413 3836 571 3900 )0bs.13.(
585 3835 624 3898 βξ
639 3867 654 3890 h
670 3869 679 3898 )
695 3868 713 3891 l.
730 3865 776 3890 hoc
792 3873 815 3896 3.
832 3867 855 3890 S.
873 3869 897 3890 6.
914 3865 971 3891 Obs-
990 3868 1028 3895 38⁴

642 3836 716 3859 Anat.
731 3834 761 3858 de
776 3834 794 3859 ly
806 3834 905 3859 homi-ne
922 3834 1058 3859 Demonstt.
1077 3842 1099 3859 ι.

1164 3831 1461 3868 (c)0bs.4.&seqq.
1526 3827 1783 3861 (d)0bs-1=&8-
1844 3825 2030 3857 (c)Obs.5‘

1892 779 2025 821 (ela-{iit
