2498 4075
478 255 481 258 .
564 230 575 244 ⁸

478 231 635 299 Epist.
664 232 720 348 θ

56 319 95 343 ex
121 307 334 350 Sepulchreto
357 308 594 351 indicavimus,
616 308 672 351 jux
692 323 708 344 a
732 311 888 346 articulos
910 323 1064 355 quoque,

55 363 162 393 neque
185 352 218 385 id
241 366 341 394 raro,
365 353 557 397 tophaceam
579 355 718 396 congeri
752 357 919 390 materiam
943 383 951 392 .
987 358 1062 390 lmo

54 394 184 436 insuper
209 397 355 432 addimus
371 423 381 438 ,
406 398 456 431 vel
482 398 578 440 longe
602 397 643 430 ab
666 399 839 439 articulis,
877 408 915 433 ut
937 401 971 432 in
996 407 1065 434 ina-

53 439 154 473 millae
178 447 304 474 tumore
328 440 470 476 vidimus
492 443 506 480 <
529 441 541 474 i
565 444 576 479 )
600 441 743 481 generosi
770 443 847 476 Viri
870 465 881 481 ,
919 442 1011 485 cujus
1034 454 1066 476 a·

54 492 159 522 vum,
180 484 212 515 &
231 494 358 525 ¹patrem
384 484 531 520 arthritis
555 484 639 517 male
659 484 841 526 habuerat,
864 496 921 519 nec
942 486 1001 528 ipsi
1026 498 1066 520 o-

53 526 169 559 mnino
192 536 374 569 pepercerat
399 554 408 563 .
442 526 503 562 Sed
528 537 593 559 non
618 537 790 570 propterea
813 528 896 562 illud
931 540 1061 571 quoque

53 569 191 611 probare
215 571 380 612 possumus
403 570 492 614 quod
516 569 662 604 scribunt
685 585 694 604 ε
718 583 793 606 cum
817 572 988 614 ligamenta
1011 584 1065 606 ca-

53 611 196 655 psularia
218 615 394 649 occludant
419 614 632 648 articulorum
655 625 789 655 caveas,
811 627 951 658 cumque
973 615 1061 649 nulla

55 656 95 689 ad
116 655 173 689 has
191 665 304 699 pateat
323 658 400 695 via,
424 668 518 699 neque
541 667 619 690 vena
643 657 746 700 aliqua
771 658 833 691 haec
856 659 920 692 loca
938 657 1060 700 subeat,

53 708 120 732 non
146 700 231 742 posse
255 700 426 737 humorem
451 699 662 734 arthriticum
686 704 771 735 intra
796 701 865 736 haec
890 701 1025 744 perferri
1052 727 1062 736 .

54 742 145 775 Nam
170 745 230 776 viae
254 743 317 779 huc
342 744 459 778 eaedem
485 743 558 791 sunt
580 755 651 785 quae
676 745 868 786 mucilagini
883 768 895 784 ‚
919 757 997 782 cava
1011 756 1062 779 ar-

52 785 233 820 ticulorum
256 788 436 821 lubricanti
459 801 467 819 :
502 797 593 828 quuS
616 788 783 828 glandulas
808 789 869 822 suis
892 788 952 822 esse
977 798 1061 821 arte-

53 829 145 862 riolis
165 829 338 870 praeditas‚
361 841 427 864 non
451 831 538 863 ratio
563 829 692 871 solum,
715 831 992 873 autinjeetiones‚
1010 832 1060 865 sed

53 872 144 905 oculi
167 872 227 915 ipsi
253 875 393 908 inermes
431 872 690 907 commonstrant
717 899 726 914 ‚
758 875 894 908 rubellas
918 875 988 915 illas
1013 885 1062 908 te-

56 915 196 958 nuesque
220 927 328 951 earum
351 917 488 951 lacinias
512 915 765 958 conspicientes.
791 919 899 960 Qare
923 917 1064 952 ubisan-

54 960 129 1001 guis
172 961 320 993 tartareis
354 960 492 995 refertus
526 961 725 1001 corpusculis
756 961 855 996 fuerit
882 987 891 1002 ,
932 971 969 995 ut
1006 972 1065 1003 per

55 1002 135 1035 alias
158 1005 289 1037 arterias
311 1004 399 1037 circa
423 1004 542 1038 adsitos
575 1005 719 1038 articulis
751 1005 896 1039 tendines
913 1028 923 1042 ,
960 1013 1058 1047 atque

56 1045 258 1080 membranas
277 1070 287 1088 ,
319 1045 361 1080 fic
385 1059 439 1089 per
462 1046 536 1081 istas
568 1046 678 1081 eadem
709 1049 834 1090 poterit
865 1046 959 1081 fi'mul
983 1059 1059 1082 cum

57 1089 258 1132 mucilagine
285 1091 320 1123 in
346 1090 562 1126 articulorum
585 1093 672 1124 cavis
694 1091 853 1134 deponere
875 1116 882 1124 .
914 1091 998 1133 Qae
1022 1093 1059 1125 in

54 1132 199 1174 tophos,
223 1136 254 1167 &
277 1133 404 1176 lapillos
427 1133 690 1175 concrescentia,
712 1135 851 1169 diduffis
875 1134 988 1168 sensim
1009 1135 1062 1169 os-

55 1173 140 1209 fibus
154 1201 163 1216 ‚
187 1179 218 1210 &
239 1175 399 1212 dissolutis
423 1177 563 1212 vinculis
577 1175 734 1221 frangunt
755 1177 907 1212 articulos
926 1201 939 1218 ,
964 1187 1000 1211 ut
1023 1177 1063 1214 de

21 1253 23 1257 ,
57 1217 196 1261 lapidosa
221 1219 365 1263 chiragra
391 1221 541 1263 loquitur
566 1222 690 1255 Persius
716 1225 726 1260 (
750 1220 802 1262 lt)
826 1244 839 1261 ,
870 1220 934 1254 five
966 1231 1001 1255 ut
1024 1221 1063 1256 de

57 1261 239 1297 arthriticis
261 1263 349 1298 hisce
372 1263 527 1307 lapidibus
552 1264 598 1297 ait
621 1265 959 1300 Caelius‘Aurelianus
983 1267 997 1304 (
1018 1265 1030 1299 l
1049 1266 1063 1305 )

56 1305 211 1340 articulos
228 1305 361 1348 solvunt
376 1332 387 1349 ,
411 1310 454 1342 «ᾗ»
476 1314 579 1341 cutem
603 1306 775 1347 distendunt
799 1332 808 1347 ,
844 1315 937 1349 atque
960 1318 1065 1342 erum-

54 1350 155 1392 pendo
175 1350 372 1392 prominent,
399 1352 441 1385 ὕ*
463 1349 623 1393 chirurgia
645 1349 852 1385 detrahuntur
867 1364 877 1383 .-
899 1362 972 1393 quae
994 1351 1064 1385 vidi

57 1394 170 1428 omnia
185 1416 197 1433 ,
221 1392 397 1435 praesertim
420 1395 455 1428 in
477 1393 659 1436 digitorum
671 1405 825 1430 manuum
849 1394 995 1428 articulis
1007 1397 1065 1428 Pa-

57 1437 151 1469 tricii
175 1438 315 1470 Veneti.
341 1438 460 1481 Neque
481 1440 543 1471 erit
567 1447 623 1471 cur
647 1437 779 1471 dubites
800 1462 810 1477 ,
842 1449 919 1472 num
953 1449 1065 1472 revera

57 1480 148 1513 intra
169 1479 237 1522 ipsa
262 1482 477 1515 articulorum
500 1491 578 1514 cava
601 1481 830 1519 concrescant,
855 1481 913 1516 ubi
923 1492 957 1514 ea
980 1482 1065 1524 lege-

57 1524 101 1556 ris
125 1534 197 1566 quae
222 1524 261 1557 ab
285 1525 434 1559 Hardero
459 1523 763 1564 (m)‚Schneidero
786 1528 854 1564 (n)
877 1525 1066 1559 Dobrzens·

59 1565 131 1609 kyo
153 1569 167 1605 (
180 1571 223 1607 ο)
245 1567 417 1602 observata
440 1569 474 1601 in
497 1567 706 1609 Sepulchreto
729 1568 929 1602 recensentur
944 1590 951 1598 .

99 1622 132 1654 4.
157 1610 231 1644 Nec
253 1620 361 1645 tamen
387 1611 508 1653 semper
530 1610 650 1644 necesIe
673 1611 717 1645 est
731 1637 741 1652 ,
764 1620 905 1645 tartarea
929 1610 1062 1654 corpus-

55 1655 129 1689 cula
160 1665 237 1688 cum
259 1656 461 1697 mucilagine
485 1653 592 1687 subire
611 1665 690 1688 *cava
703 1655 939 1691 articulorum,
964 1664 1000 1687 ut
1014 1665 1062 1687 ar-

57 1697 201 1732 thriticae
228 1697 276 1731 ibi
297 1698 485 1731 affefiiones
503 1697 668 1731 existant.
694 1699 779 1731 Satis
801 1697 848 1732 est
872 1720 882 1736 ‚
915 1698 937 1732 fi
963 1697 1064 1731 Boer-

55 1741 210 1776 haavium
235 1741 301 1782 (p)
326 1741 458 1780 audias,
481 1739 549 1783 ipsa
574 1741 762 1785 mucilago,
784 1739 808 1775 fi
834 1742 950 1788 attritu
985 1752 1065 1775 con-

55 1796 140 1828 gruo
163 1787 228 1818 non
250 1792 445 1825 attenuata,
470 1795 573 1827 eoque
596 1795 662 1818 non
684 1785 849 1827 resorpta,
871 1786 904 1818 in
936 1785 1067 1825 Junffu-

55 1830 101 1863 ris
119 1827 244 1871 stagnet
265 1828 412 1867 diutius,
440 1831 472 1861 &
494 1837 583 1860 mora
604 1827 672 1871 ipsa
695 1829 777 1862 acris
795 1828 879 1871 fiat.
905 1828 956 1861 Sic
978 1830 1067 1867 enim

55 1872 184 1906 dolores
206 1869 287 1904 facit
312 1869 605 1904 vehementiffimos
629 1883 637 1902 :
672 1873 703 1905 δι
719 1871 799 1914 saepe
822 1878 913 1905 tanta
942 1871 1026 1905 mala
1049 1884 1068 1905 a

49 1910 118 1959 solo
140 1915 216 1948 viae
236 1924 344 1956 genere
361 1913 536 1957 sedentario
558 1914 721 1949 oriuntur.
747 1915 823 1948 Huc
847 1926 924 1949 vero
947 1914 1069 1949 adden-

56 1960 99 1993 da
123 1957 198 1993 sunt
218 1958 281 1992 alia
303 1969 377 2001 quae
402 1969 458 1991 nos
482 1958 572 1991 inter
594 1956 701 1990 causas
720 1956 894 1992 referimus
917 1966 974 1991 aut
1006 1960 1068 1991 mi·-

58 2003 150 2037 noris
160 2001 317 2040 attritus,
340 2009 395 2034 aut
407 2000 602 2035 difficilioris
612 1999 848 2042 resorptionis,
871 2010 926 2035 aut
939 2002 1063 2036 utrius-

55 2058 142 2089 que,
164 2055 278 2088 nempe
301 2043 404 2087 frigus
428 2043 622 2081 humidum,
646 2045 827 2078 naturalem
851 2053 971 2079 tonum
995 2046 1064 2079 val-

55 2091 95 2124 de
118 2089 236 2123 laedens
261 2089 477 2122 articulorum
502 2100 543 2121 eo
566 2086 695 2120 facilius
718 2088 807 2129 quod
831 2088 1064 2130 cartilagines,

56 2133 292 2175 &ligamenta
325 2142 365 2165 ex
398 2131 517 2174 quibus
540 2130 783 2165 constituuntur
806 2154 818 2172 ,
851 2134 883 2165 δι
919 2131 1066 2166 tendines

53 2176 178 2221 quibus
201 2176 346 2218 plerique
373 2176 590 2217 operiuntur,
616 2173 810 2216 sanguiseris
835 2173 974 2209 vasculis
1009 2187 1065 2210 ne-

55 2231 120 2263 que
145 2221 192 2253 ita
217 2219 348 2256 multis,
374 2219 396 2251 s1
420 2229 496 2251 curn
519 2215 682 2260 plerisque
704 2227 935 2261 comparentur
960 2220 1064 2253 Parti-

55 2265 137 2305 bus,
162 2267 193 2297 δι
215 2270 301 2296 certe
323 2262 522 2305 perminutis
547 2260 686 2304 praedita
709 2260 808 2298 sunt,
829 2273 898 2305 quo
920 2261 959 2295 fit
983 2283 1000 2308 ³.
1027 2271 1064 2297 ut

54 2307 174 2350 frigori
198 2306 299 2348 magis
321 2305 465 2339 obnoxia
489 2303 574 2346 fint,
597 2305 632 2337 in
655 2303 757 2346 iisque
780 2305 956 2347 praesertim
989 2317 1064 2347 Jun-

55 2352 158 2386 &uris
181 2360 254 2392 quae
278 2348 412 2391 frigoris
435 2347 564 2390 injuriis
587 2346 660 2382 sunt
684 2349 826 2382 maxime
839 2348 1062 2390 expofitae,ut

54 2396 89 2429 in
116 2394 271 2437 pedibus:
298 2392 437 2434 preffio,
462 2400 498 2425 ut
521 2400 599 2434 puta
623 2402 639 2424 a
663 2390 879 2426 striffioribus
912 2392 1030 2426 calceis
1051 2417 1062 2433 ,

56 2439 141 2472 unde
164 2436 388 2473 revehentium
406 2435 617 2469 vasculorum
641 2434 733 2476 plura
756 2443 810 2469 aut
835 2436 932 2469 nimis
958 2447 1061 2478 angu-

56 2481 100 2516 sta
124 2480 233 2519 fiunt,
258 2488 314 2514 aut
339 2477 466 2522 prorsus
490 2479 718 2516 obcaecantur,
741 2488 899 2522 tantoque
922 2478 957 2512 id
981 2479 1060 2513 faci-

59 2525 122 2560 lius
136 2549 146 2565 ,
168 2523 259 2568 quod
283 2522 323 2558 ad
343 2522 492 2557 duriores
514 2533 554 2556 ex
576 2520 697 2565 quibus
720 2523 875 2556 articulos
897 2520 1066 2563 constare,

54 2569 147 2609 dixi,
169 2576 277 2610 partes
300 2566 531 2609 appr-imuntur
557 2576 568 2604 5
601 2563 753 2599 distantia
778 2578 796 2600 a
820 2566 917 2600 corde
937 2590 947 2605 ‚
981 2566 1064 2600 unde

53 2611 241 2655 languidior
264 2612 299 2645 in
322 2608 549 2652 propellendos
573 2607 727 2642 humores
750 2609 907 2652 impulsus
933 2621 940 2642 ε
966 2610 1064 2644 accli-

54 2657 105 2690 vis
128 2656 166 2690 ad
191 2653 458 2698 perpendiculum
481 2654 534 2685 via
559 2663 614 2695 per
636 2663 736 2696 quam
761 2654 860 2687 iidem
884 2652 957 2687 sunt
990 2665 1063 2687 eve-

51 2698 177 2735 hendi:
201 2699 271 2742 ipsa
292 2696 405 2731 dolore
431 2695 616 2730 affectarum
649 2696 793 2738 partium
816 2697 908 2740 quies
940 2697 973 2729 in
999 2708 1063 2739 qua

55 2741 188 2777 delicati
213 2742 263 2776 vel
286 2740 410 2775 diutius
432 2747 623 2782 permanent
646 2750 744 2781 quam
766 2751 847 2783 opus
859 2739 918 2773 sit:
943 2741 1063 2774 lentior

56 2789 92 2820 vr&
117 2785 277 2819 viscidior
299 2784 465 2824 mucilago
489 2782 553 2816 sive
576 2796 592 2817 a
617 2783 776 2819 morbidis
798 2782 899 2818 caufis
918 2805 928 2821 ,
954 2785 986 2816 &
1010 2784 1063 2816 in·

55 2829 167 2872 gluvie
188 2829 224 2861 in
246 2827 385 2870 primis,
410 2826 536 2859 baccho
550 2849 563 2866 ,
586 2836 723 2864 venere,
746 2827 811 2861 five
834 2826 1063 2870 aparentibus,

54 2885 75 2906 a
96 2872 217 2916 quibus
240 2870 467 2904 revehentium
490 2879 624 2912 quoque
647 2869 853 2905 vasculorum
877 2871 1027 2913 angustiae
1053 2896 1064 2911 ‚

57 2925 113 2950 aut
138 2914 389 2958 propellentium
413 2911 568 2946 fibrarum
592 2911 823 2947 imbecillitas.-
848 2914 906 2947 alia
925 2912 1065 2955 ejusmo-

56 2960 111 2993 di.
137 2959 289 2998 Quorum
312 2956 387 2990 ideo
407 2956 577 2997 complura
601 2959 809 2998 enumeravi,
831 2958 908 3000 quia
920 2957 1065 2991 animad-

57 3003 164 3041 verti,
189 3000 347 3044 quosdam
369 3010 409 3032 ex
419 2999 625 3033 Hoffmanno
650 3002 661 3038 (
684 3011 708 3046 q.
726 3003 737 3038 )
753 3022 763 3039 ‚
787 3000 871 3044 apud
893 3012 990 3043 quern
1014 3000 1063 3034 se-

56 3058 92 3081 re
116 3046 229 3080 omnia
252 3044 319 3078 haec
342 3043 435 3080 sunt,
459 3042 548 3076 nulla
570 3041 655 3077 fasta
679 3054 747 3086 ejus
778 3044 943 3078 mentione
963 3066 974 3082 ,
1008 3043 1061 3078 de-

54 3090 253 3127 scribentes,
278 3088 389 3129 aliqua
413 3085 670 3128 praetermisisse,
692 3087 828 3121 minime
853 3087 1034 3122 omittenda
1048 3113 1059 3129 ,

54 3134 119 3168 five
145 3131 229 3166 nihil
254 3131 342 3165 aliud
364 3140 466 3172 quam
488 3129 578 3172 quod
603 3128 826 3165 Hoffmannus
846 3155 856 3171 ,
892 3131 1059 3173 explican-¹

56 3178 136 3212 dum
159 3174 346 3215 sumamus,
368 3174 530 3207 nimirum
562 3184 620 3207 cur
653 3174 747 3215 pedes
783 3173 925 3207 crebrius
958 3187 1058 3218 quam

56 3221 134 3255 alias
157 3227 285 3261 partes,
309 3217 467 3259 corripiat
492 3215 665 3257 arthritis,
689 3219 756 3251 five
780 3219 878 3252 etiam
901 3229 959 3250 cur
984 3242 993 3257 ‚
1028 3223 1060 3253 &

56 3263 109 3298 vel
132 3263 173 3298 ab
195 3262 295 3295 initio
317 3258 504 3297 interdum,
526 3261 712 3302 quampiam
737 3262 833 3295 aliam
856 3284 865 3292 .
892 3262 939 3295 Re
973 3263 1060 3296 enim

57 3318 153 3347 vera,
178 3306 228 3339 uti
252 3305 312 3338 scri
338 3313 408 3337 tum
441 3302 483 3336 est
506 3314 521 3336 a
547 3303 654 3337 Caelio
678 3305 857 3339 Aureliano
886 3305 973 3348 (r),
998 3305 1060 3339 ali-

57 3349 178 3394 quando
201 3359 220 3381 a
240 3348 312 3391 pedi
333 3358 371 3379 us
387 3345 516 3389 sumens
543 3346 733 3382 arthriticus
756 3347 840 3381 dolor
862 3349 1023 3382 exordium
1047 3371 1059 3387 ,

58 3401 182 3430 caeteros
204 3390 355 3425 articulos
377 3388 559 3431 implicavit
577 3411 589 3427 ,
620 3389 785 3433 aliquando
819 3393 852 3424 in
875 3391 950 3425 aliis
982 3392 1062 3425 inci-

55 3438 172 3482 piens,
189 3435 283 3477 pedes
305 3431 423 3475 invasit
446 3457 455 3465 .
488 3431 558 3470 Qui
583 3441 693 3468 autern
716 3435 847 3469 articuli
870 3445 936 3467 non
961 3435 1062 3469 modo

59 3491 125 3526 prae
150 3478 220 3512 aliis
245 3477 318 3511 sunt
340 3477 373 3509 in
397 3474 653 3518 frequentiffimo
677 3487 771 3512 motu
792 3501 802 3517 ,
840 3477 890 3511 sed
912 3480 944 3510 δε
968 3477 1061 3513 fimul

56 3521 270 3567 paucioribus
290 3518 388 3554 caufis
411 3518 549 3552 obnoxii
572 3518 645 3554 sunt
668 3531 707 3553 ex
729 3523 768 3555 iis
791 3533 869 3564 qua-s
892 3532 1063 3556 enumera-

60 3569 167 3603 vimus
191 3589 201 3607 ‚
236 3562 289 3598 illi
313 3563 369 3599 vix
394 3572 537 3614 unquam
559 3584 569 3601 ,
602 3570 659 3597 aut
683 3574 849 3607 nunquam
883 3564 1062 3601 arthritide

728 240 830 289 nat.
867 232 1088 291 Medica
1121 233 1280 291 LVII.
1314 233 1433 292 Art.
1465 239 1508 304 4.
1541 238 1596 292 ὅ(
1632 252 1672 299 ς.
1712 300 1723 317 .

1973 254 2061 307 359

1113 314 1363 356 corripiuntur;
1386 324 1488 356 neque
1511 314 1597 346 enim
1618 314 1726 355 legisse
1749 321 1763 355 ,“
1798 323 1854 351 aut
1879 314 2032 350 audivisse
2056 322 2125 352 me:

1114 358 1294 396 minimus,
1315 355 1389 390 illos
1413 367 1555 399 unquam
1580 358 1736 392 articulos
1759 369 1931 402 correptos
1954 360 2014 393 elle
2036 371 2124 403 quo-

1115 411 1189 435 rum
1211 398 1392 433 obsoletam
1417 401 1607 433 memoriam
1629 401 1832 437 restituentes
1860 424 1870 440 ,
1904 402 1988 437 nihil
2024 404 2058 436 in
2082 404 2125 437 iis

1115 445 1159 479 ob
1184 443 1380 486 pravitatem
1401 442 1501 477 deesse
1523 443 1718 480 ostendimus
1746 470 1759 487 ,
1794 458 1868 490 quae
1892 446 1965 481 sunt
1998 446 2031 479 in
2056 457 2125 480 ma-

1115 488 1210 529 gnis;
1233 496 1307 519 nam
1330 490 1360 520 &
1383 486 1542 527 capsulari
1566 489 1772 524 membraneo
1796 490 1953 531 vinculo,
1975 491 2007 523 δε
2030 489 2126 531 glan-

1114 530 1199 565 dulae
1223 530 1466 572 mucilaginosae
1491 530 1608 564 lacinia
1627 553 1638 570 ‚
1672 534 1704 565 &
1727 534 1923 577 mucilagine
1955 531 2124 567 evidenter

1115 573 1268 616 praeditos
1280 575 1433 607 minimos
1443 572 1517 606 illos
1529 574 1755 616 proposuimus
1768 577 1817 619 (s),
1826 579 1883 620 qui
1895 578 1980 610 inter
1990 577 2126 610 Cricoi-

1110 618 1207 655 dem,
1231 619 1262 649 δι
1275 616 1507 659 Arytaenoides
1528 618 1737 660 cartilagines
1758 620 1966 654 intercedunt
1982 646 1990 653 .

1111 659 1171 694 Sed
1195 672 1212 693 a
1236 659 1397 694 morbidis
1420 660 1521 693 causis
1544 659 1738 696 adventitiis
1760 665 1784 696 ii
1809 665 1951 697 maxime
1975 661 2123 697 afficiun-

1110 713 1166 737 tur
1188 703 1245 746 qui
1270 703 1426 746 plerisque
1450 703 1523 736 sunt
1547 715 1563 736 e
1587 706 1712 738 caeteris
1736 717 1816 749 quas
1840 706 2081 740 nominavimus
2104 730 2116 745 ‚

1109 744 1209 781 caufis
1233 745 1370 789 subjetff'ci
1387 770 1397 786 ‚
1421 745 1514 789 pedis
1535 747 1687 781 videlicet
1711 750 1844 784 articuli
1868 763 1876 783 τ
1904 751 2122 792 quamobrem

1112 801 1188 826 cnm
1211 790 1351 824 Veteres
1374 790 1534 823 Auctores
1556 794 1571 830 <
1593 798 1608 823 t
1630 794 1641 829 )
1667 792 1874 827 arthritidem
1909 794 2123 834 epidemicam

1113 834 1284 870 viderunt,
1308 843 1344 867 ut
1367 833 1508 867 eunuchi
1531 844 1683 876 quoque,
1708 837 1880 878 mulieres,
1904 837 1998 879 pueri
2012 834 2122 878 ‚puel-

1114 878 1175 915 lae,
1201 878 1347 919 itemque
1370 886 1540 918 caprarum
1564 887 1678 920 greges
1701 890 1736 913 ea
1760 889 1963 913 tentarentur
1985 893 1994 917 ;
2020 877 2122 921 poda-

1114 932 1171 963 gra
1193 919 1247 953 illa
1270 919 1337 953 fuit
1371 931 1442 963 quae
1475 920 1658 962 promiscue
1682 932 1738 964 per
1770 924 1891 965 viginti
1926 933 2031 957 annos
2054 921 2122 955 loci

1111 963 1237 998 incolas
1259 961 1399 996 invasit.
1426 962 1539 997 Minus
1563 972 1670 998 autem
1696 966 1844 1000 mirabile
1875 967 1942 1002 fuit
1968 990 1981 1006 ‚
2021 973 2121 998 notos

1108 1005 1202 1041 fuisse
1224 1005 1401 1040 Brasavolo
1423 1009 1491 1046 (u)
1513 1005 1653 1041 illustres
1676 1009 1758 1043 duos
1782 1009 2038 1045 adolescentulos
2060 1009 2121 1050 qui

1110 1061 1210 1086 annos
1220 1050 1407 1092 quindecim
1434 1050 1523 1087 nati,
1548 1061 1586 1083 ex
1610 1063 1643 1084 ea
1667 1052 1811 1087 laborare
1822 1062 2021 1096 coeperunt3
2043 1062 2121 1085 cum

1112 1093 1178 1136 ipse
1201 1093 1327 1135 puellos
1349 1093 1487 1127 viderim
1511 1095 1592 1135 qui,
1616 1094 1758 1130 infantia
1783 1098 1839 1131 vix
1862 1097 2010 1138 peracta,
2034 1105 2123 1129 acer-

1111 1137 1164 1171 bis
1186 1137 1400 1170 articulorum
1431 1136 1600 1171 doloribus
1633 1138 1777 1180 prehensi
1808 1164 1819 1180 ,
1851 1140 2122 1181 decumbebant}

1114 1179 1169 1214 sed
1191 1191 1304 1213 eorum
1328 1191 1389 1222 ego
1412 1181 1445 1212 &
1467 1190 1658 1222 parentem,
1682 1185 1713 1216 &
1736 1194 1833 1219 avum
1855 1207 1864 1224 ,
1895 1186 1927 1218 δι
1961 1192 2120 1227 proavum

1114 1234 1268 1258 noveram
1291 1222 1464 1258 arthritidi
1486 1222 1670 1258 obnoxios.

1158 1278 1189 1309 ς.
1213 1267 1324 1307 Qam
1348 1278 1424 1301 vero
1447 1267 1532 1300 acris
1552 1267 1719 1302 interdurn
1741 1268 1798 1303 fiat
1821 1270 1969 1312 stagnans
1991 1271 2025 1303 in
2046 1267 2123 1314 juu-

1114 1311 1280 1344 &urarum
1305 1312 1412 1345 caveis
1437 1310 1602 1352 mucilago
1619 1336 1632 1352 ,Ἰ
1660 1312 1951 1355 sanguinolentum
1975 1312 2124 1357 proposi-

1115 1363 1158 1387 tae
1182 1352 1327 1388 foeminae
1348 1357 1362 1394 <
1384 1364 1406 1387 x
1427 1357 1442 1394 )
1465 1354 1667 1388 acetabulum
1683 1378 1696 1395 ,
1719 1359 1752 1390 δε
1774 1357 1901 1391 erosum
1914 1357 2049 1391 femoris
2070 1366 2125 1389 ca-

1116 1407 1176 1440 put
1200 1398 1276 1431 satis
1297 1397 1492 1432 ostendunt.
1519 1396 1588 1431 Ubi
1612 1408 1719 1434 autem
1743 1401 1782 1435 ad
1804 1412 1879 1435 eum
1913 1401 2015 1444 usque
2047 1410 2126 1441 gra-

1115 1440 1195 1474 dum
1219 1441 1398 1475 acrimonia
1421 1442 1628 1483 pervenerit,
1651 1452 1687 1476 ut
1710 1442 1779 1477 haec
1803 1443 1922 1483 faciat,
1946 1456 2024 1479 num
2055 1443 2125 1477 ullo

1116 1493 1211 1526 putas
1234 1485 1366 1518 interno
1381 1509 1390 1525 ,
1413 1494 1588 1518 externove
1610 1486 1732 1519 auxilio
1744 1486 1831 1530 posse
1850 1487 2025 1522 ischiadem
2050 1497 2125 1527 per-

1115 1527 1220 1562 sanari
1243 1531 1253 1561 ?
1290 1529 1365 1570 Ego
1389 1537 1472 1562 certe
1496 1538 1560 1561 non
1586 1538 1685 1570 puto,
1711 1541 1749 1564 ne
1783 1530 1806 1564 fi
1841 1530 1955 1564 ultimo
1987 1529 2122 1573 quidem

1115 1573 1219 1605 utaris
1240 1595 1249 1610 ,
1286 1571 1329 1603 2²9*
1352 1571 1385 1604 in
1407 1570 1568 1605 veteribus
1602 1582 1719 1613 quoque
1742 1574 1860 1607 morbis
1892 1572 2088 1617 efficacissimo
2110 1583 2124 1610 5

1112 1613 1156 1648 fic
1179 1615 1265 1648 enim
1288 1614 1375 1647 Celsi
1401 1618 1455 1654 (y
1477 1618 1493 1654 )
1516 1614 1613 1649 verba
1637 1614 1769 1657 legenda
1793 1616 1888 1650 credo
1907 1627 1920 1656 ,·
1941 1615 2044 1650 trihus
2066 1623 2123 1649 aut

1112 1665 1245 1700 quatuor
1267 1656 1346 1690 locis
1364 1656 1460 1698 super
1480 1667 1589 1691 coxam
1601 1665 1705 1692 cutem
1725 1657 1930 1693 candentibus
1943 1658 2124 1701 ferramen-

1115 1701 1162 1734 tis
1184 1699 1407 1741 exulcerafflio,
1431 1700 1551 1735 nedum
1577 1701 1649 1735 aliis
1671 1713 1743 1745 quae
1766 1713 1919 1745 praeterea
1934 1703 2123 1745 Hippocra-

1117 1745 1147 1777 ti
1171 1744 1231 1787 (z
1257 1747 1271 1783 )
1292 1745 1326 1776 in
1351 1744 1408 1777 usu
1432 1753 1521 1778 erant
1543 1769 1552 1785 ,
1588 1745 1778 1780 mitioribus
1801 1746 1967 1780 ustionum
1990 1748 2117 1788 generi-

1119 1788 1201 1826 bus,
1225 1787 1355 1829 qualia,
1379 1789 1411 1820 &
1434 1789 1541 1823 multo
1564 1789 1679 1832 plura,
1703 1801 1721 1823 a
1743 1790 1850 1824 Caelio
1862 1789 2123 1832 Aureliano(a)

1119 1839 1344 1865 memorantur
1365 1854 1374 1870 ‚
1407 1830 1492 1865 inter
1514 1842 1587 1874 quae
1611 1832 1693 1866 illud
1716 1843 1849 1876 quoque
1874 1854 1883 1871 ,
1921 1833 2122 1876 Hippocrati
2148 1849 2154 1852 e

1122 1875 1246 1917 pariter
1268 1873 1444 1914 usitatum,
1467 1874 1556 1917 quod
1580 1884 1696 1918 praeter
1719 1877 1844 1910 caeteris
1868 1874 1998 1910 videtur
2022 1875 2125 1910 Indo-

1117 1929 1196 1954 rum,
1217 1927 1313 1951 moxae
1347 1916 1540 1959 respondisse
1576 1919 1770 1961 apponendo
1803 1919 1952 1954 videlicet
1985 1919 2125 1963 fungum

1119 1959 1298 2003 quendam,
1321 1959 1473 2004 huncque
1495 1973 1512 1995 a
1537 1962 1660 1997 summa
1684 1972 1774 2006 parte
1797 1962 2000 1998 accendendo
2022 1976 2029 1995 :
2064 1974 2122 1997 cu·

1116 2002 1259 2046 jusmodi
1283 2004 1443 2048 ustionem
1456 2003 1513 2038 etsi
1537 2005 1601 2040 leni
1618 2007 1832 2048 penetratione
1844 2008 2036 2042 moderatam
2046 2008 2126 2045 Caeff

1115 2049 1181 2082 lius
1204 2047 1378 2090 agnoscam
1403 2059 1514 2082 omnes
1538 2058 1644 2083 tamen
1669 2050 1740 2084 aliis
1764 2052 1930 2095 postponit
1954 2050 2126 2093 remediis,

1114 2092 1238 2134 quippe
1261 2102 1335 2125 cum
1354 2091 1493 2134 plurima
1517 2094 1687 2127 vexatione
1709 2093 1897 2137 conjunfitas
1922 2119 1932 2135 ,
1955 2097 1987 2129 δε
2010 2106 2124 2130 eorum

1116 2133 1207 2168 usum
1232 2134 1464 2176 prohibentes,
1485 2145 1557 2170 cum
1575 2145 1685 2179 partes
1706 2136 1851 2171 ulcerata:
1874 2138 2010 2181 appofita
2034 2139 2116 2173 tole.

1116 2188 1186 2211 rare
1207 2187 1267 2210 non
1284 2178 1415 2221 poffint.
1441 2179 1567 2213 Verum
1591 2179 1711 2214 ustioni
1736 2181 1908 2215 adlaxatas
1930 2192 2122 2225 partescon—

1116 2219 1307 2260 trahendas,
1330 2222 1651 2266 corroborandasque
1675 2223 1747 2258 suus
1772 2224 1818 2258 est
1842 2225 1955 2267 locus,
1978 2228 2009 2260 δε
2032 2227 2122 2261 cutis

1115 2265 1354 2299 exulcerationi
1380 2264 1418 2299 ad
1442 2267 1551 2299 noxiae
1586 2268 1727 2300 materiae
1751 2268 1940 2309 portionem
1976 2270 2120 2312 aliquam

1115 2307 1155 2340 ab
1178 2308 1304 2342 intimis
1326 2309 1408 2343 locis
1432 2309 1622 2347 arcendam,
1645 2312 1677 2343 δε
1699 2320 1788 2344 extra
1810 2323 1926 2354 corpus
1950 2313 2124 2350 amandan-

1114 2351 1190 2384 dam
1205 2365 1215 2384 .·
1237 2352 1346 2393 itaque
1370 2353 1504 2389 mitius,
1528 2356 1560 2386 &
1583 2352 1768 2395 tempestive
1792 2354 1974 2391 adhibitam
1997 2368 2061 2392 non
2086 2372 2122 2393 o—

1114 2396 1228 2428 mnino
1251 2395 1284 2428 in
1307 2395 1499 2437 quibusdam
1522 2396 1731 2439 rejiciendam
1753 2398 1915 2441 censebis,
1938 2402 2117 2445 praesertim

1111 2439 1169 2472 ubi
1193 2449 1257 2472 non
1283 2448 1427 2480 veterum
1450 2440 1550 2487 modo
1571 2463 1583 2481 ,
1617 2440 1668 2474 sed
1691 2442 1791 2476 etiam
1816 2454 1880 2478 non
1902 2446 1949 2479 ita
1973 2447 2121 2489 antiqua-

1115 2493 1188 2516 rum
1211 2492 1292 2531 quae·
1306 2480 1448 2517 feliciter
1481 2495 1548 2526 ejus
1571 2496 1633 2528 ope
1656 2484 1811 2521 absolutae
1836 2487 1908 2522 sunt
1933 2511 1943 2527 ,
1975 2492 2119 2524 curatio-

1115 2537 1194 2559 num
1219 2535 1330 2559 veniat
1354 2529 1389 2561 in
1415 2536 1557 2563 mentem
1578 2553 1586 2561 .
1621 2528 1741 2572 Neque
1764 2532 1857 2566 aliter
1890 2532 1930 2567 de
1952 2535 2022 2567 aliis
2044 2535 2121 2576 qui-

1116 2569 1251 2603 busdam
1276 2571 1407 2604 auxiliis
1430 2571 1644 2607 existimabis.
1670 2576 1773 2607 Tanta
1795 2573 1857 2615 esi,
1881 2578 1991 2619 inquit
2015 2578 2121 2610 Aran-

1115 2615 1182 2646 tius
1204 2617 1218 2653 (
1239 2612 1259 2646 b
1282 2615 1293 2651 )
1316 2614 1350 2646 in
1374 2614 1554 2650 ischiadico
1577 2616 1714 2654 dolore,
1735 2617 1907 2660 praesertim
1931 2620 2121 2662 incipiente,

1114 2663 1291 2692 enematum
1307 2654 1454 2697 facultas
1475 2682 1487 2699 ,
1520 2667 1557 2692 ut
1579 2659 1641 2703 ipse
1665 2658 1750 2694 nullo
1769 2668 1881 2702 prater
1904 2662 2045 2705 clysteres
2066 2665 2121 2697 ad-

1111 2697 1215 2733 hibito
1234 2699 1455 2734 medicamento
1471 2727 1479 2740 ‚
1499 2702 1607 2744 plures
1625 2703 1773 2746 graviter
1795 2702 1939 2747 affefz‘os‚
1963 2707 1995 2739 in
2015 2706 2120 2749 prisii-

1112 2752 1185 2776 nam
1201 2741 1376 2784 sanitatem
1395 2746 1618 2786 perduxerim,
1644 2748 1683 2778 Et
1706 2748 1810 2787 prima
1846 2748 1979 2790 quidem
2003 2773 2014 2789 ,
2044 2761 2118 2792 quae

1113 2787 1291 2828 proponit,
1315 2797 1457 2821 enemata
1481 2787 1575 2822 facile
1599 2788 1774 2831 probabis,
1799 2790 1839 2823 ab
1862 2792 1902 2826 iis
1912 2803 1986 2834 quae
2009 2792 2120 2827 laudat

1114 2830 1237 2867 Caelius
1260 2832 1273 2868 (
1295 2831 1347 2872 c)
1373 2831 1453 2873 saepe
1477 2843 1492 2864 a
1517 2832 1612 2865 nobis
1636 2842 1854 2872 memoratus,
1881 2846 1946 2868 non
1971 2835 2048 2869 adeo
2070 2837 2120 2871 di-

1115 2873 1316 2914 screpantia,
1339 2874 1458 2915 quibus
1477 2877 1601 2916 pariter
1613 2871 1689 2917 fota
1711 2883 1806 2918 atque
1827 2886 1977 2920 vaporata
1988 2879 2115 2913 interio-

1116 2926 1151 2948 ra
1174 2915 1350 2949 laxamento
1371 2917 1586 2960 consentiant,
1610 2918 1670 2952 Sed
1692 2918 1749 2952 ubi
1774 2920 1877 2960 prima
1899 2921 1955 2955 illa
1980 2933 2045 2955 non
2069 2922 2117 2957 sa-

1116 2960 1159 2992 tis
1182 2958 1339 2996 fecerint,
1363 2962 1520 2995 Arantius
1548 2961 1635 3006 aliud
1659 2962 1842 3005 praescribit
1864 2988 1877 3005 ,
1911 2966 2011 3008 idque
2036 2977 2116 3008 pur-

1113 3012 1214 3044 gans,
1237 3003 1326 3045 quod
1352 3004 1384 3035 &
1406 3003 1472 3046 ipse
1496 3004 1661 3051 agnoscit,
1687 3005 1846 3040 validum.
1874 3008 1968 3043 Num
2005 3010 2115 3045 irrita-

1111 3047 1218 3080 tiones
1242 3047 1383 3086 veritus,
1406 3050 1542 3083 omnino
1568 3049 1713 3090 rejicies?
1739 3050 1812 3083 Imo
1833 3051 1890 3085 ubi
1911 3064 1956 3087 eae
1966 3052 2027 3087 fint
2037 3065 2115 3088 cau-

1110 3088 1179 3127 saef,
1200 3100 1299 3131 eaque
1323 3100 1460 3132 corpora
1484 3103 1555 3134 quae
1579 3091 1645 3134 ipse
1668 3093 1765 3134 ponit
1786 3118 1797 3134 ,
1830 3093 1852 3126 fi
1875 3106 1941 3129 non
1963 3096 2023 3130 illo
2047 3121 2057 3136 ,
2079 3106 2114 3130 at

1110 3133 1175 3166 alio
1197 3133 1306 3174 aliquo
1329 3134 1462 3175 clystere
1483 3134 1583 3168 uteris
1606 3146 1672 3177 quo
1686 3134 1772 3169 idem
1789 3137 2017 3181 consequaris.
2033 3142 2115 3172 Cer-

1111 3186 1144 3210 te
1169 3185 1274 3210 autem
1298 3185 1413 3217 praeter
1437 3179 1568 3212 Arantii
1593 3178 1844 3220 testimonium,
1867 3180 1890 3214 fi
1916 3181 2115 3223 vetustiores,

1110 3229 1169 3253 aut
1191 3219 1384 3253 recentiores
1408 3220 1479 3263 ipso
1505 3219 1654 3256 Medicos
1677 3223 1761 3264 legas
1781 3235 1792 3262 5
1823 3226 1970 3258 invenies
1994 3227 2115 3260 multos

1110 3274 1187 3296 cum
1210 3275 1248 3296 eo
1269 3261 1522 3298 consentientes.
1548 3266 1601 3298 Sic
1626 3266 1847 3307 Montagnana
1870 3267 1891 3310 (
1907 3268 1928 3300 d
1948 3272 1962 3308 >
1985 3268 2115 3304 Dolores

1107 3306 1300 3344 ischiadici,
1324 3307 1455 3348 inquit,
1472 3308 1652 3350 sapientum
1675 3309 1813 3344 omnium
1836 3311 1995 3345 concordia
2006 3312 2116 3353 clyste-

1112 3349 1201 3383 ribus
1222 3350 1325 3383 acutis
1340 3348 1514 3391 sanantur.
1539 3351 1696 3385 Riverius
1719 3351 1738 3393 (
1754 3362 1769 3386 e
1790 3356 1804 3392 )
1828 3362 1936 3387 autem
1967 3355 2014 3388 ita
2044 3357 2115 3399 post

1112 3393 1296 3435 frequentes
1319 3394 1399 3426 alios
1420 3394 1573 3437 clysteres
1595 3416 1606 3432 ,
1643 3396 1741 3428 etiam
1765 3407 1852 3430 acres
1877 3398 2016 3440 denique
2038 3410 2115 3441 pro-

1114 3437 1229 3476 ponit,
1256 3445 1292 3469 ut
1315 3435 1565 3471 manifestiffime
1588 3448 1663 3472 cum
1687 3438 1830 3473 Arantio
1853 3438 1957 3475 facere
1976 3463 1986 3478 ,
2019 3442 2115 3476 intel-

1112 3479 1212 3521 ligas.
1239 3480 1344 3514 Porro
1368 3481 1587 3515 Ettmuuerus
1607 3478 1717 3523 (f);
1739 3492 1774 3517 ut
1798 3483 1878 3517 alios
1901 3492 2116 3527 praeteream;

1110 3533 1178 3555 non
1203 3521 1306 3556 solum
1329 3523 1479 3566 clysteres
1503 3525 1536 3558 in
1562 3525 1676 3566 primis
1698 3526 1879 3568 repetitos,
1903 3528 1968 3567 ait,
1989 3539 2116 3563 conve-
2145 3530 2149 3532 “

1110 3568 1209 3604 nire,
1234 3566 1285 3600 sed
1307 3566 1370 3600 hoc
1395 3566 1484 3602 addit
1504 3591 1514 3609 ,
1544 3568 1587 3602 Θ·
1608 3568 1730 3610 quidem
1751 3580 1838 3603 acres
1859 3569 1969 3614 neceffie
1992 3571 2032 3611 est
2048 3572 2114 3614 fiat

2002 3613 2071 3654 isti.

86 3666 2110 3685 &mm

120 3698 128 3725 (
142 3696 157 3720 -i
173 3695 184 3726 )
198 3692 274 3723 Epist.
290 3702 329 3724 50.
341 3701 370 3718 -η,
382 3701 429 3723 ης.
446 3697 487 3722 46.
528 3692 531 3694 ’
550 3691 559 3723 (
573 3692 591 3718 k
607 3694 616 3722 )
633 3694 683 3717 Sat.
698 3701 720 3724 ς.
737 3701 760 3718 v.
776 3702 816 3724 59.
878 3695 893 3724 (
906 3695 920 3718 ,l
936 3694 950 3723 3
964 3694 1050 3718 Morb.
1069 3695 1162 3718 Chr-on.
1179 3694 1197 3718 1.
1215 3702 1236 3723 ς.
1253 3702 1275 3719 c.
1293 3703 1315 3718 ει.

118 3727 135 3756 (
149 3734 162 3750 o
177 3727 191 3754 )
208 3723 269 3749 obs.
288 3732 309 3754 ς.
370 3725 384 3754 (
397 3731 415 3754 ρ
431 3724 444 3752 )
461 3723 567 3749 Praeless.
585 3725 614 3748 ad
632 3724 687 3748 Inst.
706 3724 729 3755 §.
746 3726 800 3754 258.

122 3757 132 3785 (
149 3765 160 3780 r
175 3756 189 3785 )
205 3763 226 3780 c.
242 3763 266 3779 ι.
284 3754 354 3784 paulo
369 3760 428 3779 ante
444 3754 489 3780 cit.
550 3754 615 3785 (s)
631 3754 730 3779 Advers.
747 3757 820 3785 Anat.
837 3763 860 3780 1.
878 3764 902 3780 n.
920 3762 955 3785 ις.
1085 3784 1091 3789 .

116 3787 127 3814 ί
149 3795 164 3810 x
183 3788 190 3815 )
208 3786 234 3810 n}
250 3793 276 3809 2.
337 3787 352 3814 (
365 3793 383 3816 γ
399 3788 408 3814 1
428 3788 463 3811 De
480 3785 573 3810 Medic.
591 3786 609 3809 1.
626 3793 651 3814 4.
667 3792 690 3809 c.
705 3793 743 3811 2².
759 3786 816 3810 Vid.
833 3786 904 3815 Epist.
922 3792 946 3810 6.
963 3784 1067 3810 nostram
1084 3792 1110 3809 m
1125 3785 1188 3819 cels.-

120 3817 132 3842 t
147 3824 163 3839 a
177 3817 192 3844 )
209 3817 225 3841 1.
241 3816 284 3841 cit·
302 3824 324 3845 s·
341 3823 364 3840 c.
383 3823 405 3840 1-
470 3816 479 3846 ί
496 3816 510 3840 ⁶
525 3815 539 3844 )
556 3816 573 3839 ¹.
587 3816 616 3840 de
631 3818 735 3844 Tumor.
752 3823 776 3847 ιι.
791 3822 816 3842 n.
831 3823 883 3847 cap.
900 3819 941 3848 63.
1003 3816 1019 3846 (
1034 3824 1045 3842 c
1061 3815 1076 3846 2
1089 3822 1110 3842 t.
1128 3824 1150 3844 x.
1166 3821 1211 3846 ut.

123 3845 190 3877 (ί)
208 3849 283 3885 Ρῐόξι
299 3847 317 3875 ιι
332 3852 355 3873 ²·
372 3847 396 3874 s·
412 3853 433 3875 ²2
449 3853 472 3874 Q·
488 3853 511 3878 3·
526 3850 575 3873 {Its
589 3848 615 3874 8.

1374 3696 1391 3724 (
1407 3703 1430 3718 m
1446 3696 1457 3725 )
1475 3696 1536 3720 seet.
1554 3695 1636 3723 hac18.
1652 3697 1701 3726 post
1718 3696 1775 3721 Obs.
1792 3704 1815 3721 2.
1877 3699 1892 3727 (
1906 3706 1923 3722 η
1940 3698 1956 3727 )
1971 3697 2032 3723 obs.
2048 3706 2073 3730 3.

1878 3758 1893 3787 (
1909 3765 1925 3782 u
1942 3758 1950 3788 )
1977 3759 2033 3784 Vid.
2051 3758 2111 3784 ibid„

1247 3785 1256 3816 (
1273 3794 1290 3815 z
1306 3790 1318 3811 )
1336 3786 1390 3810 Vid.
1405 3787 1467 3815 apud
1484 3790 1508 3811 le
1525 3787 1597 3813 Clerc
1614 3787 1674 3812 Hist.
1692 3787 1722 3812 de
1739 3788 1765 3813 la
1781 3786 1873 3812 Medic.
1892 3790 1917 3812 P.
1934 3796 1953 3813 1.
1966 3790 2015 3820 1.3-
2031 3797 2054 3816 c,
2070 3792 2112 3815 28.

1274 3821 1283 3848 t
1297 3816 1314 3842 d
1328 3816 1343 3846 )
1358 3816 1449 3849 Consil-
1465 3825 1518 3849 ²57·
1578 3819 1589 3850 (
1604 3826 1616 3843 e
1631 3819 1641 3851 )
1657 3820 1727 3845 Prax-
1742 3820 1841 3849 Medic,
1852 3819 1870 3845 1.
1887 3823 1926 3847 16.
1942 3827 1964 3847 c.
1979 3828 2002 3847 a.

861 3725 876 3754 (
892 3734 907 3755 q
923 3724 936 3753 )
953 3723 1044 3749 Medic.
1066 3726 1211 3758 Ran'rom.
1229 3733 1251 3753 4.
1270 3727 1296 3749 Ρ.
1313 3732 1337 3749 ².
1355 3726 1381 3749 S.
1398 3731 1419 3748 2.
1437 3732 1459 3750 c·
1474 3733 1514 3751 ιι.
1530 3726 1603 3753 Thes,
1620 3727 1717 3752 Pathol.
1735 3727 1757 3757 §.
1775 3731 1814 3752 16.

1017 3754 1027 3782 (
1044 3760 1055 3777 e
1071 3755 1084 3784 )
1103 3756 1158 3779 Vrd.
1175 3757 1238 3785 apud
1255 3757 1342 3780 Donat.
1363 3755 1392 3779 de
1407 3756 1499 3781 Medic.
1516 3756 1577 3781 Hist.
1595 3758 1658 3782 Mir.
1676 3758 1694 3782 1.
1714 3765 1735 3782 x.
1752 3764 1774 3782 c.
1793 3759 1817 3782 8.
