2498 4075
377 223 462 299 sm}
471 221 642 262 Partibus,
665 230 728 261 una
752 226 806 257 aut
830 221 928 256 altera
951 221 1113 266 proposita
1124 223 1385 265 Observatione,

401 277 429 302 ,ε
466 277 571 300 emus.

386 277 412 329 -Ρ
425 312 476 342 26.
500 309 740 342 ClSIARIUS
765 308 962 348 Patavinus,
986 320 1105 353 paucos
1129 309 1221 353 supra
1245 313 1382 354 triginta

372 363 475 392 annos
498 362 592 385 natus
614 376 623 391 ,
659 351 748 398 sagius
771 361 863 391 antea
888 373 899 389 2
931 354 961 385 &
985 353 1168 394 robustus,
1200 354 1261 391 nisi
1292 354 1382 398 quod

374 395 428 434 ,lue
450 405 580 441 venerea
604 394 832 432 laboraverat,
854 406 929 428 cum
952 394 1039 429 forte
1060 394 1222 431 cecidisset
1241 421 1254 439 ,
1278 400 1309 431 &
1333 398 1383 431 su-

371 448 431 485 pra
454 439 590 479 jacentis
615 447 759 478 ventrem
791 447 861 476 rota
898 438 930 470 in
956 440 1168 480 tranlversum
1192 441 1260 474 a6ta
1284 440 1381 478 esset3

371 481 496 520 ¹acerbis
517 479 599 520 adeo
622 481 809 519 lumborum
831 504 840 520 ‚
874 479 1023 524 dorfique
1046 482 1215 521 doloribus
1249 484 1384 525 prehen-

373 523 422 558 sus
446 523 489 557 est
508 546 521 563 5
545 533 581 558 ut
602 525 677 559 offito
699 525 783 567 ipsos
807 522 931 561 menses
950 525 1068 559 cubare
1092 535 1262 567 cogeretur
1284 552 1294 568 ‚
1327 528 1376 561 ni·-

371 566 419 602 hil
442 567 622 609 quidquam
643 571 715 610 opis
728 567 874 602 adversus
894 578 949 601 eos
962 567 1088 603 dolores
1111 570 1273 611 Medicis,
1297 581 1378 613 quos

370 610 449 647 bene
474 611 594 646 multos
618 612 854 651 advocaverat,
878 609 1105 649 afferentibus.
1130 614 1281 656 Denique
1304 624 1379 648 cum

369 655 440 688 Cel.
465 654 677 692 Vallisnerius
701 653 887 692 accessisset,
909 665 1096 698 aegrumque
1118 655 1157 689 de
1180 657 1380 694 cruciatibus

368 697 484 736 finistri
509 697 710 740 potiffimum
732 698 837 736 lumbi
860 708 1047 740 querentem
1072 699 1344 738 animadvertisset
1368 713 1378 739 3

369 753 466 776 mann
493 741 623 777 admota
646 741 883 783 pulsationem,
906 749 943 779 ut
967 741 1008 775 ab
1029 742 1250 784 aneurysmate
1274 768 1284 784 ‚
1308 755 1379 787 per-

366 787 456 828 ,cepit
480 784 517 818 ad
550 783 655 826 ipsum
681 785 748 827 ejus
780 784 884 818 lumbi
916 784 999 817 latus
1021 809 1029 824 ,
1060 786 1180 827 illaque
1210 796 1378 832 propterea

366 829 487 872 quibus
510 827 635 862 diutius
659 826 745 867 forte
769 827 884 862 servari
908 825 1009 869 posset
1033 827 1135 862 homo
1156 853 1168 869 ‚
1200 840 1264 863 non
1290 829 1377 863 sana-

368 873 398 905 ri
414 878 431 909 ‘‚
457 869 650 914 praescripsit
676 895 683 902 .
720 871 888 904 Intumuit
912 870 1028 907 deinde
1063 873 1089 904 is
1112 872 1221 911 locus,
1244 882 1376 907 tumore

365 916 462 956 latius
496 914 526 948 se
550 913 741 954 extendente
768 939 778 954 ‚
811 916 843 946 &
867 913 967 947 costas
1000 914 1080 958 ipsas
1113 927 1185 958 quae
1218 918 1378 959 proximae

364 966 478 997 erant,
502 957 670 992 attollente
685 983 693 998 ‚
719 956 858 996 OEdema
881 958 999 991 interea
1024 958 1206 997 subjeetum
1229 972 1321 1000 crus,
1346 963 1378 993 &

365 1003 474 1042 femur
495 1010 605 1035 totum
627 1010 841 1045 occupaverat
857 1027 864 1036 .
891 1000 979 1035 Cum
1003 1014 1087 1045 aeger
1113 1012 1218 1042 tamen
1232 1026 1242 1042 ‚
1268 1005 1380 1046 vigen-

366 1056 400 1084 te
424 1047 572 1088 appetitu
587 1071 595 1086 ‚
619 1053 741 1079 temere
764 1045 908 1083 multum
930 1045 1037 1084 ederet
1052 1068 1062 1083 ‚
1087 1048 1380 1090 tumorqueincre-

367 1090 489 1130 {cerem
513 1088 701 1130 Chirurgus
724 1088 978 1130 imperitiffimus
1003 1089 1095 1123 ausus
1118 1089 1160 1123 est
1183 1090 1277 1132 longe
1290 1090 1378 1127 aliud

346 1138 401 1171 'ac
425 1132 659 1173 Vallisnerius‚
683 1133 838 1175 opinari,
860 1135 891 1168 δε
914 1142 979 1165 non
1003 1133 1102 1166 modo
1133 1144 1203 1175 quae
1226 1145 1283 1175 pus
1307 1145 1379 1167 mo-

365 1185 481 1217 verent
501 1199 510 1216 ,
546 1177 731 1219 imponere,
758 1186 867 1208 verum
896 1176 993 1209 etiam
1016 1187 1090 1209 cum
1115 1178 1155 1208 ab
1177 1175 1294 1210 horum
1319 1176 1376 1212 usu

365 1220 496 1261 Vesicae,
521 1222 551 1252 δι
577 1221 665 1257 rimae
689 1220 722 1252 in
749 1219 851 1254 lumbi
875 1228 949 1252 cute
971 1218 1208 1262 apparuissent,
1232 1219 1313 1255 hanc
1329 1222 1376 1253 in.

361 1262 486 1303 cidere.
511 1263 628 1301 Qam'
645 1261 834 1296 incisionem
858 1262 1007 1305 proxima
1032 1262 1125 1298 ηοᾶε
1139 1262 1310 1297 consecuta
1334 1262 1378 1299 est

363 1309 503 1344 tumoris
526 1305 688 1348 disruptio
712 1327 721 1342 ‚
756 1305 839 1339 hanc
863 1315 971 1339 autem
998 1306 1082 1347 larga
1107 1305 1270 1348 sanguinis
1303 1319 1380 1350 pro-

365 1349 451 1385 fufio
474 1374 485 1391 ,
519 1353 549 1384 ὅ(
574 1349 657 1390 hanc
680 1350 803 1383 virium
823 1369 832 1387 ,
868 1348 1020 1392 vocisque
1043 1348 1204 1396 defectim
1228 1359 1264 1384 ut
1288 1351 1379 1384 intra

363 1394 452 1436 horae
477 1394 692 1438 quadrantem
717 1404 732 1427 a
755 1392 980 1435 disruptione,
1007 1393 1073 1424 vita
1084 1392 1229 1430 desierit.
1256 1394 1378 1427 vostri,

363 1438 438 1475 die,
463 1440 521 1482 q‘ui
544 1437 611 1473 dies
636 1435 700 1470 fuit
724 1436 835 1469 Nonis
860 1435 1108 1473 Novembribus
1130 1438 1176 1471 A.
1205 1446 1296 1479 1720.
1309 1436 1378 1472 haec

362 1481 446 1518 mihi
470 1481 615 1514 narravit
640 1479 880 1519 Vallisnerius‚
905 1480 1064 1522 petiitque
1088 1502 1097 1517 ‚
1122 1488 1158 1514 ut
1182 1479 1288 1514 secum
1312 1481 1378 1515 dis..

363 1526 497 1566 sefiioni
533 1521 659 1566 praeeffe
691 1523 806 1557 vellem
831 1546 839 1560 ‚
875 1534 946 1564 quae
979 1535 995 1556 a
1027 1524 1156 1564 Vulpio
1189 1523 1299 1557 nostro
1333 1523 1377 1560 est

366 1567 590 1607 administrata
615 1593 623 1601 .
760 1569 788 1599 A
813 1567 839 1600 B
864 1566 895 1599 D
919 1567 955 1599 O
980 1565 1017 1603 Μ
1043 1567 1058 1601 Ι
1080 1566 1117 1600 N
1141 1567 1171 1599 E
1204 1566 1342 1614 diducto
1364 1592 1375 1608 ,

361 1616 398 1653 in
430 1612 638 1654 conspectum
675 1611 764 1643 venit
797 1608 988 1651 aneurysma
1011 1631 1023 1649 ‚
1054 1619 1122 1651 quo
1159 1621 1263 1652 majus
1295 1621 1376 1645 nun-

362 1669 462 1701 quam
487 1656 555 1689 vidi
581 1679 587 1685 .
625 1651 714 1686 Nam
739 1653 861 1690 ventris
882 1663 986 1687 caveae
1008 1652 1180 1687 dimidium
1192 1653 1294 1690 ferme
1318 1666 1375 1687 oc-

363 1701 505 1743 cupabat
529 1696 702 1736 secundum
714 1695 955 1737 longitudinem
982 1695 1097 1729 fitum.
1121 1697 1177 1733 Ab
1199 1696 1374 1740 diaphrag—

365 1755 452 1781 mate
493 1743 579 1781 enim
623 1739 661 1776 ad
704 1740 825 1782 pelvim
868 1737 897 1771 se
935 1738 1112 1772 extendens
1147 1764 1156 1779 ‚
1201 1741 1374 1780 obtinebat

362 1796 523 1832 quantum
558 1784 658 1828 spatii>
689 1783 734 1817 est
766 1782 808 1815 ab
840 1782 936 1815 latere
969 1780 1069 1824 usque
1101 1781 1236 1817 dextero
1269 1793 1375 1818 verte-

359 1835 491 1868 brarum
525 1828 564 1863 ad
599 1826 759 1864 sinistrum
792 1824 922 1862 distenti
954 1825 1138 1861 'abdominis
1159 1827 1243 1862 latus
1267 1850 1276 1865 ‚
1313 1828 1375 1861 lie-1

359 1869 399 1918 ‘pe
421 1898 430 1914 ‚
467 1870 649 1912 ventriculo
676 1892 685 1907 ‚
720 1869 880 1902 intestinis
905 1891 915 1906 ,
949 1869 1140 1905 mesenterio
1162 1891 1172 1906 ‚
1208 1882 1288 1905 vena
1310 1872 1375 1903 Ca-

362 1934 403 1958 va
428 1943 438 1959 ‚
472 1928 543 1953 rene
567 1914 695 1949 sinistro
727 1911 931 1946 dextrorsum
956 1912 1036 1946 adeo
1069 1913 1262 1955 compulsis,
1286 1922 1322 1947 ut
1347 1915 1375 1946 is

360 1957 416 2004 ren
440 1962 478 1996 ad
504 1960 670 2002 regionem
697 1956 772 1990 esset
798 1955 1018 1989 umbilicalem
1043 1980 1051 1994 ,
1077 1957 1198 1998 Figura
1222 1957 1374 1999 aneurys-

360 2020 412 2045 ma
435 2016 512 2045 tunc
535 2011 602 2037 erat
625 1999 714 2038 ovali
737 2022 747 2038 ,
780 2010 854 2037 cum
878 1996 1029 2042 sanguine
1053 2001 1222 2043 oppletum
1246 2023 1258 2040 ‚
1291 2000 1374 2034 faci-2

361 2053 390 2090 le
414 2048 522 2089 fuisset
546 2043 750 2089 sphaeroidaea
772 2056 782 2081 3
808 2043 950 2085 plurimo
975 2051 1084 2076 tamen
1107 2044 1279 2079 etiamtum
1304 2043 1376 2077 san-

360 2089 460 2140 'guine
483 2099 551 2125 erat
575 2088 712 2129 raretum
726 2109 735 2124 ‚
759 2087 969 2122 circumcirca
991 2087 1025 2123 in
1049 2088 1186 2122 cortices
1200 2086 1376 2131 polyposos

363 2145 519 2177 gono-eto
542 2155 552 2172 ‚
585 2132 623 2166 ad
649 2131 792 2167 medium
816 2129 968 2165 haetenus
989 2130 1144 2172 grumoso
1159 2155 1167 2170 ,
1192 2139 1228 2164 ut
1251 2131 1376 2174 pultem

364 2180 498 2217 referret
524 2203 531 2211 .
567 2176 636 2217 Qi
662 2175 832 2217 postquam
866 2173 973 2206 omnis
1009 2172 1172 2210 detraftus
1195 2173 1238 2212 est
1261 2197 1272 2212 ,
1304 2183 1375 2209 tum

365 2217 443 2261 vero
476 2223 544 2263 haec
581 2218 872 2253 animadvertimus
893 2240 901 2249 .
944 2216 1050 2250 Aorta
1085 2220 1204 2251 arteria
1245 2230 1309 2262 qua
1341 2218 1376 2249 in

367 2261 514 2305 ventrem
538 2264 681 2308 primum
706 2260 914 2305 perveniebat
941 2281 951 2297 ‚
986 2271 1060 2295 cum
1086 2260 1136 2293 ibi
1159 2261 1267 2295 statim
1295 2261 1379 2295 inci-

369 2305 611 2356 peretdilatari
645 2303 826 2344 antrorsnm
851 2302 986 2346 quidem
1021 2314 1087 2337 non
1120 2304 1167 2338 ita
1201 2305 1342 2339 multum
1367 2328 1380 2345 ,

367 2349 570 2393 dextrorsum
608 2359 716 2384 autem
746 2346 833 2382 haud
856 2347 995 2389 amplius
1026 2359 1125 2389 quam
1160 2358 1196 2382 ut
1230 2350 1379 2391 exiguam

370 2410 502 2436 manum
538 2402 665 2437 caperet
698 2394 734 2424 in
771 2402 917 2434 pugnum
951 2392 1152 2425 contractam
1176 2413 1185 2428 ‚
1219 2391 1382 2427 finil'tror-

369 2446 440 2480 {um
465 2441 495 2475 se
519 2439 596 2473 adeo
619 2434 819 2477 expandebat
842 2456 852 2471 ,
881 2443 918 2467 ut
941 2435 1136 2469 anteriorem
1167 2438 1197 2467 &
1233 2435 1382 2471 laterales

369 2479 505 2531 'parietes
529 2482 633 2521 facere
656 2479 822 2512 videretur
845 2476 1268 2519 descripti-aneurysmatis‚
1292 2478 1382 2520 quod

369 2533 418 2566 ibi
442 2532 525 2566 inter
558 2523 815 2568 diaphragmatis
838 2520 1029 2564 appendices
1061 2532 1136 2555 curn
1160 2523 1272 2556 Aortae
1297 2532 1379 2555 cavo

371 2566 526 2615 'ampliter
558 2565 822 2608 communicabat
846 2588 853 2595 .
890 2564 1049 2603 Laterales
1082 2565 1216 2606 parietes
1249 2564 1305 2598 ubi
1341 2563 1380 2602 ad

370 2609 546 2663 posteriora
570 2618 784 2656 pervenerant
807 2634 816 2649 ,
850 2605 948 2645 finem
971 2608 1019 2645 ibi
1052 2607 1158 2641 statim
1184 2608 1345 2642 habebant
1368 2631 1379 2646 ‚

372 2659 542 2697 arffiffirne
576 2653 788 2698 undique'ad
823 2660 926 2693 partes
960 2662 1039 2694 quas
1072 2652 1147 2685 inde
1190 2651 1379 2693 aneurysma

371 2716 436 2742 non
476 2707 658 2739 removerat
693 2721 702 2739 ,
749 2696 992 2739 agglutinatum
1024 2707 1031 2728 :
1078 2695 1188 2738 itaque
1221 2695 1378 2737 posterior

373 2744 609 2789 aneurysmatis
645 2741 747 2784 paries
780 2738 950 2783 peculiaris
983 2737 1090 2771 nullus
1123 2748 1224 2776 erat3
1260 2737 1311 2773 sed
1335 2750 1378 2772 eae

371 2792 446 2835 ipsae
472 2799 577 2832 partes
601 2797 661 2829 pro
685 2784 808 2829 pariete
832 2790 923 2818 erant
944 2805 952 2815 .
978 2782 1129 2824 Qarum
1154 2782 1218 2816 illae
1240 2793 1311 2825 quae
1336 2783 1379 2816 ob

373 2836 490 2870 osseam
525 2839 677 2865 naturam
711 2828 818 2867 minus
849 2824 959 2861 cedere
981 2826 1102 2862 ictibus
1126 2834 1297 2868 potuerant
1310 2825 1381 2858 san-

372 2878 481 2926 guinis
510 2874 664 2908 irruentis
687 2894 698 2911 ,
721 2870 823 2905 ‘exeso
846 2868 1021 2912 periostio,
1045 2869 1120 2911 ipsae
1142 2879 1272 2911 quoque
1294 2869 1381 2902 carie

376 2918 499 2956 affestae
523 2927 613 2952 erant
635 2939 644 2954 ‚
677 2914 763 2952 costa
789 2913 940 2950 videlicet
973 2911 1105 2950 infima,
1130 2915 1161 2946 &
1184 2923 1260 2946 cava
1285 2910 1381 2946 facies

376 2964 447 2999 offis
469 2962 562 2995 ilium
587 2972 594 2993 :
630 2959 784 2993 vertebrae
809 2966 916 2990 autem
947 2956 996 2989 vel
1021 2955 1109 3001 pejus
1134 2955 1163 2988 se
1187 2955 1348 2993 habebant
1372 2978 1380 2986 .

375 3007 591 3042 Lumbarium
615 3002 700 3037 enim
724 2998 893 3034 transversi
930 2999 1089 3041 processus
1111 3000 1145 3032 in
1171 2999 1281 3033 eodem
1305 2998 1382 3032 fluia

375 3043 448 3090 stro⁴
466 3050 561 3083 latere
585 3060 602 3081 a
625 3045 709 3085 carie
733 3053 787 3078 aut
812 3044 899 3085 rupti
921 3043 984 3084 jam
1009 3051 1096 3083 erant
1120 3064 1131 3080 ‚
1163 3051 1218 3077 aut
1241 3042 1310 3076 solo
1333 3043 1383 3077 di-

373 3096 521 3138 gitorum
547 3088 690 3134 appreslu
714 3085 808 3125 facile
832 3087 1062 3128 rumpebantur
1084 3100 1091 3118 ε
1116 3097 1250 3128 corpora
1274 3094 1381 3122 autem

374 3137 442 3182 ipsa
471 3128 594 3171 ‘infimae
617 3133 758 3169 thoracis
794 3130 948 3162 vertebrae
969 3154 977 3167 ‚
1014 3133 1046 3163 &
1077 3130 1214 3168 duarum
1246 3140 1317 3172 quae
1351 3130 1380 3166 ei

375 3175 534 3226 proximae
558 3178 596 3212 ad
620 3176 750 3211 lumbos
774 3173 868 3212 sunt,
892 3173 1037 3207 altiffime
1069 3183 1161 3209 erant
1195 3181 1345 3206 excavata
1369 3199 1379 3214 ‚

377 3228 409 3264 ἃ
435 3224 574 3258 maxima
598 3232 636 3255 ex
659 3227 749 3265 parte
772 3217 939 3257 absumpta
961 3238 978 3262 ,⁴
1004 3229 1075 3260 qua:
1099 3229 1147 3250 res
1170 3229 1207 3251 eo
1232 3217 1333 3258 magis
1346 3217 1380 3254 in

374 3268 487 3302 oculos
519 3265 704 3301 incurrebat
727 3285 737 3301 ‚
771 3259 858 3303 quod
881 3261 1048 3301 interjecta
1071 3260 1262 3303 corporibus
1294 3259 1378 3292 cras.

374 3313 405 3351 sa
439 3311 495 3344 illa
518 3309 728 3349 cartilaginea
764 3305 938 3346 ligamenta
973 3303 1035 3338 suis
1068 3303 1219 3345 quodque
1253 3302 1378 3340 sedibus

373 3356 545 3391 etiamtum
576 3351 739 3386 exstabant
763 3348 885 3382 intaeta
907 3369 917 3387 ‚
949 3349 979 3380 ὅ(
1003 3347 1135 3389 pulchre
1170 3347 1340 3379 albicantia
1364 3369 1373 3385 ‚

353 3398 496 3441 'suoque
521 3397 646 3431 servato
671 3390 898 3436 amplitudinis
931 3390 1029 3424 modo
1053 3392 1138 3425 inter
1169 3389 1376 3433 depreffiones

374 3442 537 3476 exesorum
570 3449 745 3481 corporum
782 3435 1000 3478 prominentia
1020 3456 1029 3471 ‚
1063 3443 1221 3475 quantum
1256 3444 1294 3466 ex
1325 3433 1374 3466 his

375 3476 601 3526 consumptum
636 3481 743 3519 esset,
781 3477 1006 3519 aspicientibus
1039 3477 1247 3514 ostendebant
1267 3496 1278 3509 -.
1312 3476 1374 3513 His

371 3529 474 3570 igitur
506 3527 688 3564 omnibus,
733 3534 805 3565 quae
838 3523 946 3555 ablato
976 3521 1146 3555 dumtaxat
1190 3520 1341 3562 sanguine
1366 3541 1375 3556 ‚

371 3572 533 3610 continuo
565 3571 597 3603 in
629 3567 834 3612 conspecqum
870 3565 901 3598 se
934 3564 1091 3602 dederunt
1116 3590 1126 3606 ‚
1167 3562 1241 3597 satis
1274 3563 1377 3606 inspe-

1406 1953 1409 1954 ⁷
1427 1914 1486 1949 dus
1516 1922 1627 1946 tumor

965 145 1123 207 Liber
1153 146 1248 205 111,
1281 144 1367 205 De
1404 146 1623 206 Morbis
1643 147 1856 206 Ventris

1439 225 1521 262 ctis,
1541 236 1618 259 cum
1638 224 1680 262 aad
1705 225 1823 260 ventris
1857 224 1979 259 viscera
1996 225 2114 263 loculos
2145 225 2407 265 convertiffemus
2427 231 2444 266 3

1436 267 1512 306 sana
1541 269 1659 307 cunsta
1681 269 1716 300 in
1749 277 1840 302 tanta
1860 269 2009 304 locorum
2042 272 2226 305 mutatione
2250 272 2358 305 mirati
2390 270 2444 306 su·
2466 274 2473 277 ”

1439 322 1509 346 mus
1519 336 1531 348 ,.
1663 313 1701 348 In
1727 312 1877 348 Thorace
1907 323 2036 354 quoque
2057 336 2072 353 ,
2105 313 2163 347 nisi
2184 314 2274 356 quod
2298 314 2441 356 pericar-

1432 354 1527 390 ‚dium
1552 354 1622 397 plus
1653 365 1744 396 aquae
1769 355 1885 390 habuit
1906 380 1916 396 ‚
1948 366 2047 400 quam
2068 367 2126 400 par
2147 356 2186 390 fit
2202 378 2212 396 ‚
2227 375 2231 379 ·
2246 356 2329 392 nihil
2349 355 2442 399 quod

1436 407 1581 441 peccaret
1601 420 1609 435 ‚
1643 398 1928 434 animadvertimus
1948 422 1958 433 .
1982 399 2072 432 Nam
2094 401 2182 442 quod
2205 400 2373 443 pulmones
2394 400 2442 434 al-

1432 441 1574 478 biffimos
1596 440 1684 479 haud
1710 440 1795 475 secus
1818 452 1853 474 ac
1875 441 1897 475 si
1922 452 2003 485 aqua
2028 442 2126 484 usclue
2141 467 2151 482 ‚
2183 444 2214 478 ,ἃ
2238 443 2335 486 usque
2356 441 2441 484 inje-

1435 486 1486 518 &a
1509 485 1636 527 sanguis
1659 496 1698 518 ex
1721 495 1833 520 eorum
1857 484 1935 518 vasis
1967 483 2074 521 fuislet
2097 486 2202 522 elutus
2226 508 2237 525 ‚
2269 484 2442 528 conspice.

1429 539 1558 567 remus3
1583 539 1694 570 nempe
1728 527 1762 561 id
1784 527 1892 562 deberi
1915 529 2175 571 intelligebamus
2207 530 2354 573 sanguini
2376 538 2442 572 qua.

1430 572 1517 606 nulla
1541 570 1711 605 refistentia
1725 570 1851 609 fuerat,
1875 574 1908 605 in
1933 580 2066 615 ruptum
2078 571 2269 615 ‚aneurysma
2292 573 2370 608 vitae
2380 582 2442 608 ex—

1430 625 1538 652 tremo
1562 625 1708 655 tempore
1732 613 1912 651 confluenti
1928 638 1936 648 .

1474 668 1527 700 27.
1552 658 1636 698 Qae
1659 656 1751 700 super
1786 660 1926 692 maximo
1948 658 2011 693 hoc
2047 658 2271 701 aneurysmate
2291 656 2439 694 animad-

1430 711 1556 737 vertere
1578 701 1680 735 multa
1706 699 1844 743 possem,
1870 701 1969 735 sciens
1993 704 2115 737 omitto
2137 726 2146 741 ‚
2181 702 2238 736 illa
2262 700 2441 744 praesertim

1429 756 1502 788 quae
1526 744 1607 779 alibi
1630 745 1726 786 attigi
1751 767 1760 782 ‚
1790 756 1867 779 cum
1897 744 1936 779 de
1956 746 2239 788 aneurysmatibus
2264 746 2334 781 aliis
2358 744 2439 779 scri-

1428 788 1649 825 berem.'Hic
1672 790 1738 823 duo
1762 789 1873 830 potius
1897 788 2050 823 adnotare
2072 789 2163 832 juvat
2185 813 2194 828 ‚
2226 799 2371 831 quorum
2390 787 2438 821 al·-

1428 842 1534 865 terum
1559 832 1592 863 in
1626 840 1765 866 extrema
1792 830 1849 866 hac
1875 831 2018 873 Epistola
2040 837 2054 874 (
2075 846 2092 867 a
2119 836 2129 872 )
2154 832 2288 868 habebis
2312 844 2321 869 3
2358 831 2439 864 alte-

1429 886 1503 911 rum
1549 883 1657 911 antem
1691 874 1729 908 ad
1772 873 1969 918 suspiciones
2016 878 2133 911 attinet
2178 875 2441 920 aneurysrnatum

1430 917 1500 962 post
1522 917 1611 951 diros
1635 919 1756 959 pariter
1781 942 1789 956 ,
1822 931 1856 953 ac
1879 918 2053 954 diuturnos
2083 919 2167 955 dorsi
2191 942 2200 958 ‚
2234 919 2438 953 lumborum-

1429 974 1493 1005 que
1523 961 1652 995 dolores
1686 962 1763 995 alias
1802 962 1836 995 in
1871 963 2056 997 viventibus
2090 987 2103 1003 ‚
2144 965 2221 997 alias
2253 964 2288 995 in
2332 959 2406 1004 ipfis
2428 981 2439 1000 2

1429 1005 1517 1048 quod
1543 1005 1722 1039 mirabilius
1746 1005 1896 1042 videtur,
1919 1005 2012 1041 sectis
2034 1007 2244 1040 cadaveribus
2255 1016 2320 1039 non
2343 1006 2438 1046 agni-

1430 1057 1540 1082 torum
1565 1073 1573 1081 .
1613 1048 1665 1081 Ut
1687 1049 1726 1085 de
1749 1048 1799 1083 his
1823 1050 1949 1082 ultimis
1974 1050 2117 1091 primum
2139 1050 2244 1084 dicam
2268 1059 2279 1086 3
2313 1048 2439 1090 relege,

1429 1091 1555 1133 quaeso,
1582 1100 1762 1135 perattente
1785 1092 1939 1134 quasdam
1963 1094 1998 1126 in
2023 1093 2227 1135 Sepulchreti
2250 1102 2315 1124 non
2339 1101 2436 1134 unam

1429 1136 1610 1170 sectionem
1634 1159 1644 1173 ,
1680 1139 1710 1169 &
1733 1136 1767 1169 in
1790 1134 1872 1169 hanc
1896 1148 2026 1179 quoque
2050 1138 2160 1171 XXII.
2187 1137 2300 1171 relatas
2334 1133 2436 1180 histo-

1429 1179 1512 1216 rias,
1537 1190 1651 1221 nempe
1674 1177 1758 1211 Obs.
1783 1179 1925 1214 XXXV.
1948 1182 1979 1212 &
2004 1181 2074 1213 XL.
2105 1180 2242 1214 Videbis
2263 1180 2331 1221 post
2356 1177 2439 1218 ejus·-

1430 1223 1521 1257 modi
1543 1222 1670 1255 dolores
1690 1233 1772 1265 quos
1806 1223 1974 1264 repentina
1998 1223 2128 1258 tandein
2166 1235 2252 1257 mors
2273 1224 2399 1262 excepit
2423 1244 2439 1261 ,

1430 1266 1464 1298 in
1490 1266 1587 1302 altera
1611 1265 1689 1299 duas
1722 1265 1897 1300 lumborum
1921 1266 2080 1300 vertebras
2114 1266 2251 1308 corrosas
2268 1262 2363 1308 fuiffe
2386 1274 2437 1297 re-

1428 1316 1557 1352 pertas,
1581 1318 1642 1341 una
1665 1318 1735 1341 cum
1756 1315 1850 1342 aortae
1873 1309 1915 1341 (φ
1946 1319 2030 1343 vente
2053 1320 2136 1343 cavae
2165 1332 2174 1347 ‚
2208 1309 2259 1343 cui
2275 1306 2437 1351 suppositae

1430 1360 1544 1391 erant,
1568 1360 1698 1393 ruptura
1722 1373 1732 1389 ‚
1768 1352 1846 1386 unde
1869 1363 1980 1394 magna
2013 1363 2051 1387 ex
2081 1361 2211 1396 utroque
2242 1351 2315 1395 vase
2340 1349 2434 1393 fasta

1421 1392 1532 1438 fuerat
1548 1394 1711 1437 sanguinis
1734 1396 1768 1427 in
1792 1405 1939 1429 ventrem
1962 1393 2064 1440 effusio
2093 1410 2103 1431 .·
2138 1397 2172 1430 in
2194 1395 2299 1431 altera
2323 1402 2433 1428 autem

1429 1449 1551 1472 carnem
1575 1439 1727 1480 quandam
1753 1439 1918 1480 putridam
1941 1462 1954 1479 ,
1986 1440 2191 1482 nigricantem
2214 1463 2225 1479 ‚
2262 1439 2305 1472 (θ’
2327 1447 2441 1471 corru-

1425 1490 1517 1525 ptam
1532 1507 1541 1520 ,
1566 1493 1636 1524 quae
1662 1482 1695 1514 in
1729 1491 1840 1515 ventre
1862 1483 1901 1516 ad
1935 1483 2013 1516 duas
2030 1482 2211 1526 spithamas
2235 1481 2324 1525 longa
2349 1502 2359 1516 2
2393 1479 2437 1512 &⁶

1429 1526 1561 1559 duarum
1593 1535 1741 1560 manuum
1773 1525 2019 1568 transversarum
2051 1527 2227 1561 latitudine
2256 1546 2272 1566 ,·
2312 1524 2436 1567 spinam

1429 1571 1475 1602 ita
1499 1568 1637 1602 eroserat
1660 1592 1673 1609 ,
1703 1576 1741 1602 ut
1763 1568 1852 1602 ulcus
1875 1580 1983 1602 cancro
1998 1568 2105 1611 simile
2123 1579 2264 1612 pugnum
2296 1577 2403 1610 capere
2426 1587 2438 1603 =

1428 1612 1471 1645 εἴ)
1491 1611 1554 1645 levi
1589 1611 1653 1645 ictu
1677 1619 1746 1645 tota
1774 1610 1867 1654 spina
1889 1612 1967 1655 dorsi
1990 1610 2104 1655 frangi
2128 1610 2229 1656 facile
2259 1612 2402 1654 potuerit
2425 1635 2438 1650 ,

1427 1654 1542 1688 ultimo
1565 1654 1693 1696 denique
1716 1654 1814 1697 ipsam
1847 1658 1946 1690 etiam
1967 1665 2079 1689 venam
2113 1663 2225 1689 cavam·
2245 1678 2254 1693 ,
2290 1665 2351 1697 qua
2368 1652 2439 1695 spi-

1428 1708 1502 1731 nam
1524 1698 1662 1731 decurrit
1680 1719 1694 1737 ,
1728 1697 1897 1740 corroserat
1919 1710 1937 1732 a
1961 1708 2021 1740 qua
2037 1698 2169 1742 sanguis
2190 1709 2246 1741 per
2269 1696 2437 1741 diaphrag-

1426 1751 1478 1774 ma
1502 1741 1541 1773 ab
1575 1740 1685 1776 eadem
1718 1751 1811 1773 carne
1842 1740 2037 1783 perforatum
2063 1764 2073 1780 ‚
2102 1741 2286 1783 pulmonum
2318 1748 2439 1775 motum

1428 1784 1622 1825 impediendo
1646 1808 1656 1824 ,
1704 1792 1836 1817 mortem
1870 1783 1984 1819 intulit
2007 1808 2017 1819 .
2063 1785 2173 1817 Prima
2211 1786 2266 1820 illa
2308 1782 2439 1818 affectio

1427 1826 1527 1864 Tabes
1542 1826 1651 1869 spinea
1684 1825 1777 1861 fuisse
1808 1826 1978 1866 creditur,
2016 1827 2056 1861 ab
2089 1828 2291 1870 Hippocrate
2324 1827 2441 1860 descri-

1428 1879 1484 1912 pta
1509 1883 1519 1902 .·
1546 1870 1634 1907 >Haec
1670 1870 1766 1905 altera
1792 1892 1802 1908 ,
1836 1872 2015 1913 pancreatis
2048 1872 2200 1905 immanis
2224 1894 2234 1910 ,
2268 1874 2299 1905 δι
2333 1870 2442 1913 putri-

1652 1931 1675 1946 .’
1694 1914 1804 1952 Quem
1829 1923 1865 1947 ut
1897 1915 1964 1956 ipse
1986 1925 2052 1947 non
2087 1925 2225 1956 negem5
2250 1926 2316 1948 non
2340 1913 2440 1947 mini,

1429 1967 1517 1992 rnarn
1551 1965 1657 1990 tamen
1684 1959 1819 1991 tumoris
1850 1968 1975 2000 partem
2007 1969 2047 1991 ex
2077 1958 2273 1992 dilatatione
2297 1958 2441 1999 Magno-

1427 2012 1501 2034 rum
1534 1999 1685 2034 vasorurn
1718 1999 1807 2034 fuisse
1831 2021 1840 2036 ‚
1874 2001 2018 2044 suspicor
2042 2026 2050 2035 .
2084 2002 2157 2034 Nec
2191 1999 2256 2037 fine
2278 1999 2441 2043 ejusmodi

1428 2043 1609 2086 suspicione
1631 2044 1768 2077 omnino
1792 2042 1859 2078 sum
1879 2068 1890 2085 ‚
1921 2056 1996 2079 cum
2022 2055 2101 2078 mox
2123 2044 2196 2089 lego
2220 2044 2303 2080 Obs.
2328 2042 2442 2079 XLII.

1427 2085 1564 2121 secunda
1586 2101 1596 2125 ς
1631 2087 1764 2122 iteratus
1789 2088 1877 2122 enim
1908 2099 1963 2130 per
1986 2088 2147 2121 incuriam
2184 2088 2227 2125 est
2250 2098 2402 2124 numerus
2423 2099 2436 2125 5

1427 2142 1504 2164 curn
1525 2153 1536 2169 ,
1568 2130 1702 2174 inquam
1728 2153 1738 2169 ‚
1775 2129 1873 2173 lego,
1895 2131 1966 2174 post
1987 2131 2165 2172 affiduum‚
2189 2143 2226 2166 ac
2248 2132 2440 2167 diuturnum

1428 2173 1578 2210 dolorem
1613 2175 1697 2207 circa
1730 2176 1895 2216 regionem
1929 2174 2000 2209 offis
2032 2174 2145 2216 sacri,
2177 2176 2349 2210 inventum
2381 2172 2440 2210 esse

1430 2219 1512 2250 circa
1536 2216 1669 2252 eandem
1692 2227 1723 2251 re
1746 2218 1867 2258 ionem,
1889 2228 1924 2253 ea
1946 2218 1979 2253 in
1997 2226 2091 2260 parte
2114 2218 2169 2252 ubi
2190 2228 2269 2253 vena
2292 2229 2368 2252 cava
2391 2216 2442 2250 hi.-

1424 2258 1596 2304 furentur,
1618 2228 1782 2305 absceffiam
1805 2271 1973 2304 magnum,
1995 2263 2095 2304 inquo
2119 2263 2252 2296 materia
2269 2260 2440 2305 foetida&

1425 2304 1557 2348 ‘sanguis
1579 2305 1763 2348 coagulatus
1784 2303 1999 2338 continebatur
2017 2329 2026 2345 ,
2049 2314 2121 2339 turn
2144 2307 2242 2340 etiam
2264 2317 2297 2339 os
2313 2304 2441 2348 sacrum

1432 2358 1468 2381 ea
1491 2348 1523 2379 in
1541 2355 1634 2387 parte
1664 2349 1711 2382 ita
1734 2347 1888 2390 corrosum
1911 2356 2005 2391 atque
2041 2348 2162 2392 exesum
2182 2371 2192 2387 ‚
2225 2356 2262 2382 uc
2277 2345 2440 2391 facillime

1432 2390 1543 2433 digitis
1565 2390 1692 2424 extrahi
1714 2398 1807 2433 atque
1832 2392 1952 2426 conteri
1969 2395 2112 2435 potuerit
2132 2417 2141 2427 .
2175 2392 2237 2427 Sed
2259 2393 2367 2426 minus
2392 2403 2442 2426 me

1433 2445 1503 2470 mea
1535 2430 1605 2466 falli
1629 2433 1806 2477 suspicione
1831 2457 1841 2473 ‚
1875 2435 2070 2473 crediderim
2102 2436 2136 2469 in
2169 2434 2405 2469 Observatione
2429 2457 2440 2476 ‚

1432 2488 1504 2519 quae
1540 2477 1567 2509 I.
1593 2477 1691 2511 estin
1728 2476 1974 2515 Additamentis
2009 2478 2048 2512 ad
2080 2478 2261 2516 Sestionem
2294 2477 2374 2512 XII.
2400 2479 2443 2512 li-

1432 2521 1485 2556 bri
1516 2522 1654 2562 quarti.
1688 2521 1753 2556 Vir
1783 2522 1981 2565 proponitur
2015 2523 2138 2564 magnis
2170 2521 2323 2557 universae
2354 2520 2440 2555 dorsi

1431 2564 1529 2604 spinae
1551 2563 1750 2598 cruciatibus
1772 2564 1830 2598 diu
1853 2563 2086 2604 conflictatum,
2108 2577 2206 2611 quem
2229 2576 2246 2597 a
2269 2564 2405 2609 prandio
2429 2586 2440 2602 ,

1431 2617 1505 2640 curn
1527 2606 1744 2642 familiaribus
1768 2607 1898 2650 sumpto
1919 2631 1928 2647 ‚
1963 2609 2066 2651 elapsa
2089 2617 2203 2651 quarta
2237 2607 2326 2644 horae
2350 2617 2440 2650 parte

1430 2649 1489 2689 hi,
1511 2652 1568 2692 qui
1592 2650 1794 2691 secesserant,
1818 2660 2012 2687 revertentes
2035 2651 2126 2686 humi
2148 2652 2281 2688 stratum
2301 2673 2312 2689 ,
2350 2662 2440 2688 mor-

1431 2702 1591 2737 tuumque
1614 2696 1811 2731 invenerunt
1835 2694 1924 2742 spina
1948 2695 2033 2728 dorfi
2045 2693 2191 2738 disrupta
2206 2718 2217 2735 ‚
2239 2695 2273 2728 id
2297 2694 2386 2737 quod
2410 2696 2439 2731 ei

1430 2735 1649 2771 verisimiliter
1671 2736 1840 2780 contigisse
1863 2737 2066 2773 crediderunt
2083 2761 2097 2778 ,
2117 2739 2194 2772 dum
2219 2738 2258 2772 ad
2283 2738 2439 2780 arripien-

1431 2780 1505 2815 dam
1530 2782 1685 2819 matulam
1710 2781 1738 2815 se
1762 2780 1966 2817 inclinasset.
1989 2782 2040 2814 Ex
2054 2791 2166 2824 aperto
2191 2791 2304 2815 ventre
2325 2782 2439 2824 ingens

1431 2826 1541 2862 statim
1566 2823 1715 2867 prosiluit
1740 2823 1900 2868 sanguinis
1922 2826 2035 2867 copia,
2058 2836 2125 2867 quo
2148 2828 2181 2859 &
2204 2834 2313 2858 totum
2337 2824 2439 2862 refer-

1432 2876 1502 2901 tum
1526 2879 1592 2901 erat
1614 2867 1775 2906 sinistrum
1800 2868 1941 2903 thoracis
1962 2879 2097 2903 cavum.
2125 2870 2319 2911 permagnus
2329 2878 2438 2903 autern

1432 2920 1501 2944 erat
1523 2920 1632 2946 tumor
1655 2924 1671 2946 a
1707 2911 1791 2946 sexta
1813 2912 1900 2947 dorfi
1935 2912 2080 2946 vertebra
2104 2912 2142 2949 ad
2176 2913 2316 2956 primam
2339 2911 2439 2954 usque

1432 2955 1620 2990 lumborum
1644 2956 1807 2998 pertinens
1835 2980 1844 2995 ‚
1878 2956 1935 2998 qui
1968 2952 2103 2996 refertus
2135 2956 2285 2998 apparuit
2318 2955 2438 2997 ingenti

1433 2999 1539 3035 carnis
1561 3000 1671 3041 copia,
1693 3000 1898 3036 carcinomate
1919 2996 2034 3042 affeffae
2052 3021 2062 3037 ‚
2087 2998 2213 3035 imbutae
2236 3000 2279 3033 εἶθ·
2302 2997 2437 3033 obductae

1429 3051 1529 3084 pauco
1545 3052 1646 3084 pure,
1668 3053 1704 3076 ac
1720 3042 1870 3084 sanguine
1893 3042 1924 3074 in
1944 3052 2081 3084 grumos.
2095 3049 2236 3077 concreto
2258 3067 2267 3077 .
2299 3042 2433 3075 Turno-

1434 3096 1501 3119 rem
1536 3085 1811 3128 comple&ebatur
1843 3084 2018 3119 membrana
2048 3083 2234 3127 validzffima
2252 3109 2262 3125 ‚
2293 3085 2434 3117 coronati

1433 3129 1570 3172 argentei
1590 3128 1750 3173 craffitiem
1775 3126 1915 3162 obtinens
1936 3154 1946 3169 ‚
1978 3128 2029 3162 sed
2050 3126 2149 3161 lacera
2182 3127 2278 3170 juxta
2295 3128 2435 3169 primam

1432 3171 1606 3210 lumborum
1628 3171 1806 3206 vertebram
1826 3195 1834 3209 ‚
1868 3182 1906 3208 ex
1924 3179 2014 3214 parte
2041 3171 2184 3213 periostio
2217 3170 2395 3211 destitutam
2420 3191 2432 3206 9

1431 3219 1503 3250 adeo
1525 3223 1562 3253 ut
1580 3215 1734 3259 postrema
1770 3215 1834 3247 ctuae
1856 3213 1939 3254 costae
1971 3214 2069 3247 nothae
2086 3213 2183 3257 spinae
2215 3213 2352 3258 amplius
2374 3223 2433 3246 non

1429 3259 1610 3293 cohaererent
1633 3283 1640 3290 .
1674 3260 1776 3291 Porro
1793 3255 1851 3299 sex
1885 3255 2047 3300 inferiores
2068 3257 2216 3294 vertebrae
2247 3255 2325 3299 dorsi
2346 3280 2356 3297 ,
2387 3258 2432 3289 Θ

1428 3300 1602 3336 lumborum
1622 3302 1747 3343 prima,
1769 3301 1851 3336 carie
1874 3301 1996 3335 omnino
2018 3309 2109 3335 erant
2131 3308 2282 3343 corrupta
2305 3319 2317 3337 ‚
2345 3298 2430 3341 quasi

1428 3343 1564 3379 teredine
1584 3344 1669 3387 erosce
1687 3366 1696 3382 ,
1720 3344 1794 3378 adeo
1817 3352 1853 3382 ut
1875 3342 1922 3377 ibi
1953 3343 2013 3378 loci
2030 3343 2125 3386 spina
2143 3366 2153 3382 ‚
2185 3353 2355 3387 propterea
2378 3340 2429 3375 fa-

1427 3388 1490 3422 cile
1513 3387 1657 3430 disrupta
1678 3411 1690 3428 ‚
1723 3388 1806 3422 omni
1828 3395 1944 3421 careret
1969 3387 2132 3430 soliditate
2153 3387 2196 3420 (92
2218 3385 2394 3426 stabilitate
2417 3408 2427 3416 .

1427 3431 1531 3474 Ipsum
1555 3431 1754 3474 diaphragma
1774 3430 1936 3474 pertusum
1955 3453 1965 3468 ,
1999 3437 2036 3464 ut
2057 3429 2175 3464 duobus
2204 3429 2317 3473 digitis
2352 3437 2426 3461 con-

1422 3475 1543 3518 junHis
1567 3475 1734 3508 introitum
1756 3475 1950 3508 concederet.
1976 3474 2071 3508 Renis
2087 3472 2203 3515 sinistri
2224 3482 2302 3508 vena
2316 3470 2426 3517 Emul-

1422 3528 1498 3559 gens
1517 3526 1664 3558 praterea
1687 3517 1837 3560 difierpta
1863 3543 1869 3550 .
1905 3518 2045 3552 Utinam
2068 3516 2161 3550 sicuti
2185 3527 2270 3550 venae
2295 3515 2389 3555 huius
2412 3538 2423 3553 ‚

1426 3562 1473 3593 ita
1499 3561 1629 3603 Magnae
1653 3562 1777 3595 arteriae
1799 3585 1809 3600 ,
1839 3561 2029 3596 adhaerentis
2052 3560 2203 3596 omnibus
2225 3559 2290 3592 illis
2312 3568 2424 3606 cor-rua

2318 3610 2382 3643 ptis

383 3760 597 3797 ιςα>η.ἦο,
