2498 4075
363 136 449 174 haud
471 137 631 181 amplius,
656 136 779 179 palmos
803 146 820 168 a
842 134 905 169 fine
929 134 987 169 Ilei
1008 132 1144 168 distabat
1167 158 1176 167 .
1206 132 1299 169 Quid
1320 143 1372 166 er-

365 193 408 225 go
430 185 499 222 est,
525 182 648 223 inquis,
672 191 730 214 cur
753 182 799 214 ita
823 177 1029 221 Ruyschium
1051 177 1270 219 intelligamus
1285 177 1370 217 quasi

367 235 598 267 nonnunquam
633 225 669 256 ad
695 222 782 257 aliud
814 232 943 263 quoque
967 219 1153 253 intestinum
1176 220 1368 254 diverticula

369 270 590 311 pertinerent?
627 266 759 301 Scilicet
780 277 854 300 cum
880 274 963 297 meas
974 263 1079 305 relego
1091 263 1370 299 Observationes,

367 312 488 355 aliquid
514 311 564 343 illi
591 310 762 352 aliquando
786 306 952 346 accidisse,
976 307 1073 340 credo
1096 317 1160 340 non
1182 306 1369 339 absimiliter

367 367 403 393 ac
428 353 508 388 mihi
535 352 652 386 accidit
675 355 731 396 qui
756 353 788 385 in
813 351 915 386 Recio
938 351 1055 387 semel,
1081 351 1199 383 iterum
1221 350 1254 383 in
1279 351 1369 383 Duo-

361 399 447 432 deno
470 395 627 438 ejusmodi
650 395 817 438 quidpiam
842 393 930 426 vidi.
956 395 994 425 In
1018 393 1124 427 Resto
1146 394 1277 435 quidem
1296 415 1308 432 ‚
1332 400 1369 425 ut

364 443 398 474 in
424 438 626 474 Adversariis
647 441 662 477 (
685 439 736 481 a)
761 435 963 479 propositum
991 435 1055 473 est;
1081 437 1113 468 in
1129 437 1289 470 Duodeno
1313 447 1369 469 au-

363 495 430 517 tem
455 483 516 516 viri
540 482 729 524 apoplestici
753 480 878 514 duobus
901 478 999 514 ferme
1022 479 1134 521 digitis
1156 477 1241 512 infra
1275 479 1367 521 pylo-

365 538 438 561 ruru
460 526 631 563 cellulam,
655 536 720 557 non
746 523 883 558 multum
908 524 1173 560 extuberantem‚
1200 521 1250 556 sed
1273 522 1365 556 orisi-

363 571 416 603 cio
439 569 582 611 digitum
607 567 816 605 admittente,
839 566 928 599 nulla
949 568 1091 601 cinfflam
1115 567 1225 598 tunica
1249 576 1364 607 praeter

364 613 545 649 extimam,
569 611 610 646 fic
635 621 740 645 tamen
765 620 799 643 ut
824 610 949 643 nullum
984 610 1119 642 omnino
1142 608 1205 641 sive
1228 608 1364 650 praesen-

364 658 425 693 tis,
451 657 513 689 sive
538 653 708 696 praeteritae
731 653 980 687 exulcerationis
1003 653 1074 689 ibi,
1107 661 1163 685 aut
1187 654 1220 684 in
1245 653 1366 684 ventri-

364 701 439 735 culo
461 721 472 739 ,
505 707 618 732 totove
651 696 876 730 intestinorum
907 697 988 729 tubo
1021 704 1144 729 extaret
1185 694 1364 728 indicium.

494 741 552 776 Sed
574 752 650 775 curn
671 740 859 774 diverticula
885 738 974 778 haec,
996 737 1127 781 quando
1150 737 1242 778 sunt,
1267 739 1334 771 Ileo
1357 762 1366 777 ,

366 796 401 821 ut
422 785 562 819 diximus
586 784 775 825 plerumque
798 783 996 823 obtingant,
1019 780 1203 824 longiffimo
1216 783 1367 816 omnium

366 828 518 863 intestino
538 850 550 868 ‚
584 828 693 869 inique
718 827 825 872 locato
857 827 913 858 ubi
937 824 1054 859 herniae
1089 825 1160 859 fieri
1184 825 1295 868 saepius
1318 826 1365 858 so-

364 873 452 909 lent;
479 881 542 903 non
566 872 682 904 mirum
709 869 774 906 est,
798 869 819 901 si
844 880 882 901 ex
906 869 973 902 Ileo
997 868 1216 910 potissimum,
1237 867 1364 902 hernias

364 915 497 948 subeant
512 937 519 946 .
651 913 747 946 Tunc
771 921 877 946 autem
900 914 1088 954 contingere
1102 910 1187 954 posse
1201 933 1211 950 ,
1233 921 1268 945 ut
1293 913 1364 945 nul-

363 959 394 993 la
421 958 591 999 sequantur
614 955 731 991 herniae
756 955 971 998 symptomata
997 978 1011 995 ,
1033 955 1221 997 Ruyschius
1242 956 1366 989 censuit

363 1006 378 1043 (
399 1000 417 1034 b
439 1006 452 1042 >
475 1026 481 1034 .
518 1002 654 1034 Littrius
678 1009 783 1033 autem
819 1009 907 1032 antea
931 1002 945 1040 (
967 1011 982 1032 c
1006 1002 1017 1038 )
1042 998 1158 1032 diserte
1181 998 1333 1032 docuerat
1358 1023 1366 1038 ‚

364 1044 522 1088 ejusmodi
546 1044 663 1078 herniae
686 1044 800 1076 cuncta
823 1042 1039 1085 symptomata
1059 1044 1174 1076 lentius
1198 1041 1229 1075 se
1253 1043 1368 1084 prode-

363 1100 417 1128 re,
443 1091 471 1121 ὅ(
498 1089 602 1123 minus
626 1087 768 1120 violenta
791 1085 850 1120 esse
875 1108 883 1124 ,
917 1098 1013 1128 quam
1036 1087 1069 1118 in
1102 1085 1222 1119 herniis
1245 1087 1368 1120 caeteris

363 1134 396 1166 in
420 1133 538 1175 quibus
563 1140 652 1164 totus
676 1129 891 1171 strangulatur
915 1130 1057 1162 intestini
1084 1129 1180 1162 tubus
1200 1149 1209 1164 ‚
1246 1129 1280 1161 in
1305 1130 1372 1170 pri-

363 1176 425 1209 mis
451 1186 556 1208 autem
592 1174 668 1207 hinc
692 1172 863 1208 internosci
886 1197 894 1213 ‚
926 1172 1014 1214 quod
1040 1182 1204 1214 nunquam
1236 1170 1372 1213 dejeftio

363 1218 564 1260 impeditur.
590 1217 696 1252 Addit
723 1217 808 1256 alia,
831 1217 864 1248 in
888 1217 1008 1258 quibus
1032 1215 1093 1250 hoc
1116 1217 1214 1249 etiam
1238 1241 1246 1253 ‚
1272 1215 1372 1248 abdo-

363 1273 436 1295 men
462 1271 563 1302 neque
588 1269 711 1294 tumere
728 1284 735 1297 ,
759 1270 861 1301 neque
883 1259 970 1293 tendi
998 1284 1007 1299 ‚
1032 1269 1134 1301 neque
1159 1258 1290 1292 flatibus
1313 1270 1372 1301 op-

363 1305 463 1349 pleri,
488 1314 520 1336 nt
546 1304 577 1336 in
602 1302 724 1336 herniis
747 1303 976 1336 communibus
996 1328 1003 1335 .
1027 1303 1110 1343 Qae
1135 1302 1189 1335 etfi
1215 1304 1334 1335 rationi
1359 1327 1367 1342 ‚

362 1349 406 1381 ob
430 1348 562 1381 liberam
577 1357 652 1379 tunc
676 1347 904 1380 intestinorum
921 1346 1005 1379 viam
1020 1367 1028 1382 ‚
1052 1344 1109 1379 esse
1124 1345 1278 1379 videntur
1290 1356 1369 1379 con-

362 1392 509 1425 sent-anea
532 1413 546 1431 ‚
581 1394 610 1425 δέ
635 1391 866 1432 approbatione
891 1390 961 1422 sunt
988 1388 1116 1424 Palfinii
1141 1392 1151 1427 (
1175 1390 1195 1421 d
1217 1393 1227 1428 >
1251 1412 1259 1427 ‚
1286 1390 1369 1422 alio-

361 1446 499 1477 rumque
524 1444 587 1467 non
611 1434 776 1467 immerito
800 1433 990 1467 confirmata
1015 1444 1028 1472 ;
1058 1442 1162 1465 tamen
1188 1443 1223 1466 ut
1248 1432 1368 1466 intelli-

361 1490 439 1522 gas.
465 1477 547 1512 nihil
573 1477 650 1510 bene
676 1477 753 1511 adeo
779 1476 835 1510 esse
858 1478 890 1509 in
917 1478 967 1509 Re
979 1476 1110 1511 Medica
1133 1476 1366 1512 constitutum,

363 1532 399 1557 ut
438 1531 671 1563 nonnunquam
704 1520 814 1555 fallere
847 1530 910 1552 non
945 1519 1037 1561 poffit
1063 1534 1072 1557 3
1095 1519 1365 1553 observationem

363 1565 428 1600 huc
453 1565 564 1598 addam
579 1575 702 1604 meam,
727 1566 760 1597 in
776 1562 977 1596 Adversariis
1000 1563 1050 1606 (e
1074 1566 1085 1600 )
1109 1563 1282 1597 indicatam
1296 1563 1369 1605 qui-

361 1608 434 1647 dem
449 1632 456 1644 ‚
484 1607 532 1642 sed
555 1618 620 1640 non
646 1608 877 1648 perscriptam,
901 1617 938 1638 ex
961 1618 1022 1647 qua
1039 1608 1224 1648 apparebit,
1248 1615 1373 1649 quanto

362 1653 453 1686 aliter
479 1662 523 1684 res
548 1652 580 1683 in
606 1662 692 1692 aegro
715 1650 743 1684 se
767 1650 940 1684 habuerit,
963 1648 1055 1691 cujus
1080 1650 1190 1682 hernia
1223 1648 1265 1683 fic
1287 1651 1373 1683 inte-

362 1697 437 1729 stini
464 1703 583 1737 partem
610 1694 859 1737 intercipiebat,
884 1701 920 1725 ut
944 1703 1000 1733 per
1025 1693 1086 1726 hoc
1099 1701 1204 1726 tamen
1228 1703 1369 1735 apertam

365 1739 563 1782 relinqueret
589 1738 693 1769 viam.

410 1783 457 1816 18.
486 1781 692 1824 BAJULUS
720 1778 928 1812 Bononiensis
944 1801 952 1816 ‚
976 1778 1102 1812 assiduis
1126 1778 1288 1813 laboribus
1304 1779 1369 1816 fra-

362 1826 454 1864 ἃυς,
480 1835 511 1857 ut
536 1834 611 1858 cum
635 1823 935 1867 quinquagesimum
961 1832 1078 1854 annum
1104 1833 1239 1864 ageret,
1262 1824 1368 1856 multo

365 1870 469 1904 senior
494 1876 684 1905 appareret,
707 1867 854 1901 herniam
879 1866 1017 1899 habebat
1042 1865 1079 1898 ad
1104 1867 1221 1907 inguen
1256 1867 1369 1898 dexte-

362 1925 456 1951 rum,
479 1911 580 1953 digiti
594 1911 723 1951 pollicis
741 1910 988 1952 magnitudine,
1011 1919 1082 1949 quae
1095 1908 1269 1951 aliquando
1293 1919 1365 1940 eva-

365 1957 493 1991 nescere
508 1954 695 1988 videbatur.
723 1953 754 1988 Is
768 1956 852 1987 circa
878 1952 1018 1985 inedium
1029 1951 1188 1985 Martium
1214 1953 1256 1984 A.
1274 1954 1363 1992 ›706-

364 2001 452 2034 nulla
477 2000 593 2040 praevia
631 1997 723 2031 causa
744 2020 752 2035 ‚
785 1996 843 2030 nisi
868 1995 952 2030 forte
985 1999 1072 2037 quod
1099 1996 1168 2037 poss
1196 1995 1368 2028 mediocres

365 2043 564 2086 tempestates
588 2051 716 2083 repente
740 2042 904 2081 ingruerat
930 2039 1038 2072 nivosa
1062 2038 1128 2071 dies
1147 2062 1157 2078 ,
1182 2040 1300 2072 ventris
1312 2037 1370 2070 do-

365 2089 433 2122 lore
459 2085 627 2129 prehensus
652 2084 714 2122 est,
741 2096 823 2125 vago
848 2081 1004 2127 quidem,
1026 2081 1074 2114 sed
1096 2082 1233 2118 acerbo,
1257 2081 1369 2123 quasia

366 2134 518 2167 canibus·,
545 2128 585 2162 sic
609 2128 694 2160 enim
718 2126 846 2169 ajebat,-
873 2126 1090 2158 morderetur.
1116 2126 1185 2163 Qui
1209 2125 1303 2159 dolor
1326 2133 1375 2157 et-

367 2175 388 2207 si
406 2199 418 2215 ,
441 2173 545 2206 ventri
570 2170 677 2204 nescio
700 2182 761 2213 qua
788 2170 976 2203 inunctione
1001 2167 1148 2201 adhibita
1172 2190 1183 2207 ,
1206 2169 1373 2201 remittere

368 2219 452 2252 visus
476 2216 535 2253 est-‚
559 2214 722 2248 recruduit
746 2224 875 2249 tamen.
901 2223 1111 2255 necunquam
1127 2212 1230 2253 postea
1254 2210 1374 2244 estim-

368 2264 532 2296 minutus.
559 2259 616 2292 Ob
641 2257 725 2291 hunc
749 2269 823 2291 cum
847 2260 879 2289 in
906 2255 1145 2289 Nosoconiium
1169 2254 1279 2288 illatus
1302 2254 1392 2288 esset.

368 2307 399 2340 S.
426 2305 539 2339 Mariae
563 2301 600 2335 de
627 2303 735 2334 Morte
760 2302 850 2335 sexto
874 2299 937 2343 jam
964 2298 1070 2332 morbi
1092 2297 1166 2335 die,
1193 2309 1258 2331 non
1271 2300 1374 2331 calen-

369 2350 459 2383 tibus
490 2347 622 2389 quidem
647 2345 796 2378 carnibus
813 2367 822 2381 ‚
861 2355 918 2375 nec
945 2342 1033 2384 pulsu
1067 2342 1156 2374 valde
1180 2339 1342 2383 frequenti
1365 2362 1374 2377 ,

372 2392 424 2426 secl
448 2402 548 2433 parvo
572 2398 678 2421 tamen
700 2410 708 2425 ,
744 2392 773 2420 ἃ
799 2386 855 2428 qui
880 2386 1101 2427 prementibus
1123 2384 1240 2424 digitis
1263 2395 1373 2424 parum

374 2434 556 2470 resisteret,
583 2431 698 2472 eosque
721 2428 872 2470 inaequah·
897 2430 1020 2461 ictuum
1045 2428 1076 2459 vi
1101 2434 1297 2469 percuteret,
1323 2435 1374 2459 to-

371 2489 408 2513 to
433 2477 603 2511 abdomine
637 2474 784 2515 tympani
810 2471 907 2503 instar
930 2470 1072 2504 distento
1093 2492 1105 2509 ,
1142 2473 1243 2512 magis
1266 2478 1374 2503 autern

371 2521 454 2556 infra
491 2516 778 2561 hypochondrium
801 2514 969 2548 dexterum
993 2537 1005 2553 ,
1039 2513 1093 2547 ubi
1117 2515 1261 2555 quaedam
1286 2513 1375 2554 quasi

373 2566 452 2599 Coli
477 2561 619 2596 intestini
641 2560 762 2593 cellulae
788 2569 884 2591 mauu
911 2557 1031 2600 percipi
1056 2556 1248 2590 videbantur
1271 2579 1279 2593 ‚
1305 2556 1378 2589 her-

373 2610 426 2642 nia
451 2616 555 2641 autem
578 2604 709 2637 duriore
720 2602 802 2635 faeta
817 2626 826 2641 ‚
849 2604 994 2643 quamvis
1007 2609 1155 2641 negaret,
1183 2611 1377 2641 praecipuarn

374 2654 407 2685 in
433 2662 465 2683 ea
488 2648 547 2683 esse
570 2647 693 2681 doloris
717 2644 820 2678 sedem
844 2669 852 2678 .
887 2646 1008 2677 Cibum
1035 2646 1185 2676 vomebat
1208 2667 1214 2674 .
1247 2645 1276 2676 A
1301 2655 1378 2685 qua-

373 2704 448 2729 tuor
476 2693 543 2736 jam
566 2690 680 2724 diebus
702 2687 839 2731 deficere
863 2686 944 2720 nihil
969 2695 1098 2729 poterat
1124 2709 1132 2720 .
1157 2685 1268 2719 Flatus
1293 2685 1377 2728 ipsos

374 2738 488 2773 frustra
513 2745 637 2778 egerere
661 2732 838 2767 conabatur
863 2755 869 2762 .
894 2732 1016 2764 Datum
1042 2728 1083 2763 est
1106 2730 1214 2762 oleum
1237 2742 1251 2762 e
1274 2728 1377 2763 dulci-

375 2783 435 2816 bus
457 2778 637 2823 amygdalis
660 2787 765 2810 recens
789 2773 967 2817 expressum
989 2787 998 2810 3
1034 2785 1049 2805 e
1074 2772 1247 2806 seminibus
1270 2782 1377 2805 autern

377 2826 436 2859 lini
461 2822 613 2865 injectum
636 2819 767 2862 clystere
791 2817 828 2851 ad
854 2820 962 2851 uncias
974 2817 1103 2851 decem.
1128 2817 1203 2849 Hoc
1226 2816 1381 2858 qualein-

378 2868 500 2912 jectum
523 2865 584 2903 est,
611 2862 771 2900 reddidit;
801 2861 881 2894 illud
897 2872 972 2894 vero
984 2861 1127 2896 evomuit
1143 2883 1151 2898 ‚
1172 2858 1381 2901 conquestus-

380 2921 443 2953 que
466 2909 531 2948 est,
556 2908 583 2941 se
611 2907 649 2939 ab
674 2918 711 2938 eo
723 2906 891 2938 turbatum
915 2915 1010 2947 atque
1022 2905 1196 2944 agitatum.
1224 2903 1380 2941 Quaeren-

379 2954 469 2987 tibus
492 2952 571 2993 quid
596 2961 631 2982 os
654 2949 795 2989 saperet‚·
817 2944 987 2985 toxicum,
1014 2948 1121 2988 inquit
1136 2970 1143 2979 .
1170 2946 1316 2979 Multum
1342 2944 1382 2977 si-

381 2997 506 3030 tiebat.
532 2994 689 3029 Vomitus
713 2991 887 3034 perstabat.
912 2991 1035 3025 Diebus
1060 2989 1191 3031 singulis
1215 2988 1381 3029 insequen-

382 3041 469 3074 tibus
484 3038 642 3082 septimO,
667 3038 698 3067 δι
721 3035 838 3068 octavo
850 3032 970 3074 singula
994 3042 1135 3067 enemata
1159 3031 1357 3074 injectasunt
1376 3056 1384 3070 ,

385 3086 521 3117 alterum
543 3077 758 3122 compositum
780 3087 853 3110 cum
877 3075 1031 3110 benedifz'a
1054 3076 1198 3110 laxativa
1213 3097 1220 3110 ,
1247 3076 1385 3109 alterum

387 3139 425 3161 ex
449 3126 528 3161 laete
548 3147 559 3164 ‚
592 3127 622 3157 δι
655 3121 768 3154 vitello
800 3120 855 3152 ovi
880 3132 889 3156 3
925 3120 973 3153 sed
999 3120 1103 3152 nihilo
1138 3119 1208 3160 plns
1232 3118 1385 3160 praestite-

385 3180 461 3205 tunt
479 3192 491 3208 ,
510 3178 610 3211 quam
635 3163 715 3198 illud
739 3164 827 3207 prius
850 3186 857 3194 .
889 3164 975 3196 Cum
999 3172 1271 3195 recrementorum
1303 3161 1385 3194 nihil

388 3223 529 3255 unquam
554 3209 768 3250 dejiceretur,
790 3208 821 3239 ὃ(
844 3215 955 3239 caetera
980 3217 1050 3249 quae
1076 3208 1148 3239 sunt
1172 3205 1256 3239 dieta
1279 3228 1286 3243 ‚
1320 3216 1387 3238 ma-

388 3266 521 3295 nerent,
545 3254 651 3297 pulsus
675 3260 805 3287 auteurs
828 3251 974 3291 quamvis
987 3249 1053 3291 post
1077 3249 1162 3282 diem
1186 3249 1309 3281 sextum
1324 3259 1385 3281 non

390 3299 531 3342 amplius
554 3294 740 3338 inaequalis3
765 3293 927 3333 debilior,
950 3305 983 3325 ac
1010 3294 1116 3325 minor
1140 3292 1230 3325 fieret
1254 3292 1294 3323 sic
1316 3314 1325 3327 ‚
1351 3300 1387 3323 ut

389 3343 442 3377 die
465 3352 552 3375 nono
577 3350 666 3373 mane
692 3339 852 3379 percipere
875 3337 930 3369 vix
954 3334 1109 3377 possemus
1136 3357 1145 3372 ‚
1179 3338 1208 3366 ὅ(
1229 3346 1294 3377 jam
1318 3344 1390 3367 cute

391 3394 585 3426 corrugata,
608 3380 796 3424 frigescente
819 3389 973 3421 corpore,
999 3390 1080 3420 aeger
1103 3390 1203 3420 neque
1227 3377 1390 3420 palpebras

393 3429 540 3461 attollere
564 3427 703 3460 valeret,
726 3429 755 3457 ὅ(
780 3425 834 3456 vix
857 3423 992 3463 amplius
1016 3423 1108 3464 loqui
1131 3444 1143 3462 ‚
1166 3422 1259 3462 petiit
1284 3432 1389 3454 tamen

394 3475 526 3510 vinum,
550 3470 769 3512 paulatimque
790 3466 962 3503 deficiens,
987 3477 1134 3508 proxima
1146 3466 1274 3498 tandem
1300 3465 1393 3497 noete
1445 3461 1667 3495 causamhanc
1691 3465 1825 3496 tertiam
1838 3472 1976 3495 attinens
1999 3464 2119 3497 indicat
2131 3466 2361 3507 Littrius(f),
2386 3465 2445 3497 ubi
2473 3463 2477 3467 ”

945 57 1101 110 Liber
1135 55 1228 108 111.
1262 57 1348 108 De
1382 55 1591 110 Morbis
1625 53 1841 107 Ventris

1421 129 1544 175 placide
1566 131 1670 163 obiit.
1804 127 2045 163 CADAVER
2067 127 2259 172 squallidum
2281 157 2291 174 ,
2312 132 2344 166 δι
2363 133 2427 168 fic.

1420 185 1517 210 cum,
1537 183 1613 206 cute
1639 174 1739 216 rigida
1754 195 1763 211 2
1787 185 1844 207 nec
1867 172 1932 206 fine
1956 171 2060 205 scabie
2083 174 2190 218 aliqua
2213 202 2222 218 ‚
2245 177 2426 219 insequenti

1421 217 1517 251 noete
1553 214 1757 251 diffecuimus
1779 242 1789 250 .
1921 215 1972 249 Ex
2006 225 2120 256 aperto
2155 219 2282 255 Ventre
2320 219 2425 254 foetor

1419 259 1524 303 qualis
1547 271 1585 292 ex
1617 271 1788 301 gangraena
1814 259 1910 292 solet.
1936 259 2120 293 Omentum
2146 261 2179 293 in
2204 263 2353 296 herniam
2377 261 2424 296 us.

1421 314 1483 345 que
1505 303 1669 336 extensum
1692 328 1702 342 ,
1736 312 1844 336 totum
1867 314 1906 336 ex
1929 300 2190 337 inflammatione
2214 308 2350 340 rubebat
2367 327 2376 343 ‚
2400 304 2424 338 fi

1419 346 1498 379 latas
1534 344 1685 388 quasdam
1708 345 1796 388 quasi
1828 347 1927 379 lineas
1949 345 2108 386 exciperes
2139 348 2173 379 in
2205 348 2424 383 transversum

1418 389 1550 422 duetas.
1573 390 1653 422 Lien
1678 390 1784 430 aliqua
1807 400 1847 422 ex
1870 398 1958 430 parte
1980 387 2132 422 morboso
2155 390 2256 424 livore
2288 392 2424 425 ἰηῖεᾶυς

1419 441 1509 472 erat,
1531 432 1707 466 introrsum
1731 444 1884 475 quoque,
1909 432 2038 464 tametsi
2053 431 2091 465 ad
2114 443 2245 473 parvam
2270 435 2425 469 altitudi-

1418 485 1513 516 nem,
1535 485 1731 518 propagato.
1757 475 1968 509 Ventriculus
1989 474 2193 509 dextrorsum
2227 480 2330 512 multo
2355 489 2422 512 ma.

1418 520 1468 561 gis
1490 529 1587 562 quarn
1613 518 1730 557 soleat,
1765 519 1792 551 se
1824 519 2008 559 porrigebat
2030 539 2039 554 ,
2062 517 2219 554 distentus
2241 530 2331 555 totus
2354 533 2423 555 ma·

1417 562 1498 594 teria
1522 560 1689 601 subflava,
1713 560 1795 594 nihil
1819 563 1919 604 magis
1941 572 2037 604 quani
2051 561 2166 595 stercus
2188 561 2352 601 fluidum,
2375 576 2425 597 re-

1418 604 1560 644 ferente,
1582 605 1686 647 qualis
1708 602 1855 637 intestina
1878 606 1977 637 etiam
1992 606 2122 638 Tenuia
2144 618 2161 640 a
2186 608 2370 641 ventriculo
2384 607 2423 642 ad

1416 648 1562 682 herniam
1586 647 1684 690 usque
1707 646 1847 689 impense
1869 648 2086 682 distendebat,
2113 650 2290 693 Qidquid
2314 659 2424 685 autem

1418 703 1455 725 ex
1480 691 1549 724 Ileo
1572 692 1610 725 ad
1632 690 1745 725 Crassa
1769 690 1866 732 usque
1878 692 2035 730 restabam
2057 692 2196 727 restabat
2219 703 2325 726 autem
2339 696 2425 727 mul-

1418 744 1510 772 tum3
1534 737 1564 767 δι
1586 735 1698 769 Craffa
1719 734 1785 776 ipsa
1809 735 1919 767 omnia
1942 735 2033 769 valde
2054 746 2144 768 erant
2160 738 2325 770 contracta
2339 759 2349 775 ,
2374 747 2423 770 at-

1418 789 1480 821 que
1504 778 1598 818 alba;
1618 789 1656 812 ut
1680 776 1886 811 manifestum
1908 777 1982 811 esset
1997 800 2008 817 ,
2032 778 2115 812 nihil
2141 791 2196 822 per
2207 781 2268 813 Ilei
2295 790 2419 821 partem

1417 820 1572 855 transiisse
1595 833 1667 864 qua:
1691 821 1730 854 ad
1762 821 1905 855 herniam
1932 822 2111 863 pertinebat
2137 836 2145 859 ς
2178 824 2330 866 quamvis
2354 834 2421 857 non

1418 864 1484 906 ipse
1506 864 1649 899 intestini
1672 865 1769 898 tubus
1792 864 1910 898 herniae
1934 863 2098 898 orificium
2121 865 2242 899 subiret
2258 889 2267 904 ,
2294 866 2345 901 sed
2368 878 2424 900 ex-

1415 918 1469 943 tra
1490 908 1552 942 hoc
1566 908 1814 950 praeterveetus,
1840 907 1924 941 nihil
1946 908 2254 950 aliudimmitteret,
2281 910 2339 943 nisi
2365 922 2423 952 pa-

1417 953 1509 986 rietis
1533 952 1580 985 sui
1604 952 1789 994 portionem
1810 972 1820 988 ‚
1850 953 1882 983 in
1907 950 2091 985 scmiovalis
2114 955 2263 986 cavitatis
2288 953 2423 987 modum

1417 996 1557 1029 laxatam
1578 1021 1586 1028 .
1619 996 1695 1028 Erat
1718 994 1783 1041 ejus
1806 996 1954 1027 cavitatis
1979 996 2042 1036 qda
2075 994 2185 1029 sensim
2210 996 2250 1029 ab
2272 996 2424 1030 intestino

1418 1039 1596 1079 incipiebat
1621 1064 1631 1079 ‚
1665 1050 1766 1080 major
1791 1040 1860 1071 axis
1885 1039 1984 1071 trium
2008 1039 2137 1072 circiter
2172 1038 2354 1081 digitorum
2378 1039 2426 1073 se-

1418 1082 1558 1115 cundum
1582 1081 1997 1123 intestinilongitudinem;
2023 1084 2129 1116 minor
2145 1085 2211 1116 axis
2234 1083 2340 1116 multo
2354 1082 2423 1116 bre-

1425 1126 1518 1164 aior,
1540 1128 1662 1168 quippe
1688 1134 1741 1167 per
1767 1127 1961 1158 anteriorem
1984 1126 2129 1159 intestini
2152 1125 2269 1160 faciem
2291 1125 2425 1168 digituli

1422 1168 1596 1202 intervallo
1619 1180 1635 1201 a
1658 1167 2026 1201 mesenteriiinsertione
2049 1169 2085 1203 ad
2098 1167 2284 1203 inferiorem
2307 1168 2425 1204 faciem

1421 1212 1451 1248 se
1473 1211 1645 1245 extendens
1660 1238 1667 1246 .
1693 1212 1762 1244 Illis
1786 1223 1823 1244 ex
1845 1212 1950 1244 initiis
1975 1212 2130 1252 paulatim
2154 1214 2276 1246 cavitas
2301 1214 2425 1255 magis,

1422 1256 1608 1298 magisque,
1632 1264 1668 1288 ut
1692 1253 1869 1288 semiovalis
1893 1257 2029 1297 requirit
2053 1257 2153 1297 figura
2171 1282 2178 1296 ,
2203 1256 2231 1290 se
2254 1256 2428 1290 contrahe·
2460 1276 2463 1277 ⁷

1422 1300 1476 1332 bat
1498 1322 1511 1339 ‚
1545 1299 1648 1332 donec
1672 1300 1709 1333 ad
1742 1298 1871 1341 pollicis
1896 1297 2155 1339 profunditatem
2180 1301 2214 1333 i’n
2239 1301 2348 1334 medio
2371 1301 2427 1334 de-

1422 1343 1602 1376 scenderet.
1629 1342 1725 1376 Hanc
1749 1343 1853 1384 igitur
1876 1341 1938 1375 five
1958 1343 2133 1375 cavitatem
2148 1344 2263 1382 malis,
2290 1343 2352 1377 sive
2374 1344 2428 1378 di.

1422 1386 1616 1420 verticulum
1642 1385 1823 1428 appellare,
1845 1383 1957 1418 hernia
1979 1385 2336 1430 solamintercipiebat,
2360 1399 2428 1423 non

1418 1431 1577 1471 reliquum
1602 1431 1746 1464 intestini
1771 1428 1887 1463 tubum
1906 1450 1917 1466 ,
1943 1428 2101 1471 simulque
2125 1440 2200 1463 cum
2222 1432 2350 1466 omenti
2372 1442 2428 1466 ex.

1418 1483 1518 1508 trema
1553 1482 1644 1515 parre
1667 1472 1880 1508 concludebat
1902 1496 1910 1504 .
1944 1471 2099 1515 Quorum
2124 1483 2274 1508 neutrum
2297 1483 2428 1518 poterat

1424 1529 1463 1551 ex
1489 1515 1554 1558 ipsa
1580 1515 1722 1556 retrahi,
1747 1518 1867 1558 quippe
1892 1526 1956 1548 non
1981 1515 2080 1549 ruodo
2101 1517 2310 1552 interclusum
2332 1519 2432 1553 orifi-

1422 1562 1475 1595 cio
1498 1562 1613 1594 sacculi
1638 1560 1725 1604 quafi
1748 1559 1911 1598 nervoso,
1936 1569 2044 1591 verum
2069 1560 2166 1594 etiam
2182 1562 2336 1602 nexibus,
2363 1565 2428 1597 mi-

1424 1615 1482 1637 nus
1506 1604 1636 1646 quidem
1661 1603 1800 1643 validis,
1825 1599 1876 1636 sed
1900 1602 2103 1635 creberrimis
2125 1625 2135 1640 ‚
2167 1603 2293 1639 sacculo
2317 1606 2430 1648 alliga-

1424 1656 1516 1686 tum,
1539 1648 1625 1681 intus
1646 1669 1655 1684 ‚
1693 1657 1757 1690 qua
1782 1654 1874 1679 erant
1898 1647 1923 1677 ii
1948 1656 2064 1682 nexus,
2093 1644 2286 1690 subaspero,
2309 1658 2429 1683 caetera

1422 1690 1518 1723 laevj.
1546 1691 1643 1723 Hunc
1667 1692 1882 1731 peritonaeum
1905 1686 2042 1720 faciebat
2057 1709 2065 1724 ‚
2089 1690 2428 1727 extrorsumlaxatum

1420 1743 1520 1775 prope
1543 1742 1712 1768 externum
1734 1733 1819 1766 latus
1843 1731 2117 1774 Spermaticorum
2142 1734 2291 1768 vasorum
2311 1749 2322 1769 .-
2359 1735 2431 1769 assi-

1420 1777 1538 1811 debant
1561 1788 1669 1811 autern
1692 1775 1794 1814 hinc,
1819 1775 1849 1807 δε
1873 1773 1949 1808 hinc
1974 1772 2131 1816 glandulae
2157 1776 2342 1818 Inguinales
2375 1788 2432 1811 tu-

1420 1829 1541 1853 mentes
1563 1819 1633 1853 dut
1647 1844 1655 1857 ‚
1681 1830 1817 1862 quarum
1841 1818 1961 1858 altera,
1984 1817 2110 1850 sacculo
2134 1824 2268 1862 propior
2289 1818 2303 1862 ‚'
2322 1822 2430 1856 albam

1420 1864 1453 1895 in
1477 1873 1567 1904 parte
1591 1861 1951 1897 substantiamostendit
1966 1886 1973 1894 .
1996 1861 2187 1895 Intestinum
2213 1864 2342 1899 sacculo
2353 1876 2431 1908 pro-

1419 1906 1566 1943 ximum,
1591 1908 1622 1938 δε
1646 1907 1752 1939 multo
1778 1906 1878 1945 magis
1901 1903 2040 1937 intestini
2068 1904 2298 1942 diverticulum
2322 1920 2362 1942 ex
2376 1920 2432 1942 ru-

1421 1956 1480 1981 bro
1505 1949 1731 1990 nigricabant.
1758 1948 1854 1982 Illinc
1877 1946 2066 1980 intestinum
2099 1950 2261 1989 superiora
2287 1951 2393 1985 versus
2416 1962 2428 1990 ς

1421 2002 1496 2024 nam
1522 1993 1558 2024 ad
1574 1992 1760 2029 inferiora,
1786 2001 1818 2024 ut
1842 1991 1910 2023 dixi
1926 2014 1936 2030 ‚
1960 1991 2068 2023 album
2092 2001 2184 2031 erat;
2208 2004 2362 2035 magnum
2391 1995 2431 2029 ad

1423 2035 1564 2069 tractum
1597 2046 1640 2067 ex>
1660 2037 1760 2068 rubro
1792 2034 1829 2067 ad
1852 2035 1991 2067 lividum
2022 2033 2230 2070 inclinabat:
2265 2038 2431 2080 quidquid

1425 2089 1527 2110 autern
1554 2077 1632 2123 inde*
1650 2080 1689 2113 ad
1712 2078 1930 2111 ventriculum
1943 2077 2042 2119 usque
2065 2080 2268 2120 pertinebat,
2293 2082 2336 2115 ob
2349 2093 2431 2115 con-

1426 2120 1507 2155 ferta
1532 2122 1691 2163 plerisque
1725 2123 1758 2154 in
1783 2121 1862 2154 locis
1895 2120 2058 2153 evidentia
2082 2120 2264 2163 sanguifeta
2300 2124 2428 2159 vaseula

1427 2165 1520 2208 plane
1544 2164 1675 2198 rubebat
1699 2189 1706 2198 .
1742 2165 1894 2206 Idemque
1916 2163 2008 2197 color
2043 2163 2268 2200 mesenterium
2300 2170 2432 2201 obtine-

1429 2211 1502 2241 bat.
1636 2207 1820 2241 Tlioracem
1843 2218 1973 2250 quoque
1997 2208 2160 2241 recludere
2185 2211 2328 2252 placuit.
2354 2212 2432 2245 Pul-

1429 2261 1539 2283 mones
1562 2250 1704 2294 undique
1727 2263 1737 2289 3
1772 2250 1792 2283 si
1818 2250 1981 2284 dexteram
2005 2254 2197 2285 anteriorem
2220 2255 2360 2296 excipias
2385 2253 2433 2288 fa-

1427 2296 1531 2331 ciem3
1557 2294 1692 2335 pleurae,
1716 2298 1895 2337 praesertim
1922 2295 1959 2327 ad
1983 2295 2098 2331 latera,
2124 2299 2156 2328 &
2177 2296 2306 2329 dorsum
2328 2321 2336 2335 ,
2374 2299 2433 2333 ubi

1427 2338 1494 2371 haec
1518 2338 1749 2379 eratcraffior,
1773 2338 1999 2374 adhaerebant,
2024 2341 2180 2379 nusquam
2199 2350 2304 2373 autem
2330 2344 2432 2384 magis

1426 2392 1523 2423 quam
1546 2380 1584 2413 ad
1597 2381 1751 2414 summam
1774 2381 1936 2414 dexteram
1950 2381 2091 2413 thoracis
2115 2390 2259 2423 partem,
2284 2385 2432 2427 adquam

1428 2425 1592 2465 pulmonis
1615 2425 1812 2469 substantia,
1835 2424 1924 2455 velut
1949 2434 1985 2456 ex
2011 2424 2141 2465 antiqua
2166 2425 2294 2459 laesione
2316 2450 2328 2467 ‚
2363 2437 2432 2462 erat

1428 2468 1570 2509 praedura
1587 2491 1595 2505 ‚
1617 2468 1752 2500 inserius
1776 2477 1881 2499 autem
1895 2488 1903 2502 ‚
1930 2478 1944 2499 a
1966 2467 2086 2499 dextris
2098 2469 2216 2509 pai-iter
2233 2490 2242 2506 ,
2266 2480 2331 2502 non
2356 2483 2434 2513 pau-

1427 2512 1460 2543 lo
1482 2510 1705 2552 compaftior‚
1728 2520 1823 2552 quam
1837 2508 1952 2541 soleat.
1979 2511 2145 2544 eaeterum
2168 2511 2335 2553 pulmones
2348 2517 2435 2548 mul-

1428 2563 1463 2586 to
1482 2576 1493 2594 ,
1525 2553 1646 2595 ubique
1671 2552 1769 2586 ferme
1791 2577 1801 2593 ,
1833 2552 1968 2585 humore
1991 2554 2112 2588 imbuti
2145 2565 2236 2587 erant
2251 2579 2258 2587 .
2392 2558 2434 2592 In

1431 2596 1615 2638 pericatdio
1639 2608 1727 2638 aquoe
1752 2595 1855 2632 nihil,
1881 2607 1938 2629 cor
1962 2605 2069 2629 autem
2095 2595 2273 2633 flaccidum
2297 2623 2306 2637 ,
2341 2602 2371 2633 &
2395 2602 2430 2634 in

1431 2640 1564 2681 singulis
1587 2641 1720 2672 orificiis
1744 2640 1916 2681 polyposas
1940 2636 2058 2671 habens
2069 2643 2316 2683 concretiones,
2342 2654 2375 2677 ut
2400 2645 2436 2678 in

1431 2683 1612 2716 ventriculo
1636 2685 1733 2716 etiarn
1756 2683 1909 2719 dexrero,
1932 2682 2097 2715 &sinistra
2123 2686 2265 2719 auricula
2285 2712 2294 2726 ,
2319 2688 2434 2724 leviter

1429 2727 1610 2769 comparitas
1642 2736 1751 2758 omnes
1771 2749 1783 2766 ,
1816 2729 1846 2759 δι
1873 2726 2033 2767 plerasque
2066 2727 2242 2761 mediocres
2267 2740 2277 2767 3
2302 2732 2436 2764 minima

1433 2773 1519 2803 enim
1552 2779 1617 2802 erat
1658 2781 1729 2812 quae
1762 2771 1794 2802 in
1836 2769 1891 2801 illa
1936 2769 2111 2807 auricula;
2146 2770 2327 2814 longissima
2364 2785 2437 2816 quae

1430 2816 1462 2890 {n
1495 2814 1644 2846 arteriam
1677 2813 1903 2846 Pulmonarem
1925 2834 1937 2851 ‚
1980 2810 2108 2855 ejusque
2141 2825 2248 2848 ramos
2293 2818 2437 2860 pertine-

1455 2865 1506 2890 at.

1478 2910 1525 2940 19.
1551 2902 1632 2937 Non
1658 2898 1791 2934 dubito,
1816 2899 1894 2940 quin
1920 2909 1959 2931 ex
1981 2910 2030 2931 me
2053 2910 2176 2942 quaeras
2197 2923 2206 2938 ,
2230 2913 2288 2935 cur
2311 2901 2437 2937 tametsi

1430 2944 1484 2975 via
1509 2955 1561 2986 per
1586 2944 1686 2976 lleum
1711 2942 1896 2975 intestinum
1911 2943 2047 2975 restabat
2072 2954 2203 2984 aperta5
2230 2944 2437 2980 nihiltamen

1433 2987 1507 3019 illac
1540 2984 1708 3020 transiisset
1729 2984 1744 3017 ,ἓ
1785 2985 1946 3026 Equidem
1985 2987 2088 3026 plures
2132 2987 2285 3029 suspicari
2326 2991 2438 3023 causas

1435 3029 1582 3072 possum5
1607 3039 1714 3063 veram
1737 3039 1795 3070 pro
1818 3037 1908 3060 certo
1942 3028 2097 3062 affirmare
2121 3031 2243 3066 nullam
2280 3032 2405 3073 possum
2428 3056 2438 3065 .

1437 3075 1516 3107 Erat
1550 3073 1598 3106 ibi
1622 3070 1810 3105 intestinum
1843 3072 1881 3103 ab
1915 3070 2174 3106 inflammatione
2209 3086 2347 3109 maxime
2385 3079 2439 3109 lae-

1437 3116 1525 3153 sum.
1551 3116 1707 3157 simulque
1740 3116 1783 3147 ob
1809 3114 1855 3147 sui
1880 3118 2065 3157 portionem
2098 3116 2285 3151 distractam
2311 3145 2319 3158 ,
2343 3129 2439 3162 atque

1437 3161 1648 3201 interceptam
1672 3159 1857 3191 irritatum.
1882 3160 1938 3191 An
1964 3159 2127 3201 ibiigitur
2152 3161 2440 3202 peristalticusces-

1440 3202 1526 3236 sabat
1552 3211 1681 3239 motus,
1706 3213 1773 3244 quo
1798 3204 1940 3234 materiae
1964 3202 2099 3235 ulterius
2133 3215 2402 3245 promoverentur
2427 3209 2439 3237 ?

1439 3247 1492 3280 An
1526 3244 1691 3279 convulsio
1715 3256 1780 3278 erat
1815 3245 1919 3287 aliqua
1944 3256 1997 3287 per
2028 3257 2125 3288 quam
2149 3259 2182 3279 ea
2217 3249 2287 3280 tubi
2313 3260 2382 3291 pars
2405 3249 2440 3281 in

1442 3292 1572 3322 vivente
1596 3299 1716 3329 magis,
1738 3290 1881 3330 quamin
1906 3299 2058 3327 mortuo,
2082 3292 2247 3323 commeta
2260 3290 2362 3325 esset?
2386 3293 2440 3324 An

1441 3333 1578 3374 denique
1600 3330 1661 3365 hoc
1685 3332 1790 3373 ipsum
1816 3330 2039 3365 inflammatio
2066 3333 2232 3375 praestabat
2255 3357 2264 3372 ,
2291 3334 2385 3375 vasa,
2409 3337 2442 3368 &

1445 3377 1580 3416 parietes
1605 3375 1728 3416 magis,
1751 3376 1828 3409 dum
1853 3377 1919 3408 vita
1945 3386 2085 3409 maneret
2103 3401 2115 3417 ,
2150 3378 2278 3419 turgida
2310 3379 2444 3411 redden-

1444 3419 1508 3458 do,
1531 3430 1600 3460 quse
1623 3419 1692 3461 post
1718 3429 1855 3452 mortem
1879 3419 1983 3451 laxata
2008 3419 2068 3452 fint
2094 3425 2103 3451 ?
2135 3422 2233 3453 Certe
2258 3423 2380 3462 aliquid
2405 3421 2443 3455 ad

2311 3520 2327 3539 a
2343 3520 2401 3541 ΠΟ·
2423 3523 2426 3530 '

916 3626 959 3655 (b
975 3626 988 3653 )
1004 3633 1026 3649 n.
1046 3634 1065 3655 3.
1083 3628 1124 3652 cit.

456 3632 461 3655 s
483 3637 498 3652 n
521 3633 524 3649 ῑ
542 3630 652 3654 Animad.
669 3629 712 3653 eit.
730 3638 752 3658 ς.
770 3626 794 3651 in
810 3628 852 3653 sin.

853 3658 920 3689 (f)
939 3657 991 3681 vid.
1010 3655 1074 3685 supra
1089 3676 1095 3687 ,
1114 3665 1138 3682 n·
1160 3659 1195 3680 16.

458 3661 472 3689 (
487 3669 498 3684 e
513 3662 523 3691 )
541 3661 651 3684 Animad.
670 3659 730 3685 ibid.
748 3658 791 3682 cit.

1187 3625 1195 3655 (
1214 3634 1224 3649 c
1244 3625 1349 3654 >Mum
1366 3626 1394 3650 de
1412 3625 1513 3650 l’Atad.
1533 3627 1562 3649 R.
1579 3624 1619 3649 des
1635 3626 1675 3649 Sc.
1692 3627 1720 3649 Α.
1742 3632 1807 3654 1700.

1871 3626 1879 3656 (
1896 3626 1912 3650 d
1927 3628 1936 3657 )
1953 3634 1974 3650 c.
1991 3625 2034 3651 cit.
2051 3627 2118 3657 supr:
2133 3628 2165 3652 ad
2183 3636 2206 3651 n.
2229 3637 2262 3657 ¹7-
