2498 4075
533 244 705 312 Epist.
741 243 905 299 Anat.
942 239 1158 296 Medica
1192 236 1303 307 LV.
1341 246 1455 301 Art.
1484 252 1529 300 7.

50 325 88 361 ni
109 328 175 366 (r)
196 330 207 367 ᾗ
229 325 261 359 &
278 324 436 369 Junckeri
459 324 520 368 (s)
543 327 641 359 certis
661 323 853 369 quibusdam
876 323 1038 358 Observa-
1087 322 1185 361 darn,

48 370 197 402 tionibus
221 369 482 412 consequuntur.
509 369 629 404 Scribit
652 370 707 402 ille
727 393 737 408 ,
760 376 867 402 ortam
890 367 950 401 esse
974 366 1040 400 sca-

50 413 139 446 biem
161 424 199 445 ex
222 412 449 455 intempestivo
471 411 668 446 acidularum
692 422 847 456 aquarum
870 410 1043 446 usu.sDo-

47 465 101 490 cet
124 455 224 493 alter,
240 456 367 497 succum
388 454 498 490 betnlae
519 456 635 497 majore
668 457 845 498 quantitate
877 453 1016 495 haustum
1038 472 1049 489 2

54 501 200 541 itemque
223 500 358 534 thermas
383 497 710 542 IWolclcenJieinenses‚
732 498 848 540 hasque
871 494 1050 538 corporibus

47 543 84 576 in
104 553 217 584 primis
237 540 377 582 floridis,
391 538 526 580 scabiem
549 541 688 577 inducere
704 541 802 584 solere
815 565 823 576 .
848 539 948 575 Nunc
962 549 1051 581 quae-

48 596 89 619 ro
123 598 162 618 ex
200 595 230 618 te
253 606 263 622 ‚
294 584 423 629 putesne
454 608 467 625 ‚
513 586 547 617 in
580 583 628 619 his
671 585 806 620 thermis
847 584 1014 626 provenire
1041 605 1052 621 ,

54 637 109 662 aut
153 629 188 662 in
226 640 266 661 eo
299 627 393 662 succo
423 651 434 667 ,
479 627 609 669 illi-sque
643 628 777 664 acidulis
807 625 902 660 inesse
933 625 989 658 ista
1011 622 1051 657 de

49 672 171 714 quibus
215 671 382 714 loquimur
415 690 427 708 ‚
473 671 660 705 animalcula
713 682 785 715 quae
829 671 898 705 cuti
944 667 1050 703 adhae-

51 724 162 752 reant,
187 724 241 747 aut
264 726 334 756 quae
358 725 396 747 ex
421 714 634 748 interioribus
665 715 812 758 corporis
856 722 963 747 cutem
996 723 1052 753 pe-

51 757 153 791 tant?
176 758 297 791 Rursus
320 757 375 790 ille
399 757 489 796 prior
513 761 524 797 (
547 765 561 790 t
583 761 622 796 )‚
639 757 799 802 sciendum
822 756 881 796 esi,
903 757 1011 798 inquit
1035 775 1046 791 ι

43 842 45 845 ⁴
46 801 170 844 semper
183 798 346 849 facilioris
368 797 421 842 effe
438 798 615 842 sanationis
632 799 773 841 scabiem
792 809 848 843 per
870 799 1047 841 contagium

51 851 312 878 communicatam
325 867 334 882 ,
357 854 448 884 quam
472 843 562 876 illam
581 866 594 884 ,
616 854 680 885 quae
701 854 739 877 ex
761 844 902 885 indigena
917 841 1048 885 sangui-

13 912 16 913 γ
50 888 123 926 nis,
151 889 193 920 &⁹
216 885 375 921 humorum
398 884 548 928 dyscrafia
570 911 580 926 ‚
604 886 637 919 id
659 888 704 919 est
728 886 790 919 sine
816 886 879 920 ulla
903 884 1050 926 contagii

52 931 256 979 suspicione,
280 929 428 971 originem
444 927 578 971 sumsit.
602 930 719 964 Probat
742 940 873 975 quoque
897 931 944 968 (u)
965 928 1051 960 Lan-

52 984 133 1008 zoni
156 976 244 1012 (x),
268 972 402 1011 Amici,
424 972 502 1005 dum
526 973 670 1013 viveret,
692 972 812 1013 nostri,
837 972 1050 1007 Observatio-

53 1028 129 1050 nem
153 1016 292 1053 scabiei,
318 1016 433 1057 primis
455 1027 547 1049 novae
573 1017 670 1050 Lunae
695 1016 798 1050 tribus
820 1024 876 1048 aut
909 1023 1051 1057 quatuor

50 1060 166 1095 diebus
189 1058 231 1092 fic
254 1060 288 1092 in
312 1059 415 1093 milite
445 1058 614 1093 crescentis
636 1082 646 1097 ,
679 1069 715 1093 ut
738 1071 790 1092 eos
811 1059 879 1093 dies
910 1059 944 1092 in
968 1057 1051 1090 lec‘to

54 1103 220 1137 traducere
242 1112 412 1144 cogeretur
434 1103 565 1144 siugulis
589 1103 695 1144 quoad
720 1101 824 1136 scabie
857 1101 1017 1135 laboravit
1040 1121 1050 1137 ,

55 1146 237 1184 menfibus3
260 1147 422 1179 laboravit
448 1156 553 1179 autem
578 1145 702 1179 menses
728 1143 1053 1189 septemdecim.Cui

55 1190 290 1223 Observationi
313 1201 351 1222 ex
374 1198 463 1231 parte
485 1200 549 1222 non
572 1190 731 1224 absimiles
754 1188 865 1223 afferre
876 1187 1056 1230 complures

56 1233 199 1277 possem,
223 1245 238 1265 a
261 1244 311 1266 me
333 1232 413 1265 olim
427 1232 611 1270 adnotatas,
637 1231 740 1275 iisque
750 1231 863 1265 addere
886 1242 957 1265 tum
969 1228 1057 1271 quod

56 1279 92 1309 in
118 1275 268 1310 scabiosis
290 1287 355 1309 non
381 1275 477 1310 semel
502 1275 591 1314 vidi,
616 1286 650 1309 ut
675 1277 804 1317 vigente
816 1276 903 1310 febre
919 1298 927 1313 ‚
951 1273 1057 1314 pruri-

55 1328 108 1353 tus
129 1319 280 1358 cessaret;
299 1319 481 1353 declinante
505 1329 633 1356 autem,
659 1318 797 1358 rediret,
821 1329 891 1352 tum
901 1317 990 1360 quod
1001 1317 1057 1348 Sa·-

54 1375 117 1397 crae
142 1363 276 1405 Virgini
300 1362 462 1400 accidisse,
489 1370 586 1396 certo¹
603 1363 668 1395 scio
689 1386 699 1401 ,
728 1371 763 1396 ut
786 1361 1055 1407 quotiescumque

58 1406 185 1453 [anguis
208 1408 390 1440 mitteretur
409 1407 571 1451 ‚flmittere
594 1415 700 1440 autem
723 1417 790 1440 non
814 1405 909 1439 semel
936 1401 1054 1436 necesse

59 1451 148 1490 suit,·
170 1450 290 1484 scabies
306 1474 315 1491 ,
338 1461 409 1492 quae
431 1460 494 1490 iarn
521 1450 624 1482 levior
647 1448 732 1482 fasta
754 1458 820 1482 erat
840 1473 850 1488 ,
877 1448 995 1482 mirum
1019 1446 1053 1477 in

58 1493 193 1528 modum
216 1493 339 1536 semper
363 1493 537 1527 cresceret.
561 1493 642 1526 Haec
666 1493 769 1534 igitur
792 1492 902 1525 omnia
923 1513 936 1530 ‚
960 1499 1054 1532 atque

58 1537 143 1574 alia,
166 1548 236 1579 quae
261 1537 359 1571 sciens
384 1536 619 1579 praeterrnitto,
642 1535 849 1577 phaenomena
881 1544 992 1578 quaero
1017 1543 1056 1565 eit

59 1589 91 1613 te
114 1602 124 1617 ,
158 1590 194 1613 ut
217 1579 352 1614 candide
376 1579 455 1613 mihi
480 1579 566 1612 dicas
585 1601 596 1618 ,
630 1578 794 1613 faciliusne
818 1579 880 1612 tibi
905 1576 1060 1618 explicari

57 1622 144 1671 posse
167 1624 353 1662 videantur,
376 1622 398 1655 si
420 1621 560 1656 scabiem
573 1634 669 1664 ponas
681 1624 720 1655 ab
741 1621 1061 1661 animalculi5‚quam

58 1672 83 1700 11
109 1679 124 1700 a
148 1666 299 1709 sanguine
322 1666 631 1707 originemducere.
656 1665 889 1707 llluddenique
916 1663 993 1696 scire
1004 1673 1058 1695 ve-

57 1711 138 1747 lim,
160 1709 237 1743 sicui
260 1711 400 1752 exterior
422 1709 514 1743 causa
528 1710 638 1752 aliqua
665 1709 877 1742 molestiorem
888 1707 970 1740 cutis
983 1717 1060 1746 pru-

58 1755 160 1786 ritum
184 1754 312 1788 inducat
322 1777 339 1799 ,¹
358 1761 395 1785 ut
418 1761 494 1795 puta
518 1753 681 1791 culicum,
705 1752 880 1785 aliarumve
903 1748 1060 1791 eiusmodi

58 1795 270 1831 bestiolarum
293 1798 442 1837 iniuriae,
466 1796 493 1828 is
518 1806 624 1829 aute-m
648 1797 788 1838 pruritui
801 1794 1060 1835 indulgens,cu-

58 1849 125 1873 tem
148 1840 247 1883 usque
272 1842 303 1873 δε
328 1840 424 1882 usque
448 1838 568 1881 scalpat
584 1839 624 1872 fic
648 1848 683 1871 ut
706 1840 740 1871 in
763 1837 881 1871 scabiei
904 1835 1057 1869 similitu-

58 1884 169 1918 dinem
194 1882 355 1917 ulcuscula
379 1882 569 1918 nascantur,
594 1882 671 1914 scire
696 1907 706 1921 ,
739 1882 871 1924 inquam
891 1903 903 1920 ,
925 1879 1022 1912 velim
1044 1900 1055 1916 ,

58 1938 117 1961 cur
139 1927 266 1973 eidem,
291 1935 345 1959 aut
368 1926 437 1958 aliis
462 1926 809 1968 nequeatexi'nteriore
831 1924 921 1957 causa
944 1924 969 1955 is
984 1933 1058 1964 pru-

61 1973 144 2004 ritus
167 1970 236 2003 heri
269 1970 328 2011 qui
349 1969 387 2002 ad
412 1969 617 2011 scalpendum
639 1969 747 2010 adigat
776 1992 785 2008 ‚
816 1970 848 2001 ὃ(
879 1967 917 2000 ad
950 1975 1059 1999 cutem

60 2013 223 2054 unguibus
245 2023 311 2046 non
344 2011 430 2045 secus
464 2021 558 2055 atque
601 2022 676 2046 cum
709 2011 749 2045 ab
782 2010 986 2046 animalculis
1020 2009 1059 2043 iis

61 2058 251 2094 vellicatur,
274 2054 499 2089 lacerandam?

104 2111 138 2143 7.
163 2101 290 2133 Verum
314 2110 354 2132 ne
377 2096 461 2131 forte
482 2098 611 2135 credas,
636 2110 686 2132 me
709 2099 780 2142 plus
802 2109 899 2140 quam
923 2095 1057 2138 verumj,

60 2146 92 2177 &
115 2154 245 2186 aequum
267 2141 347 2176 ferat
362 2164 375 2181 ,
398 2141 468 2175 istis
491 2142 691 2176 animalculis
716 2141 897 2181 adversari;
920 2142 1061 2182 primum

60 2186 188 2221 fatebor
209 2210 219 2227 ‚
250 2196 315 2219 tion
340 2184 438 2219 modo
462 2184 575 2228 saepius
599 2187 641 2219 ab
662 2186 725 2218 illis
749 2185 864 2218 scabiei
897 2185 1060 2225 originem

58 2230 120 2264 esse
144 2228 402 2272 agnoscendam,
425 2228 477 2262 sed
500 2231 531 2262 δι
554 2229 611 2263 ubi
635 2229 740 2262 minus
762 2228 816 2261 illa
841 2227 926 2265 esse,
951 2227 1061 2260 crede-

61 2285 110 2308 res
124 2298 133 2314 ,
156 2283 389 2315 nonnunquam
411 2282 519 2306 revera
541 2272 672 2306 existere
695 2271 774 2305 adeo
797 2271 890 2305 facile
914 2271 958 2304 ob
970 2270 1059 2303 suam

61 2318 275 2359 exiguitatem
298 2316 400 2348 latere
424 2313 553 2357 possunt
568 2336 579 2352 ‚
602 2326 676 2350 cum
701 2315 740 2348 ab
763 2327 827 2349 uno
843 2316 874 2346 in
887 2314 973 2351 aliud
985 2324 1058 2346 cor-

58 2371 117 2403 pus
140 2357 395 2394 transferuntur!
420 2360 471 2391 Sic
495 2361 649 2398 memini,
674 2371 748 2393 cum
770 2359 804 2392 in
829 2358 934 2391 Patria
960 2358 1062 2390 medi-

61 2406 170 2438 cinam
193 2401 331 2439 facetem
353 2402 469 2435 illustri
485 2402 646 2436 Matronae
660 2427 673 2444 ,
697 2413 795 2445 eaque
819 2402 860 2435 ab
871 2401 989 2442 longo,
1006 2411 1060 2433 va-

66 2449 140 2485 rio,
164 2449 195 2480 δέ
220 2445 404 2489 perdifficili
428 2445 544 2479 morbo
569 2446 699 2480 tandem
721 2446 956 2478 convalesceret
976 2467 988 2482 ,
1021 2443 1061 2478 ad

63 2493 139 2524 alias
161 2500 234 2532 quae
259 2487 499 2532 praecesserant,
520 2489 615 2523 crises
639 2489 782 2524 accedere
805 2488 942 2522 scabiem
965 2486 1065 2521 visam

62 2534 124 2569 esse
138 2560 147 2575 ‚
170 2544 242 2576 quae
266 2541 393 2575 repente
416 2541 489 2566 orta
503 2558 512 2572 ,
534 2534 601 2566 cito
612 2543 719 2567 cutem
744 2531 1062 2574 propemodumuni—

63 2577 185 2615 versam
207 2576 405 2618 occupavit,
429 2575 480 2609 sed
504 2577 623 2617 palmas
636 2575 830 2620 praesertim‚
854 2585 890 2608 ut
916 2585 978 2617 prae
992 2585 1060 2607 mo-

63 2620 223 2656 lestiffimo
248 2620 374 2662 pruritu
398 2619 539 2653 dormire
563 2631 627 2653 non
651 2619 751 2663 posset
770 2643 778 2651 .
802 2621 888 2652 Cum
912 2615 1061 2651 vesiculas

63 2668 98 2699 in
121 2666 161 2698 iis
183 2674 344 2698 cernerem
369 2663 508 2696 minutas
533 2675 623 2707 aquae
648 2665 755 2704 plenas
779 2688 789 2702 ,
812 2660 995 2703 cujusmodi
1019 2672 1062 2694 eae

64 2709 169 2742 solent
193 2705 252 2740 esse
273 2707 307 2739 in
330 2706 448 2749 quibus
470 2705 528 2739 ista
552 2706 741 2740 animalcula
765 2705 953 2739 nidulantur
975 2725 984 2740 ‚
1007 2714 1062 2735 an-

64 2752 155 2786 cillas
179 2748 248 2793 juffi
272 2760 381 2783 earum
405 2760 501 2783 unam
523 2759 577 2783 aut
602 2749 732 2783 alteram
755 2747 874 2783 acicula
898 2748 1063 2789 aperirein

62 2794 218 2838 ›praeclara
241 2792 273 2825 lu
294 2804 330 2829 e,
354 2794 384 2824 δε
406 2792 509 2834 siquid
532 2793 677 2834 globosi,
699 2790 836 2831 expressa
860 2802 963 2833 aqua,
987 2790 1063 2823 edu-

65 2849 136 2872 cere
159 2834 302 2879 possent,
327 2833 407 2867 mihi
431 2835 613 2872 ostendere,
635 2834 823 2877 exquisitis,
847 2846 917 2877 quae
930 2832 1061 2866 sortein

65 2888 223 2924 promptu
244 2887 356 2916 erant,
381 2878 474 2910 vitris
497 2877 655 2912 instruffoe
675 2878 793 2919 oculo,
815 2877 1058 2911 examinatum.

66 2924 159 2964 Qid
181 2922 320 2970 quaeris?
345 2921 508 2955 Oblatum
530 2922 710 2955 examinare
732 2920 858 2955 diutius
881 2931 947 2953 non
978 2931 1059 2961 opus

67 2965 151 3002 fuit.
177 2966 306 2999 Vivens
328 2974 396 2997 erat
421 2965 672 3004 animalculum‚
695 2976 728 2998 ea
753 2965 820 3006 ipsa
843 2964 1058 3005 formaquaui

67 3009 280 3046 Recentiores
302 3006 557 3043 delineaverant.
581 3009 672 3041 Tum
695 3007 781 3041 aliud
806 3033 816 3048 ,
851 3018 946 3049 atque
971 3005 1060 3040 aliud

68 3054 237 3091 ademere,
261 3052 402 3083 viventia
424 3053 534 3086 omnia
549 3077 558 3091 ,
581 3050 728 3085 &forma
738 3050 845 3084 eadem
859 3075 866 3083 .
891 3052 979 3082 Cum
990 3060 1061 3083 mu-

66 3100 184 3133 lierum
208 3106 279 3136 quae
302 3095 442 3128 dominae
466 3095 677 3129 inservierant
697 3117 710 3134 ,
733 3094 818 3127 nulla
840 3092 966 3134 prorsus
987 3092 1061 3125 eslet

67 3142 172 3176 scabie
197 3137 333 3178 affeeta;
356 3138 502 3172 Medicus
525 3140 582 3181 qui
606 3147 677 3171 ante
700 3137 862 3174 Redium,
886 3138 916 3168 &
940 3135 1062 3178 Malpi-

68 3184 185 3228 ghium
209 3180 335 3215 vixisset
354 3205 364 3221 ,
398 3193 415 3214 e
437 3184 605 3224 putredine
627 3190 699 3215 orta
723 3179 783 3214 esse
806 3181 861 3213 illa
884 3180 1061 3212 animalcu-

69 3231 100 3263 la
119 3252 127 3267 ,
163 3237 227 3260 non
250 3222 418 3259 dubitasset
439 3238 447 3257 :
474 3235 585 3259 contra
608 3234 714 3258 autem
739 3223 821 3257 mihi
846 3225 980 3256 minime
1003 3221 1062 3255 du-

69 3273 163 3306 bium
188 3269 271 3306 fuit,
294 3269 371 3310 quin
397 3269 586 3302 ancillarum
612 3269 717 3311 aliqua
739 3266 885 3301 alicunde
909 3265 1065 3307 aliquod,

69 3313 208 3348 vestibus
233 3311 415 3349 adhaerens,
439 3311 536 3345 inscia
557 3312 712 3351 domum,
735 3310 774 3345 ad
797 3309 1066 3349 heramqueattu.

70 3357 156 3392 lisset
185 3380 194 3395 ,
228 3354 326 3396 idque
349 3354 409 3387 alia
432 3376 441 3392 ,
470 3357 500 3388 &
524 3355 589 3388 haec
609 3364 744 3395 caetera,
767 3363 803 3387 ut
828 3350 1061 3386 foecundiffima

72 3401 146 3435 sunt
161 3423 174 3441 ,
194 3398 282 3431 brevi
306 3407 449 3440 tempore
472 3397 659 3441 peperissent
676 3422 683 3429 .
709 3398 824 3439 Neque
836 3397 897 3429 hoc
922 3404 1061 3428 tantum.

14 3474 21 3476 c
72 3444 172 3479 niodo
195 3442 299 3475 fateor
314 3465 322 3474 .
346 3440 403 3474 Sed
425 3441 446 3474 si
470 3441 554 3475 forte
578 3441 676 3479 velis,
701 3440 788 3484 quod
813 3439 887 3473 huic
903 3439 1064 3471 Matronae

72 3486 217 3526 accidit,
239 3484 324 3518 idem
346 3484 497 3517 omnibus
519 3484 576 3527 qui
601 3485 701 3517 scabie
723 3484 962 3525 corripiuntur,
986 3482 1068 3514 acci-

74 3531 150 3565 dere
162 3556 171 3571 ,
196 3539 355 3569 unamque
368 3527 448 3561 lianc
462 3528 580 3570 semper
593 3550 602 3565 ,
628 3538 701 3560 cum
715 3527 829 3560 scabies
842 3527 947 3559 oritur
959 3548 971 3565 ,
992 3535 1068 3558 cau-

74 3575 141 3609 sam
165 3570 243 3609 esse3
265 3571 414 3613 equidem
436 3570 501 3612 ipse
524 3582 588 3605 non
611 3570 703 3605 facile
726 3570 868 3607 credam,
892 3578 950 3601 ate
961 3578 1067 3601 autem

76 3617 234 3659 tantisper
266 3613 391 3655 credi,
433 3614 532 3648 finam
549 3624 570 3652 J,
613 3615 690 3648 dum
722 3613 932 3647 nihilominus
963 3610 1067 3644 osten-

1933 248 2018 293 335

1207 320 1340 357 minime
1362 330 1473 356 tutum
1497 310 1638 352 esse‚vel
1662 311 1704 345 fic
1727 316 1835 344 ortam
1855 305 2089 343 scabiemmiii

1089 363 1175 399 forte
1187 363 1219 396 in
1231 375 1365 407 corpore
1378 387 1387 403 ‚
1413 361 1553 402 utsupra
1563 356 1686 390 dictum
1698 355 1742 389 est
1754 379 1762 394 ,
1776 354 1852 401 sano
1867 359 1956 382 antea
1969 373 1978 388 ,
1991 352 2020 382 δι
2033 360 2094 398 nu-

1092 407 1229 451 perrime
1243 419 1296 449 per
1306 410 1494 450 contagium
1506 400 1625 435 infecto
1638 421 1648 437 ,
1664 398 1804 440 negleffli
1816 403 1938 444 interna
1949 400 2092 439 curatio-

1098 458 1297 487 ne‚externa
1310 446 1538 488 tantummodo
1551 443 1676 477 sanare.
1702 440 1793 487 Qid
1804 448 1913 474 enim,
1936 434 2094 470 obsecro,

1100 494 1142 528 est
1154 492 1290 534 scabies,
1314 495 1522 533 undecunque
1546 485 1674 520 tandem
1686 495 1755 518 orta
1767 484 1804 516 sit
1819 491 1937 524 ,quam
1948 478 2098 512 ulcuscu-

1101 538 1153 577 la,
1174 548 1244 578 quae
1270 539 1289 572 si
1314 540 1347 572 in
1372 546 1470 571 unum
1493 531 1602 574 Junffla
1626 529 1742 565 essent,
1769 525 1904 569 persaepe
1917 522 2008 571 ulcus
2021 521 2096 556 lon-

1102 592 1140 624 ge
1164 582 1390 623 amplissimum
1411 577 1599 620 aequarent?
1623 574 1708 610 Quis
1732 579 1839 604 autem
1862 566 2013 600 Medicus
2046 563 2096 599 ul-

1101 634 1177 661 cus,
1201 635 1265 657 non
1288 626 1364 659 dico
1389 619 1638 665 ampliffimum,
1662 615 1712 650 sed
1724 612 1911 662 modicum,
1936 607 2030 650 perse
2041 618 2098 657 na-

1101 678 1171 702 tum
1187 691 1196 707 ,
1220 678 1274 703 aut
1297 670 1396 702 etiarn
1417 663 1563 700 cauterio
1587 681 1596 698 ‚
1632 660 1731 692 aliave
1755 664 1912 689 exteriore
1936 652 2025 684 causa
2047 660 2100 701 in-

1100 712 1254 749 όιιξῒιιηι,
1278 711 1299 745 fi
1323 712 1447 747 diutius
1470 714 1613 748 apertum
1624 700 1795 738 manserit,
1811 708 1875 745 non
1887 703 1999 743 curato
2011 702 2099 735 prius

1099 765 1259 795 corpore,
1282 754 1453 788 occludat?
1479 747 1569 789 Qid
1592 748 1658 781 ita?
1684 754 1797 784 nempe
1819 750 1895 783 quia
1908 749 1963 780 per
1987 738 2042 771 illa
2066 747 2099 784 e-

1100 796 1236 831 miffaria
1260 810 1398 840 corpus,
1424 795 1444 828 si
1469 792 1549 836 quid
1573 791 1690 832 pravi,
1714 796 1769 820 aut
1781 794 1865 818 certe
1890 780 2099 814 redundantis

1100 841 1238 878 habebat
1263 842 1406 876 humoris
1421 862 1429 877 ,
1451 837 1515 881 jam
1538 834 1594 867 diu
1617 832 1729 873 ejicere
1752 827 1960 862 consueverat
1989 847 1996 873 3
2029 823 2101 869 (fur

1100 896 1178 918 vero
1201 895 1266 918 non
1289 885 1374 919 idem
1397 885 1430 916 in
1455 879 1570 914 icabiei
1595 886 1659 909 non
1682 874 1817 908 recentis
1841 865 2012 902 ulcusculis
2035 865 2101 897 {ine

1101 937 1191 962 mora
1214 926 1420 962 occludendis
1444 918 1671 958 attendamus?
1693 929 1763 960 quae
1787 909 1936 964 universa
1960 920 2035 943 cum
2048 908 2100 957 ul-

1100 972 1165 1006 ceri
1190 972 1382 1014 ampliffimo
1406 966 1635 1010 respondeant,
1660 971 1754 994 tanto
1777 967 1882 991 minus
1907 959 1969 991 line
1982 961 2101 995 praevia

1102 1018 1228 1049 interna
1250 1017 1419 1051 curatione
1442 1009 1605 1053 persanare
1630 1014 1738 1039 tutum
1762 1001 1804 1035 est
1830 1025 1838 1040 ‚
1871 1005 1996 1040 quanto
2029 996 2102 1040 plus

1104 1060 1247 1093 humoris
1271 1059 1361 1100 pravi
1386 1055 1530 1090 solebant
1553 1059 1643 1084 extra
1665 1057 1784 1089 corpus
1798 1041 1990 1078 amandare,
2014 1035 2105 1079 ejus-

1102 1103 1258 1145 demque,
1281 1102 1313 1134 in
1339 1099 1412 1141 ipsis
1424 1094 1592 1131 ulcusculis
1616 1102 1684 1125 tum
1710 1100 1819 1126 mora,
1845 1096 1914 1118 tum
1929 1083 1968 1116 ab
1991 1090 2100 1132 exter-

1106 1159 1149 1180 no
1174 1156 1241 1178 aere
1267 1144 1318 1177 vel
1343 1142 1443 1184 magis
1467 1137 1654 1181 depravati,
1678 1136 1764 1170 intra
1792 1140 1906 1172 corpus
1918 1134 2104 1174 remittere,

1107 1190 1193 1223 Scite
1216 1189 1324 1223 enim,
1348 1196 1385 1220 ut
1409 1184 1510 1222 solet,
1534 1180 1684 1214 Eximius
1697 1175 1867 1218 Archiater
1880 1173 2029 1219 Senacms
2045 1168 2107 1209 (y).

1131 1232 1195 1266 uod
1219 1243 1277 1274 pus
1301 1231 1342 1265 ab
1364 1228 1524 1263 ulceribus
1548 1222 1765 1256 exterioribus
1787 1219 1822 1251 in
1847 1219 2031 1261 sanguinem
2056 1220 2107 1241 re·-

1106 1245 1225 1312 guenffi
1250 1285 1314 1309 non
1341 1271 1439 1305 modo
1462 1269 1580 1314 pariter
1605 1289 1616 1305 ‚
1650 1264 1701 1300 sed
1725 1261 1898 1296 violentius
1934 1252 2109 1305 aliquando

1105 1321 1181 1352 vitae
1203 1318 1332 1360 organis
1355 1324 1490 1352 noceat,
1513 1320 1610 1355 quam
1635 1308 1774 1341 refluens
1799 1304 1839 1339 ab
1864 1299 2022 1348 ulceribus
2057 1307 2107 1344 ιιι-

1105 1362 1303 1401 terioribus,
1327 1359 1401 1393 inde
1425 1356 1506 1396 else,
1530 1354 1625 1388 docet
1640 1374 1651 1390 ,
1675 1347 1764 1394 quod
1788 1358 1853 1380 non
1876 1344 1952 1378 huic
1968 1367 1977 1382 ,
2000 1339 2053 1374 sed
2069 1339 2111 1388 il·-

1105 1408 1130 1441 li
1153 1417 1228 1439 cum
1251 1416 1320 1440 aere
1343 1400 1576 1436 commercium
1589 1395 1705 1431 fuerit.
1733 1393 1911 1439 Nunquam
1934 1394 2042 1421 tamen
2057 1392 2108 1414 vi-

1096 1444 1146 1483 'tae
1169 1450 1298 1491 organis
1322 1444 1543 1479 vehementius
1576 1436 1729 1486 nocuisse·
1752 1433 1944 1484 crediderim
1965 1452 1975 1468 ,
2009 1435 2110 1469 quain

1104 1504 1182 1528 cum
1207 1489 1339 1526 scabiosi
1363 1489 1455 1531 pueri
1479 1488 1639 1518 internam
1662 1476 1991 1524 pericardiifaciemg
2008 1479 2114 1517 exter-

1109 1548 1186 1571 nam
1208 1545 1286 1569 vero
1309 1531 1438 1569 cordis,
1464 1532 1494 1562 δι
1520 1526 1619 1561 ferme
1643 1525 1791 1558 omnium
1815 1531 1888 1562 quae
1926 1512 2108 1565 pericardio

1110 1578 1376 1615 concluduntur,
1399 1571 1574 1610 scabiosam
1597 1568 1746 1607 effecere,
1775 1573 1882 1597 revera
1905 1585 1915 1600 ‚
1949 1566 2083 1609 inquam
2099 1577 2114 1594 ‚

1114 1622 1310 1658 scabiosam,
1335 1630 1409 1652 nam
1435 1616 1573 1657 diligens
1597 1609 1757 1643 rariffimae
1781 1604 2033 1649 Observationis
2045 1599 2116 1631 Au-

1107 1669 1180 1701 fior
1206 1664 1354 1700 Buddeus
1376 1666 1387 1701 (
1411 1659 1468 1704 z)
1493 1656 1594 1691 oculis
1617 1664 1692 1686 cum
1716 1650 1917 1685 inermibus,
1942 1640 2117 1678 triminsu...²

1112 1722 1167 1752 per
1192 1710 1282 1742 vitro
1306 1705 1468 1741 instruCtis
1488 1724 1501 1742 ,
1531 1689 1917 1742 ejusdemmodi-prorsus
1949 1686 2009 1724 esse
2041 1695 2115 1736 quae

1110 1755 1184 1793 ibi,
1206 1755 1236 1785 &
1260 1762 1331 1793 quae
1355 1751 1390 1782 in
1412 1757 1484 1781 cute
1508 1752 1620 1782 erant,
1644 1738 1804 1782 pustulas,
1829 1735 1884 1769 suo
1907 1735 1938 1765 δε
1962 1738 2113 1781 omnium

1109 1797 1171 1838 qui
1194 1795 1324 1829 aderant
1338 1817 1348 1833 ‚
1370 1790 1496 1834 judicio
1509 1785 1670 1828 comperit
1684 1808 1691 1816 .
1714 1783 1758 1815 Et
1772 1786 1878 1830 tamen
1890 1785 2034 1824 corporis
2048 1783 2117 1805 am-

1110 1841 1200 1875 bitus
1224 1846 1290 1871 erat
1313 1844 1403 1876 totus
1426 1833 1527 1867 scabie
1549 1836 1742 1871 coopertus:
1766 1822 1845 1871 quid
1862 1847 1870 1862 ,
1892 1819 1915 1853 fi
1939 1816 2045 1852 fuisset
2068 1827 2117 1850 re*

1113 1881 1282 1925 tropulsa?
1307 1877 1410 1912 Vides
1432 1878 1536 1919 igitur
1552 1897 1561 1913 ,
1583 1872 1697 1916 quanti
1720 1869 1933 1916 isst‘e-rllt‘non
1959 1859 2117 1902 retropel—

1115 1928 1198 1961 lere:
1223 1936 1279 1958 nec
1303 1934 1381 1957 vana
1404 1921 1510 1955 dicere
1533 1920 1589 1963 qui
1616 1923 1751 1958 negant,
1775 1910 1912 1947 scabiem
1936 1906 2055 1948 semper
2069 1901 2119 1953 es—

1112 1970 1145 2004 se
1168 1971 1262 2002 unius
1284 1966 1453 2001 dumtaxat
1476 1965 1559 1998 cutis
1583 1960 1756 2009 morbum,
1782 1959 1813 1990 &
1836 1951 1925 2000 quod
1948 1948 2119 1997 consequi-

1112 2023 1188 2053 tur,
1212 2012 1288 2046 huic
1311 2011 1368 2044 uni
1389 2007 1569 2043 adhibenda
1592 2005 1650 2039 esse
1672 2001 1808 2037 remedia
1832 2024 1842 2039 ,
1874 1995 2020 2045 neglec‘ta
2043 1990 2123 2044 reli--

1112 2057 1172 2099 qui
1194 2055 1343 2098 corporis
1365 2053 1552 2087 curatione:
1576 2059 1648 2092 quae
1669 2057 1733 2080 non
1757 2043 1856 2078 modo
1878 2040 1902 2075 fi
1927 2039 2120 2082 negligatur,

1114 2099 1168 2133 sed
1191 2098 1212 2131 si
1238 2101 1283 2132 ita
1305 2096 1519 2135 instituatur,
1543 2101 1579 2127 ut
1604 2101 1726 2126 naturae
1750 2097 1855 2122 motus
1867 2084 1905 2120 ad
1928 2093 2037 2135 cutem
2048 2092 2120 2132 ver-

1113 2144 1220 2185 gentis
1244 2141 1473 2185 perturbetur3
1499 2145 1732 2177 nonnunquam
1758 2142 1869 2170 mors,
1894 2129 1971 2184 alias
1994 2126 2119 2159 aliain-

1114 2194 1233 2228 gruant
1257 2184 1339 2218 mala
1360 2208 1368 2219 .
1395 2181 1520 2224 Legesis
1543 2182 1576 2213 in
1602 2180 1665 2213 VI.
1689 2177 1765 2211 Acie.
1791 2175 1874 2207 Nat,
1896 2171 1979 2206 Cur.
2005 2169 2119 2219 Volu-

1115 2231 1202 2263 mine
1226 2238 1352 2267 totam,
1375 2238 1446 2269 quae
1471 2226 1523 2258 Cl.
1549 2222 1657 2258 Carlii
1680 2220 1742 2257 est,
1766 2218 1863 2251 XVJ.
1898 2214 2118 2265 Observatio-

1114 2284 1208 2307 nem.
1235 2273 1314 2305 Haec
1338 2280 1445 2304 autem
1470 2280 1486 2302 a
1510 2266 1671 2306 medici,
1695 2272 1810 2307 putato
1830 2283 1842 2301 ,
1865 2270 1900 2294 ut
1925 2260 2087 2309 intelligas
2103 2279 2116 2295 ,

1114 2325 1243 2358 quanta.
1260 2314 1428 2357 prudentia
1451 2313 1485 2346 in
1510 2309 1651 2344 Medicis
1673 2303 2020 2349 requiratur,scabiosi
2043 2312 2120 2335 cor-

1115 2360 1204 2401 poris
1226 2357 1388 2392 evidentia
1412 2357 1473 2390 alia
1497 2355 1577 2387 vitia
1590 2352 1651 2385 sive
1676 2353 1853 2394 primarum
1879 2349 2026 2384 viarum,
2053 2345 2116 2378 five

1112 2402 1353 2436 obstruetorum
1377 2399 1551 2435 viscerum,
1575 2397 1637 2429 five
1661 2396 1835 2429 humorum
1847 2393 1961 2433 copia,
1985 2390 2118 2438 aliterve

1118 2447 1324 2488 peccantium
1346 2445 1450 2482 reste,
1473 2452 1569 2483 atque
1592 2440 1704 2473 ordine
1727 2437 1904 2472 curaturis.
1931 2434 2014 2471 Quae
2030 2441 2116 2464 inter

1118 2489 1273 2532 postrema
1307 2489 1384 2521 vitia
1409 2509 1418 2523 ,
1451 2487 1538 2518 illius
1569 2482 1720 2516 oblivisci
1756 2489 1918 2522 nunquam
1950 2485 2079 2519 oportet
2104 2499 2116 2516 ,

1115 2532 1207 2574 quod
1227 2555 1235 2569 ‚
1257 2532 1359 2564 donec
1383 2529 1522 2565 subsistit
1544 2550 1553 2565 ,
1588 2527 1690 2560 scabie
1711 2549 1723 2565 ,
1747 2523 1834 2567 quasi
1858 2521 2009 2555 chronica
2034 2529 2116 2561 qua-

1114 2576 1190 2608 dam
1214 2572 1283 2609 crisi
1298 2600 1308 2615 ‚
1331 2574 1475 2616 indiget.
1503 2571 1657 2613 Exempla
1670 2569 1761 2603 dabit
1786 2567 1912 2600 laudata
1924 2561 2115 2596 CarliiOb-

1116 2618 1256 2652 servatio
1281 2622 1326 2657 (a)
1343 2628 1413 2651 tum
1439 2618 1472 2650 in
1496 2617 1568 2647 viro
1591 2617 1735 2655 quicum
1760 2624 1775 2643 a
1801 2608 1904 2643 nucha
1916 2605 2115 2644 scabiosam,

1113 2662 1195 2703 saepe
1220 2671 1431 2695 recurrentem
1447 2685 1454 2699 ‚
1479 2656 1747 2691 efflorescentiam
1770 2654 1941 2686 linimento
1971 2649 2114 2692 quodam

1114 2704 1267 2747 abegisset
1278 2727 1288 2744 ,
1313 2706 1345 2737 in
1357 2705 1542 2746 epilepticas
1553 2701 1776 2734 convulfiones
1790 2696 1906 2730 incidit
1919 2707 1927 2731 ;
1940 2697 2116 2743 has-autem

1116 2749 1172 2781 illa
1195 2757 1354 2781 revertens
1380 2744 1613 2780 efflorescentia
1638 2742 1763 2776 sustulit
1785 2763 1796 2785 ,
1821 2749 1890 2773 tum
1903 2740 1946 2770 ⁴in
1971 2747 2041 2768 Viro
2067 2735 2113 2767 al-

1114 2801 1205 2832 tero,
1229 2792 1406 2834 &quadarn
1430 2788 1565 2823 foemina
1588 2786 1706 2829 quibus
1728 2780 1959 2826 ejusdemmodi
1984 2777 2113 2811 efflore-

1113 2835 1252 2872 scentia,
1276 2847 1291 2867 a
1317 2835 1416 2875 longo
1438 2832 1503 2874 jam
1530 2840 1677 2872 tempore
1700 2838 1827 2862 manum
1851 2824 1977 2858 foedans
2000 2843 2009 2858 ‚
2034 2832 2109 2855 cum

1113 2878 1351 2916 exsiccabatur,
1375 2878 1598 2909 imminentem
1625 2872 1741 2906 febrim
1766 2868 2004 2912 praenunciabat
2027 2876 2037 2902 5
2062 2864 2113 2897 fe-

1113 2923 1182 2955 bris
1207 2933 1282 2954 vero
1304 2919 1401 2953 finem
1417 2944 1426 2959 ,
1448 2929 1523 2951 cum
1546 2917 1688 2951 redibat.
1715 2915 1758 2947 Et
1782 2923 1889 2945 tamen
1911 2919 2042 2953 parvam
2055 2919 2111 2942 oc-

1111 2965 1250 3008 cupabat
1274 2965 1419 3005 corporis
1445 2971 1592 3004 partem,
1615 2970 1714 3001 neque
1737 2959 1769 2989 in
1794 2954 1843 2989 his
1860 2955 1984 2988 duobus
2009 2952 2049 2984 ab
2062 2962 2112 2984 res

1112 3009 1219 3042 medio
1241 3016 1375 3040 externo
1389 3004 1511 3048 repulsa
1535 3004 1661 3037 fuerat.
1688 2999 1780 3036 Quid
1793 2996 1896 3042 ergo?
1920 2998 1975 3030 ubi
1989 2994 2108 3028 scabies

1113 3052 1295 3086 universum
1319 3059 1404 3083 tenet
1428 3048 1572 3090 corporis
1596 3046 1778 3080 ambitum,
1801 3046 1833 3076 &
1857 3051 1922 3074 non
1948 3038 2044 3084 modo
2055 3048 2109 3080 per

1114 3095 1144 3128 se
1167 3093 1325 3128 evanescit
1340 3114 1349 3130 ,
1372 3101 1408 3125 ut
1434 3093 1467 3124 iri
1490 3093 1563 3124 viro
1586 3101 1626 3124 ex
1649 3100 1715 3131 quo
1740 3095 1833 3119 natus
1856 3094 1922 3119 erat
1945 3106 1954 3121 ,
1991 3084 2115 3122 semper

1112 3137 1276 3176 scabioso,
1299 3136 1337 3169 de
1360 3147 1427 3178 quo
1438 3136 1611 3169 Lanzonus
1632 3132 1717 3172 (h),
1742 3130 1793 3163 sed
1816 3130 1956 3176 unguine
1979 3124 2110 3166 sulphu-

1112 3191 1209 3221 rato,
1233 3188 1288 3213 aut
1312 3179 1377 3212 alio
1400 3177 1594 3220 ejuscemodi
1619 3176 1727 3210 abaeta
1742 3198 1753 3214 ,
1777 3183 1811 3205 ut
1838 3174 1870 3204 in
1894 3170 1950 3202 illo
1980 3167 2019 3201 de
2036 3178 2111 3216 ‘quo

1115 3227 1242 3269 Apinus
1266 3226 1276 3261 (
1300 3233 1317 3255 c
1337 3225 1375 3262 ),
1398 3223 1431 3254 in
1454 3222 1556 3264 iisque
1578 3218 1750 3263 juvenibus
1772 3216 1809 3248 de
1832 3214 1967 3261 quibus·
1983 3209 2108 3259 scripsit

1111 3266 1295 3316 J0.Sebast.
1321 3263 1517 3298 Albrechtus
1541 3264 1593 3308 (d
1613 3261 1656 3303 )?
1679 3258 1902 3295 mirandumne
1925 3264 2006 3292 erit,
2029 3253 2110 3286 sici-

1118 3322 1155 3344 to
1178 3311 1314 3351 maligna
1339 3307 1454 3344 febris,
1481 3319 1532 3341 aut
1557 3307 1665 3349 gravia
1687 3304 1747 3337 alia
1772 3303 1870 3337 mala,
1895 3297 2013 3333 asthma
2027 3307 2110 3338 prae-

1111 3355 1244 3393 sertim,
1268 3350 1449 3385 accesserint
1471 3375 1481 3391 ,
1512 3362 1584 3393 quae
1608 3360 1674 3382 non
1698 3344 1756 3380 nisi
1780 3344 1880 3390 scabie
1914 3351 1967 3391 aut
2002 3351 2055 3382 per
2079 3338 2109 3372 se

1112 3399 1255 3435 iterum,
1278 3405 1331 3428 aut
1356 3394 1570 3428 remediorum
1597 3391 1720 3425 auxilio
1745 3390 1887 3424 reversa,
1912 3386 2107 3434 vincantur?

1117 3442 1172 3475 Sic
1195 3438 1323 3474 causam
1347 3438 1453 3471 morbi
1476 3437 1540 3479 ipsa
1565 3435 1684 3469 indicat
1699 3434 1841 3470 sanatio,
1866 3429 1941 3462 fasti
1957 3426 2107 3474 videlicet

1120 3496 1137 3517 a
1160 3495 1256 3527 prava
1278 3483 1332 3515 illa
1355 3482 1510 3518 materia,
1535 3491 1606 3521 quae
1631 3487 1666 3511 ut
1691 3480 1777 3510 intus
1791 3482 1911 3507 retenta
1937 3478 2109 3520 nocebitis-

1116 3528 1221 3561 rursus
1244 3522 1360 3568 egressa
1383 3525 1518 3558 liberat.
1544 3523 1704 3555 Pertinent
1727 3519 1788 3552 huc
1804 3512 2118 3563 Ramazzininostrt

1120 3574 1175 3610 (e)
1199 3572 1232 3603 in
1256 3569 1365 3602 multis
1389 3567 1505 3601 habitae
1516 3566 1786 3601 Observationes,
1808 3561 1865 3603 qui
1890 3558 1991 3592 scabie
2013 3566 2108 3588 inun-

1116 3614 1280 3647 &ionibus
1302 3610 1495 3673 retropulsw
1517 3608 1722 3653 postmodum
1745 3604 1831 3639 febre
1854 3598 2108 3677 correptihirlilico

87 3698 2099 3718 ——--.---—--.--———-———-——-——————————--———-—————-——-=

133 3736 148 3764 (
164 3744 176 3760 ν
191 3734 200 3765 )
217 3733 308 3759 Medic.
325 3736 380 3757 Rat.
396 3735 430 3758 T.
447 3741 469 3761 4.
488 3735 512 3757 P.
530 3742 550 3763 5.
567 3740 588 3757 c.
606 3741 626 3763 ς.
643 3731 700 3756 Obs.
717 3740 739 3761 3.

134 3766 150 3794 (
164 3773 174 3789 t
219 3774 239 3789 c.
257 3765 297 3789 cit.
313 3764 382 3788 Thes.
399 3764 495 3787 Pathol.
513 3763 535 3793 §.
554 3772 591 3791 ²4.
652 3764 667 3792 (
682 3772 698 3787 u
714 3763 724 3793 )
742 3762 778 3787 Ibi

134 3795 175 3826 (y
216 3792 299 3820 Traite
315 3795 347 3819 du
364 3796 441 3819 Coeut
457 3795 474 3819 1.
493 3803 515 3823 4.
532 3794 568 3818 cli.
586 3802 605 3823 3.
624 3801 649 3817 n.
666 3796 690 3817 6.
751 3794 766 3823 (

133 3826 148 3854 (
164 3826 202 3856 b)
222 3826 279 3856 Epir
298 3828 329 3850 N.
347 3827 376 3849 C.
392 3827 448 3849 Dec.
467 3833 487 3855 3.
505 3825 536 3848 A.
553 3831 573 3853 3.
590 3824 649 3847 ΟΜ.
665 3831 704 3852 3¹·
766 3822 775 3852 (

133 3861 155 3882 t.
172 3856 196 3882 r&
211 3858 240 3884 A.
257 3864 324 3888 1743.
341 3855 420 3885 Hebri„
438 3862 474 3885 14.
491 3862 514 3881 n.
532 3862 553 3884 ι.
570 3856 608 3880 Μ.
625 3855 697 3880 Febr.
757 3854 772 3884 ζ

823 3763 847 3792 §.
863 3769 899 3786 21.

73 3856 132 3882 Mar

819 3824 833 3851 )
848 3826 905 3847 Dec.
921 3823 969 3846 ead.
989 3824 1017 3845 A.
1034 3830 1055 3850 5.
1073 3821 1096 3844 8c
1111 3824 1136 3845 6.
1154 3821 1212 3846 Obs.
1233 3830 1282 3851 ¹17·

816 3853 830 3883 2
846 3853 948 3879 constit.
964 3851 1035 3885 epid,
1053 3851 1114 3879 Uib.
1129 3853 1158 3878 Α.
1177 3855 1247 3882 ι69ι.
1264 3859 1288 3884 η,
1304 3859 1344 3883 32-

799 3732 862 3761 (s)
877 3731 963 3760 consp.
981 3730 1073 3754 Medic.
1089 3731 1179 3754 Theor.
1197 3731 1272 3755 Prat't.
1290 3730 1353 3754 Tab.
1376 3738 1413 3760 90.
1431 3731 1456 3754 in
1475 3731 1570 3755 Cautel.
1590 3738 1613 3754 n.
1631 3738 1669 3758 19.

781 3762 804 3787 d.
960 3760 968 3790 (
988 3769 1002 3784 x
1017 3761 1030 3788 )
1048 3760 1108 3789 Eph.
1127 3763 1158 3784 N.
1177 3762 1206 3785 C.
1226 3764 1279 3785 Dec.
1297 3769 1319 3790 3.
1339 3763 1368 3785 A.
1391 3769 1411 3789 9.
1428 3762 1450 3785 &
1470 3769 1505 3786 io.
1522 3761 1579 3785 obs.
1595 3768 1650 3790 ²03·

781 3802 799 3822 ζ
813 3793 827 3821 )
843 3794 979 3817 Commerc.
997 3792 1111 3815 Litterar.
1128 3792 1159 3816 A.
1178 3799 1244 3821 1745·
1263 3791 1341 3815 Hebd.
1356 3800 1393 3820 42.
1411 3800 1433 3816 n.
1453 3800 1474 3817 1.

792 3831 804 3847 c

789 3861 801 3879 e

1345 3822 1359 3852 (
1376 3822 1392 3847 d
1406 3823 1420 3852 )
1436 3793 1579 3849 commeicf
1591 3790 1729 3848 siiierinril
1745 3828 1814 3852 ¹74²·-
1844 3821 1924 3848 Hebd.
1941 3830 1963 3852 5·
1980 3830 2006 3848 n„
2022 3830 2044 3849 ι.
2060 3825 2102 3849 Μ,
