2498 4075
342 241 570 307 Epistola
607 241 767 294 Anat.
803 241 1021 297 Medica
1056 242 1179 297 XV.
1211 242 1335 293 Art.
1369 245 1439 296 16.
1477 258 1554 305 17⁶
1589 242 1666 296 18.
1699 245 1754 299 &
1783 261 1857 311 19.

92 325 181 357 rugas
205 312 371 353 dissolvere
393 316 524 357 liceret,
547 314 805 360 pharyngemque
837 317 875 352 ad
899 317 1090 361 amplitudi-

95 369 168 390 nem
189 357 302 399 justam
325 359 490 393 reducere.
601 398 603 400 Ι
668 395 670 398 ,
835 398 836 401 ¹
1025 403 1027 405 q

143 405 190 433 16-
218 402 299 443 Qae
322 404 356 435 in
377 411 503 436 mortua
526 403 692 445 conspeeta
715 403 808 444 sunt,
832 407 1015 446 praeclaram
1039 417 1095 446 per.

98 443 127 478 se
149 444 290 486 praebent
313 447 561 489 explicationem
584 457 694 479 eorum
717 458 788 490 quae
818 449 853 483 jn
876 450 1002 482 vivente
1025 449 1095 483 fue.-

94 496 168 519 rant
185 487 434 532 animadversa,
463 499 499 522 ut
522 500 597 523 curn
629 501 705 531 pene
729 489 766 522 ad
791 500 927 525 mortem
960 492 1095 527 deduffita

95 529 137 563 est
159 530 292 563 instante
315 533 451 565 tumoris
473 557 481 570 ‚
506 543 522 564 a
546 543 623 575 pure
647 534 783 573 maxime
806 533 958 576 distenti,
982 544 1096 577 ruptu-

93 584 128 605 ra
142 597 151 612 ‚
175 583 229 608 aut
251 586 324 608 cum
345 574 499 616 Asperam
524 576 672 609 arteriam
694 577 874 611 antrorsutn
898 577 1013 622 digitis
1029 588 1094 610 tra-

93 614 220 656 hendo,
243 616 345 660 ficque
369 627 526 661 tumorem
550 631 565 651 a
587 619 660 660 gul-a
679 643 692 659 ,
727 628 820 663 atque
844 620 921 654 adeo
953 634 969 655 a
992 622 1092 663 repri-

93 660 426 695 mentibus'vertebris
451 687 460 701 ,
489 671 525 695 ut
549 663 654 695 minus
691 672 814 704 urgeret
838 666 916 697 aeris
950 674 1090 698 meatum

91 703 269 737 efficiebat.
328 702 345 748 Ἰ
405 706 481 738 Duo
503 714 608 738 tamen
632 705 759 740 fortasse
770 717 909 749 quaereS,
934 709 1088 747 alterum,

91 758 147 781 cur
168 746 371 786 hic'rursus,
394 750 537 791 quamvis
562 758 688 782 tumore
711 761 766 790 per
781 751 905 783 exitum
927 752 1090 794 purisim-

91 792 240 834 minuto,
264 793 377 825 mortis
400 791 521 826 causam
545 793 689 832 attulerit
713 792 726 825 ?
750 792 883 826 alterum
900 817 914 834 ,
944 795 1089 838 quaenam

92 834 158 866 illae
183 832 303 867 fuerint
326 833 483 876 glandulae
511 861 518 874 ‚
542 847 676 878 quarum
699 844 762 869 tres
781 858 792 873 ,
824 840 856 870 &
879 848 940 877 una
963 837 1089 880 praeser-

92 878 179 917 tim,
202 877 279 910 adeo
302 879 513 912 intumuerint
536 878 548 911 ?
586 880 738 920 Qorum
762 878 822 913 hoc
847 879 942 913 facile
964 882 1089 914 intelli-

90 931 163 962 ges,
189 919 211 952 fi
234 932 312 962 quas
336 933 351 953 a
374 931 464 964 tergo
486 921 615 964 Asperae
638 924 759 964 arteriae
782 924 863 956 olim
887 924 977 965 pinxi
1001 925 1090 966 (u),

91 967 123 996 δε
145 974 215 1005 quae
238 963 276 996 de
299 964 434 1004 iisdem,
456 964 616 999 interdum
635 990 648 1006 ,
681 966 730 1001 sed
755 969 858 1000 minus
882 978 977 1009 quam
1000 967 1056 1000 ista
1080 992 1089 1006 ,

91 1007 288 1040 tumentibus
321 1008 484 1042 observavi
517 1012 641 1049 (x),
680 1009 877 1043 Adversariis
910 1012 942 1042 in
979 1022 1088 1044 manus

90 1049 223 1093 sumptis
236 1073 246 1088 ‚
269 1051 460 1093 inspexeris.
486 1051 572 1085 Illud
595 1063 671 1093 vero
690 1054 830 1087 materiae
849 1052 1007 1086 adscribes
1020 1064 1088 1097 par-

91 1094 154 1125 tim
177 1094 274 1126 etiam
298 1104 367 1128 tum
391 1097 424 1128 in
447 1104 569 1129 tumore
591 1095 745 1138 congestae
766 1120 779 1136 ‚
814 1098 935 1138 partim
957 1096 1030 1130 inde
1053 1098 1089 1130 in

88 1136 241 1170 bronchia
264 1137 397 1180 delapsae
418 1162 430 1178 ,
458 1150 595 1182 quarum
618 1139 673 1172 illa
705 1140 789 1173 viam
809 1162 822 1179 ,
855 1150 891 1174 ut
923 1142 1089 1174 inventum

88 1178 156 1220 est,
179 1181 242 1213 aeri
265 1181 504 1223 angustiffimam
528 1182 727 1225 relinquebat
745 1206 759 1224 ,
782 1183 849 1216 haec
872 1183 951 1219 illuc
976 1184 1013 1216 ab
1036 1196 1089 1217 ex-

87 1222 211 1264 spirato
247 1236 315 1257 aere
338 1223 422 1258 forte
454 1227 550 1258 relata
575 1252 584 1266 ‚
615 1227 717 1268 magis
741 1226 904 1269 angustam
936 1227 1089 1269 tantisper

87 1265 220 1304 fecerit,
243 1268 322 1301 dum
344 1266 479 1301 foemina
502 1279 592 1303 aetate
619 1294 628 1307 ,
650 1269 768 1303 morbo
788 1294 801 1311 ,
836 1272 979 1304 alimenti
999 1294 1011 1310 ,
1046 1270 1089 1305 ob

85 1309 313 1352 deglutitionis
334 1311 519 1346 diuturnam
542 1313 765 1346 difficultatem
789 1338 802 1354 ,
824 1317 936 1357 exigua
959 1314 1052 1355 copia
1077 1339 1086 1353 ,

87 1353 298 1388 infirmiffima
320 1357 559 1398 extingueretur
581 1381 588 1388 .
615 1357 778 1390 Caeterum
801 1367 932 1400 propter
955 1357 1035 1391 hanc
1058 1357 1087 1388 i-

86 1396 177 1440 psam
199 1397 398 1440 deglutiendi
422 1398 649 1433 difficultatem
674 1400 820 1442 pharynx
853 1401 965 1434 tandiu
988 1399 1087 1433 ferme

85 1441 212 1483 otiata,
231 1443 265 1474 in
288 1454 336 1476 eas
360 1453 450 1482 rugas
473 1444 604 1478 interius
626 1443 656 1475 se
677 1441 866 1477 contraxisse
889 1444 990 1478 videri
1014 1452 1088 1486 pot-

85 1483 146 1518 est.
278 1486 365 1520 Cum
398 1480 461 1519 hac
484 1495 589 1523 autem
623 1485 758 1521 historia
790 1487 881 1521 illam
911 1485 1087 1529 conjunges

88 1539 187 1571 quam
210 1530 322 1563 retulit
344 1530 445 1563 Vitus
467 1529 636 1564 Riedlinus
657 1533 712 1572 (y
736 1531 930 1572 >particulae
953 1531 1086 1572 sangui-

84 1572 135 1605 m's
153 1573 309 1615 grumofi,
331 1572 447 1614 lapidis
461 1570 533 1615 fere
556 1574 702 1607 duritiem
724 1572 809 1606 nach·
832 1596 841 1610 ‚
859 1574 956 1616 juxta
979 1573 1085 1615 Aspe-

84 1625 152 1647 ram
175 1616 324 1649 arteriam
347 1617 499 1654 inventae,
521 1618 554 1649 &
575 1617 656 1649 hanc
680 1616 913 1658 comprimentis
938 1618 972 1649 in
997 1615 1064 1649 sene
1072 1639 1086 1656 ‚

86 1660 140 1692 cui
165 1667 235 1691 ante
258 1658 419 1699 plusculos
440 1668 539 1691 annos
561 1660 702 1701 graviter
713 1659 824 1702 lapso,
848 1659 922 1693 inde
944 1660 1085 1702 primum

83 1701 151 1744 ejus
175 1702 277 1743 partis
299 1700 414 1741 dolor,
439 1700 560 1744 semper
581 1712 687 1737 autem
720 1702 825 1746 postea
848 1702 992 1737 difficilis
1015 1701 1086 1736 fue-

83 1754 133 1777 rat
157 1744 346 1787 respiratio.
362 1746 416 1778 *Et
439 1743 567 1785 facilius
592 1745 762 1781 secundum
776 1746 941 1781 historiam
956 1756 1085 1781 utram-

106 1799 143 1821 ue
166 1798 281 1822 annues
304 1787 476 1830 Gabrielio
498 1791 511 1828 (
535 1801 558 1832 ῖς
580 1793 617 1830 ),
640 1791 696 1833 qui
721 1790 951 1832 orthopnoeam
976 1813 988 1830 ‚
1011 1800 1085 1823 cum

82 1800 171 1865 sensu
194 1830 232 1863 ad
255 1830 360 1864 fauces
381 1831 604 1875 strangulantis
626 1835 791 1874 materiae,
815 1837 847 1866 &
871 1834 961 1867 vocis
985 1834 1085 1866 inter-

82 1876 230 1916 ceptione
254 1873 459 1917 conjunstam
474 1886 495 1916 ·,
526 1875 647 1910 abaetis
672 1886 778 1911 autem
811 1878 946 1920 triginta
968 1878 1086 1910 vermi-

82 1917 140 1951 bus
163 1916 321 1955 solutam,
348 1917 387 1951 ab
409 1917 461 1952 his
484 1918 603 1953 saetam
625 1920 771 1962 censuit,
792 1919 1086 1964 gulamdistenden-

80 1962 197 2003 tibus,
216 1963 430 2005 arten-iamque
452 1962 542 1995 illam
566 1964 753 2006 urgentibus
771 1987 784 2005 ,
815 1963 989 2006 praesertim
1012 1975 1087 1997 cum

81 2001 116 2037 in
141 2004 206 2038 alio
230 2016 268 2039 ex
299 2002 494 2048 orthopnoea
522 2008 636 2047 pariter
669 2007 844 2050 improvisa
867 2017 996 2041 mortuo
1018 2018 1087 2040 ver-

81 2058 146 2080 mes
177 2049 432 2091 quamplurimos
453 2047 581 2084 vidisset
613 2050 720 2092 gulam
744 2060 934 2094 occupantes
959 2075 971 2092 ,
1007 2052 1087 2093 quin

85 2093 234 2124 arteriam
256 2104 384 2136 quoque
407 2092 558 2135 adfitam,
581 2095 616 2126 in
639 2106 733 2138 quam
755 2094 812 2128 libi
843 2095 930 2128 viam
952 2094 1087 2128 eroden-

81 2136 126 2168 do
149 2143 353 2177 paraverant.
487 2136 547 2171 Sed
568 2137 624 2172 etsi
647 2138 758 2179 preffio
781 2149 851 2180 quae
874 2149 890 2170 a
914 2147 1005 2180 tergo
1028 2135 1089 2176 fit,

80 2178 184 2211 affitat
206 2180 307 2222 magis
323 2205 333 2219 ,
355 2181 389 2212 ὃς
412 2177 540 2214 facilius
563 2182 711 2214 arteriam
730 2203 744 2221 ,
777 2181 898 2223 quippe
921 2180 960 2214 ab
982 2192 1016 2212 ea
1039 2179 1089 2213 fa-

79 2222 129 2254 cie
159 2222 406 2265 cartilaginibus
429 2234 493 2256 non
524 2225 684 2257 munitam
705 2235 717 2262 3
750 2222 852 2265 potest
875 2233 982 2256 tamen
1004 2222 1090 2266 fiqua

79 2264 190 2307 preffio
212 2277 229 2298 a
252 2264 360 2299 fronte
384 2265 525 2298 validior
546 2267 720 2304 increscat,
744 2264 820 2299 adeo
840 2266 1051 2310 constringere
1077 2292 1088 2309 ,

80 2317 118 2342 ut
141 2305 306 2341 difficilem
328 2307 571 2350 respirationem
591 2333 605 2350 ,
630 2313 664 2343 &
684 2310 820 2352 denique
844 2319 983 2345 mortem
1013 2308 1091 2344 affe-

82 2359 157 2391 rat,
180 2350 453 2393 quemadmodum
476 2351 621 2386 sai-coma
642 2365 659 2386 a
672 2354 902 2392 Vorwaltnero
923 2358 937 2393 (
958 2367 976 2387 a
997 2357 1036 2393 )‚
1057 2357 1090 2387 δε

80 2393 230 2470 {laudula
243 2393 346 2436 thymi
356 2396 463 2437 ingens
478 2419 487 2434 ,
510 2395 616 2438 tophis
626 2395 772 2430 cretaceis
795 2394 910 2439 referta
925 2422 933 2436 ‚
958 2409 973 2429 a
986 2396 1087 2429 Chri-

112 2437 185 2470 iano
209 2438 332 2471 Vatero
353 2440 367 2477 <
389 2437 408 2470 b
429 2441 444 2477 )
467 2439 594 2471 inventa
610 2448 679 2488 ,μς
701 2438 811 2472 cordis
837 2439 978 2482 polypos
1004 2452 1099 2482 opus,

82 2491 149 2513 non
182 2480 281 2516 fuerit
303 2479 457 2514 advocare
488 2481 526 2514 ad
550 2493 637 2524 pueri
670 2491 808 2516 mortem
832 2484 1051 2525 explicandam
1073 2506 1089 2523 ,

82 2523 210 2566 quando
232 2524 391 2563 ,summum
413 2522 550 2558 sternum
562 2527 626 2558 non
649 2523 768 2565 sinebat
780 2550 792 2567 ,
816 2525 926 2568 thymi
942 2538 1089 2570 partem,

82 2575 120 2601 ut
143 2575 241 2609 neque
263 2566 405 2601 sarcoma
428 2567 508 2601 illud
537 2590 548 2607 ‚
581 2567 672 2611 quod
685 2568 746 2611 sub
761 2570 925 2609 sternoad
941 2572 1089 2613 jugulum

84 2604 174 2649 erait,
200 2609 381 2644 anti-orsum
402 2610 533 2645 crescere
554 2635 567 2652 ‚
605 2611 778 2654 iicqueibi
803 2613 966 2656 utriusque
990 2615 1089 2647 incre-

81 2662 226 2688 mentum
250 2653 382 2696 urgebat
406 2657 557 2689 arteriam
578 2654 618 2689 ad
640 2655 799 2690 vertebras
818 2679 832 2697 ,
865 2659 993 2700 aerique
1019 2665 1089 2690 tan-

82 2696 154 2731 dem
178 2697 300 2731 aditum
323 2697 578 2733 intercludebat.

130 2751 179 2784 17.
204 2741 368 2775 Haeremus
391 2740 429 2774 de
453 2741 566 2782 causa,
587 2753 717 2785 gravem
740 2742 890 2785 spiritum
914 2743 1090 2784 efficiente,

83 2784 135 2817 seu
156 2785 294 2826 Capiti,
318 2783 368 2817 seu
391 2785 508 2818 Ventri
525 2809 538 2826 ,
554 2785 610 2828 seu
633 2787 734 2819 Collo
755 2785 912 2827 insideat,
934 2788 1089 2829 scriptum

84 2826 144 2860 est.
167 2828 268 2861 Nunc
290 2826 328 2860 de
349 2827 405 2860 illa
428 2840 503 2862 cum
526 2828 676 2869 Thoraci
699 2828 815 2863 infidet
826 2831 982 2866 nonnulla
1006 2830 1090 2873 adji-

84 2869 225 2904 ciamusi
249 2880 429 2914 quanquam
451 2883 490 2905 ex
513 2882 600 2915 parte
612 2872 649 2906 ad
674 2872 841 2907 thoracem
862 2886 990 2918 quoque
1013 2876 1089 2908 atti-

81 2923 163 2948 ·nent
186 2925 257 2956 quae
281 2914 440 2957 noviffime
462 2917 809 2959 commemoravimus,
834 2928 870 2951 ut
890 2920 1027 2952 omnino
1039 2927 1088 2951 at-

84 2958 190 2990 tinent
214 2956 462 2992 Observationes
485 2959 602 2993 Laubii
626 2959 720 3000 duae,
744 2960 845 2994 altera
869 2963 1003 2999 vomicae
1016 2973 1090 2995 cum

84 3000 213 3035 incluso
234 3008 331 3033 acuto
353 3002 386 3033 &
417 3001 524 3044 aspero
546 3004 671 3036 calculo
707 3002 898 3038 adhaerentis
922 3005 1091 3048 posteriori

86 3044 172 3088 parti
194 3042 324 3086 Asperae
346 3046 470 3079 arteriae
492 3047 575 3081 circa
598 3045 694 3089 hujus
717 3046 908 3081 divifionem
923 3048 1090 3091 primam5

86 3088 183 3122 altera
206 3087 347 3129 ingentis
370 3086 563 3124 steatomatis
582 3114 596 3132 ‚
628 3102 695 3133 quo
718 3090 825 3125 eadem
849 3093 965 3125 arteria
996 3103 1089 3126 com-

86 3129 368 3175 prehendebatur:
402 3142 507 3173 quas,
540 3142 575 3167 ut
612 3143 689 3177 pote
712 3135 774 3168 alia
811 3134 960 3170 habentes
994 3136 1092 3179 digna

85 3186 156 3217 quae
179 3172 411 3216 perpendantur
433 3199 444 3215 ,
475 3176 509 3209 in
532 3178 695 3212 centuriis
716 3182 731 3217 (
752 3191 768 3212 c
790 3182 804 3219 )
836 3179 917 3222 leges
940 3179 1090 3214 Caesareae

87 3218 135 3252 N.
160 3219 201 3251 C.
225 3217 429 3251 Academiae.
560 3222 633 3255 Nos
654 3223 739 3255 enim
762 3222 816 3256 hic
827 3221 865 3256 de
889 3223 986 3256 causis
999 3224 1090 3257 aeru-

89 3262 118 3294 ri
142 3261 290 3304 pulmoni
314 3259 373 3303 ipsi
396 3260 625 3299 inhaerentibus
645 3290 655 3306 ‚
690 3265 728 3299 ad
752 3277 859 3299 earum
884 3266 1089 3309 perquisitio-

88 3315 161 3337 nem
193 3302 395 3339 festinamus.
525 3308 612 3343 Illud
644 3309 776 3352 quidem
799 3311 920 3343 nemini
954 3310 1090 3344 dubium

88 3346 146 3381 esse
170 3347 292 3390 potest,
314 3349 394 3391 quin
416 3351 525 3383 omnia
546 3363 615 3396 quae
638 3362 693 3386 aut
717 3354 815 3388 nimis
836 3356 1054 3397 comprimant
1076 3378 1090 3395 ,

90 3401 145 3426 aut
167 3390 341 3425 infarciant
361 3415 374 3432 ,
407 3402 461 3427 aut
483 3394 637 3440 inflexiles
661 3396 793 3431 reddant
816 3409 850 3430 ac
875 3398 993 3441 rigidas
1017 3398 1089 3441 pul—

91 3446 221 3469 monum
243 3435 373 3470 cellulas
391 3456 404 3473 ,
434 3438 602 3482 tenuesque
624 3442 702 3474 aeris
723 3442 938 3482 canaliculos,
969 3440 1008 3475 ad
1032 3441 1089 3475 has

1991 261 2079 312 ¹33

1139 316 1331 361 pertinentes
1349 339 1363 357 ‚
1392 328 1427 350 ea
1449 318 1539 353 simul
1569 318 1686 354 laedant
1719 319 1960 362 respirationem
1973 344 1986 361 ,.
2028 317 2157 356 Nimis*

1141 359 1350 400 comprimit,
1372 363 1508 405 exempli
1533 363 1653 405 gratia,
1679 362 1803 404 sanguis
1828 376 1945 397 annexa
1967 364 2008 396 iis
2041 364 2140 402 vascu-r

1145 404 1174 436 la
1196 401 1371 443 distendens
1392 415 1446 438 aut
1468 407 1583 448 copia,
1606 415 1660 439 aut
1684 409 1865 449 turgentia,
1891 417 1946 442 aut
1962 417 2149 450 quacunque

1147 454 1324 479 remorante
1355 446 1443 480 causa
1477 449 1642 482 difficilius
1673 449 1822 484 transiens
1853 462 1907 493 per
1944 450 2107 493 pulmones
2134 464 2143 483 z

1147 500 1283 532 quorum
1315 490 1454 531 primum
1476 490 1513 524 fit
1548 494 1582 525 in
1605 491 1799 534 plethoricis
1822 518 1831 533 ,
1865 503 1942 527 tunc
1967 494 2143 535 praesertim

1143 544 1217 566 cum
1240 531 1421 566 festinantes
1444 535 1615 569 accelerant
1638 535 1768 578 gradum
1790 548 1804 577 ,·
1835 537 1970 570 alterum
1993 538 2026 569 in
2050 536 2148 569 febri-

1142 575 1199 616 bus
1222 574 1451 610 fervidioribus
1469 589 1491 620 ;¹
1513 581 1645 613 tertium
1668 577 1796 613 videtur
1819 579 1941 614 fartum
1966 581 1998 612 in
2022 580 2147 613 Foemi-

1141 619 1347 662 naCPi-incipe
1379 622 1393 658 (
1415 620 1434 651 d
1455 625 1469 660 )
1499 633 1569 664 quae
1592 621 1784 656 difficillima
1809 622 2012 665 respiratione
2045 634 2148 656 corre-

1140 672 1215 705 pta,
1239 661 1351 696 habuit
1366 663 1567 704 ¹pulmonum
1588 665 1658 699 vasa
1681 665 1773 708 usque
1796 667 1836 699 ad
1856 665 1987 699 livorem
1999 667 2139 699 tumida-

1272 704 1419 746 Infarcit>
1455 717 1568 750 praeter
1604 708 1751 743 humores
1795 720 1877 753 quos
1915 708 2147 742 bronchiorum

1141 748 1298 793 glandulae?
1321 748 1485 784 secernunt
1508 762 1562 785 aut
1586 751 1798 793 viscidiores,
1819 762 1874 785 aut
1887 752 2048 787 uberiores
2062 774 2075 791 ,
2098 760 2148 784 te-

1140 793 1299 826 nuiffimus
1323 792 1446 835 pulvis,
1467 806 1541 828 cum
1565 806 1631 828 aere
1654 793 1771 837 jugiter
1793 796 1971 835 atu-aetus,
1993 805 2029 830 ut
2052 796 2085 827 in
2109 806 2150 828 eo

1139 837 1176 869 de
1199 848 1264 878 quo
1288 835 1379 879 supra
1401 840 1415 877 (
1436 848 1451 871 e
1471 842 1485 878 )
1509 839 1634 871 mentio
1657 838 1772 879 injetffta
1796 839 1860 879 est,
1883 840 2067 881 plumarum
2092 850 2147 872 ex-

1139 889 1330 922 purgatore,
1356 883 1388 913 δε
1411 882 1443 913 in
1469 882 1617 925 lapicidis
1629 881 1801 922 praesertim
1816 905 1824 920 ‚
1847 893 1987 925 quorum
2011 882 2142 924 pulmo-

1140 934 1192 955 nes
1216 921 1289 958 duri
1322 922 1497 958 admodum
1521 938 1593 959 cum
1619 925 1826 966 secarentur,
1857 927 1960 958 culter
1983 925 2067 967 quafi
2087 934 2150 967 per-

1139 976 1285 999 acervum
1308 977 1404 1000 arenae
1424 991 1433 1006 ,
1468 968 1542 1002 duci
1564 968 1732 1003 videbatur
1754 995 1763 1010 ,
1794 979 1831 1003 ut
1871 971 1905 1001 in
1931 968 2145 1012 Sepulchreto

1142 1007 1225 1051 (f)
1250 1010 1374 1050 pariter
1396 1011 1497 1052 leges.
1526 1013 1607 1054 Qiae
1633 1024 1677 1045 res
1700 1021 1736 1045 ut
1759 1012 1854 1046 duros
1870 1035 1878 1049 ,
1904 1010 1945 1045 sic
1968 1013 2067 1045 etiam
2089 1012 2146 1044 in-

1140 1051 1260 1085 flexiles
1294 1053 1457 1093 pulmones
1480 1054 1560 1089 facit
1589 1078 1601 1094 ,
1634 1056 1933 1097 &inexplicabiles
1958 1078 1967 1093 ,
2004 1065 2146 1098 quornm

1139 1096 1271 1171 }lterum
1295 1095 1483 1137 exspirando
1500 1121 1513 1138 ,
1547 1099 1681 1131 alterum
1703 1097 1889 1141 inspirando
1921 1099 2013 1141 plane
2038 1099 2149 1132 adver-

1154 1148 1223 1172 atur
1236 1162 1244 1169 .

1187 1181 1235 1215 18.
1261 1180 1318 1213 Sed
1342 1182 1425 1216 idem
1449 1183 1537 1225 quod
1561 1184 1600 1217 ab
1623 1184 1862 1224 involantibus,
1887 1182 1954 1217 fieri
1980 1183 2082 1225 potest
2108 1182 2148 1217 ab

1138 1224 1373 1258 innascentibus
1396 1226 1516 1267 caulis,
1540 1228 1640 1270 iisque
1663 1238 1720 1261 aut
1742 1227 1833 1261 simul
1860 1227 2018 1261 bronchia
2041 1227 2147 1261 infar·

1136 1268 1316 1306 cientibus,
1341 1279 1395 1302 aut
1419 1281 1481 1302 non
1506 1270 1748 1304 infarcientibus
1773 1295 1781 1301 .
1805 1271 2033 1304 Animadverti
2057 1273 2146 1304 enim

1137 1313 1170 1344 in
1193 1310 1433 1346 disseffitionibus
1457 1313 1611 1347 bronchia
1637 1313 1821 1357 persequens
1845 1338 1857 1354 ,
1880 1313 1976 1348 olseas
1999 1325 2149 1348 nonnun-

1136 1366 1231 1397 quam
1265 1354 1332 1388 fieri
1357 1368 1466 1389 eorum
1498 1358 1701 1399 cartilagines
1735 1359 1783 1395 vel
1821 1359 1907 1399 prius
1943 1369 2038 1400 quarn
2071 1366 2152 1392 aetas

1138 1397 1291 1440 grandior
1314 1398 1372 1438 fit.
1398 1401 1487 1433 Nam
1509 1402 1542 1434 in
1566 1402 1735 1443 decrepitis
1760 1402 1946 1443 pulmonem
1968 1399 2148 1443 obduresce-

1138 1452 1193 1482 re,
1217 1442 1309 1475 novit
1331 1442 1519 1478 Aristoteles
1543 1448 1598 1486 (g
1619 1449 1656 1485 )‚
1680 1448 1711 1477 ὃς
1730 1444 1805 1486 sieri
1828 1444 1999 1484 terrestrem
2023 1468 2035 1484 ‚
2068 1446 2147 1478 Lit-

1137 1486 1218 1520 trius
1240 1488 1254 1524 <
1274 1485 1295 1518 h
1315 1490 1330 1526 )
1353 1498 1480 1525 autem,
1504 1491 1536 1522 δε
1559 1486 1761 1522 Vieuffenius
1783 1490 1797 1526 (
1818 1487 1831 1521 i
1851 1491 1865 1527 )
1888 1513 1897 1527 ,
1931 1487 1985 1519 ille
2008 1489 2042 1520 in
2075 1489 2151 1521 viro

1137 1529 1305 1570 octoginta
1328 1540 1426 1563 annos
1449 1540 1549 1571 nato,
1574 1531 1628 1564 hic
1651 1532 1685 1563 in
1709 1531 1859 1563 Matrona
1899 1530 2026 1573 aliquot
2051 1533 2151 1564 annis

1139 1570 1257 1614 majore
1281 1582 1334 1607 aut
1356 1572 1535 1616 quosdam,
1555 1584 1610 1609 aut
1635 1584 1745 1607 omnes
1766 1572 1998 1608 bronchiorum
2009 1575 2154 1610 annulos

1136 1613 1193 1649 esse
1216 1613 1316 1649 osseos
1339 1615 1460 1657 saeros,
1484 1615 1694 1660 scripserunt:
1720 1627 1805 1660 quan
1830 1628 1903 1651 uam
1927 1625 2035 1651 neuter
2047 1617 2150 1652 diser-

1137 1668 1167 1692 te
1189 1657 1323 1696 docuit,
1348 1670 1386 1692 an
1408 1661 1535 1702 penitus
1559 1662 1657 1693 etiam
1668 1662 1752 1694 intra
1775 1671 1818 1703 pu
1835 1671 1967 1701 mones,
1991 1661 2059 1694 imo
2069 1674 2146 1697 cum

1137 1701 1267 1736 annulos
1291 1702 1420 1741 dixere,
1447 1703 1479 1737 id
1503 1704 1591 1739 credi
1618 1702 1745 1745 possunt
1768 1701 1903 1738 noluisse
1925 1729 1932 1736 .
1968 1704 2044 1747 Ego
2066 1717 2149 1739 vero>

1136 1744 1170 1778 id
1192 1744 1295 1786 vidi,
1331 1748 1363 1780 ὃς
1386 1745 1545 1785 ostendere
1579 1747 1683 1781 adhuc
1714 1746 1840 1790 possum
1878 1749 1912 1780 in
1943 1748 2151 1790 penitissimis

1137 1789 1344 1831 pulmonibus
1367 1814 1375 1828 ‚
1407 1790 1462 1824 ubi
1486 1791 1564 1823 loco
1582 1789 1734 1833 cujusque
1757 1791 1867 1824 annuli
1892 1790 1984 1833 plura
2008 1792 2092 1826 inter
2116 1793 2153 1827 se*

1136 1832 1342 1874 cartilaginea
1365 1832 1539 1868 secundum
1560 1843 1706 1867 naturam
1742 1832 1839 1867 frusta
1862 1835 2033 1869 uastantur
2055 1847 2064 1868 :
2089 1835 2151 1871 etst-

1137 1876 1283 1908 nonnulli
1313 1887 1352 1908 ex
1383 1877 1429 1911 iis
1454 1878 1512 1919 qui
1544 1876 1667 1912 erudite
1703 1877 1901 1919 collegerunt
1934 1879 2077 1920 exempla
2109 1892 2151 1921 Q-

1137 1921 1261 1952 mnium
1283 1921 1430 1960 corporis
1461 1919 1594 1954 humani
1618 1920 1848 1963 particularum
1870 1932 1940 1964 quae
1975 1920 2063 1957 offeae
2089 1924 2155 1957 ali·

1136 1961 1265 2005 quando
1289 1962 1381 1995 fastae
1405 1972 1536 2006 repertae
1559 1963 1632 1997 sunt
1645 1987 1657 2004 ,
1681 1974 1746 1998 non
1769 1963 1975 2002 haeemodo,
2000 1968 2033 1999 &
2057 1967 2148 2008 pleu-

1137 2017 1203 2038 ram
1225 2029 1237 2046 ,
1270 2008 1302 2038 δε
1325 2007 1491 2040 internum
1510 2008 1643 2041 oculum
1661 2030 1674 2047 ‚
1705 2018 1853 2050 quorum*
1870 2016 2003 2051 partem:
2028 2008 2151 2045 osseam

1136 2048 1289 2091 conspexi
1312 2051 1326 2087 (
1347 2048 1365 2088 l<
1385 2053 1400 2090 )
1417 2073 1429 2090 ,
1461 2049 1511 2084 sed
1534 2054 1567 2084 δι
1592 2049 1720 2084 facilius
1743 2051 1854 2085 obvias
1885 2055 1991 2086 trunci
2015 2052 2154 2095 A2-sperae·

1138 2094 1258 2126 arteriae
1271 2092 1476 2136 cartilagines
1499 2093 1759 2136 praetermiserint
1773 2118 1780 2126 .
1807 2096 2023 2134 Caeterumd
2045 2108 2154 2131 meam

1137 2135 1388 2170 observationem
1412 2139 1545 2173 attinere
1567 2149 1636 2181 quae
1659 2150 1698 2172 ex
1719 2138 1882 2172 Columbo
1904 2139 2014 2174 nostro
2039 2140 2156 2175 hieira

1139 2180 1349 2222 Sepulchreto
1379 2180 1426 2220 (l
1449 2185 1463 2223 )
1507 2191 1703 2220 memoratur
1735 2207 1745 2223 ,
1778 2184 1886 2218 minus
1916 2183 2154 2225 crediderim„

1140 2234 1236 2265 quam
1260 2222 1298 2257 ad
1320 2226 1443 2258 tunicas
1465 2225 1633 2266 vasorum,
1654 2235 1822 2271 *propterea
1845 2226 1934 2271 quod
1969 2228 2006 2263 in
2019 2229 2155 2272 pulmo-2

1140 2265 1230 2301 nibus
1254 2265 1314 2311 offa
1336 2279 1394 2303 non
1412 2279 1514 2312 parva
1536 2269 1648 2305 vidisse
1673 2271 1722 2310 se,
1745 2271 1875 2316 scribit.

1188 2322 1234 2352 19.
1261 2311 1315 2345 Ab
1337 2313 1572 2348 innascentibus
1607 2323 1712 2350 autern
1734 2315 1832 2349 causis
1863 2314 1954 2350 simul
1988 2317 2148 2353 bronchia

1141 2354 1225 2397 posse
1248 2358 1279 2388 δε
1303 2355 1460 2390 inflexilia
1484 2356 1551 2391 fieri
1569 2382 1582 2399 ,
1604 2361 1637 2392 &
1660 2358 1831 2400 infarciri‚
1853 2369 1917 2392 non
1941 2360 2074 2396 difficile
2096 2364 2150 2396 in-

1141 2398 1267 2440 telliges
1281 2422 1294 2439 ,
1316 2397 1339 2431 fi
1361 2400 1501 2434 calculos
1523 2402 1610 2435 intra
1634 2403 1702 2446 ipsa
1724 2404 1836 2445 gigni,
1860 2403 2122 2440 animadverteris
2136 2430 2145 2438 .

1142 2442 1305 2484 Equidem
1341 2453 1405 2475 non
1428 2443 1498 2477 sum
1522 2444 1643 2479 nescius
1663 2469 1676 2486 ‚
1713 2446 1928 2482 Bronchiales„
1945 2448 2111 2491 glandulas
2134 2472 2146 2488 ,

1142 2494 1177 2518 ut
1200 2493 1287 2518 extra
1308 2509 1319 2525 ,
1356 2485 1397 2518 sic
1420 2489 1519 2521 etiam
1552 2489 1637 2522 intra
1660 2488 1828 2532 pulmones
1851 2491 1946 2525 calcis
1968 2491 2064 2526 instar
2086 2494 2149 2537 ali-

1140 2527 1271 2569 quando
1292 2528 1489 2563 indurescere
1514 2555 1522 2564 .
1549 2532 1640 2566 Idem
1663 2541 1771 2566 tamen
1796 2532 1936 2568 accidere
1960 2535 2069 2570 multo
2091 2536 2148 2570 sie-

1141 2572 1212 2612 pius
1235 2571 1331 2606 credo
1354 2573 1442 2607 lento
1467 2573 1619 2615 humori,
1640 2586 1700 2610 aut
1724 2578 1839 2619 puriin
1862 2578 1997 2612 illorum
2019 2580 2146 2615 cellulis

1141 2613 1264 2659 diutius
1290 2625 1435 2655 retent05
1460 2619 1493 2651 in
1517 2619 1749 2654 bronchiorum
1772 2630 1877 2655 autem
1899 2624 1994 2657 ramis
2014 2647 2027 2665 ‚
2060 2631 2148 2659 certe

1141 2659 1223 2691 scio.
1246 2661 1307 2708 ‘Tu
1331 2671 1456 2703 quoque
1480 2661 1530 2695 fac
1553 2663 1637 2706 legas
1656 2687 1669 2703 ,
1704 2673 1739 2697 ut
1764 2676 1824 2706 ego
1846 2666 1956 2706 olims,
1981 2665 2145 2713 plerasque

1140 2701 1288 2736 historias
1311 2704 1428 2746 quibus
1451 2715 1578 2740 centum
1602 2707 1836 2750 propemodum
1858 2710 2017 2744 Auetores
2039 2712 2149 2746 calcu-

1139 2745 1389 2794 los,¹tophosve
1413 2750 1648 2792 proposuerunt
1662 2750 1730 2785 tulli
1755 2751 1896 2786 exclusos
1911 2777 1924 2793 ,
1948 2763 2003 2788 aut
2026 2755 2060 2788 in
2074 2756 2148 2797 pul-

1140 2790 1290 2823 monibus
1313 2801 1477 2868 reperto&
1499 2795 1611 2836 procul
1633 2794 1733 2828 dubio
1743 2794 1826 2828 mihi
1850 2794 2043 2832 assentieris.
2068 2799 2148 2833 Plu-

1139 2845 1186 2866 res
1208 2833 1292 2876 apud
1308 2835 1339 2869 R
1366 2835 1477 2869 odium
1500 2839 1514 2875 (
1536 2848 1567 2870 m
1587 2841 1602 2877 >
1627 2837 1783 2872 indicatas
1806 2839 1949 2877 videbis,
1974 2841 2077 2874 aliasa
2103 2842 2146 2879 ud

1138 2879 1317 2911 Henricum
1348 2880 1566 2913 Meibomium
1599 2884 1653 2919 (n
1675 2885 1689 2921 )
1709 2905 1722 2922 ,
1754 2883 1831 2915 alias
1862 2883 1948 2926 apud
1982 2852 2147 2921 Sachiilsm

1137 2924 1153 2960 ζ
1176 2932 1192 2953 ο
1213 2925 1252 2962 ),
1274 2933 1409 2964 quarum
1433 2923 1643 2963 penultimam
1662 2936 1672 2963 3
1697 2936 1735 2957 ne
1758 2935 1788 2959 te
1811 2936 1956 2961 moretur
1980 2938 2067 2962 error
2089 2937 2145 2972 ty·

1141 2964 1323 3007 pograghi3
1351 2967 1455 2998 Paavii
1480 2964 1557 3006 esse,
1582 2967 1686 3007 scit0;
1709 2968 1760 3002 sed
1773 2969 1956 3011 plurima55
1980 2981 2017 3006 ut
2040 2974 2145 3009 omit-

1141 3018 1208 3041 tam
1231 3017 1385 3047 caeteros3
1410 3009 1492 3051 apud
1516 3010 1707 3045 Scenckium
1731 3016 1741 3051 (
1762 3022 1785 3054 p
1806 3017 1820 3053 )
1839 3038 1848 3053 ,
1880 3016 1939 3059 qui
1964 3024 2034 3049 ante
2067 3017 2143 3051 illos

1140 3063 1217 3095 quas
1240 3061 1316 3085 tunc
1341 3055 1474 3094 potuit,
1498 3064 1561 3087 non
1584 3055 1683 3088 modo
1706 3055 1883 3098 indicavit,
1906 3058 1958 3092 sed
1982 3060 2144 3094 etiamde-

1142 3094 1285 3138 scripsit.
1314 3097 1352 3127 In
1375 3096 1572 3138 Sepulchreti
1594 3107 1701 3132 autem
1725 3100 1904 3135 Sestionem
1926 3101 2008 3136 hanc
2032 3105 2060 3137 I.
2085 3103 2149 3138 etfi.

1143 3140 1190 3172 vel
1212 3137 1354 3180 quaedam
1378 3141 1513 3181 Cmcii,
1529 3141 1652 3187 Blaffl,
1676 3143 1843 3185 Saxom'ae,
1866 3146 2041 3179 Gendrotii
2062 3148 2149 3181 rela-

1143 3192 1184 3215 tae
1207 3182 1299 3220 sunt,
1323 3195 1400 3226 quas
1424 3184 1462 3217 ab
1487 3185 1557 3219 aliis
1578 3185 1738 3227 indicari,
1760 3197 1824 3220 non
1849 3189 1980 3222 memini
2001 3201 2012 3228 ς
2033 3195 2146 3225 tamen:

1141 3236 1254 3268 praeter
1277 3237 1326 3259 eas
1349 3238 1419 3270 quae
1441 3251 1453 3268 ,
1474 3237 1511 3262 ut
1533 3229 1716 3263 diffeetione
1737 3240 1876 3268 carentes
1904 3254 1915 3271 ‚
1931 3258 1933 3262 ,
1951 3231 1989 3265 ad
2011 3234 2142 3269 institu-

1142 3279 1212 3303 tum
1236 3281 1301 3303 non
1322 3271 1526 3312 attinebant,
1548 3273 1676 3316 aliquot
1700 3276 1733 3306 in
1756 3274 1863 3308 eadem
1885 3299 1897 3316 ‚
1921 3277 2155 3321 proximisque

1141 3315 1343 3348 Sestionibus
1365 3313 1490 3348 omissas
1513 3317 1721 3351 animadverti
1742 3339 1751 3355 ,
1785 3329 1855 3359 quae
1877 3330 1916 3352 ex
1943 3321 2044 3362 paulo
2069 3331 2144 3354 ante:

1140 3356 1278 3392 laudatis
1310 3358 1532 3400 Scriptoribus.
1552 3361 1652 3403 accipi
1684 3360 1858 3403 potuissent
1882 3385 1894 3402 ‚
1927 3371 1982 3397 aut
2005 3375 2043 3397 ex
2066 3366 2142 3406 qui-

1138 3400 1268 3435 busdam
1301 3411 1378 3434 tunc
1401 3401 1496 3436 editis
1520 3403 1669 3437 Caesareae
1693 3404 1872 3438 Academiae
1906 3406 2141 3441 Voluminibus

1139 3448 1153 3483 (
1175 3456 1193 3486 q
1215 3449 1248 3486 ),
1272 3447 1410 3487 itemque
1433 3458 1471 3479 ex
1494 3448 1587 3489 aliis,
1612 3457 1648 3481 ut
1672 3448 1819 3481 Contulo
1839 3451 1853 3487 (
1876 3460 1891 3482 r
1911 3452 1925 3488 )
1944 3475 1953 3490 ,
1976 3453 2010 3483 δε
2032 3452 2140 3485 multo

1997 3505 2100 3536 magis

210 3632 226 3661 )
240 3634 342 3669 Αᾲνετΐ.
360 3640 383 3658 ι.
397 3633 460 3659 Tab.
476 3641 498 3658 2.
515 3634 567 3663 Εἰς,
584 3643 608 3660 x·
670 3636 685 3665 (
700 3644 716 3660 x
730 3636 745 3665 )
760 3637 858 3662 Advers.
876 3646 898 3668 ς.
914 3639 1030 3664 Animad.
1049 3647 1088 3669 39-

208 3667 220 3723 3
236 3665 303 3725 ὲῗὲ.
315 3665 501 3722 Ξξιξηέῗῗευῐ.
517 3699 542 3722 8.
557 3697 615 3721 Obs.
631 3705 673 3726 79.
732 3700 748 3729 (
763 3706 775 3722 e
791 3699 806 3728 )
823 3707 848 3723 n.
864 3708 889 3729 7.

210 3726 221 3785 ζ
235 3727 296 3751 Hist.
313 3728 345 3753 de
360 3727 379 3752 ι’
394 3729 470 3753 Acad.
487 3730 517 3752 R.
533 3728 576 3753 des
591 3729 629 3752 Sc.
644 3729 674 3751 A.
692 3732 762 3758 1706.
779 3729 837 3754 Obs.
854 3732 930 3756 Anat.
946 3738 971 3762 ¹7.

219 3785 228 3816 )

217 3818 225 3846 )

147 3633 162 3663 (

146 3665 163 3723 ι(

150 3724 165 3752 (

149 3754 168 3845 (ἓ
245 3789 316 3814 Cent.
333 3797 355 3813 2.
372 3789 433 3815 Obs.
449 3788 518 3813 Med.
534 3797 554 3819 3.

153 3846 163 3876 (

180 3640 198 3656 u

178 3670 194 3687 a

176 3693 193 3717 d

176 3725 194 3749 h

176 3753 193 3778 k

177 3792 202 3808 m

180 3822 197 3844 P

179 3853 191 3870 r

204 3848 215 3878 )
231 3852 266 3875 De
282 3851 394 3880 Lapidib.
412 3850 576 3881 Podagrsac.
592 3858 615 3877 c.
631 3853 654 3877 8.

508 3666 523 3695 (
538 3665 552 3690 b
567 3666 580 3693 )
596 3668 654 3691 Dee.
669 3667 721 3692 ead.
738 3675 762 3697 3·
777 3670 808 3693 A.
827 3676 848 3697 9.
864 3670 925 3695 Obs.
942 3673 995 3695 161.
1010 3671 1036 3696 in
1052 3671 1094 3695 fin-

952 3700 1014 3733 (f)
1031 3701 1116 3726 Addit.
1132 3703 1162 3726 ad
1179 3703 1241 3728 hanc
1257 3705 1318 3731 Set't·
1336 3705 1394 3729 Obs·
1411 3715 1434 3734 4-

616 3790 630 3819 (
644 3798 660 3813 n
675 3789 691 3820 )
707 3791 810 3817 Exercit.
827 3794 895 3818 Med.
911 3795 941 3818 de
956 3793 1120 3819 Observ.‘rar.
1136 3796 1180 3822 ἃς.
1200 3805 1227 3821 n.
1243 3806 1284 3821 20.
1301 3805 1338 3821 ιι.

242 3819 303 3844 Obs.
321 3821 391 3845 Med.
408 3827 453 3845 rar.
470 3821 486 3844 1.
503 3829 526 3845 2.
545 3820 585 3845 ubi
601 3821 630 3845 de
647 3822 728 3846 Pulm.
745 3822 837 3848 Cuicul.
854 3832 910 3850 cum
926 3824 1045 3853 Strauffi't.
1063 3826 1145 3852 Addit.

1148 3640 1189 3672 (y
1204 3645 1214 3668 )
1231 3642 1294 3671 Eph.
1310 3644 1345 3666 N.
1360 3645 1389 3668 C.
1406 3646 1464 3669 Dee.
1481 3653 1505 3674 3.
1522 3645 1553 3669 A.
1568 3653 1591 3673 7.
1610 3644 1672 3669 Obs.
1691 3652 1745 3670 no.

1157 3672 1171 3701 (
1186 3682 1198 3697 c
1212 3674 1226 3702 )
1245 3675 1290 3698 lx.
1309 3673 1368 3698 Obs.
1386 3683 1422 3705 ις.
1438 3678 1460 3699 ἃ
1478 3677 1537 3701 Vll.
1555 3676 1615 3701 Obs.
1632 3685 1672 3704 40.
1806 3646 1818 3671 (
1833 3653 1852 3676 z
1865 3647 1880 3676 )
1896 3646 1961 3673 nud-
1976 3645 2043 3673 Obs-
2061 3647 2111 3674 ἰπὶ

1499 3708 1513 3736 (
1525 3707 1569 3736 g)
1588 3710 1624 3731 De
1644 3709 1744 3737 Juvent.
1761 3714 1783 3733 c.
1801 3714 1841 3736 ¹4·

258 3757 263 3761 ἡ
723 3759 729 3763 Ι
1033 3733 1047 3761 (
1064 3733 1074 3755 i
1090 3732 1104 3760 )
1118 3733 1201 3759 ‘fraite
1215 3735 1244 3760 de
1263 3737 1286 3759 la
1302 3735 1380 3761 strust.
1398 3737 1429 3761 du
1446 3744 1518 3762 coeur
1535 3737 1572 3762 ch.
1590 3742 1628 3763 16·

234 3758 290 3782 vid.
306 3759 382 3788 Epist.
398 3766 436 3783 ιι.
453 3767 476 3782 n.
497 3766 532 3788 19.
550 3759 572 3782 δι
588 3766 628 3782 22.
646 3758 670 3782 8c
685 3759 758 3787 Epist.
777 3764 812 3790 13.
829 3771 853 3787 ῃ.
873 3770 895 3791 9,
911 3771 948 3788 10.
966 3765 988 3787 ἃ
1004 3762 1077 3792 Epist,
1096 3769 1132 3794 52;
1149 3772 1174 3790 ῃ,
1192 3774 1231 3795 30·
1250 3774 1289 3796 31,

1352 3768 1361 3796 (
1378 3767 1388 3791 l
1403 3767 1417 3795 )
1434 3768 1492 3791 Obs.
1509 3772 1550 3797 46.
1569 3769 1651 3797 primae
1669 3768 1690 3798 ὗ.
1709 3770 1733 3792 6.

1399 3799 1414 3828 (
1430 3806 1442 3822 ο
1457 3799 1472 3829 )
1486 3801 1546 3828 Eph.
1566 3799 1601 3824 rt.
1617 3801 1715 3825 C,Dee.
1732 3805 1753 3823 1.
1771 3800 1800 3822 A.
1812 3806 1835 3823 2.
1851 3799 1975 3826 obs-181.
1990 3801 2017 3826 'in
2033 3803 2116 3829 δάιοι.

1205 3828 1220 3858 (
1235 3836 1250 3857 q
1266 3830 1281 3858 )
1297 3831 1356 3854 Dee.
1374 3836 1399 3859 3.
1416 3832 1446 3854 A.
1463 3838 1485 3860 3.
1503 3830 1562 3855 obs.
1578 3840 1616 3861 71·
1634 3839 1671 3861 72·
1689 3833 1743 3861 248.
1762 3831 1785 3855 ἃ
1801 3835 1830 3857 Α.
1846 3841 1871 3863 4.
1887 3831 1946 3873 ΟΜ.
1964 3840 2020 3863 ιορι
