2498 4075
409 195 567 264 Epist.
604 195 766 248 Anat.
802 195 1019 249 Medica
1052 193 1239 250 XXX}
1276 193 1838 260 Art.15.116.117.&18.

89 276 177 311 intra
199 285 322 319 paucos
345 274 414 310 dies
429 298 442 316 ‚
466 273 600 318 pedibus
622 270 783 307 oedemate
807 273 960 308 nonnihil
984 282 1112 307 tumen-

92 320 206 360 tibus,
228 318 322 360 pulsu
346 316 412 362 jam
435 319 527 353 nullo
542 342 550 358 ‚
572 315 636 350 fine
659 317 749 359 gravi
783 315 925 359 spirandi
969 315 1111 350 difficul-

90 370 181 401 tate,
203 361 309 397 ullave
332 363 449 396 mentis
472 359 736 403 perturbatione,
758 371 841 404 aeger
863 360 991 395 vivendi
1016 359 1113 396 finem

94 405 178 442 fecit
202 429 212 438 .
352 406 385 440 A
410 405 437 438 B
461 407 494 440 D
517 406 553 439 Ο
578 404 615 438 M
639 405 654 436 I
676 404 713 438 N
736 404 767 438 E
815 402 952 440 didueto
971 427 983 445 ,
1022 403 1114 447 jecur

92 450 192 492 longe
213 449 392 484 maximum
415 450 582 482 inventum
606 447 673 488 est,
696 446 938 482 steatomatibus
960 447 1112 489 plenum,

92 496 126 527 δε
151 492 324 527 substantia
347 492 400 527 his
424 490 591 536 interjeflm
603 514 615 532 ,
637 490 747 534 thymi
772 491 899 527 excoeti
923 490 1038 532 instar,
1061 492 1108 525 al-

89 536 157 577 ba,
180 538 214 570 δε
237 535 407 577 lobulosa,
431 533 482 569 fed
504 533 603 568 dura.
630 537 668 568 In
693 533 778 569 fellis
801 534 933 571 vesicula
955 546 1030 570 cum
1063 535 1105 568 li-

89 578 165 613 vida
187 579 254 613 bile
276 591 391 613 novem
413 578 528 613 calculi
543 601 557 619 ,
581 578 637 612 alii
662 579 724 613 alia
749 578 855 613 forma
870 600 882 619 ³
905 579 962 621 qui
996 588 1107 613 omnes

89 624 233 667 primum
256 622 295 658 ad
317 622 454 657 viridem
476 621 620 656 colorem
644 630 835 665 vergentes,
857 622 1026 666 postquam
1048 621 1108 656 fic-

88 668 156 702 cati
180 666 274 704 sunt,
298 665 524 702 flavescebant.
552 666 634 701 Lien
660 665 847 710 perpusillus
861 689 873 706 ,
906 675 942 700 ut
979 666 1106 701 nummi

89 711 231 754 argentei
274 720 370 754 quem
416 710 540 745 scutum
576 718 716 751 vocant,
739 709 997 752 magnitudinem
1043 720 1108 743 non

88 755 247 797 superaret
271 778 280 786 .
316 755 465 787 Pancreas
495 762 705 789 extenuatum
729 754 809 787 adeo
831 776 845 793 ‚
874 762 912 787 ut
956 751 1057 787 deesse
1090 764 1107 786 a

87 799 197 842 primo
239 795 403 831 videretur
437 822 444 830 .
489 797 704 832 Ventriculus
747 798 836 831 intus
884 794 951 831 fuit
1005 796 1107 840 nigris

87 842 225 876 maculis
280 838 448 877 distinctus
480 853 491 874 .·
553 840 703 877 flaccidus
747 840 826 875 alibi
846 863 860 880 ,
904 838 956 876 sed
989 842 1022 874 in
1047 851 1108 882 py-

91 886 166 919 loro
218 883 355 920 callosus
385 907 398 924 ,
444 893 481 918 ut
525 884 635 921 cedere
680 892 867 926 opportune
898 908 909 924 ‚
952 885 985 917 δε
1031 883 1107 918 satis

87 928 216 963 dilatari
252 938 318 961 non
352 927 455 972 posset
478 952 486 961 .
618 927 782 962 Thoracis
815 938 944 971 quoque
989 926 1107 960 viscera

87 971 223 1009 flaccida
244 994 258 1011 ,
305 974 339 1006 &
385 972 456 1006 laxa
482 983 494 1012 5
528 979 565 1006 ut
609 971 717 1012 cordis
750 982 826 1005 caro
848 995 858 1011 ,
890 970 915 1004 si
947 969 1105 1005 distrahe-

86 1027 134 1051 res
158 1040 167 1055 ,
204 1014 360 1048 facillime
385 1015 566 1059 sequeretur
588 1039 598 1047 .
731 1016 851 1051 Praeter
873 1013 943 1048 haec
961 1036 975 1055 ‚
1018 1013 1105 1047 nihil

85 1057 340 1097 animadversum
384 1059 427 1094 est
475 1057 621 1094 morbidi
645 1070 658 1099 3
702 1067 740 1094 ut
786 1069 824 1092 ne
857 1056 1003 1092 humoris
1034 1057 1106 1101 qui-

84 1102 159 1138 dem
208 1101 285 1136 esset
330 1102 366 1136 in
412 1102 545 1138 thorace
569 1127 582 1144 ,
628 1110 683 1137 aut
725 1110 836 1136 ventre
879 1099 968 1136 effusi
1012 1100 1109 1145 quid-

108 1157 183 1182 uam
200 1171 208 1180 .

83 1159 107 1192 q
133 1200 182 1229 15.
218 1189 290 1222 Sive
325 1190 391 1224 lien
427 1201 443 1224 a
478 1188 674 1232 primordiis
708 1188 830 1233 usque,
863 1196 899 1223 ut
921 1187 1110 1224 credibilius

84 1231 216 1267 fortasse
239 1233 282 1268 est
308 1257 318 1275 ,
346 1233 423 1269 huic
450 1234 616 1268 Sacerdoti
640 1233 774 1276 exiguus
798 1233 948 1276 obtigit,
970 1231 1031 1267 five
1055 1244 1110 1276 per

82 1277 282 1320 Hepaticam
306 1280 456 1312 arteriam
481 1278 604 1313 aversus
639 1289 655 1311 a
679 1277 826 1321 Splenica
859 1278 892 1310 in
930 1275 1110 1320 amplifica-

83 1329 155 1355 tum
178 1319 266 1364 jecur
290 1320 453 1364 sanguinis
476 1322 586 1357 cursus
608 1321 686 1355 lieni
710 1320 804 1355 fimul
831 1344 845 1362 ,
875 1323 907 1354 &
942 1321 1107 1364 pancreati

80 1365 346 1399 extenuationem
371 1365 511 1404 attulit,
536 1364 597 1399 five
619 1363 702 1399 hanc
735 1364 867 1400 demum
899 1366 1003 1407 magis
1039 1375 1106 1398 ma-

81 1407 200 1453 gisque
219 1418 336 1451 praeter
357 1420 487 1444 omnem
507 1407 643 1444 modum
667 1407 800 1444 adaucta
832 1407 957 1450 hepatis
981 1408 1107 1449 moles,

81 1451 248 1492 durities,
272 1450 400 1497 pondus
423 1446 642 1492 induxerunt3
665 1451 755 1487 vides
779 1453 918 1494 utique,
941 1462 997 1486 nec
1031 1451 1108 1486 satis

83 1495 201 1533 auxilii
229 1494 269 1529 ad
292 1496 368 1534 bilis
392 1496 602 1531 secretionem
625 1496 666 1530 ab
688 1493 846 1538 ejusmodi
870 1496 952 1529 liene
986 1495 1107 1538 hepar,

78 1549 182 1582 neque
227 1539 304 1575 satis
350 1539 436 1576 succi
481 1539 519 1575 ad
542 1540 642 1573 bilem
684 1539 986 1582 contemperantiam
1009 1549 1027 1572 a
1048 1539 1107 1573 tali

77 1592 248 1626 pancreate
282 1583 482 1620 Duodenum
530 1583 718 1620 intestinum
763 1582 879 1618 habere
925 1580 1061 1624 potuisse
1094 1607 1102 1616 .

79 1626 211 1662 Mutata
235 1627 339 1669 igitur
361 1638 438 1661 cum
459 1626 503 1661 ob
524 1638 594 1660 eam
617 1625 744 1661 causam
763 1648 775 1667 ‚
810 1636 881 1662 tum
921 1627 1025 1670 magis
1061 1626 1107 1660 ob

77 1668 232 1714 jecinoris
256 1671 362 1711 vitia,
386 1670 462 1703 bilis
486 1678 597 1704 natura
614 1695 623 1710 ‚
644 1669 734 1715 quod
757 1670 806 1704 vel
831 1668 928 1712 hujus
973 1669 1067 1705 color
1090 1694 1104 1712 ,

78 1716 112 1747 δι
133 1714 280 1748 concreti
303 1714 338 1747 in
363 1711 498 1749 vesicula
530 1714 647 1749 calculi
679 1712 883 1750 ostenderunt
907 1737 917 1753 ‚
950 1716 983 1748 &
1017 1713 1108 1757 quod

77 1755 315 1800 consequitur,
339 1766 470 1791 mutato
492 1756 620 1800 chylo,
642 1760 676 1791 δε
701 1757 878 1799 sanguine,
912 1760 945 1792 δε
979 1756 1106 1793 secretis

77 1799 119 1834 ab
162 1802 227 1835 hoc
272 1809 345 1835 tum
367 1800 472 1838 alibi,
494 1811 567 1835 tum
589 1801 625 1835 in
657 1802 842 1836 ventriculo
868 1827 877 1842 ,
912 1800 1071 1836 intestinis
1095 1824 1109 1842 ,

77 1853 244 1889 pancreate
267 1842 464 1880 humoribus
478 1866 488 1882 ‚
515 1844 651 1880 minime
672 1843 807 1879 difficile
829 1844 872 1880 est
894 1855 1012 1891 eorum⁴
1039 1856 1111 1889 per-

78 1887 200 1932 spicere
222 1888 386 1931 originem
400 1913 409 1929 ,
430 1899 504 1931 quae
530 1887 660 1923 homini
693 1888 903 1928 acciderunt,
927 1891 1108 1931 praeiertim

80 1940 156 1966 vero
181 1940 282 1966 tantae
307 1931 400 1968 illius
421 1942 493 1975 quae
518 1932 552 1965 in
577 1930 705 1975 rejectis
729 1933 911 1975 apparuit,
953 1932 1108 1967 colorum

78 1976 269 2010 varietatis.
294 1976 348 2010 Ex
371 1974 567 2011 humoribus
589 1975 677 2009 enim
699 1974 742 2008 ab
773 1986 894 2010 naturae
928 1975 1028 2010 modo
1061 1987 1109 2010 re-

81 2017 273 2054 cedentibus
296 2029 363 2052 non
387 2020 508 2053 mirum
531 2017 598 2061 est,
620 2017 643 2052 fi
666 2018 791 2053 colores
817 2029 935 2062 praeter
959 2029 1109 2054 naturam

78 2062 242 2106 existant,
265 2071 302 2097 ut
324 2073 427 2106 neque
450 2074 490 2096 ex
514 2063 625 2102 varia,
646 2063 767 2106 quippe
791 2063 824 2098 in
837 2062 998 2106 ejusmodi
1021 2074 1110 2097 mor-

78 2105 129 2140 bis
147 2128 157 2145 ,
181 2109 214 2142 &
239 2106 439 2147 conatibus,
464 2117 576 2140 eorum
601 2116 674 2140 tum
698 2108 871 2146 omnium,
896 2116 968 2141 turn
1000 2105 1110 2148 fingu-

77 2149 189 2184 lorum
212 2149 411 2190 secretione,
434 2149 592 2189 mistura,
615 2160 730 2189 mora,
752 2149 775 2182 si
801 2149 901 2183 modo
924 2150 960 2183 hi
973 2173 986 2190 ,
1009 2150 1109 2183 modo

77 2194 133 2227 iili
157 2195 262 2237 magis
285 2193 411 2228 colores
436 2193 651 2227 exoriantur.
678 2192 805 2227 Mirum
828 2191 871 2226 est
894 2194 1005 2235 potius
1025 2216 1038 2233 ,
1069 2191 1109 2225 si-

77 2237 213 2281 quando
237 2240 270 2272 in
295 2238 337 2271 iis
360 2238 419 2281 qui
444 2236 572 2272 nullum
594 2245 764 2278 pravarum
799 2234 981 2271 istiusmodi
1011 2235 1109 2269 secre-

77 2282 211 2315 tionum
233 2280 396 2315 indicium
419 2278 557 2320 dedere,
589 2278 735 2313 vomitus
768 2288 896 2322 repente
930 2278 986 2313 fiat
1020 2279 1106 2313 succi

77 2324 214 2368 alicujus
227 2349 235 2363 ‚
256 2335 296 2357 eo
317 2323 433 2358 infec‘ki
456 2323 567 2356 colore
588 2332 686 2364 quem
716 2324 852 2357 minime
887 2323 1072 2365 expectares
1097 2348 1105 2356 .

79 2366 190 2409 Cuius
214 2369 338 2410 generis
361 2366 559 2401 Observatio
581 2365 625 2399 est
657 2376 757 2409 quam
788 2367 832 2400 A.
861 2366 954 2410 1718.
988 2366 1027 2398 ad
1059 2377 1109 2400 me

78 2409 207 2454 scripsit
230 2410 316 2445 idern
339 2421 438 2455 quem
463 2409 555 2452 supra
576 2411 591 2449 (
611 2408 624 2442 l
647 2411 659 2448 )
682 2409 871 2447 nominavi,
892 2409 1107 2445 Dostiffimus

79 2455 145 2490 Vir
168 2452 396 2490 Manfredius.
422 2454 472 2489 Ea
494 2464 571 2486 vero
593 2450 633 2487 ad
657 2451 765 2488 breves
788 2455 908 2488 attinet
931 2455 1075 2488 vomitus
1094 2477 1108 2495 ‚

78 2506 118 2534 ut
142 2499 303 2533 continuo
324 2496 519 2541 perspicies*

130 2544 182 2575 16.
231 2543 255 2577 F
276 2541 309 2575 A
335 2541 364 2575 B
388 2541 419 2574 E
442 2540 475 2574 R
520 2538 672 2575 ferrarius
695 2551 788 2575 mane
810 2539 912 2574 domo
942 2540 1109 2585 egreditur

77 2596 155 2626 cum
178 2584 296 2628 perlevi
332 2582 491 2619 stomachi
526 2582 641 2617 dolore
663 2609 672 2617 .
712 2585 794 2625 Qo
829 2583 935 2626 postea
967 2584 1110 2628 graviss-

78 2640 137 2669 mo
159 2626 273 2671 faeto,
296 2628 398 2664 homo
419 2639 460 2662 ex
481 2637 536 2660 ore
551 2627 663 2669 ejicere
673 2627 844 2663 humorem
856 2628 1015 2671 incipiens
1025 2637 1110 2662 atra·

82 2673 186 2708 menti
218 2671 425 2707 simillimum
445 2694 460 2713 ,
495 2680 568 2705 ante
601 2672 764 2716 vesperam
797 2673 942 2706 moritur
963 2697 972 2705 .

80 2716 230 2753 VEN
254 2716 344 2751 TR
369 2715 441 2749 IC
466 2715 501 2748 U
525 2716 554 2748 L
579 2716 657 2748 US
703 2726 793 2758 aeque
818 2724 951 2756 atrum,
984 2713 1105 2750 inodo-

80 2769 176 2803 rum,
205 2758 457 2803 grumosumque
491 2756 664 2793 humorem
698 2759 888 2793 continebat
923 2759 962 2793 ad
1005 2758 1103 2793 libras

80 2803 159 2841 duas
183 2829 192 2838 .
224 2801 373 2838 Intestini
405 2802 561 2837 Duodeni
596 2803 736 2836 interior
766 2801 863 2837 facies
898 2814 977 2846 pene
1009 2812 1105 2844 tota,

83 2846 259 2883 ventriculi
282 2855 389 2880 autem
412 2854 484 2879 tota
506 2846 622 2880 eodem
643 2847 755 2880 colore
777 2846 901 2881 infeeca
924 2856 1012 2880 erat.
1036 2847 1107 2880 Ex-

83 2892 169 2926 tima
190 2899 321 2933 quoque
345 2886 441 2932 hujus
463 2892 574 2924 tunica
598 2890 631 2923 in
643 2902 677 2924 ea
691 2890 775 2924 facie
797 2902 860 2934 qua
885 2890 1015 2934 respicit
1037 2889 1108 2924 dia-

82 2933 266 2980 phragma,
288 2933 494 2975 nigerrimam
519 2932 657 2968 habebat
681 2934 862 2975 maculam,
883 2933 1010 2978 digitos
1031 2945 1114 2977 qua·

84 2988 165 3014 tuor
185 2975 329 3021 amplam
351 2978 613 3020 quoquoversus:
639 2988 824 3021 mirumque
857 2988 925 3013 erat
948 3000 959 3018 ‚
998 2979 1107 3011 inter-

82 3021 206 3057 medias
229 3022 352 3053 tunicas
375 3029 440 3053 non
462 3020 526 3054 alio
553 3026 684 3065 usquam
706 3021 815 3055 colore
835 3033 935 3066 quam
953 3021 1106 3061 tabacci,

84 3065 207 3103 timStas
226 3062 285 3110 esse
308 3063 356 3097 vel
377 3073 440 3107 qua
465 3063 514 3097 illi
539 3065 685 3099 suberant
709 3066 842 3099 maculae
858 3091 868 3106 ,
893 3075 930 3099 ut
953 3064 1003 3099 ibi
1036 3075 1104 3098 non.

84 3111 187 3153 nigrae
209 3108 287 3152 ipiae
298 3130 313 3148 ‚
334 3107 513 3151 nigerrimos
534 3118 641 3143 tamen
663 3110 815 3153 utrinque
839 3109 950 3144 colore
971 3109 1109 3142 interci-

107 3161 260 3189 erentur.

82 3165 105 3199 p
132 3206 185 3241 170,
207 3194 337 3230 Macula
361 3192 430 3228 haec
453 3194 657 3237 gangraenosa
678 3194 808 3231 fortasse
828 3195 917 3231 fuit.
947 3194 1108 3239 Nigredi-

85 3250 161 3275 nem
186 3248 294 3279 autem
317 3239 477 3272 internam
501 3241 697 3281 ventriculi,
721 3243 758 3274 δεῖ·
778 3241 935 3276 Duodeni
959 3238 1105 3274 intestini

85 3295 127 3319 ne
147 3281 391 3328 gangraenosam
411 3283 639 3328 tantummodo
659 3285 785 3318 credam
796 3309 814 3326 ,v
840 3284 960 3319 humor
991 3283 1070 3318 facit
1093 3307 1111 3325 „

86 3328 148 3372 qui
169 3326 215 3362 fic
236 3327 360 3369 tingere
383 3337 439 3370 per
461 3328 490 3360 le
514 3336 641 3370 poterat
654 3351 666 3368 ‚
691 3329 726 3361 in
750 3330 1110 3371 ventriculorepertus,

87 3374 123 3406 δε
145 3382 185 3406 ex
209 3380 298 3415 parte
321 3371 465 3412 ejecfftus„
487 3373 656 3405 atramenti
694 3370 879 3407 simillimus
899 3397 907 3404 .
943 3373 1052 3409 Quem
1083 3371 1106 3406 fi

88 3414 189 3450 bilem
212 3424 317 3449 atram
337 3411 454 3455 fuisse,
474 3424 589 3456 putes;
613 3414 777 3450 miraberis.
795 3418 894 3460 paulo
915 3418 1022 3450 minus
1044 3415 1111 3450 ho-

88 3460 188 3498 minis
210 3466 349 3492 mortem
375 3482 385 3499 ‚
416 3467 491 3491 cum
525 3459 757 3501 Hippocratici
789 3460 968 3503 aphorismi
1004 3465 1014 3499 (
1038 3463 1109 3499 m)

90 3504 296 3541 memineris,
316 3500 400 3536 hanc
423 3501 476 3536 illi
500 3503 775 3546 praenunciantis,
806 3507 858 3539 cui
885 3504 1036 3548 protinus
1071 3504 1106 3537 in

2036 213 2067 250 2

1164 271 1283 307 recenti
1304 271 1436 313 morbo,
1459 271 1536 308 bilis
1556 280 1627 307 atra
1648 273 1703 308 vel
1723 271 1829 318 infra,
1852 273 1908 309 vel
1922 217 2180 317 supravsetsten-

1164 316 1235 356 dit,
1256 323 1296 349 ut
1317 315 1401 348 Celsi
1425 316 1446 359 (
1461 324 1481 349 n
1503 320 1526 357 )s
1539 314 1677 352 versione
1700 325 1849 352 utamur.
1986 317 2046 351 Sed
2078 318 2181 352 unde·

1165 370 1239 394 nam
1261 367 1350 392 tanta
1373 358 1430 392 ista
1453 357 1613 402 nigredo?
1635 362 1687 395 An
1710 359 1751 393 ab
1774 357 1870 396 effusa
1892 361 1926 395 in
1949 360 2031 395 illud
2055 361 2181 395 intesti-

1163 413 1241 438 num
1263 401 1328 435 bile
1351 413 1423 444 quae
1447 414 1501 444 per
1524 402 1553 437 se
1575 401 1648 438 esset
1670 404 1845 446 nigerrima
1867 402 1883 437 ,ἒ
1927 402 2048 438 Videre
2093 406 2180 439 enim

1164 455 1264 491 potes,
1280 447 1314 479 in
1336 445 1390 478 c1.
1416 447 1574 480 Virorum
1598 445 1709 481 ssudaei
1730 450 1797 488 (o)
1811 471 1823 487 ,
1846 450 1878 481 &
1903 447 2057 482 Schoberi
2080 450 2096 490 (
2115 457 2139 490 p
2158 449 2175 489 )

1163 488 1453 524 observationibus
1476 490 1562 524 fellis
1585 489 1755 525 vesiculam
1778 502 1950 533 magnam,
1982 490 2092 525 eadem
2123 491 2181 524 illa

1160 534 1293 567 materia
1318 533 1497 609 nigricante
1520 533 1684 578 turgidam
1706 545 1804 577 quam
1826 535 1905 576 aegri
1926 536 2052 570 vomitu
2074 534 2184 578 ej'cie-

1158 577 1256 611 bant.
1281 577 1336 611 An
1381 577 1435 610 ilis
1457 588 1534 610 cum
1558 586 1650 612 antea
1682 578 1759 613 esset
1792 572 1940 619 subnigra
1961 602 1975 619 ,
2006 580 2045 612 ab
2080 589 2096 611 a
2121 578 2183 612 mi-

1158 620 1213 655 stis
1235 622 1269 655 in
1292 631 1331 653 eo
1352 619 1505 654 intestino
1526 622 1623 655 certis
1644 619 1837 664 quibusdam
1860 621 1933 655 aliis
1966 621 2181 660 humoribus,

1158 674 1253 698 tanto
1275 664 1399 707 nigrior
1421 662 1507 698 faeta
1529 664 1594 699 est?
1617 665 1671 698 An
1693 666 1759 699 atri
1783 663 1909 708 aliquid
1930 667 2028 698 etiam
2062 677 2078 698 a
2112 665 2182 699 san-

1159 709 1256 751 guine
1279 706 1422 745 accessit,
1446 718 1486 741 ex
1511 706 1608 742 erosis
1630 709 1665 741 in
1686 708 1869 752 graviffimo
1892 707 1960 752 illo
1984 708 2099 743 dolore
2126 719 2182 742 va-

1159 752 1253 786 sculis
1275 751 1449 787 effluente?
1471 751 1558 785 Cave
1580 753 1668 786 enim
1690 751 1818 790 credas,
1850 763 1923 788 eum
1956 763 2087 786 omnem
2117 750 2183 786 hu-

1159 806 1284 828 morem
1308 794 1495 837 sanguinem
1518 794 1612 830 fuisse
1626 821 1636 831 .
1658 796 1751 829 Nam
1774 807 1876 840 neque
1897 794 2183 830 cadereistiusmo-

1159 837 1193 872 di
1217 837 1433 872 hallucinatio
1456 838 1561 882 potest
1582 840 1617 873 in
1642 838 1792 873 solertem
1827 838 1907 872 adeo
1927 864 1937 879 ,
1973 851 2009 873 ac
2042 840 2183 882 per-itum

1160 881 1433 917 Observatorem:
1456 893 1557 927 neque
1588 894 1623 916 ea
1646 881 1778 918 demum
1801 881 1908 918 fuisset
1929 881 2018 918 effu'fi
2053 882 2184 926 sangui-

1159 926 1209 961 nis
1231 926 1327 968 copia
1345 949 1358 966 ,
1379 938 1451 970 quae
1475 935 1540 960 tam
1562 928 1633 959 cito
1656 926 1758 970 posset
1781 925 1940 971 ejusmodi
1964 929 2071 961 virum
2094 927 2179 960 inte-

1158 970 1297 1002 rimere.
1324 970 1402 1003 Sane
1413 971 1510 1004 etiam
1522 968 1742 1004 Hoffmannus
1765 972 1813 1013 (q)
1835 969 1985 1013 juvenemv
2003 970 2184 1005 describens

1157 1024 1174 1046 a
1186 1013 1288 1056 nigris
1298 1013 1490 1053 vomitibus,
1505 1016 1537 1047 &
1548 1012 1785 1055 dejthionibus
1799 1023 1964 1048 mortuum
1975 1013 2049 1056 ‚etfi
2063 1016 2097 1048 in
2108 1023 2185 1047 ven-

1158 1056 1282 1091 triculo
1294 1054 1438 1099 disrupta
1461 1066 1674 1100 apparuerunt
1698 1056 1876 1100 sanguifera
1888 1058 1956 1091 vasa
1972 1080 1981 1095 ,
2003 1069 2066 1092 non
2080 1066 2188 1091 tamen

1162 1112 1180 1134 a
1204 1099 1366 1144 sanguinis
1391 1099 1564 1138 effufione,
1589 1101 1710 1144 quippe
1733 1112 1806 1143 quae
1828 1100 1877 1134 vel
1902 1100 2006 1144 major
2028 1111 2095 1135 tam
2118 1103 2188 1135 cito

1165 1155 1230 1178 non
1254 1143 1409 1185 occidat,
1435 1143 1486 1177 sed
1509 1155 1525 1176 a
1540 1144 1702 1185 sanguinis
1725 1142 1918 1184 putredine,
1943 1145 2112 1179 cerebrum
2135 1145 2187 1179 in-

1163 1187 1319 1228 ficiente,
1345 1196 1488 1221 mortem
1510 1185 1648 1221 deduxit
1673 1197 1682 1220 :
1715 1186 1818 1221 secuta
1850 1196 1957 1221 autern
2004 1188 2074 1222 haec
2119 1192 2186 1222 erat

1161 1242 1227 1266 non
1251 1255 1262 1271 ,
1301 1239 1338 1267 ut
1372 1232 1406 1265 in
1437 1229 1569 1271 nostro,
1591 1231 1677 1264 intra
1700 1241 1840 1273 paucas,
1863 1231 1915 1266 sed
1946 1231 2034 1265 intra
2066 1231 2187 1275 viginti

1159 1284 1303 1319 quatuor
1325 1275 1421 1309 horas
1433 1298 1447 1316 ,
1470 1285 1571 1317 neque
1595 1273 1755 1315 inodora,
1780 1273 1832 1308 sed
1854 1274 2053 1310 intolerabili
2086 1275 2188 1309 foeto-

1159 1331 1191 1354 re
1213 1329 1284 1353 tum
1306 1317 1430 1363 ejeeca,
1453 1327 1526 1353 tum
1550 1319 1584 1351 in
1607 1317 1789 1352 ventriculo
1812 1327 1934 1362 reperta
1958 1320 2092 1353 materia
2115 1318 2188 1353 fue-

1158 1373 1226 1398 rat.
1252 1363 1325 1398 Nec
1352 1363 1506 1396 Matrona
1534 1360 1668 1400 Budaei,
1703 1372 1760 1395 nec
1796 1362 1963 1396 Mercator
1998 1361 2154 1397 Schoberi
2174 1385 2185 1401 ,

1159 1407 1307 1451 quamvis
1329 1405 1437 1440 multo
1459 1406 1559 1440 citius
1583 1404 1660 1447 hic,
1682 1416 1781 1448 quam
1804 1405 1884 1448 illa,
1905 1406 2060 1447 interiit,
2090 1406 2190 1447 celeri¹

1160 1451 1239 1486 adeo
1264 1461 1298 1483 ac
1322 1451 1350 1484 is
1372 1449 1412 1483 de
1433 1461 1500 1493 quo
1523 1449 1667 1492 loquor,
1690 1448 1813 1490 Faber,
1836 1448 1931 1485 letho
1953 1449 2077 1492 abrepti
2090 1449 2187 1489 sunt,

1160 1499 1192 1529 &
1217 1504 1323 1527 tamen
1346 1503 1499 1536 corrupta
1515 1519 1524 1533 ,
1548 1495 1580 1526 δι
1605 1491 1723 1526 foetida
1748 1491 1929 1535 ejecerant,
1959 1504 2058 1536 eaque
2089 1493 2191 1535 copia·

1159 1548 1195 1574 ut
1220 1538 1382 1580 sanguinis
1406 1548 1519 1580 parum
1543 1537 1576 1569 in
1601 1534 1679 1570 vafis
1700 1534 1848 1569 restaret.
1873 1535 1934 1571 Sed
1955 1536 2083 1581 qualis,
2106 1535 2187 1570 dum

1158 1584 1327 1623 viverent,
1350 1581 1406 1616 hic
1431 1579 1540 1614 fuisset
1555 1602 1568 1620 ,
1589 1587 1660 1613 tum
1683 1577 1873 1622 praegressa,
1897 1589 1968 1615 tum
1992 1581 2127 1614 interna:
2150 1580 2187 1613 in

1157 1626 1296 1661 mortuis
1321 1635 1499 1668 gangraenae
1514 1647 1525 1663 ,
1549 1622 1673 1666 aliaque
1696 1622 1921 1658 ostenderunt.
1948 1626 2000 1659 De
2023 1621 2185 1667 ejusmodi

1158 1681 1268 1705 autem
1294 1669 1462 1712 sangume,
1486 1667 1660 1701 humorem
1684 1667 1817 1710 nigrum
1829 1678 1925 1711 quem
1937 1668 2071 1702 Veteres
2082 1676 2187 1702 atram

1157 1714 1257 1749 bilem
1279 1713 1460 1752 vocabant,
1484 1720 1538 1745 aut
1562 1722 1627 1754 prae
1641 1712 1766 1745 caeteris
1778 1721 1941 1754 augente,
1963 1709 2186 1754 autinipsum

1160 1757 1368 1802 degenerante
1391 1757 1495 1797 legere
1520 1755 1640 1796 poteris
1664 1766 1734 1797 quae
1744 1754 2187 1790 DoeciffimiArehiatriduo

1162 1801 1334 1844 scripsere,
1357 1810 1471 1841 nempe
1496 1798 1645 1831 laudatus
1669 1797 1847 1832 Schoberus
1869 1802 1884 1841 (
1907 1811 1923 1833 r
1944 1802 1982 1841 )‚
2007 1802 2040 1833 &
2076 1798 2187 1833 multo

1161 1844 1286 1886 fufius,
1310 1854 1345 1877 ac
1369 1843 1567 1876 luculentius
1591 1840 1729 1876 illustris
1762 1843 1954 1877 Swietenius
1989 1841 2072 1887 (s)
2092 1866 2101 1876 .
2137 1843 2186 1877 Et

1160 1890 1291 1923 nornine
1315 1897 1406 1921 tenus
1429 1885 1467 1918 ab
1489 1886 1530 1918 iis
1552 1883 1679 1920 differre
1700 1884 1807 1919 credes
1828 1885 2087 1925 Hoffmannum,
2108 1896 2186 1920 cum

1160 1932 1284 1978 juvenis
1308 1932 1345 1964 de
1368 1940 1434 1973 quo
1457 1928 1584 1963 diuum
1603 1928 1675 1970 est,
1698 1932 1730 1963 &
1755 1940 1834 1963 mox
1854 1928 2000 1964 foeminae
2022 1930 2075 1973 (t
2095 1933 2111 1971 )
2130 1940 2187 1963 ca-

1165 1977 1260 2016 sum,
1282 1973 1566 2016 diffedtionemque
1602 1982 1724 2006 attente
1753 1973 1869 2016 legeris
1891 1998 1900 2007 .
1932 1974 2059 2016 Nigras
2097 1974 2185 2008 enim

1166 2018 1334 2063 utriusque
1357 2017 1577 2057 vomitiones,
1601 2019 1633 2050 δε
1658 2015 1853 2060 dejeetiones
1875 2028 1915 2051 ex
1936 2017 2089 2060 sanguine
2110 2019 2184 2061 qui-

1166 2066 1261 2101 dem,
1288 2061 1339 2097 sed
1363 2059 1499 2104 putrido
1518 2083 1531 2100 ‚
1565 2059 1750 2104 foetidoque
1781 2059 1914 2095 deducit
1932 2084 1946 2103 ,
1978 2060 2185 2104 explicatque

1162 2106 1286 2149 juvenis
1309 2106 1464 2139 citiorem
1487 2112 1626 2139 mortem
1649 2105 1754 2139 eodem
1786 2106 1875 2139 modo
1911 2117 1948 2140 ac
1981 2116 2093 2140 eorum
2126 2105 2184 2148 qui

1156 2149 1306 2193 sphacelo
1325 2156 1470 2195 partium
1493 2155 1622 2183 tantum
1645 2155 1849 2182 externarum
1871 2146 2075 2193 afficiuntur5
2097 2147 2186 2182 infe-'

1161 2194 1224 2227 &cis
1247 2193 1336 2225 enim
1358 2191 1397 2224 ab
1418 2190 1577 2234 ejusmodi
1601 2190 1753 2233 sanguine
1775 2192 1896 2226 cerebri
1911 2215 1925 2233 ,
1947 2202 2183 2236 nervorumque

1162 2236 1356 2284 spiritibus,
1377 2235 1482 2269 viram
1504 2245 1576 2268 cum
1597 2235 1724 2268 viribus
1740 2233 1849 2277 subito
1866 2236 2024 2278 perdunt.
2058 2236 2107 2270 At
2139 2234 2182 2270 fi.-

1160 2281 1235 2323 quis
1259 2280 1339 2313 alius
1354 2304 1363 2317 ,
1386 2278 1414 2311 is
1434 2286 1521 2312 certe
1545 2277 1713 2321 peffimus,
1735 2280 1769 2312 &
1792 2279 2013 2321 perniciosus,
2034 2289 2181 2323 quocun-

1159 2335 1224 2368 que
1246 2323 1442 2366 appellemus
1463 2323 1620 2359 nomine,
1642 2322 1678 2355 in
1701 2322 1808 2355 Fabro
1831 2321 1974 2365 humor,
1997 2331 2053 2357 aut
2075 2334 2110 2357 ea
2122 2334 2181 2367 po.

1159 2369 1227 2402 tius
1252 2367 1428 2401 humorum
1450 2365 1581 2400 mistura
1605 2363 1673 2399 fuit
1688 2388 1703 2407 ‚
1725 2367 1759 2399 &
1780 2376 1856 2401 cum
1879 2378 2001 2401 veneno
2030 2368 2181 2410 ingenito

1158 2409 1373 2452 comparanda
1388 2435 1395 2441 .
1420 2409 1537 2452 Neque
1560 2410 1648 2443 enim
1671 2409 1782 2452 quivis
1803 2411 1898 2453 niger
1921 2410 2034 2446 succus
2067 2419 2179 2446 tantos

1158 2454 1278 2488 inferre
1299 2450 1465 2487 stomacho
1488 2454 1651 2486 cruciatus
1676 2452 1800 2494 potest,
1825 2464 1928 2498 neque
1962 2464 2030 2489 tam
2062 2455 2180 2499 praeci.

1159 2500 1224 2543 piti
1247 2496 1339 2531 letho
1362 2495 1529 2537 abripere.-
1552 2495 1641 2538 quod
1662 2506 1701 2528 ex
1723 2494 1885 2538 superiore
1907 2509 2036 2542 quoque
2057 2509 2181 2543 cogno·

1159 2542 1224 2577 sces
1247 2539 1449 2584 Sepulchreti
1475 2539 1624 2573 Sec‘tione
1648 2539 1729 2572 VII.
1753 2550 1828 2574 cum
1851 2541 1921 2584 post
1943 2542 2091 2577 dolorem
2102 2553 2179 2578 ven·

1161 2586 1298 2623 tricoli,
1321 2583 1408 2618 hunc
1431 2584 1602 2616 inventum
1624 2582 1710 2630 leges
1732 2583 1823 2625 nigro
1847 2584 1943 2628 succo
1973 2596 2014 2621 ex
2046 2586 2177 2622 dimidio

1156 2631 1286 2674 plenum
1330 2631 1345 2668 (
1365 2636 1387 2662 u
1408 2631 1423 2668 )
1468 2636 1523 2660 aut
1545 2629 1580 2659 in
1604 2637 1672 2672 ejus
1708 2624 1812 2660 fundo
1834 2636 2011 2664 atramento
2036 2629 2176 2673 fimilem

1160 2673 1328 2708 materiam
1344 2694 1357 2711 ‚
1378 2673 1392 2710 (
1413 2680 1437 2706 x
1456 2673 1471 2711 )
1495 2670 1594 2703 aliave
1615 2668 1849 2712 ejusdemmodi
1864 2698 1872 2706 .

1202 2717 1251 2749 18.
1277 2714 1403 2759 Iniecta
1426 2713 1590 2756 sanguinei
1613 2714 1780 2757 vomitus,
1802 2716 1835 2748 δι’
1858 2716 1968 2749 veneni
1990 2718 2175 2761 mentione,

1155 2759 1285 2795 fortasse
1308 2771 1348 2793 ex
1371 2768 1422 2792 me
1445 2768 1589 2801 quaeres,
1611 2768 1669 2791 cur
1690 2758 1836 2800 exempla
1878 2758 2039 2801 proferam
2086 2762 2174 2797 nulla

1157 2806 1301 2839 vomitus
1325 2802 1393 2837 veri
1419 2801 1606 2844 sanguinis,
1629 2810 1731 2843 neque
1754 2800 1822 2834 ulla
1842 2800 1910 2844 ejus
1931 2804 1991 2846 qui
2023 2804 2174 2848 pleraque

1158 2847 1266 2884 hausta
1280 2870 1291 2887 ‚
1315 2855 1371 2880 aut
1392 2844 1545 2880 devorata
1568 2853 1684 2877 venena
1707 2843 1915 2888 consequitur
1935 2857 1950 2885 5
1984 2858 2060 2882 cum
2091 2859 2174 2892 prae-

1159 2892 1269 2927 sertim
1292 2891 1326 2924 in
1349 2890 1452 2925 VIII.
1479 2887 1538 2922 hac
1562 2886 1763 2929 Sepulchreti
1786 2889 1936 2923 Seffione
1959 2899 2013 2924 tot
2034 2899 2174 2937 utroque

1161 2949 1201 2971 ex
1223 2945 1333 2978 genere
1357 2929 1606 2976 producantur?
1629 2930 1689 2965 Sed
1713 2942 1908 2967 venenorum
1941 2932 2072 2969 effestus
2103 2947 2174 2979 quo

1152 2977 1300 3016 differam
1324 2978 1360 3010 in
1381 2976 1533 3009 extremis
1555 2973 1655 3008 ferme
1680 2975 1897 3018 superioribus
1919 2979 2057 3013 Litteris
2079 2981 2094 3019 (
2107 2989 2134 3022 y
2156 2984 2173 3021 )

1153 3023 1341 3059 indicatum
1363 3019 1424 3054 est.
1450 3019 1613 3053 Vomitus·
1633 3028 1739 3054 autem
1762 3019 1928 3063 sanguinei
1959 3022 2174 3057 Observatio-

1154 3079 1208 3104 nes
1232 3075 1347 3112 praeter
1368 3063 1459 3097 illam
1481 3074 1552 3106 quae
1575 3060 1688 3096 iisdem
1710 3064 1846 3097 Litteris
1870 3068 1882 3104 (
1906 3077 1931 3109 z
1951 3068 1970 3105 )»
1986 3065 2030 3101 est
2050 3077 2175 3111 propo-

1155 3112 1214 3147 fita
1224 3135 1237 3153 ‚
1258 3107 1373 3143 restant
1395 3106 1527 3150 quidem
1550 3106 1641 3148 aliae,
1665 3105 1718 3141 sed
1739 3107 1998 3143 commodiorem
2031 3110 2105 3144 aliis
2135 3112 2172 3145 in

1157 3154 1314 3199 Epistolis
1337 3153 1446 3185 locum
1469 3150 1648 3185 habiturae.
1674 3150 1726 3185 Ibi
1750 3149 1879 3186 fortasse
1901 3151 1986 3196 quid
2005 3152 2046 3187 de
2068 3153 2172 3196 pluri-

1156 3199 1217 3234 bus
1241 3195 1444 3231 sentiendum
1462 3193 1527 3236 fit,
1549 3205 1619 3227 non·
1647 3194 1811 3230 silebimus
1848 3207 1920 3239 quae
1953 3198 1988 3230 in
2020 3197 2171 3232 Sestione

1158 3242 1218 3277 hac
1241 3241 1428 3284 sanguinem
1448 3239 1575 3273 vomitu
1597 3236 1752 3282 rejectum
1784 3238 1825 3272 ab
1854 3240 1938 3272 liene
1972 3239 2138 3275 deducunt
2158 3266 2171 3276 .

1159 3287 1250 3320 Nam
1273 3295 1343 3327 quae
1367 3295 1383 3316 a
1407 3281 1617 3325 pulmonibus
1641 3291 1791 3326 repetunt
1811 3286 1827 3322 (
1848 3293 1867 3315 a
1891 3285 1927 3324 ),
1957 3282 2025 3317 illae
2056 3283 2170 3319 saltem

1157 3341 1232 3364 cum
1255 3340 1291 3362 ea
1313 3325 1505 3362 confeffione
1527 3334 1774 3369 proponuntur,
1804 3325 1888 3360 unde
1930 3326 2135 3371 intelligatur
2155 3352 2171 3370 ‚

1157 3375 1192 3407 in
1216 3373 1297 3407 hanc
1321 3370 1506 3404 Seffionem.
1525 3380 1591 3404 non
1612 3368 1813 3404 convenisse:
1846 3380 1918 3412 quae
1949 3379 2060 3404 tamen
2090 3383 2172 3405 con-

1157 3417 1247 3460 fessio
1267 3416 1313 3449 ibi
1334 3412 1528 3448 desideratur
1549 3414 1606 3448 ubi
1630 3414 1718 3456 puris
1740 3413 1887 3447 vomitus
1906 3425 1946 3447 ex
1968 3415 2093 3457 ingenti
2114 3414 2169 3450 de-

1156 3462 1278 3494 rivatus
1301 3457 1344 3492 est
1366 3457 1530 3501 pulmonis
1554 3459 1679 3492 vomica
1702 3461 1714 3496 (
1737 3455 1758 3491 b
1779 3460 1816 3498 ).
1839 3455 1899 3490 Est
1927 3466 2042 3493 contra
2068 3481 2083 3499 ‚
2112 3459 2171 3494 ubi

1156 3506 1216 3548 qui
1238 3504 1385 3538 vomitus.
1403 3511 1498 3536 verus.
1517 3499 1602 3541 fuit,
1629 3509 1667 3536 ut
1688 3499 1809 3536 similes
1827 3501 1913 3535 circa
1933 3499 2025 3536 idem
2045 3510 2174 3581 &empus

2070 3558 2132 3591 eje-

1142 3811 1148 3818 .
1164 3791 1206 3817 “it-
1222 3790 1284 3817 ebs.
1301 3799 1325 3820 3·

148 3726 216 3760 sl)
230 3737 255 3754 n.
271 3737 294 3759 9·
355 3730 370 3760 (
383 3736 409 3754 m
425 3728 435 3762 )
450 3735 488 3755 ιι.
504 3731 530 3756 s.
546 3738 576 3765 4.,
630 3729 677 3758 (ω
692 3728 707 3758 )
722 3730 760 3756 De
775 3728 874 3756 Medic.
891 3731 909 3756 1.
925 3739 950 3757 2.
964 3737 986 3756 c.
1002 3735 1028 3757 ε.

151 3759 168 3788 (
179 3767 198 3789 p
217 3762 225 3789 )
241 3760 347 3787 Earund.
362 3763 436 3787 cent.
453 3767 475 3790 3·
491 3762 514 3786 k
529 3769 553 3789 ⁴·
569 3768 594 3784 m
610 3761 721 3791 append.
738 3769 765 3786 n.
783 3768 823 3786 ιι.
842 3768 866 3786 e.
885 3769 908 3788 ι.
970 3764 984 3793 (
999 3772 1015 3794 q
1030 3762 1046 3793 )
1061 3761 1155 3787 Medic.
1175 3762 1234 3785 Rat.
1251 3761 1284 3786 Τ.
1300 3767 1323 3788 ⁴·
1341 3760 1370 3783 Ρ.
1388 3764 1412 3783 2.
1429 3761 1478 3787 S.1.
1495 3768 1542 3791 ας.
1559 3762 1646 3788 Obsa.

154 3790 222 3821 (Ι)
237 3794 337 3818 Comm.
353 3793 379 3818 in
396 3791 482 3818 Boerh.
501 3793 594 3821 Aptior.
610 3792 635 3822 §.
651 3800 722 3821 1091-
737 3792 761 3817 ἃ
777 3792 825 3822 seq.
840 3793 938 3825 passim.
1000 3796 1015 3824 (
1031 3800 1042 3818 ι
1057 3794 1072 3823 )
1087 3801 1111 3819 e.
1126 3801 1140 3824 3

152 3821 321 3854 s<)n.n.
382 3822 747 3855 (a)0bs.75.§.1.&a·
810 3823 1020 3857 (b)0bs.⁶5.

1088 3732 1104 3761 (
1119 3739 1133 3755 o
1146 3730 1161 3759 )
1177 3727 1241 3758 Eph.
1258 3730 1293 3753 N.
1312 3728 1341 3752 c.
1360 3728 1434 3754 cent.
1453 3737 1473 3755 ι.
1490 3729 1514 3753 8:
1531 3739 1555 3755 ι.
1573 3730 1636 3756 Obs.
1653 3736 1707 3760 105.

1707 3761 1721 3791 (
1736 3768 1749 3785 r
1764 3761 1779 3790 )
1794 3760 1906 3791 append.
1924 3761 1970 3788 cit.
1987 3770 2037 3789 ει.
2055 3762 2103 3795 §.5.
2116 3762 2180 3790 &eq

1387 3791 1594 3824 (u)0bs.25.
1657 3791 1938 3824 (520bs.26.§.1.
1998 3797 2170 3827 (y)n.u·
