2498 4075
566 206 715 275 Epist.
753 203 916 260 Anat.
952 204 1166 261 Medica
1200 203 1317 258 LX.
1352 204 1469 258 Art.
1504 215 1548 270 7·'
1581 203 1635 257 &
1670 198 1716 259 8.

117 282 304 327 offroginta,
328 297 399 330 quae
423 286 510 319 olim
532 295 631 329 nupta
662 285 789 329 vigesies
822 294 1004 329 pepererat,
1040 297 1115 327 apo-

117 325 257 366 pleeuco
281 330 400 363 insultu
423 338 568 371 correpta
592 329 730 371 primum
753 328 857 363 fuerat
879 328 1115 377 aestate‘proxi-

116 380 176 415 ma,
191 371 290 404 altero
314 383 418 407 autem
441 372 549 405 diebus
572 373 680 405 decem
706 373 890 416 priusquam
915 373 1015 406 tertio
1036 383 1113 405 con-

116 412 280 448 ficeretur.
308 419 430 449 Omnes
454 416 490 448 ad
514 416 647 449 eundern
671 416 805 449 modum
828 418 1034 458 inceperant,
1057 426 1114 448 vo-

116 458 200 490 mitu
223 460 431 501 praecedente.
457 458 515 492 Sed
538 457 603 492 duo
625 459 676 491 illi
700 461 821 501 priores
845 460 932 492 brevi
956 482 967 499 ,
991 461 1023 491 ὃ(
1046 458 1109 491 sine

114 501 260 534 remediis
284 525 294 539 ‚
326 503 473 545 nullaque
507 503 616 535 relicta
652 501 783 544 paralysi
822 502 917 536 soluti
950 500 1075 535 fuerant
1097 525 1109 537 .

115 544 183 577 Hic
205 554 309 578 autern
333 546 513 579 novissimus
547 547 632 578 intra
663 545 755 578 horas
779 545 934 579 sexdecim
976 545 1109 587 peremit

114 588 239 620 illatam
262 590 295 621 in
319 588 556 622 Nosocomium
579 587 640 621 sine
662 589 733 622 ullo
756 589 862 628 sensu,
885 592 917 622 &
941 598 1052 629 motu,
1075 586 1110 620 'fi

116 632 358 672 respirationem
373 656 386 672 ,
409 631 575 675 pulsusque
598 633 737 673 excipias
763 645 772 664 :
815 643 953 675 quorum
976 630 1010 664 hi
1044 631 1112 663 abs-

116 685 177 716 que
200 675 266 707 ullo
286 676 370 708 vitio
393 684 478 708 erant
493 696 501 711 ,
525 678 557 708 ὃ(
581 675 797 716 prementibus
828 675 949 717 digitis··
978 674 1112 707 resisten-

114 726 181 755 tes}
205 718 261 750 illa
284 728 387 752 autem
413 717 474 750 sine
496 717 629 750 stertore
653 719 759 760 peetus
783 718 899 751 alterne
923 718 1112 754 attollebat,

115 762 147 792 δε
170 770 310 794 ventrem
337 786 343 792 .
382 761 538 794 Kalendis
571 762 751 795 Februariis
775 763 818 793 A.
846 772 938 804 1754.
973 773 1044 794 curn
1077 762 1111 793 in

114 803 293 845 Gymnafio
315 804 377 846 jam
402 805 519 837 ventris
543 804 660 837 viscera
683 804 917 847 propemodum
940 806 1048 838 omnia
1073 815 1111 836 ex

115 847 180 879 alio
204 847 351 881 cadavere
373 847 646 886 demonstrassem3
672 848 734 880 hoc
756 848 903 890 deinceps
925 850 974 882 uti
999 847 1040 881 ad
1063 858 1110 879 re-

114 889 235 932 liquam
258 893 437 923 Anatomen
461 889 679 924 absolvendam
701 892 805 933 incepi
830 914 837 922 .
1059 890 1114 923 IN

114 933 317 968 VENTRE
347 932 415 967 haec
450 943 565 975 praeter
587 944 729 967 naturam
754 934 985 968 animadverti.
1011 933 1115 967 Vaso-

113 986 184 1009 rum
207 978 403 1020 Magnorum
430 979 534 1010 trunci
560 978 652 1010 ambo
675 978 803 1011 latiores
826 978 884 1011 visi
905 977 976 1012 sunt
995 1000 1003 1015 ,
1029 988 1109 1019 prae-

113 1018 221 1052 sertim
245 1030 280 1053 nt
303 1022 335 1053 in
360 1021 509 1053 muliere.
546 1020 644 1063 Qd
666 1020 688 1054 fi
711 1021 749 1055 ad
771 1030 823 1054 tot
845 1023 926 1055 uteri
957 1021 1108 1065 gestatio-

115 1072 168 1096 nes
191 1063 333 1103 referas,
356 1074 420 1097 non
444 1063 554 1097 eodem
578 1063 694 1097 referes
723 1074 805 1098 certe
836 1065 946 1098 offium
977 1064 1109 1099 inchoa-

112 1116 252 1146 menta,
285 1110 353 1140 irno
387 1105 481 1140 osseas
513 1107 654 1150 squamas
689 1109 804 1152 quibus
847 1108 952 1150 passim
994 1108 1110 1140 arteria

114 1154 241 1191 Aoi-ta,
265 1161 408 1194 nataeque
430 1162 468 1183 ex
492 1149 552 1183 hac
575 1152 679 1184 Isiacae
694 1174 702 1187 ‚
738 1155 769 1185 &
793 1151 861 1184 bini
885 1153 917 1183 in
948 1162 1029 1195 quos
1061 1151 1109 1184 hae

113 1192 243 1235 singula:
269 1194 475 1230 dividuntur,
500 1197 578 1226 rami
601 1196 753 1227 interiore
776 1194 855 1227 facie
879 1194 1117 1235 distingueban-

113 1246 188 1271 tur.
215 1237 298 1274 Quae
320 1236 342 1270 si
368 1237 405 1270 ab
428 1245 522 1270 aetate
545 1237 656 1277 fuisse,
682 1238 879 1275 dixerimu55
903 1239 1007 1271 aetatis
1030 1238 1117 1271 dice-

113 1291 184 1313 mus
209 1279 299 1313 fuisse
322 1281 470 1315 morbum
489 1305 496 1312 .
532 1282 580 1313 At
604 1293 704 1324 neque
735 1281 773 1314 ab
785 1290 888 1314 -aetate
910 1303 918 1318 ‚
956 1293 1055 1324 neque
1076 1281 1116 1314 ab

114 1325 198 1357 uteri
222 1324 450 1366 gestationibus
476 1323 621 1366 profeeto
645 1325 709 1358 fuit
738 1326 856 1358 vitium
891 1326 957 1358 reni
990 1324 1114 1357 sinistro

113 1370 281 1409 innatum,
306 1368 396 1411 quod
418 1369 478 1400 tibi
513 1368 588 1401 alias
620 1369 688 1410 (d)
722 1380 771 1402 me
806 1368 990 1410 pollicitum
1024 1367 1080 1401 esse
1101 1391 1113 1408 ‚

114 1412 247 1443 memini
268 1434 277 1450 ‚
313 1414 345 1444 in
379 1409 554 1453 cujusdam-⁴
576 1412 727 1452 Vetulae‚
749 1410 842 1454 hujus
864 1411 1035 1450 videlicet,
1060 1411 1110 1444 hi-

113 1455 207 1487 storia
230 1453 446 1497 expositurum
470 1480 477 1486 .
512 1455 580 1488 Ren
606 1455 661 1487 ille
682 1466 698 1486 a
723 1456 830 1497 primo
852 1455 952 1489 videri
988 1464 1113 1498 poterat

114 1507 229 1541 praeter
258 1508 391 1531 omnem
417 1497 550 1531 modum
583 1498 714 1540 longus.
752 1498 811 1531 Sed
841 1499 936 1540 paulo
961 1500 1112 1533 attentius

114 1540 227 1575 defixis
251 1542 376 1582 oculis,
402 1541 589 1584 transpicere
611 1551 724 1585 aquarn
746 1542 881 1580 licebat,
914 1554 983 1585 quae
1008 1543 1112 1576 inclu-

113 1584 144 1618 sa
179 1584 244 1627 ejus
278 1585 409 1627 augebat
441 1584 707 1627 longitudinem.
745 1586 928 1619 Oculorum
950 1585 1112 1628 judicium

113 1629 242 1669 rastas,
264 1631 296 1661 δι
320 1629 425 1669 multo
448 1630 548 1670 magis
573 1627 638 1669 ipsa
662 1625 806 1661 disseftio
843 1640 918 1662 mox
940 1629 1112 1663 confirma-

112 1681 187 1704 runt
211 1696 218 1702 .
257 1672 425 1705 Nimirum
456 1670 497 1704 fic
521 1670 631 1704 edueta
656 1671 698 1705 est
732 1683 811 1714 aqua
837 1671 973 1705 subflava
997 1696 1007 1712 ,
1040 1685 1111 1716 quae

112 1714 182 1747 vase
204 1724 335 1757 excepta
359 1737 371 1754 ,
394 1714 542 1747 omnibus
565 1716 621 1757 qui
645 1715 772 1748 aderant
795 1738 805 1754 ‚
840 1715 902 1747 visa
927 1715 968 1749 est
991 1716 1113 1759 pondus

109 1765 231 1800 aeq'uare
255 1769 417 1792 unciarum
440 1767 598 1801 quatuor·
619 1759 704 1792 Haec
729 1758 783 1792 sub
806 1760 935 1801 propria
959 1761 1039 1793 renis
1063 1770 1115 1794 tu-

111 1803 183 1834 nica
205 1813 267 1844 qua
290 1800 431 1843 superius
466 1801 531 1843 ejus
555 1801 679 1835 visceris
714 1811 891 1836 extremum
927 1804 1080 1837 convestit
1103 1829 1115 1845 ,

113 1846 195 1877 hanc
220 1844 258 1877 ad
283 1856 354 1878 enm
378 1843 508 1877 modum
532 1844 653 1878 sursum
683 1846 790 1879 'versus
824 1846 1011 1887 expanderat
1035 1871 1047 1888 ‚
1079 1858 1114 1881 ut

110 1888 259 1931 produffti
284 1889 365 1920 renis
388 1886 527 1931 speciem¹
547 1887 725 1930 effingeret.
760 1888 899 1923 Crassior
931 1889 1014 1924 fassa
1047 1902 1115 1924 erat

112 1931 246 1970 expansa
278 1932 385 1965 tunica
405 1955 417 1972 ‚
447 1930 595 1974 intusque
628 1941 768 1965 extantes
805 1933 932 1974 plicas,
965 1937 996 1967 δέ
1029 1933 1116 1978 quasi

112 1973 239 2008 institas
264 1974 389 2014 firmas,
414 1974 465 2008 sed
489 1975 685 2008 abnormiter
717 1976 858 2017 positas,
895 1977 1076 2011 ostendebat
1100 2003 1107 2010 .

111 2019 217 2051 Testis
248 2028 377 2062 uterque
412 2017 579 2059 spbaerulas
603 2018 715 2052 habuit
736 2019 821 2062 quasi
854 2021 987 2062 geminae
1020 2022 1110 2055 lineae

110 2061 319 2095 Bononiensis
343 2061 520 2104 diametro,
541 2063 764 2103 intus-cavas,
797 2063 846 2097 sed
881 2064 1008 2105 prorsus
1039 2063 1118 2098 ina-=

109 2116 184 2143 nes,
209 2117 345 2148 quarum
370 2107 504 2147 parietes
528 2107 614 2139 intus
638 2115 788 2150 extraque
813 2106 1006 2148 albicantes,
1028 2108 1111 2142 cras.

110 2147 235 2181 siuscnli
250 2171 260 2186 ‚
285 2152 316 2181 δε
340 2148 425 2181 firmi
449 2149 548 2186 adeo,
573 2158 609 2182 ut
632 2151 664 2182 in
688 2161 746 2183 una
771 2150 944 2192 praesertim
968 2151 1109 2193 sphaeru-

109 2192 139 2224 la
172 2204 241 2234 quae
272 2192 451 2225 extrorsum
484 2193 710 2234 protuberabat
732 2215 742 2230 ,
785 2191 858 2225 ossei
891 2193 1106 2233 viderentnr3

106 2236 252 2277 quamvis
277 2234 477 2269 firmitudine
499 2247 604 2269 revera
628 2236 721 2270 essent
743 2238 825 2268 inter
847 2238 1106 2279 cartilaginem,

104 2281 137 2311 ὃ(
162 2289 305 2311 nerveam
329 2278 456 2313 media.
587 2279 725 2313 Thorax
748 2280 913 2322 pulmones
936 2280 1107 2323 exhibuit,

106 2333 243 2365 quorum
277 2321 386 2356 dexter
417 2323 508 2356 lateri
542 2323 744 2363 adhaerebat,
767 2322 878 2360 sanos;
912 2325 1035 2358 tametsi
1072 2327 1106 2359 in

104 2364 269 2399 bronchiis
306 2367 407 2400 multa
438 2367 541 2399 inerat
572 2366 666 2400 crassa
686 2391 695 2406 ,
729 2365 780 2399 sed
815 2366 912 2401 fluida
944 2367 985 2401 sic
1009 2368 1103 2408 satis,

103 2410 235 2443 materia
251 2434 258 2442 .
284 2410 323 2442 In
345 2409 441 2443 corde
464 2410 575 2442 omnia
599 2408 768 2444 secundum
792 2419 961 2449 naturam,
995 2410 1017 2444 si
1040 2414 1106 2445 val-

97 2455 204 2487 vulam
229 2453 457 2487 Semilunarem
482 2465 576 2487 unam
597 2455 758 2495 excipias,
780 2454 868 2494 cujus
891 2455 1005 2488 summi
1030 2456 1105 2489 lim-

98 2497 132 2530 bi
167 2497 322 2538 particula
356 2508 454 2538 prope
484 2508 628 2538 aggerem
659 2497 724 2540 jam
760 2497 858 2530 ferme
895 2508 959 2531 erat
991 2497 1071 2532 ossea
1094 2525 1104 2534 .

103 2541 256 2573 Proxima
279 2550 383 2573 tamen
409 2551 479 2582 pars
504 2541 610 2582 allqua
634 2542 756 2574 arteriae
781 2542 932 2583 Mannae,·
962 2550 1033 2574 nam
1058 2554 1104 2575 re-

101 2585 224 2626 liquam
247 2584 281 2615 in
305 2583 453 2617 Thorace
475 2583 605 2626 quidem
629 2595 692 2617 non
715 2582 867 2624 dissecui,
901 2584 983 2618 nihil
1007 2587 1104 2629 quid-

103 2639 200 2670 quam
226 2626 300 2660 ossei
324 2627 456 2660 habuit.
484 2626 748 2669 Diaphragmatis
771 2637 941 2666 centrum,
974 2638 1010 2662 ut
1045 2641 1104 2662 vo-

105 2680 202 2710 cant,
227 2681 372 2704 nerveum
396 2682 452 2704 nec
476 2669 577 2713 figura
599 2681 665 2704 erat
689 2683 751 2715 qua
774 2671 852 2704 solet
878 2693 887 2709 ,
918 2683 1016 2714 neque
1040 2685 1106 2707 arn..

106 2713 265 2755 plitudine
290 2725 300 2751 3
325 2714 484 2747 foramine
506 2723 611 2747 autem
636 2725 698 2748 non
723 2726 811 2754 uno,
835 2713 886 2748 sed
908 2715 1010 2749 tribus
1033 2727 1105 2757 per-

106 2755 326 2790 tundebatur:
360 2757 448 2800 quod
481 2766 587 2790 tamen
611 2758 685 2791 alias
718 2770 868 2801 quoque,
902 2769 957 2791 nec
989 2758 1103 2799 semel,

104 2799 244 2833 vidimus
266 2803 280 2839 (
302 2810 317 2833 e
341 2803 373 2837 )‚
405 2800 527 2834 duobus
560 2801 701 2841 scilicet,
733 2813 803 2844 quae
835 2801 950 2844 majori
983 2805 1103 2846 attigua

104 2852 195 2876 erant
209 2865 221 2882 ‚
243 2843 423 2876 minoribus
446 2842 486 2876 ad
507 2843 583 2877 duas
603 2856 641 2876 ex
663 2843 803 2886 jecinore
826 2856 917 2878 venas
941 2845 1103 2880 traducen-

105 2885 159 2918 das
184 2886 416 2926 frenantibus,
439 2898 511 2929 quae
534 2886 556 2919 si
580 2888 613 2920 in
637 2889 730 2920 Cavae
755 2898 902 2922 truncum
926 2888 1017 2921 infra*
1032 2889 1101 2923 dia-

102 2930 280 2973 phragma,
303 2939 339 2962 ut
361 2930 547 2973 plerumque
568 2930 689 2970 solent,
712 2941 799 2971 non,
822 2943 856 2965 ut
881 2933 953 2969 hic,
979 2933 1067 2974 supra
1091 2957 1101 2972 ,

106 2974 134 3006 se
158 2971 376 3010 immisissent,
397 2984 461 3006 non
483 2976 569 3013 tria,
592 2973 642 3006 sed
665 2985 763 3007 unum
788 2974 891 3008 sufflet
916 2976 948 3007 in
972 2976 1102 3011 tendine*

104 3016 165 3049 illo
187 3014 349 3057 foramen.
480 3018 579 3050 Artus
602 3029 730 3060 quoque
754 3017 924 3059 superiores
958 3020 1099 3060 peculia.

103 3071 135 3092 re
158 3057 310 3101 quiddam
332 3057 485 3093 habuere,
521 3062 605 3094 Cum
639 3062 724 3092 enim
747 3062 897 3103 Longum
932 3063 1103 3098 palmarem

103 3103 282 3136 musculum
305 3104 338 3134 in
361 3103 492 3136 brachio
513 3104 644 3137 dextero
667 3115 730 3136 non
754 3105 799 3136 ita
822 3115 858 3138 ut
880 3104 918 3138 ad
942 3106 1101 3148 originem

98 3146 205 3187 solet,
227 3145 379 3186 crassum,
404 3150 433 3179 δέ
455 3158 626 3188 carneum,
658 3146 708 3180 sed
732 3148 780 3180 vel
803 3148 850 3182 ibi
874 3159 999 3181 tenuem
1025 3172 1033 3186 ,
1066 3154 1099 3185 &

99 3188 200 3223 ferme
221 3188 406 3222 tendineum
427 3190 503 3229 esse,
526 3189 832 3229 animadvertissem,
865 3192 1018 3226 retecsnm
1041 3205 1097 3228 au-

102 3243 167 3265 tem
190 3233 222 3265 in
246 3231 386 3269 finistro,
411 3230 467 3266 esse
490 3233 527 3266 ad
559 3236 716 3276 originem
749 3234 963 3277 conspicerem
996 3237 1096 3279 duplo

100 3287 197 3319 quarn
220 3275 406 3313 dexterum,
430 3276 570 3308 craffiore
594 3289 706 3315 carne,
744 3282 776 3310 δε
810 3279 936 3320 longius
968 3278 1093 3313 descen-

101 3320 216 3357 dente3
246 3320 317 3361 quis
350 3317 444 3360 hujus
480 3318 671 3354 discriminis
704 3319 850 3361 effeftus,
883 3324 917 3354 δε
949 3333 1018 3364 quce
1053 3335 1092 3357 ex

100 3371 188 3405 parte
221 3361 309 3395 causa
342 3361 468 3400 fuisset,
505 3361 696 3405 suspicatus,
730 3377 770 3398 ex
791 3367 883 3398 Anus
914 3364 1094 3400 domesticis

99 3407 221 3448 quaeri,
245 3404 336 3447 juffi,
360 3416 397 3437 an
421 3405 505 3438 forte
528 3417 587 3447 pro
609 3406 759 3446 dextera,
786 3419 878 3442 manu
902 3409 950 3441 uti
974 3405 1095 3444 sinistra

97 3447 322 3486 consuevisset,
346 3450 403 3490 qui
426 3448 465 3481 sic
498 3450 600 3492 reapse
633 3450 824 3485 consuevisse
844 3475 855 3490 ,
886 3451 1061 3486 retulerunt
1084 3477 1095 3485 .

97 3493 222 3526 Verum
244 3490 306 3525 huc
330 3492 430 3537 magis
455 3492 594 3533 [pettam
617 3504 686 3536 qnae
709 3496 742 3526 in
766 3496 894 3528 artubus
926 3494 1091 3529 inferiori-

95 3535 154 3568 bus
178 3534 296 3569 claudae
320 3534 413 3577 hujus
436 3533 579 3569 foeminae
604 3535 795 3578 deprehendi
813 3538 1089 3572 ‚claudicaverat

94 3579 128 3611 in
152 3579 233 3612 latus
256 3576 443 3611 dexterum:
467 3590 565 3621 neque
587 3579 672 3613 causa
695 3582 729 3612 in
753 3582 948 3615 luxationem
969 3604 981 3621 ‚
1018 3594 1090 3624 quae

95 3623 180 3656 nulla
204 3630 288 3660 erat,
310 3633 408 3663 neque
432 3622 464 3654 in
490 3623 650 3656 acetabula
674 3623 779 3657 referri
805 3634 927 3665 poterat
951 3647 961 3662 ‚
993 3625 1090 3668 quip-

179 3666 343 3708 Morgagni
364 3666 398 3698 de
410 3665 480 3697 Sed.
504 3666 643 3708 &Caus-
656 3666 755 3700 Morb.
781 3669 879 3702 Tom.
895 3670 941 3701 Is.

1165 294 1204 327 pe
1234 295 1307 327 quae
1338 284 1422 317 inter
1452 283 1481 317 se
1512 290 1718 325 comparata,
1756 288 1811 328 nef?
1841 276 1936 327 sede,
1959 288 2014 312 nec
2037 280 2170 323 positu}

1165 337 1221 360 nec
1243 325 1464 367 profunditate
1495 326 1671 368 quidquam
1705 321 1899 356 discriminis
1931 321 2170 360 ostendebant.

1153 368 1212 404 ‘A't
1236 368 1258 402 si
1283 368 1441 403 semorum
1463 368 1527 402 ossa
1549 370 1634 400 inter
1656 367 1686 400 se
1710 364 1867 399 conferres
1883 388 1895 404 ,
1930 364 2054 398 evidens
2086 368 2171 399 inter

1163 422 1336 455 utrumque
1360 413 1528 455 apparebat
1550 411 1720 446 discrimen
1738 434 1748 448 ,
1782 420 1820 441 ex
1854 418 1920 450 quo
1940 408 2133 454 intelligeres
2155 429 2171 447 2

1165 465 1269 490 artum
1289 457 1457 491 dexterum
1479 455 1605 490 sinistro
1629 454 1807 487 breviorem
1826 473 1835 488 ,
1868 460 1904 484 ut
1927 450 2032 493 reapse
2066 461 2132 485 erat
2156 473 2173 489 ,

1165 498 1222 533 esse
1257 498 1366 532 debere
1394 526 1401 532 .
1435 502 1484 532 Os
1517 499 1601 532 enim
1635 495 1955 542 femoris-dexterum
1978 503 2073 528 tanto
2103 502 2174 526 erat:

1162 543 1286 576 brevius
1308 543 1453 582 sinistro,
1476 551 1511 577 ut
1533 541 1556 574 si
1580 550 1750 583 utrumque
1774 548 1866 585 Juxta
1891 549 2048 580 poneres,
2081 537 2171 571 sum·-

1161 597 1212 620 ma
1242 587 1356 627 capitis
1391 586 1480 619 illius
1503 595 1572 628 pars
1606 584 1725 616 infimae
1756 582 1850 624 hujus
1880 582 1963 623 parti
1996 580 2172 630 responde-1

1163 638 1235 662 ret.
1259 629 1361 663 Causa
1386 639 1489 663 autem
1514 627 1609 670 hujus
1655 627 1822 660 brevitatis
1855 634 1919 657 erat
1955 636 2057 666 major
2079 624 2173 657 illius

1163 671 1256 713 offis,
1290 685 1386 715 quarn
1425 672 1541 714 hujus,
1577 672 1738 710 curvitas,
1771 679 1867 711 eaque
1900 667 2176 717 manifestissima-4

1163 717 1235 749 Nec
1268 726 1416 758 praeterea
1449 716 1575 747 deerant
1612 715 1645 745 in
1667 714 1726 746 illo
1749 712 1810 744 osse
1835 712 1915 744 vitia
1938 711 2022 750 alia,
2047 720 2083 744 ut
2106 720 2173 744 rni-

1165 769 1224 791 nor
1245 760 1359 800 capitis
1383 758 1420 792 ad
1445 759 1545 792 imum
1569 757 1730 795 latitudo,
1755 753 1944 789 subsidentia
1968 754 2054 789 nulla
2087 753 2173 785 inter:

1162 801 1315 845 majorem
1339 802 1598 840 trochanterem,
1622 803 1653 832 &
1677 799 1832 832 cervicem
1853 820 1866 837 ‚
1897 800 1929 830 &
1961 795 2175 846 quemadmo-s'

1165 846 1243 879 dum
1266 846 1331 878 haec
1348 871 1358 886 ,
1381 847 1426 878 ita
1450 845 1505 878 ille
1528 855 1621 887 aequo
1644 852 1709 876 erat
1732 840 1876 881 craffior,·
1907 848 1942 873 ut
1958 863 1972 880 ‚
2001 840 2024 871 si
2055 840 2174 889 mulier

1166 900 1305 932 unquam
1339 888 1467 932 gracilis
1502 888 1567 922 fuit
1587 911 1597 925 ,
1633 884 1784 929 potuisset
1808 884 1951 925 cuipiam
1984 883 2172 934 explorant!

1164 931 1332 974 Chirurgo
1363 931 1419 965 ista
1449 931 1616 966 crassitudo
1650 931 1814 977 imponere
1856 933 1916 969 pro
1963 926 2126 977 luxatione
2146 933 2174 976 ..⁴

1168 977 1247 1009 Erat
1270 977 1348 1010 item
1371 987 1406 1008 os
1430 974 1512 1008 illud
1536 974 1667 1008 femoris
1691 985 1707 1006 a
1730 981 1851 1008 cervice
1886 970 1922 1003 ad
1957 969 2175 1012 long1tudinis

1168 1019 1229 1052 suae
1256 1018 1363 1051 saltem
1387 1018 1530 1052 medium
1554 1017 1636 1059 justo
1657 1016 1807 1055 craffius,
1831 1018 1861 1047 ἃ
1885 1022 2064 1047 curvaturae
2094 1019 2178 1051 con-,¹

1168 1073 1279 1095 vexam
1305 1072 1425 1104 partem
1450 1061 1488 1095 ad
1512 1069 1678 1094 externum
1694 1060 1783 1092 latus
1804 1057 1985 1091 conversam
2009 1056 2175 1096 habebat,

1163 1108 1216 1145 δε,
1240 1105 1326 1148 quod
1350 1105 1578 1147 consequitur,
1614 1104 1680 1147 ejus
1701 1101 1915 1144 condylorum
1940 1100 2095 1143 posterior
2126 1098 2176 1133 fa'-

1163 1150 1228 1182 cies
1251 1148 1407 1181 sinistrum
1443 1149 1547 1181 femur
1581 1147 1762 1190 spessabass
1784 1155 1819 1179 ut
1844 1156 1914 1178 crus
1948 1155 2101 1187 quoque,
2139 1145 2175 1175 δε

1166 1203 1218 1234 pes
1249 1203 1313 1224 non
1346 1189 1466 1234 possent
1491 1192 1573 1224 reffise
1597 1190 1654 1224 esse
1679 1188 1803 1232 posita.
1835 1188 1918 1224 Quae
1953 1190 2061 1221 omnia
2096 1196 2172 1237 cum

1167 1235 1359 1272 attenderis3
1382 1232 1476 1267 facile
1499 1234 1682 1276 intelliges3
1708 1234 1774 1265 haec
1799 1241 1883 1264 artus
1907 1230 2069 1264 inferioris
2093 1240 2177 1279 Vitlaz

1166 1289 1221 1312 aut
1252 1290 1270 1311 a
1302 1277 1514 1321 primordiis,
1546 1288 1599 1311 aut
1632 1276 1670 1310 ab
1693 1275 1829 1308 infantia
1855 1272 1993 1307 extitisse
2018 1286 2029 1312 3
2067 1276 2178 1316 itaque

1164 1333 1229 1355 non
1265 1320 1383 1355 m‘irum
1424 1320 1481 1355 esse
1499 1345 1511 1362 ‚
1543 1321 1630 1364 quod
1663 1320 1776 1353 mulier
1801 1318 1920 1360 semper
1941 1316 2141 1351 claudicasset
2166 1321 2181 1351 ..“

1293 1365 1558 1412 Caput‘denique
1581 1364 1669 1405 cuius
1694 1362 1888 1405 potissimum
1911 1361 2002 1394 causa
2027 1361 2107 1394 hanc
2131 1362 2182 1401 ti·

1164 1408 1198 1442 bi
1222 1408 1439 1442 diffenionem
1461 1407 1629 1451 descripsi,
1662 1408 1848 1449 adapertum
1874 1404 1941 1444 est,
1973 1405 2176 1448 detracsaque

1164 1452 1468 1495 Crassasmeninge,
1490 1452 1559 1485 vasa
1583 1449 1711 1494 quidem
1737 1459 1790 1493 per
1816 1452 1962 1496 Tenuem
1985 1449 2081 1482 dueta
2104 1449 2177 1482 san-

1163 1497 1260 1539 guine
1282 1495 1416 1530 distenta
1438 1496 1685 1539 conspeximus5
1712 1494 1763 1527 sed
1788 1492 2017 1535 nihil'hu1u5‚
2045 1502 2098 1526 aut
2124 1492 2171 1539 se-

1165 1537 1194 1572 ri
1217 1537 1349 1573 effusum
1372 1538 1502 1582 usquam
1526 1548 1686 1582 repertum
1710 1536 1774 1574 est,
1806 1536 1907 1570 donec
1941 1536 2084 1584 cerebri,
2118 1541 2180 1569 cti-¹

1162 1582 1211 1626 jus
1236 1583 1405 1617 substantia
1430 1593 1496 1616 erat
1519 1582 1632 1618 firma,
1657 1580 1815 1614 sinistrum
1839 1578 2102 1621 hemisphaerium
2126 1579 2175 1613 fe-

1161 1627 1288 1668 cando,
1323 1627 1361 1661 ad
1385 1626 1481 1671 hujus
1505 1624 1722 1660 ventriculum
1747 1632 1932 1664 perventum
1966 1622 2010 1655 est
2033 1646 2040 1654 .
2078 1625 2177 1656 Tunc

1165 1671 1251 1704 enim
1264 1671 1397 1712 prodire
1405 1674 1506 1714 coepit
1518 1678 1688 1704 cruentum
1698 1667 1808 1704 serum,
1822 1676 1875 1698 nec
1890 1677 2036 1707 paucum,
2048 1677 2085 1698 ex
2108 1675 2175 1698 non

1164 1725 1266 1757 pauco
1290 1714 1440 1748 videlicet
1464 1715 1613 1758 sanguine
1637 1713 1691 1755 qui
1717 1712 1749 1744 in
1774 1721 1811 1741 eo
1835 1710 2014 1742 ventriculo
2045 1720 2176 1742 concre-

1164 1768 1269 1790 verat.
1299 1756 1468 1800 Ejusmodi
1492 1761 1591 1793 serum
1615 1760 1647 1790 in
1673 1753 1852 1789 ventriculo
1874 1764 2001 1801 quoque
2025 1751 2179 1793 dextero,

1165 1802 1256 1834 &in
1280 1802 1451 1840 Transitt1‚
1486 1814 1579 1845 quem
1610 1809 1725 1834 vocant
1761 1799 1799 1832 ad
1833 1797 2047 1830 ventriculum
2082 1808 2176 1844 quar-

1166 1852 1258 1884 tum,
1282 1846 1481 1886 invenimus,
1505 1846 1554 1879 sed
1578 1846 1698 1879 nullam
1722 1843 1853 1886 usquam
1879 1846 1938 1883 p'ro
1960 1850 2050 1873 certo
2073 1840 2176 1873 laesio-

1167 1900 1237 1921 nem
1255 1909 1266 1927 ,
1288 1889 1368 1922 unde
1393 1889 1516 1932 sanguis
1540 1889 1671 1932 erupisse
1697 1888 1876 1921 videretur:
1909 1895 2095 1928 quanquam
2127 1885 2175 1917 la-

1167 1929 1259 1965 tuisse
1282 1933 1315 1965 in
1339 1932 1464 1967 sinistro
1486 1933 1690 1973 ventriculo,
1723 1932 1915 1964 arbitramur
1930 1954 1937 1961 .
1976 1929 2072 1962 Tunc
2102 1928 2173 1963 cnl-

1163 1985 1215 2007 tro
1239 1975 1277 2007 ad
1300 1976 1490 2011 cerebellum
1511 1999 1519 2013 ‚
1543 1977 1631 2021 quod
1654 1975 1797 2018 undique
1833 1975 1996 2015 integrum
2030 1975 2170 2006 exterius

1163 2019 1331 2060 apparebat
1345 2044 1357 2060 ‚
1380 2022 1560 2061 translato,
1578 2031 1650 2055 ecce
1674 2021 1757 2053 intra
1780 2018 1845 2060 ejus
1869 2018 2037 2051 dexterum
2052 2016 2173 2066 ‘lobum

1160 2073 1307 2103 caveam,
1332 2074 1432 2106 neque
1456 2066 1502 2098 ita
1525 2076 1675 2107 parvam,
1700 2062 1918 2103 offendimus,
1952 2061 2112 2105 sanguinis
2135 2061 2171 2094 in

1159 2116 1290 2148 grumos
1313 2109 1458 2140 concreti
1484 2108 1707 2150 plenissimam.

1206 2158 1236 2191 7.
1262 2152 1315 2184 De
1337 2152 1583 2185 claudicationis
1607 2152 1758 2194 expositae
1781 2150 1881 2189 causis'
1904 2152 1979 2188 satis
2004 2150 2103 2190 modo
2118 2154 2169 2189 di-

1159 2193 1248 2226 ‹Stum
1271 2194 1332 2226 est.
1359 2197 1410 2228 De
1434 2196 1504 2229 aliis
1528 2196 1604 2230 alias
1628 2198 1661 2229 &
1684 2196 1825 2232 diximus
1850 2197 1932 2242 (f),
1967 2200 1999 2232 δε
2024 2198 2167 2234 dicemus

1158 2237 1242 2279 (g).
1268 2239 1318 2271 De
1340 2237 1459 2272 duabus
1484 2248 1589 2273 antem
1612 2253 1682 2283 quae
1717 2241 1795 2275 hanc
1827 2243 1976 2276 ultimam
2010 2243 2170 2284 praecesse·

1159 2282 1453 2323 1·ant‚*apoplexiis
1477 2283 1560 2317 illud
1585 2284 1735 2317 credibile
1760 2285 1824 2325 est,
1859 2286 2016 2330 reliquisse
2043 2297 2167 2321 utram-

1156 2334 1219 2365 que
1240 2326 1272 2355 in
1294 2326 1447 2365 cerebro,
1485 2330 1516 2360 δε
1549 2328 1704 2360 cerebello
1737 2339 1785 2361 eas
1808 2328 2031 2372 dispositiones
2062 2342 2133 2373 quae
2153 2356 2167 2372 ,

1157 2366 1255 2399 nullis
1289 2369 1464 2409 praesertim
1501 2370 1646 2404 remediis
1678 2370 1856 2412 adhibitis,
1893 2373 2073 2408 faciliorem
2097 2375 2167 2408 adi-

1155 2418 1225 2443 tum
1250 2415 1426 2453 paraverint
1450 2415 1575 2452 tertiae,
1598 2424 1634 2449 ut
1656 2415 1811 2459 disruptis
1835 2418 1969 2451 internis
1994 2418 2071 2451 vasis
2095 2428 2169 2453 mu.-

1157 2453 1265 2486 lierem
1288 2466 1430 2489 necaret.
1458 2457 1539 2497 Ouae
1563 2460 1715 2500 quoniam
1739 2460 1808 2492 vasa
1833 2472 1897 2494 non
1922 2462 2004 2495 intra
2027 2464 2168 2497 cerebel-

1156 2496 1224 2530 lum
1248 2497 1435 2546 dumtaxat‚
1468 2500 1518 2534 sed
1541 2502 1627 2536 intra
1660 2505 1821 2537 cerebrum
1853 2517 1981 2548 quoque
2014 2516 2165 2550 perrupta.

1156 2539 1247 2577 sunt,
1272 2550 1307 2574 nt
1330 2543 1443 2577 effusus
1467 2544 1500 2576 in
1524 2553 1658 2590 utroque
1683 2546 1809 2590 sanguis
1832 2548 1989 2587 ostendit5
2021 2550 2088 2584 duo
2111 2551 2164 2585 id-

1154 2585 1242 2616 circo
1265 2597 1334 2627 quae
1358 2598 1395 2619 ex
1417 2586 1600 2622 dissecsione
1624 2589 1683 2623 hac
1707 2590 1819 2624 deduci
1846 2590 2019 2633 potuissent
2043 2593 2080 2628 ad
2112 2604 2163 2628 ce-

1154 2628 1305 2662 rebellum
1343 2632 1535 2678 attinentia,
1569 2634 1688 2667 incerta
1722 2647 1755 2667 ac
1797 2634 1891 2670 dubia
1923 2636 2128 2672 reddiderunt
2150 2662 2163 2678 ,

1158 2682 1270 2714 nempe
1296 2684 1331 2705 an
1357 2675 1515 2709 laeslonem
1547 2677 1673 2710 alterius
1707 2676 1802 2721 ipsius
1836 2679 1902 2713 lobi
1937 2680 2091 2714 resolutio
2126 2684 2162 2716 j„

1157 2715 1306 2756 opposito
1328 2720 1474 2764 corporis
1500 2720 1594 2753 latere
1616 2720 1829 2764 consequatur
1851 2747 1860 2761 ‚
1895 2725 2036 2766 itemque
2072 2734 2109 2757 an
2143 2738 2163 2760 a.

1158 2758 1314 2805 “flebello
1339 2763 1444 2801 pulsus
1468 2763 1643 2804 pendeant,
1666 2766 1698 2796 &
1722 2764 1886 2807 respiratio
1908 2790 1916 2798 .
1952 2767 2042 2804 Quid
2073 2770 2161 2803 enirn

1155 2802 1178 2833 11
1202 2804 1428 2837 tantummodo
1451 2817 1525 2839 cum
1549 2817 1636 2838 mors
1660 2806 1794 2840 instab‘at
1809 2831 1822 2848 ,
1854 2809 1908 2842 illa
1943 2811 1977 2842 in
2000 2813 2160 2846 cerebello

1154 2855 1247 2877 cavea
1271 2846 1308 2879 ab
1331 2849 1526 2890 irrumpente
1549 2848 1696 2891 sangnine
1719 2848 1873 2893 producta
1885 2851 1977 2886 esset?
2002 2854 2163 2898 velquffl,

1138 2887 1177 2920 vsi
1203 2888 1353 2922 resolutio
1376 2903 1446 2932 quae
1470 2895 1618 2935 utrinque
1644 2891 1728 2930 fuit,
1755 2906 1769 2926 a
1795 2895 1943 2938 sanguine
1968 2898 2000 2929 in
2033 2908 2159 2934 utrum-

1155 2943 1215 2973 que
1237 2935 1355 2966 cerebri
1380 2935 1558 2968 Lateralem
1590 2937 1800 2971 ventriculum
1835 2937 1933 2973 effuso
1963 2939 2037 2974 esset
2066 2954 2156 2985 repe..

1153 2975 1276 3008 tenda?
1308 2979 1429 3010 Verum
1459 2978 1497 3012 de
1528 2988 1659 3022 utraque
1690 2980 1746 3012 illa
1777 2982 1945 3024 quaestione
1978 2982 2156 3022 dilucidius

1152 3018 1262 3059 agendi
1287 3020 1347 3052 alia
1367 3042 1377 3058 ,
1404 3034 1474 3064 quae
1502 3022 1538 3055 ad
1562 3033 1592 3055 te
1622 3022 1808 3064 scribetur,
1841 3027 1941 3060 nostra
1973 3027 2157 3064 observatio

1155 3064 1169 3100 (
1188 3062 1207 3093 h
1229 3065 1243 3101 )
1266 3063 1461 3109 occasionem
1486 3067 1657 3108 praebebit.
1685 3067 1783 3100 Nunc
1807 3080 1879 3102 vero
1899 3081 1936 3102 ne
1957 3066 2042 3103 forte
2054 3073 2155 3117 suspi-

1154 3106 1233 3153 ceris
1247 3131 1256 3146 ,
1272 3108 1479 3152 ,sanguineam
1502 3110 1590 3143 illam
1612 3121 1682 3152 quae
1705 3111 1867 3146 celerrime
1888 3123 1999 3153 necat,
2021 3118 2155 3158 apople-

1153 3157 1237 3181 xram
1257 3150 1319 3182 sine
1339 3150 1536 3193 disruptione
1565 3153 1711 3186 vasorum
1740 3153 1797 3187 esse
1826 3167 1888 3189 non
1914 3157 2026 3199 posse5
2050 3157 2152 3196 tribus

1151 3202 1220 3231 quae
1239 3204 1313 3227 cum
1334 3193 1392 3227 hac
1414 3195 1610 3237 disruptione
1631 3197 1799 3238 proposita}
1819 3199 1908 3237 sunt,
1932 3200 2068 3234 totidem
2080 3215 2153 3246 quae

1149 3232 1211 3266 sine
1233 3236 1288 3269 illa
1313 3248 1364 3270 aut
1383 3239 1568 3279 celerrime,
1588 3249 1640 3274 aut
1661 3237 1736 3273 satis
1759 3243 1828 3274 cito
1851 3251 2021 3284 necarunt,
2045 3250 2151 3288 proti-

1144 3288 1202 3311 nus
1226 3278 1428 3321 subjiciemus
1444 3306 1451 3313 .
1727 3288 1736 3290 ”

1190 3322 1219 3354 8.
1257 3324 1364 3364 VIR,
1398 3334 1433 3358 ut
1466 3326 1665 3367 videbatur,
1700 3325 1963 3370 quadragenarius
1999 3343 2070 3366 cum
2105 3336 2153 3377 Aa*

1150 3367 1241 3406 1755.
1276 3375 1346 3399 ante
1374 3369 1521 3412 Januarii
1555 3367 1647 3402 finem
1682 3370 1870 3404 Mediolano
1904 3373 2034 3414 pedibus
2060 3379 2153 3410 Pata·

1145 3410 1234 3441 vium
1257 3410 1414 3451 venisset,
1438 3411 1527 3446 lassus
1557 3412 1655 3450 adeo,
1676 3422 1714 3447 ut
1738 3425 1816 3447 mox
1839 3416 2079 3453 Nosocomium
2097 3432 2151 3462 pe-

1149 3459 1229 3484 teret
1255 3478 1263 3493 ,
1286 3455 1319 3486 in
1342 3454 1429 3497 quod
1453 3456 1495 3488 ob
1518 3456 1727 3489 laffitudinem
1752 3483 1761 3497 ‚
1797 3467 1861 3490 non
1883 3460 1928 3492 ob
1952 3460 2071 3495 febrem
2097 3464 2148 3496 'ul-

1146 3495 1230 3531 lam,
1254 3506 1403 3538 exceptus
1425 3498 1467 3532 est
1488 3523 1500 3539 ,
1543 3499 1620 3532 dum
1666 3500 1712 3532 ibi
1736 3509 1824 3533 eittra
1847 3501 1964 3536 leffium
2010 3505 2112 3539 adhuc
2133 3532 2147 3549 ‚

1142 3537 1246 3572 sedens
1272 3541 1383 3573 cibum
1412 3552 1536 3583 caperet
1560 3569 1568 3583 ‚
1602 3541 1682 3578 sorti
1716 3544 1883 3586 apoplexia
1920 3556 2046 3587 repente
2076 3559 2147 3592 per-

1140 3580 1243 3630 cussus
1266 3606 1279 3625 ,
1322 3583 1385 3617 fine
1426 3586 1494 3618 ullo
1539 3587 1661 3619 externi
1708 3589 1818 3621 motus
1842 3608 1851 3623 ‚
1884 3590 1916 3621 &
1949 3589 2049 3624 sensus
2094 3595 2149 3628 ina

1139 3624 1228 3658 dicio
1249 3650 1261 3666 ,
1305 3628 1493 3662 nocentibus
1538 3631 1647 3671 potius
1671 3656 1681 3671 ,
1726 3640 1881 3673 quantum
1925 3634 2027 3667 visum
2071 3637 2112 3671 est
2130 3662 2143 3679 ‚

1572 3674 1601 3706 E
1623 3684 1638 3705 e
1662 3685 1677 3706 e
1723 3685 1741 3705 2
2008 3689 2105 3721 quam

131 3751 2133 3775 Ἣ

159 3804 199 3834 [d
214 3803 227 3832 3
245 3804 317 3833 Epist.
334 3805 372 3834 38.
388 3812 413 3829 n.
429 3812 469 3835 41.
531 3805 545 3834 ζ
561 3813 572 3829 e
587 3804 601 3834 )
617 3804 690 3835 Epist.
708 3813 730 3835 5.
748 3813 771 3832 n.
787 3814 808 3836 9.

871 3807 937 3838 (f)
954 3807 1028 3838 Epist.
1046 3814 1084 3841 5⁶·
1101 3810 1185 3841 passim

1246 3813 1288 3842 (g
1305 3810 1319 3840 )
1335 3810 1410 3841 Epist.
1428 3815 1469 3841 69.
1485 3820 1511 3838 n.
1527 3821 1549 3837 2·
1566 3811 1704 3842 10.&seq.
1766 3816 1809 3840 <b
1823 3815 1837 3844 )
1855 3800 1928 3846 Episs.
1943 3820 1983 3843 62.
1998 3826 2024 3845 n.
2041 3826 2080 3850 15..
