2498 4075
412 164 567 232 Epist.
605 166 765 218 Anat.
801 164 1015 219 Medica
1051 163 1229 219 XLII.
1265 151 1561 226 Art-41.'&
1595 172 1676 224 42.

51 243 128 279 stem
151 243 328 288 subjeetum
350 248 480 281 moleste
504 247 549 280 ibi
572 246 751 289 graviorem
775 246 866 283 fieri,
889 252 924 278 ut
949 245 1054 280 saccu-

50 289 86 321 lo
109 288 250 324 scrotum
272 291 441 334 excipere,
464 293 495 324 &
518 290 666 324 sustinere
688 301 767 331 opus
779 288 874 327 esset3
901 291 1054 330 memini,

48 332 185 374 inquam
200 354 210 370 ,
235 344 300 368 rem
323 333 405 367 hanc
428 335 475 366 ita
498 333 555 377 ipsi
570 356 580 371 ,
604 332 791 367 &Medicis
813 334 870 375 qui
892 335 926 367 in
951 336 1056 367 consi-

49 375 98 407 lio
121 385 248 410 mecum
271 378 419 417 aderant,
442 376 509 419 jam
532 386 603 411 tum
624 376 816 417 explicasse,
839 385 874 409 ut
896 388 971 410 cum
983 377 1057 410 Ob-

51 418 159 460 liquus
181 418 292 453 dexter
315 420 477 454 musculus
499 420 538 453 ab
561 420 728 454 attollente
750 430 877 453 tumore
912 419 1058 453 tendere-

50 471 129 501 tur,
150 464 181 495 &
204 463 292 504 quod
314 464 550 505 consequitur,
570 463 713 505 oblonga
737 463 803 504 ejus
825 461 929 496 fissura
952 487 961 502 ,
985 475 1057 506 quae

52 504 185 539 annulus
196 505 318 541 dicitur
331 533 340 547 ,
363 506 634 548 constringeretur
647 528 659 546 ‚
680 517 744 539 non
768 506 841 540 esset
854 505 1035 540 mirandum
1047 528 1058 543 ‚

49 548 73 582 fi
97 548 167 581 vase
189 550 410 591 quadantenus
433 549 584 584 adstricto
606 548 719 591 quod,
740 550 812 583 illac
826 549 1000 587 transiens,
1015 549 1060 583 se-

51 602 124 625 men
147 592 271 633 desert‚
296 593 444 627 nonnihil
468 591 565 634 hujus
588 593 803 627 retardaretur
815 592 978 626 ascensus.
1001 592 1060 626 Sed

50 636 84 667 in
108 634 193 676 hoc,
217 639 248 669 δε
273 638 305 670 in
328 637 393 669 illis
415 647 543 679 quoque
566 633 694 670 fortasse
719 638 797 669 viris
819 634 888 668 fieri
921 636 1023 677 potest
1045 650 1054 673 ;

50 688 234 721 quanquam
257 680 432 713 restitantis
455 678 617 720 sanguinis
643 680 764 714 indicia
786 689 849 712 non
873 688 964 712 erant
987 694 997 717 ς
1021 689 1057 713 ut

50 721 227 764 compressa
243 745 252 760 ,
275 731 331 756 aut
355 723 473 755 arctata
495 723 613 764 pariter
643 734 721 756 vena
745 723 939 763 Spermatica
962 746 972 762 ,
1007 733 1057 756 re-

51 774 181 798 morato
203 775 269 798 non
295 768 402 800 minus
425 765 598 808 sanguini,
620 776 717 808 quain
740 765 853 798 semini
883 790 892 803 ‚
927 778 961 799 ea
984 777 1056 807 quae

52 809 195 840 diximus
228 833 237 848 ‚
269 806 366 843 essent
403 809 596 843 tribuenda.
729 810 807 841 Sunt
841 819 945 842 autem
970 809 1055 842 inter

52 851 213 885 Valsalvae
235 852 359 885 litteras
379 852 526 893 quaedam
548 851 587 886 ad
610 852 731 886 Virum
755 852 937 892 Principem
961 853 1055 889 datae,

53 897 108 928 cui
132 894 203 937 post
226 896 356 936 nuptias
380 895 544 929 testiculus
567 905 714 929 creverat
738 894 775 928 ad
800 895 969 937 gallinacei
1000 897 1058 928 ovi

52 938 332 981 magnitudinem.
358 939 455 973 Hunc
478 938 630 972 Valsalva
652 947 812 973 tumorem
836 951 852 971 a
877 938 1059 972 subsistente

51 983 169 1016 semine
192 979 250 1015 esse
262 981 369 1024 posse,
392 982 559 1026 cogitabat
576 1007 585 1022 ,
608 992 664 1015 nec
688 990 802 1024 praeter
815 982 971 1015 rationem
983 992 1060 1023 pro-

50 1035 158 1068 pterea
181 1024 258 1068 quia
283 1036 364 1068 aeger
387 1036 451 1059 non
475 1025 567 1059 facile
591 1024 695 1058 semen
710 1049 719 1064 ,
741 1036 809 1067 quo
833 1025 1015 1058 abundabat
1027 1038 1060 1058 a-

51 1069 200 1111 lioquin,
226 1067 349 1102 solebat
373 1070 524 1103 emittere
541 1089 550 1105 ,
573 1077 609 1101 ut
634 1067 797 1102 interdum
822 1079 854 1101 re
876 1066 1064 1110 imperfect-ta

51 1124 67 1146 a
90 1112 269 1147 concubitu
290 1113 484 1148 discederet.
509 1113 630 1145 Pariter
652 1111 817 1155 inJuvene
838 1110 877 1144 de
899 1123 966 1154 quo
991 1122 1065 1145 nar-

51 1165 101 1190 rat
125 1155 289 1190 Hildanus
311 1159 380 1197 (n)
404 1155 494 1198 cujus
518 1154 714 1188 narrationis
737 1154 889 1188 summam
913 1154 1007 1188 habes
1030 1156 1065 1188 in

52 1198 184 1233 Scholio
208 1198 247 1239 ad
269 1210 337 1232 eam
362 1210 458 1240 quam
482 1199 516 1231 in
542 1197 751 1240 Sepulchreto
763 1198 1068 1240 indicavissiiis(o),

52 1242 202 1275 Barbetti
226 1242 504 1276 Observationem
527 1265 536 1280 ‚
571 1242 645 1283 quis
668 1253 732 1275 non
757 1254 774 1274 a
799 1241 915 1275 semine
939 1263 949 1279 ‚
974 1241 1026 1275 sed
1050 1253 1067 1275 a

53 1285 209 1328 sanguine
233 1294 356 1329 repetat
378 1285 522 1319 dolorem
547 1285 719 1326 inguinum
743 1309 751 1324 ,
785 1287 816 1318 δε
850 1284 1068 1319 testiculorum

53 1338 219 1363 tumorem
240 1351 250 1366 ‚
271 1330 496 1363 imminentem
518 1327 646 1361 seminis
669 1327 915 1370 ejaculationem
939 1338 1070 1370 repente

53 1372 256 1416 prohibitam
281 1372 495 1407 consecutos?
517 1371 664 1405 Evanuit
686 1370 818 1415 quidem
843 1382 1003 1415 uterquea
1028 1373 1072 1405 fi-

52 1418 183 1454 nistri53
206 1429 222 1449 a
243 1416 364 1450 dextris
387 1426 464 1449 vero
486 1423 597 1450 tumor
619 1425 684 1449 non
707 1415 806 1449 modo
830 1416 993 1459 perstitit,
1017 1414 1069 1449 sed

53 1460 220 1504 progressu
245 1461 402 1502 temporis
425 1460 459 1493 in
481 1458 645 1493 carnosam
667 1459 832 1501 ingentem
856 1458 1003 1492 herniam
1015 1470 1068 1492 ex-

53 1507 168 1538 crevit.
194 1503 286 1537 Idem
310 1504 349 1537 ab
373 1501 483 1537 eadem
505 1501 599 1536 causa
622 1502 715 1535 alteri
747 1501 938 1545 contigisset
966 1527 974 1541 ‚
1008 1500 1066 1535 nisi

54 1558 243 1587 tumorem,
266 1546 304 1580 ad
329 1548 432 1590 pugni
457 1545 590 1588 majoris
613 1547 872 1588 magnitudinem
893 1547 979 1579 intra
1013 1556 1068 1578 an-

53 1602 113 1625 nos
126 1590 206 1624 duos
217 1589 281 1632 jam
297 1590 425 1624 anetum
438 1612 448 1627 ,
470 1601 538 1624 rara
551 1589 705 1622 felicitate
715 1587 888 1623 resolvisset
899 1590 953 1623 c1.
967 1589 1069 1622 Crau-

53 1635 117 1668 fius
140 1637 196 1675 (p
219 1637 232 1673 >
255 1658 261 1665 .
288 1633 458 1667 Generoso
481 1642 588 1667 autem
612 1631 702 1665 Viro
723 1631 813 1674 cujus
837 1631 1069 1674 ejusdemmodi

53 1687 237 1714 tumorem,
262 1687 320 1709 nec
345 1677 407 1710 alia
431 1688 470 1710 ex
492 1677 619 1717 origine
642 1684 754 1709 natum
771 1700 779 1716 ‚
801 1676 973 1718 conspexi,
996 1676 1068 1718 quis

51 1720 240 1762 contigerit·
265 1720 395 1759 exitus,
420 1718 499 1753 scire
522 1729 587 1753 non
612 1717 759 1761 possum,
783 1731 859 1754 cum
884 1721 940 1753 hac
965 1729 1067 1753 traus-

49 1768 135 1803 iens,
160 1765 214 1795 vix
229 1774 278 1796 me
294 1762 462 1800 consulto,
490 1763 668 1805 perrexerit
691 1763 896 1798 necessarium
918 1766 979 1797 iter
989 1774 1069 1797 con-

49 1810 144 1843 ficere
160 1831 167 1838 .
193 1807 315 1839 Inutile
339 1816 424 1840 certe
448 1815 566 1848 praeter
596 1803 755 1848 Chirurgi
779 1808 899 1842 ferrum
923 1830 932 1844 ,
973 1806 1066 1841 auxi-

48 1853 132 1885 lium
154 1861 249 1883 omne
272 1861 421 1891 expertus
444 1850 543 1889 esset,
564 1848 586 1882 si
612 1858 723 1882 tumor
737 1848 878 1892 ejusdem
892 1849 1066 1885 fuissetna-

48 1906 132 1929 turae
156 1905 191 1926 ac
215 1894 249 1925 in
267 1893 394 1936 Juvene
418 1897 433 1933 (
455 1904 474 1935 q
499 1896 513 1933 )
535 1892 600 1926 fuit
616 1893 702 1933 ‚‹cui
714 1893 755 1927 ab
777 1905 840 1928 non
864 1895 908 1928 ita
932 1893 1065 1928 diffinii-

47 1940 73 1972 li
96 1936 188 1971 causa
209 1934 333 1969 exsecta
356 1949 373 1969 e
397 1936 508 1969 scroto
530 1935 574 1968 est
598 1934 808 1971 massacarnis
834 1937 998 1972 albiffimae
1014 1939 1067 1973 ,δε

52 1980 247 2015 solidiffimae
261 2000 270 2015 ‚
293 1980 328 2011 in
351 1979 444 2022 cujus
466 1988 579 2012 centro
602 1979 718 2021 globus
740 1979 842 2014 osseus
854 1980 1070 2017 concludeba-

51 2034 128 2058 tur·
153 2023 219 2056 His
241 2031 349 2055 autern
371 2032 514 2065 quatuor
544 2033 602 2056 cur
633 2033 698 2056 non
734 2024 830 2057 ambo
860 2024 951 2059 testes
974 2049 983 2065 ‚
1017 2023 1069 2057 sed

54 2070 139 2101 alter
160 2077 214 2100 aut
238 2067 416 2103 tumuerit,
442 2076 496 2099 aut
521 2075 648 2100 tumens
662 2066 857 2108 perstiterit,
882 2068 1012 2110 quando
1034 2070 1069 2100 in

49 2122 187 2153 utroque
211 2110 331 2150 pariter
355 2109 435 2143 teste
458 2108 606 2142 cohibita
630 2109 758 2142 seminis
784 2112 875 2151 copia
899 2111 985 2144 estin
1002 2123 1066 2144 ine-

50 2157 107 2190 dio
129 2153 253 2186 veneris
278 2150 352 2185 aestu
367 2174 376 2189 ‚
402 2163 466 2186 uon
489 2152 536 2185 ita
560 2151 655 2186 facile
679 2153 769 2186 dieru
793 2154 837 2187 est
861 2177 871 2192 ,
895 2154 952 2187 nisi
978 2154 1066 2187 forte

52 2210 119 2233 non
141 2196 297 2239 aequalem
322 2197 474 2238 utrinque
484 2196 633 2237 copiam,
659 2205 713 2228 aut
735 2193 953 2230 fluxilitatem
969 2197 1064 2230 serni·

52 2243 124 2281 nis,
147 2249 199 2273 aut
226 2239 412 2272 tunicarum
427 2262 436 2277 ,
459 2241 490 2272 δε
512 2238 707 2272 cremasteris
731 2239 868 2273 musculi
892 2242 959 2273 vim
975 2266 983 2279 ,
1007 2249 1063 2274 aut

53 2283 237 2319 revehentia
261 2281 332 2314 vasa
355 2282 395 2314 ab
419 2282 518 2314 altero
541 2283 639 2316 latere
662 2283 763 2324 magis
788 2284 898 2325 patula
922 2282 1022 2318 'fuisse
1045 2306 1059 2323 ,

53 2338 106 2362 aut
130 2327 218 2360 aliud
242 2325 373 2367 aliquod
398 2324 580 2359 istiusmodi
604 2324 834 2366 conjiciamus.

94 2382 147 2414 4¹-
172 2372 340 2403 Caeterum
365 2377 507 2401 tumores
532 2368 681 2406 restium,
706 2380 900 2412 quacunque
931 2374 948 2404 a'
971 2372 1061 2406 causa

54 2415 217 2456 originem
240 2412 380 2445 habeant
405 2432 415 2447 ‚
449 2424 487 2444 ex
511 2412 571 2445 alia
595 2413 628 2444 in
653 2412 723 2444 aliis
746 2413 886 2447 constare
912 2415 1063 2448 videntur

55 2459 208 2492 materia,
233 2464 268 2488 ut
293 2464 367 2495 puta
400 2459 411 2493 (
436 2465 551 2495 praeter
574 2454 718 2496 exempla
743 2455 893 2490 haetenus
916 2456 1065 2500 proposi-

53 2511 85 2535 ta
110 2504 120 2539 )
145 2511 183 2533 ex
206 2498 381 2532 substantia
405 2508 516 2531 carnea
540 2501 570 2530 δέ
593 2497 727 2531 nervosa
750 2499 834 2540 apud
858 2500 1065 2534 Borrichium

53 2549 94 2584 (r
109 2548 144 2583 ),
169 2554 207 2575 ex
231 2541 440 2584 glandulola,
463 2543 494 2573 δι’.
517 2542 659 2576 vericulis
683 2541 834 2584 sanguine
857 2544 957 2585 plenis
981 2545 1065 2587 apud

54 2586 285 2622 Bartholinum
309 2584 414 2628 (s),
447 2594 486 2617 ex
518 2583 744 2630 ligamentosa,
767 2587 798 2619 &
830 2597 870 2620 ex
900 2596 990 2629 parte
1023 2588 1062 2622 ad

50 2630 251 2672 cartilaginis
274 2637 421 2662 naturam
445 2627 613 2661 accedente
638 2629 721 2670 apud
744 2629 953 2664 Schraderum
978 2635 1061 2671 (t),

52 2687 91 2708 ex
122 2674 327 2715 cartilaginea
372 2671 456 2714 apud
488 2671 694 2713 Ruyschium
735 2674 791 2711 (u
813 2676 827 2712 2
848 2697 855 2705 .
880 2674 954 2717 Ego
984 2686 1060 2709 curn

54 2720 89 2750 in
114 2718 198 2750 Viro
220 2726 316 2758 quern
338 2714 377 2748 de
399 2715 611 2749 Gonorrhoea
634 2715 776 2749 scribens
806 2720 816 2756 (
841 2726 863 2750 x
884 2720 899 2756 )
920 2729 1063 2751 comme-

57 2761 192 2795 morabo
208 2782 217 2797 ‚
241 2758 425 2791 testiculum
450 2757 627 2800 praesertim
649 2759 818 2793 dexterum
842 2772 936 2801 aequo
968 2772 1064 2803 gran-

55 2805 180 2839 diorem
191 2799 408 2848 offendissem3
432 2800 583 2835 dissecans
607 2803 716 2835 inveni
741 2802 844 2846 adipis
867 2804 989 2847 aliquid
1012 2805 1064 2837 in-

58 2850 145 2882 timae
168 2855 236 2886 ejus
259 2843 440 2877 substantiae
463 2844 672 2886 interjeeturn
695 2869 706 2886 ,
739 2856 803 2879 non
829 2846 958 2888 peffime
980 2849 1063 2881 alio-

61 2892 141 2935 quin
167 2888 195 2922 se
220 2887 368 2921 habenti.
393 2888 491 2921 Unde
515 2887 585 2921 fieri
611 2888 695 2930 posse
718 2910 728 2925 ‚
751 2887 900 2930 conjeci,
923 2901 958 2924 ut
983 2903 1063 2924 non-

59 2943 225 2975 nunquam
250 2941 289 2963 ex
313 2930 505 2972 pinguedine
523 2942 638 2974 praeter
650 2941 797 2965 naturam
819 2934 944 2974 innata,
969 2937 1064 2968 &au-

60 2981 112 3012 &aa
135 2972 373 3018 aliquitestium
398 2984 541 3008 tumores
552 2973 935 3017 faetideprehendantur.
961 2978 1064 3018 Qod

60 3022 81 3055 si
105 3023 266 3062 ingentes,
291 3018 372 3061 'quos
396 3018 568 3060 aliquando
579 3020 612 3051 in
626 3019 809 3052 viventibus
833 3021 1005 3062 conspexi,
1029 3024 1064 3054 in

62 3064 200 3097 mortuis
224 3058 394 3099 vidissem,
418 3062 447 3093 &
471 3061 614 3095 incidere
637 3060 805 3104 potuissem
823 3074 837 3103 ‚·
860 3074 924 3097 non
946 3064 1065 3098 dubito

60 3109 140 3150 quin
167 3104 340 3147 singularia
361 3103 506 3146 quaedam
530 3103 658 3141 fuissem
678 3104 902 3140 observaturus
917 3131 924 3145 ‚
948 3107 970 3140 si
996 3120 1065 3141 mo-

61 3154 83 3184 li
107 3149 261 3183 struRura
286 3145 509 3189 respondisset.
535 3148 626 3182 Nam
649 3149 788 3191 primurn
815 3151 968 3184 Sinoniae
995 3151 1064 3185 vidi

61 3195 142 3228 olim
165 3190 316 3234 grandem
341 3190 439 3227 adeo,
464 3200 501 3224 ut
521 3191 664 3226 adillum
689 3192 955 3236 accederetquem
970 3196 1064 3237 Ruy-

64 3237 169 3271 sebius
193 3237 206 3273 (
221 3245 246 3276 y
266 3234 282 3275 )
304 3234 388 3267 dixit
407 3233 584 3277 prodigiosae
606 3237 854 3278 magnitudinis,
876 3235 939 3271 sive
954 3236 1063 3271 huma-

61 3291 135 3313 mmz
158 3277 352 3316 maximum,
374 3276 395 3310 fi
420 3277 517 3310 Curis
540 3290 669 3321 quoque
692 3279 927 3315 Posterioribus
950 3282 965 3319 (
985 3292 1009 3324 z
1024 3281 1061 3322 ),

62 3335 98 3359 ur
123 3321 273 3359 videtur,
297 3321 335 3354 de
357 3318 467 3353 eodem
491 3321 637 3363 loquitur
658 3345 667 3354 .
702 3321 760 3355 Sed
781 3324 929 3363 quamvis
953 3326 1059 3358 mino-

62 3378 126 3400 rem
141 3388 149 3402 ,
174 3375 238 3397 non
263 3375 301 3397 eo
324 3373 429 3396 tamen
453 3364 542 3397 exitu
564 3376 630 3407 quo
653 3366 707 3399 ille
731 3365 834 3408 major
858 3388 867 3403 ,
898 3366 1057 3401 exseetum

61 3409 174 3447 fuisse,
198 3405 307 3440 audivi
333 3431 339 3438 .
375 3406 499 3440 Deinde
533 3418 608 3441 veto
631 3408 757 3442 Patavii
782 3421 815 3442 ea
839 3411 1059 3453 magnitudine

150 3450 314 3492 Morgagni
323 3450 357 3483 de
369 3450 435 3483 Sed.
449 3450 491 3482 &⁶
500 3450 587 3491 Caus.
599 3452 703 3485 Morb.
719 3453 818 3486 Tom.
830 3454 877 3485 II.

1104 245 1214 281 testem
1235 243 1325 282 vidi,
1349 252 1384 277 ut
1406 242 1465 276 nisi
1490 254 1552 285 qua
1577 241 1639 275 fide
1661 241 1741 280 sini,
1765 239 1863 282 probe
1897 237 2017 274 nosses,
2040 239 2105 275 tibi

1105 289 1241 325 scribere
1264 298 1330 322 non
1353 286 1520 324 auderem,
1546 286 1666 318 veritus
1690 296 1727 317 ne
1750 283 1931 318 mendacem
1965 281 2105 323 suspica..

1107 334 1205 368 reris.
1229 330 1320 363 Nam
1343 329 1365 363 si
1401 329 1631 371 Ruyschianus
1652 327 1709 360 ille
1742 335 1836 369 caput
1851 324 1952 368 foetus
1977 324 2103 357 humani

1108 374 1297 417 superabam
1321 374 1348 406 is
1372 383 1436 414 quo
1459 373 1497 405 de
1521 371 1657 413 loquor,
1681 370 1745 404 duo
1769 372 1859 413 plane
1882 367 2046 411 superabat
2057 369 2106 399 vi—

1108 430 1219 454 rorum
1242 417 1347 460 capita
1371 417 1405 447 in
1430 426 1530 449 unum
1552 414 1681 458 jurleta.
1708 415 1822 456 Itaque
1846 419 1881 446 ut
1904 422 1972 445 rem
1996 420 2104 453 perra-

1107 473 1177 497 ram
1199 460 1385 502 inspicerem
1407 481 1420 498 ‚
1454 456 1547 500 Majo
1571 456 1674 492 mense
1695 457 1742 491 A.
1770 466 1863 500 1730.
1889 453 2105 488 transeuntem

1108 506 1166 541 hac
1191 504 1355 539 hominem
1379 512 1453 536 cum
1478 501 1618 536 Atestem
1641 509 1796 542 repeteret
1819 523 1830 540 ,
1855 499 1911 532 ubi
1934 497 2070 546 degebat
2096 517 2107 533 ,

1110 550 1219 583 venire
1252 546 1290 581 ad
1322 557 1372 579 me
1404 545 1535 578 domuin
1557 570 1566 586 ‚
1600 544 1706 578 voluit
1729 544 1894 576 Antonius
1919 541 2108 574 Mocenicus

1109 595 1216 635 Eques
1238 587 1509 633 Splendidiffimus
1532 610 1541 626 ,
1573 591 1603 621 δι
1626 587 1764 629 Aloylio
1788 585 1884 619 fratre
1908 609 1917 623 ,
1952 585 2009 627 qui
2035 592 2106 616 tum

1109 635 1320 668 venetiarum
1346 633 1423 665 Dux
1446 640 1531 670 erat,
1558 630 1776 674 digniffirnus.
1802 630 1872 662 Ubi
1886 627 2025 670 primum
2049 626 2109 659 ho-

1106 680 1228 711 minem
1251 677 1378 719 aspexi,
1402 675 1532 716 ignarus
1554 676 1628 716 quis
1652 673 1725 707 esset
1743 695 1752 709 ‚
1784 675 1814 706 &
1838 683 1895 706 cur
1919 670 1956 703 ad
1982 682 2030 702 nie
2054 680 2108 702 ve-

1107 723 1214 759 niret,
1240 730 1357 762 magno
1379 717 1526 761 hydrope
1549 717 1644 751 ascite
1666 717 1864 749 laborantem
1886 712 2111 751 credidissem,

1107 764 1165 798 nisi
1191 776 1207 797 a
1230 763 1349 797 dextris
1381 761 1610 796 tantummodo
1643 770 1785 793 ventrem
1809 759 1912 792 adhuc
1944 755 2111 805 obteEturri

1108 807 1246 841 vestibus
1272 816 1395 840 tumere
1419 826 1429 842 ‚
1465 803 1757 838 animadvertissem
1781 828 1788 837 .
1824 802 1894 835 Ubi
1919 812 1994 834 vero
2017 808 2112 831 omni

1109 852 1217 884 ablato
1238 853 1484 891 integumento,
1507 849 1538 880 δε
1563 846 1666 881 fasciis
1688 846 1839 880 detraftis
1862 844 1979 887 quibus
2003 851 2113 875 tumo-

1108 906 1175 928 rem
1198 894 1277 928 illuc
1300 903 1354 934 Der
1377 891 1408 926 se
1431 900 1638 932 vergentem,
1664 890 1702 923 ab
1727 888 1883 923 abdomen
1908 885 2079 921 adduetum
2102 905 2114 922 ‚

1110 934 1398 979 hypochondrinm
1423 934 1522 976 usque
1544 934 1649 968 versus
1673 958 1682 973 ‚
1713 932 1855 966 servabat
1878 953 1887 967 ‚
1925 941 1992 964 eam
2016 939 2115 972 quam

1111 981 1179 1014 dixi
1192 978 1449 1021 magnitudinem
1462 978 1619 1015 miratus,
1641 976 1841 1011 contreffiire
1860 976 1969 1015 coepi,·
1990 976 2115 1022 tactum

1115 1025 1201 1058 enim
1223 1022 1345 1057 ferebat
1371 1046 1380 1061 ,
1414 1022 1504 1054 omni
1529 1020 1650 1063 semper
1673 1019 1784 1053 dolore
1808 1027 1915 1051 carens
1937 1029 1949 1057 ,·
1972 1015 2117 1058 mihique

1115 1067 1201 1101 visus
1226 1067 1296 1099 sum
1319 1063 1406 1107 quasi
1431 1064 1571 1097 sarcoma
1595 1063 1759 1105 quoddam
1784 1071 1911 1103 tangere
1929 1084 1940 1101 ‚
1963 1058 2117 1098 sphaeroi-

1116 1111 1164 1144 dis
1186 1110 1291 1144 forma
1314 1131 1325 1147 ,
1358 1109 1389 1140 δι
1413 1106 1464 1140 sua
1488 1108 1609 1149 ubique
1629 1116 1703 1139 cute
1727 1105 1907 1138 obduffism
1927 1127 1937 1136 .
1970 1103 2046 1143 Qa
2079 1112 2121 1136 ex

1116 1154 1232 1193 causa,
1255 1155 1286 1186 δι
1309 1150 1478 1192 quomodo
1499 1149 1666 1192 coepisset,
1690 1148 1864 1191 quaerenti,
1887 1145 2052 1188 respondit
2075 1157 2120 1177 ae-

1117 1210 1195 1240 ger,
1221 1196 1276 1230 etsi
1300 1195 1403 1227 ieturn
1428 1193 1493 1236 jam
1517 1192 1593 1226 inde
1616 1204 1631 1226 a
1656 1203 1756 1233 puero
1778 1192 1826 1223 ibi
1848 1188 2017 1231 excepisset
2040 1199 2050 1226 ς
2073 1199 2121 1221 [ιε-

1119 1240 1270 1277 sticulum
1295 1249 1400 1272 tamen
1425 1248 1489 1270 uon
1504 1235 1563 1269 nifi
1587 1236 1677 1268 virili
1701 1243 1795 1268 aetate
1819 1235 1853 1266 in
1866 1242 2029 1266 tumorem
2054 1242 2121 1265 cre-

1120 1285 1204 1319 scere
1228 1281 1356 1325 coepisse
1371 1304 1381 1320 ‚
1406 1282 1462 1324 qui
1475 1281 1616 1322 plurium
1626 1280 1754 1315 demum
1778 1288 1934 1311 annorum
1960 1275 2062 1317 spatio
2085 1274 2124 1307 ad

1122 1340 1190 1363 eam
1214 1334 1396 1369 pervenerat
1422 1324 1561 1358 molem.

1163 1382 1212 1415 42.
1239 1371 1357 1403 Unum
1379 1379 1458 1401 vero
1480 1366 1534 1401 hic
1565 1378 1595 1400 es
1629 1364 1846 1400 admonendus
1866 1388 1879 1405 ,
1912 1364 2043 1397 testium
2068 1374 2124 1395 au-

1121 1417 1205 1449 fiam
1230 1411 1488 1455 magnitudinem
1500 1410 1708 1449 Valsalvam,
1733 1418 1769 1443 ut
1792 1410 1825 1441 in
1850 1407 1916 1451 ejus
1928 1406 2125 1445 schedisest‚

1120 1459 1310 1500 plerumque
1331 1455 1441 1489 deberi
1468 1451 1580 1488 vidisse
1605 1454 1789 1487 tunicarum
1812 1452 1897 1485 vitio
1920 1451 2045 1485 eosdem
2071 1460 2127 1482 ve-

1120 1502 1285 1536 stientium
1307 1526 1314 1533 .
1338 1498 1410 1532 Nec
1433 1498 1514 1531 mihi
1537 1495 1729 1538 quibusdam
1753 1494 1926 1537 praesertim
1949 1495 1982 1526 in
2006 1493 2128 1528 casibus

1120 1547 1156 1579 id
1177 1544 1304 1579 creditu
1328 1541 1458 1576 difficile
1482 1541 1545 1578 est,
1570 1541 1627 1581 qui
1650 1550 1686 1573 ut
1709 1539 1871 1581 superiore
1895 1537 2040 1579 Epistola
2062 1534 2129 1585 (a)

1121 1587 1255 1632 scripsi,
1278 1598 1351 1620 cum
1374 1596 1468 1627 aequo
1492 1582 1630 1624 majores
1651 1582 1814 1616 testiculos
1837 1583 1993 1624 pleneque
2028 1590 2132 1614 tumi-

1120 1633 1181 1667 dos
1203 1628 1424 1668 offendissem,
1446 1638 1512 1661 non
1527 1639 1541 1659 a
1557 1625 1690 1659 distenta
1719 1636 1829 1658 eorum
1842 1623 2129 1660 substantia‚seda

1120 1676 1243 1710 tunicis
1265 1671 1466 1707 crassioribus
1490 1668 1582 1703 faffis
1604 1669 1637 1702 id
1661 1666 1738 1708 ess‘e,
1764 1669 1910 1710 comperi
1935 1680 1942 1699 :
1976 1669 2055 1710 quin
2080 1677 2129 1701 et-

1121 1721 1245 1753 iamin
1270 1717 1391 1751 herniis
1426 1725 1496 1748 tum
1533 1713 1647 1757 spuriis
1670 1735 1679 1750 ‚
1713 1721 1784 1746 tum
1815 1711 1972 1754 legitimis
2005 1711 2130 1745 sustam

1121 1763 1379 1798 membranarum
1391 1758 1508 1800 quibus
1518 1756 1766 1790 continebantur
1778 1778 1789 1794 ‚
1813 1754 2048 1788 craffitudinem
2061 1756 2130 1788 ani-

1122 1806 1279 1841 madverti
1293 1829 1300 1837 .
1327 1804 1377 1836 Sic
1394 1805 1424 1834 in
1440 1800 1613 1842 hydrocele
1635 1811 1734 1843 quam
1758 1799 1792 1831 in
1806 1798 1918 1832 Milite
1942 1797 2035 1840 supra
2059 1798 2128 1840 (b)

1116 1848 1264 1889 descripsi
1287 1870 1299 1886 ,
1321 1843 1580 1888 Erythroideni,
1602 1846 1634 1876 δέ
1660 1842 1851 1885 Vaginalem
1874 1841 2025 1888 adnotavi
2051 1840 2129 1875 fuis·

1121 1895 1152 1930 se
1173 1891 1333 1927 crassiores
1356 1912 1366 1926 ‚
1392 1898 1427 1922 ut
1453 1888 1531 1921 alibi
1552 1891 1566 1927 (
1591 1898 1606 1919 c
1630 1889 1641 1925 )
1664 1888 1699 1920 in
1723 1887 1828 1919 Lanio
1852 1908 1862 1922 ‚
1895 1885 2130 1928 eiusdemmodi

1122 1938 1244 1973 herniis
1269 1933 1410 1971 affeeae,
1432 1930 1610 1964 densiorem
1633 1940 1806 1973 utramque
1829 1930 2024 1972 Vaginalem
2046 1955 2052 1962 .
2078 1931 2129 1963 Sic

1121 1983 1157 2015 in
1169 1981 1256 2014 Senis
1279 1976 1453 2020 epiplocele
1475 1975 1540 2018 (d)
1567 1975 1799 2018 peritonaeum‚
1825 1973 1985 2008 sacculum
1998 1973 2135 2014 faciens,⁴

1123 2024 1215 2059 simul
1238 2022 1387 2060 dilatari,
1411 2024 1441 2055 δι
1464 2018 1589 2055 craffius
1615 2018 1705 2058 sieri,
1731 2020 1764 2052 in
1784 2017 1919 2062 Juvenis
1943 2028 2054 2052 autem
2076 2030 2137 2052 eir·

1123 2065 1385 2110 tero-epiplocele
1408 2065 1457 2108 (e
1481 2063 1635 2103 >sacculi
1658 2065 1803 2099 tunicam
1827 2071 1893 2095 non
1916 2063 2022 2097 minus
2047 2063 2131 2097 cras-

1124 2114 1211 2149 sam,
1235 2114 1265 2143 &
1289 2108 1414 2143 firmam
1438 2130 1447 2145 2
1479 2120 1577 2151 quam
1603 2110 1727 2142 arteriae
1754 2107 1960 2142 Pulmonaris
1992 2133 2000 2147 ,
2037 2110 2069 2142 &
2095 2109 2131 2140 iii

1121 2155 1271 2189 Mulieris
1295 2153 1426 2186 Crurali
1449 2152 1559 2186 hernia
1582 2149 1668 2195 (f)
1690 2152 1737 2184 ita
1762 2151 1910 2188 crassam,
1935 2161 1970 2185 ut
1992 2152 2027 2185 in
2052 2152 2131 2193 plu-

1118 2210 1167 2232 res
1185 2195 1279 2241 'quasi
1303 2197 1435 2229 laminas
1460 2207 1526 2228 non
1548 2195 1740 2229 difficillime
1765 2194 1866 2237 poslet
1889 2194 2016 2229 dividi.
2042 2195 2130 2228 Fieri

1114 2253 1224 2276 tamen
1249 2239 1372 2282 potest,
1394 2239 1449 2272 ubi
1475 2239 1592 2272 sacculi
1616 2239 1784 2273 orificium
1811 2238 1915 2272 multo
1940 2237 2041 2280 majus
2065 2239 2129 2275 est,

1112 2286 1204 2320 sicuti
1231 2285 1265 2317 in
1288 2283 1406 2316 lierniis
1431 2283 1614 2324 ingentibus
1636 2283 1826 2324 contingit,
1847 2293 1945 2324 quam
1969 2282 2106 2315 annulus
2121 2305 2131 2319 ‚

1116 2341 1172 2363 aut
1197 2328 1251 2361 ubi
1276 2327 1396 2360 herniae
1420 2326 1460 2358 iis
1484 2326 1563 2358 locis
1587 2325 1742 2359 accidunt
1767 2329 1799 2358 in
1822 2326 1941 2367 quibus
1966 2325 2131 2359 musculo-

1116 2384 1190 2406 rum
1214 2370 1359 2404 tendines
1385 2369 1476 2402 nullo
1502 2368 1674 2402 secundum
1698 2378 1850 2402 naturam
1874 2368 1964 2403 hiatu
1990 2379 2128 2411 pertun-

1116 2417 1260 2453 duntur,
1285 2412 1557 2456 quemadmodum
1580 2413 1665 2446 inter
1690 2413 1809 2446 Rectos
1835 2411 1938 2452 siunt,
1970 2415 2000 2445 &
2025 2414 2129 2447 Obli⁴

1115 2471 1219 2501 quos,
1243 2467 1298 2490 aut
1323 2457 1415 2498 supra
1435 2479 1442 2492 ,
1476 2455 1599 2489 infrave
1624 2456 1817 2490 umbilicum
1843 2457 1925 2490 inter
1952 2458 2092 2492 Rectum
2117 2482 2127 2498 ,

1117 2505 1152 2535 δέ
1174 2503 1337 2539 Renum,
1362 2499 1453 2537 fieri,
1475 2500 1610 2542 inquam
1627 2522 1635 2537 ,
1662 2500 1763 2541 potest
1790 2524 1802 2541 ,
1825 2510 1859 2534 ut
1885 2500 1998 2535 sacculi
2022 2502 2127 2535 craffi..

1119 2545 1200 2579 tudo
1223 2555 1289 2576 non
1312 2551 1441 2576 tantum
1464 2554 1481 2575 a
1505 2544 1682 2585 peritonaeo
1707 2545 1746 2577 sit
1770 2569 1779 2584 ,
1816 2543 1867 2578 sed
1890 2545 1955 2580 fere
1980 2559 1995 2581 a
2020 2546 2126 2581 tendi-

1116 2589 1211 2622 nibus
1233 2598 1385 2630 quoque,
1411 2585 1504 2620 simul
1527 2597 1601 2619 cum
1626 2590 1805 2629 peritonaeo
1843 2590 2002 2624 extrorsus
2035 2603 2125 2625 com.

1113 2630 1232 2675 pulsis.
1260 2632 1374 2672 Itaque
1398 2629 1532 2672 Meryus
1555 2635 1568 2670 (
1589 2641 1611 2672 g
1633 2633 1646 2668 )
1671 2631 1705 2663 in
1729 2629 1840 2665 hernia
1865 2633 1919 2667 illa
1945 2646 2043 2677 quam
2070 2647 2126 2677 pe-

1113 2686 1155 2708 ne
1177 2675 1286 2708 omnia
1309 2671 1456 2707 intestina
1479 2674 1606 2707 Tenuia
1630 2672 1812 2715 faciebant,
1836 2676 1870 2709 in
1895 2677 2017 2711 saccum
2042 2679 2126 2711 vidit

1114 2730 1181 2752 non
1205 2719 1417 2761 peritonaeum
1443 2716 1561 2754 modo,
1586 2716 1636 2749 sed
1660 2715 1841 2759 &singulos
1865 2722 2032 2763 utriusque
2048 2723 2124 2755 Ob..

1115 2762 1201 2804 liqui
1224 2760 1383 2799 musculi,
1408 2762 1438 2792 δε
1463 2758 1650 2793 Transverfi
1674 2760 1817 2794 tendines
1844 2762 1871 2795 se
1904 2764 1933 2797 se
1956 2765 2124 2799 evidenter

1113 2805 1311 2848 producere:
1334 2806 1366 2835 δε
1389 2812 1451 2836 tres
1472 2814 1603 2845 quoque
1626 2801 1838 2837 hostendines
1864 2816 2017 2849 quatenus
2029 2809 2124 2842 Wal-

1114 2847 1225 2882 tlierus
1249 2847 1367 2881 viderit
1390 2847 1424 2878 in
1447 2845 1558 2879 hernia
1583 2845 1612 2878 se
1635 2847 1864 2888 extendentes,
1889 2852 1920 2882 ὅ(
1945 2862 2097 2893 magnum
2112 2874 2123 2890 ‚

1113 2892 1265 2934 quamvis
1287 2900 1361 2923 curn
1385 2889 1444 2921 illo
1458 2890 1566 2931 Meryi
1592 2899 1655 2921 non
1680 2892 1933 2932 comparandum
1957 2895 2122 2928 intestino.

1113 2947 1186 2969 rum
1210 2933 1335 2977 pondus
1359 2932 1565 2970 sustinentes,
1585 2934 1616 2964 &
1641 2943 1679 2965 ne
1701 2932 1811 2967 hernia
1836 2946 1933 2976 porro
1967 2938 2121 2972 cresceret

1113 2983 1126 3018 (
1150 2989 1247 3020 quarn
1271 2977 1449 3009 utilitatem
1472 2977 1505 3009 in
1529 2977 1600 3009 aliis
1625 2977 1744 3017 pariter
1766 3000 1775 3015 ,
1813 2989 1914 3020 neque
1946 2981 1978 3014 id
2012 2994 2084 3015 raro
2108 3005 2118 3021 ,

1115 3022 1284 3065 praestare,
1308 3019 1551 3058 arbitrabatur)
1573 3030 1639 3061 quo
1664 3019 1701 3052 acl
1726 3019 1794 3061 ejus
1819 3020 1887 3054 fieri
1913 3025 2036 3065 posset,
2059 3026 2119 3059 ob-

1114 3065 1252 3099 fistentes
1268 3086 1277 3100 ,
1301 3074 1338 3096 ex
1363 3063 1453 3095 Aeris
1475 3075 1545 3105 quae
1560 3060 1880 3105 Lipsiae'prodeunt‚
1905 3068 2118 3102 Eruditorum

1117 3108 1164 3147 (h)
1197 3106 1385 3149 cognosces.
1411 3106 1468 3140 Sed
1492 3105 1548 3138 etsi
1573 3105 1780 3140 Maucliartus
1803 3112 1813 3147 (
1837 3109 1850 3141 i
1870 3113 1883 3147 )
1906 3110 2056 3144 laminam
2080 3124 2118 3146 ex

1115 3152 1207 3185 fibris
1239 3150 1398 3182 tendineis
1431 3158 1539 3183 ortam
1562 3149 1699 3184 musculi
1722 3151 1862 3193 Obliqui
1887 3154 2025 3186 Externi
2050 3167 2115 3189 non

1117 3194 1222 3228 solum
1245 3194 1383 3226 delineat
1406 3191 1490 3232 (R),
1515 3204 1626 3226 verum
1649 3195 1746 3227 etiam
1770 3196 1898 3227 nomine
1912 3197 2021 3229 tunicae
2043 3209 2115 3239 apo.

1117 3238 1279 3271 neurotc'cae
1303 3238 1387 3269 inter
1411 3246 1538 3270 coeteras
1552 3237 1737 3271 herniarum
1752 3239 1874 3269 tunicas
1887 3240 2040 3280 proponit
2054 3252 2066 3279 ;
2078 3250 2115 3276 tu

1117 3289 1224 3313 tamen
1248 3288 1405 3322 quatenus
1438 3278 1506 3313 haec
1539 3280 1668 3322 agnosci
1694 3293 1710 3312 a
1746 3291 1796 3311 nie
1816 3281 1955 3314 dixerim
1983 3293 1991 3319 3
2017 3285 2115 3325 probe

1112 3333 1293 3357 memento.
1324 3323 1437 3363 Neque
1459 3325 1544 3356 enim
1570 3335 1619 3356 ine
1643 3322 1751 3364 fugit,
1777 3322 2045 3361 praestantiffimos
2069 3328 2116 3359 es-

1110 3366 1141 3400 se
1163 3368 1398 3403 Anatomicos‚
1423 3368 1479 3408 qui
1503 3368 1535 3399 in
1573 3366 1690 3398 lierniis
1713 3366 1751 3398 ab
1775 3365 1804 3398 se
1827 3366 1963 3400 diffeetis
1994 3381 2030 3402 ea
2065 3371 2126 3404 ne?

1113 3421 1188 3452 gent
1212 3409 1344 3452 perspici
1368 3408 1522 3451 potuisse.
1549 3410 1676 3448 Qibus
1701 3419 1742 3484 ul}
1754 3409 1964 3484 ὲὶὸεῃῐίὦῐηε
1987 3413 2081 3488 creir-‘lo
2103 3438 2114 3456 ,

2044 3468 2072 3489 ic

206 3626 275 3648 Cant.
286 3632 310 3651 4.
326 3622 433 3651 Obs-64·
450 3625 562 3653 Exempi.
570 3632 593 3649 1.
652 3625 666 3654 (
682 3633 694 3648 ο
711 3625 723 3653 )
739 3632 764 3649 n.
783 3634 822 3654 39-

211 3653 274 3678 Hist.
290 3653 318 3677 de
335 3654 352 3677 l’
368 3654 441 3678 Acad.
459 3657 491 3678 R.
507 3654 547 3679 des
564 3656 600 3679 Sc.
618 3655 646 3678 A.
666 3663 735 3684 ¹700·
751 3656 810 3680 Obs.
827 3658 900 3680 Anat.
917 3665 939 3685 4.

210 3684 267 3709 Obs.
285 3683 351 3713 supra
365 3684 395 3708 ad
412 3691 435 3708 n.
453 3693 488 3716 3⁵·
504 3685 546 3709 cit.
606 3687 616 3708 <
633 3693 648 3708 u
666 3688 677 3710 )
694 3686 767 3711 Thes.
782 3689 859 3711 Anat.
877 3695 897 3716 9.
916 3695 939 3710 n.
961 3694 997 3716 51-

211 3723 233 3738 n.
252 3716 290 3738 28.
352 3714 517 3742 ta>n.28.
581 3714 746 3745 (b)n.i7.

220 3747 298 3769 Mem.
317 3744 345 3768 de
363 3744 378 3767 l‘
395 3745 468 3770 Aean.
486 3748 516 3770 R.
533 3745 573 3770 des
589 3748 626 3770 Sc.
647 3748 674 3770 A.
692 3754 759 3775 1701.
775 3747 833 3772 obs.
850 3748 923 3772 Anat.
941 3756 963 3776 ς.

221 3776 274 3805 fig.
293 3783 314 3798 2.
331 3774 360 3799 ad
378 3776 431 3799 DD.

124 3629 193 3684 ¹42³)

126 3686 195 3714 (ι’)

128 3718 195 3743 cz)

128 3746 204 3803 {23

159 3775 174 3799 lvx·

1059 3690 1072 3717 (
1088 3697 1104 3712 x
1120 3693 1128 3717 j
1146 3688 1216 3718 Epist.
1233 3696 1271 3716 44.
1286 3696 1308 3710 n.
1329 3698 1350 3718 ς.

811 3719 852 3746 (c
867 3720 879 3743 )
895 3717 969 3745 Epist.
987 3725 1024 3744 ²1-
1042 3726 1065 3741 n.
1086 3725 1124 3747 iq.

1025 3748 1039 3777 Ε
1055 3748 1070 3772 h
1086 3752 1096 3775 >
1112 3750 1144 3773 Α.
1162 3749 1228 3777 1738·
1246 3749 1286 3772 M·
1304 3749 1360 3779 Jun.
1381 3753 1407 3777 P.
1425 3760 1448 3775 ε..

884 3626 927 3656 (p
945 3627 959 3656 2
976 3627 1034 3656 Eph.
1051 3630 1086 3652 N.
1106 3630 1135 3652 C.
1153 3627 1213 3652 Dec-
1234 3634 1254 3654 3.
1274 3629 1303 3650 A.
1323 3636 1342 3657 ς.
1361 3629 1383 3652 8(
1401 3632 1423 3653 6.
1442 3631 1501 3655 Obs.
1519 3632 1569 3654 2⁵32.

1002 3660 1013 3683 (
1030 3666 1041 3682 r
1057 3659 1071 3686 )
1088 3659 1212 3687 Sepulchr.
1231 3659 1253 3680 S.
1273 3658 1316 3681 hac
1331 3666 1370 3687 29.
1386 3660 1443 3684 Obs.
1461 3669 1497 3684 22.
1517 3661 1537 3690 §.
1561 3669 1579 3684 i.

1643 3658 1657 3687 (
1675 3659 1712 3686 f)
1731 3658 1791 3682 ibid.
1812 3658 1833 3687 ξ.
1852 3667 1873 3683 2·

1413 3692 1455 3720 (y
1476 3694 1485 3723 )
1501 3699 1524 3714 n.
1544 3699 1580 3720 51.
1598 3689 1638 3722 eit.
1656 3691 1676 3712 ἃ
1693 3689 1754 3712 Tab.
1772 3688 1830 3713 ibid.
1850 3698 1869 3717 3·
1888 3689 1938 3716 Fig.
1958 3696 1976 3713 i.

1497 3723 1509 3750 (
1527 3731 1538 3744 e
1556 3729 1563 3751 )
1581 3719 1654 3746 Epist.
1671 3727 1707 3748 3⁴-
1726 3727 1747 3742 n.
1769 3727 1789 3746 9·
1852 3719 1889 3748 (f
1904 3720 1916 3748 )
1934 3720 1995 3744 ibid.
2015 3727 2037 3744 n.
2058 3727 2095 3750 ις.

1184 3719 1199 3747 ζ
1214 3718 1230 3741 d
1246 3719 1260 3745 )
1278 3718 1338 3741 ΗΜ.
1356 3728 1380 3744 η’
1399 3727 1434 3751 ¹5·
1509 3751 1523 3780 ς
1540 3752 1549 3774 i
1566 3749 1576 3779 )
1591 3749 1683 3774 Dissert.
1702 3749 1724 3772 tc
1740 3755 1791 3774 caet.
1810 3749 1877 3779 supra
1893 3750 1921 3774 ad
1940 3758 1962 3774 n.
1981 3758 2002 3780 3.
2018 3751 2062 3775 cit.
