2498 4075
424 118 525 180 284

350 197 464 236 niensis
485 195 589 234 unciae
620 198 673 237 (g
694 197 708 234 )
740 194 857 227 lineam
879 199 1018 236 aequaret
1046 200 1141 227 unam
1174 194 1206 225 &
1229 192 1321 225 semis
1341 217 1350 225 .

485 241 585 272 Porro
614 240 738 273 arteriae
761 238 888 278 Magnae
924 244 1053 270 truncus
1075 235 1214 270 multum
1235 235 1351 269 dilata-

351 295 403 319 tus
427 286 465 318 ab
486 283 527 318 iis
550 280 683 314 valvulis
705 279 745 317 ad
768 279 836 314 vasa
860 278 955 324 usque
966 277 1149 319 superiora,
1167 279 1208 313 ,ab
1229 277 1279 313 his
1297 290 1350 312 au-

354 338 420 362 tem
442 326 598 365 ulterius,
619 324 764 366 quamvis
786 324 890 361 minus
911 344 921 359 ‚
955 319 1108 356 dilatatus
1131 330 1238 357 tamen
1261 345 1274 362 ,
1294 333 1348 365 pa-

352 371 486 408 rictibus
508 368 635 410 insuper
659 378 674 400 a
695 365 791 402 corde
824 363 1018 407 illuc-usque
1051 363 1248 399 crassioribus
1271 388 1283 404 ‚
1314 367 1346 397 δε

351 413 536 448 durioribus
558 434 571 451 ,
603 409 684 447 facie
716 418 822 446 autem
845 409 970 442 interna
1000 407 1104 449 paffim
1129 431 1140 449 ‚
1172 407 1347 451 praesertim

349 469 425 491 vero
456 456 512 490 ubi
533 453 638 496 major
669 461 735 486 erat
758 450 910 488 dilatatio
931 473 943 490 ,
979 449 1129 493 inaequali
1153 473 1163 488 ,
1197 462 1252 483 nec
1286 449 1348 483 fine

351 501 431 538 albis
457 522 466 538 ,
509 496 689 532 subflavisve
724 496 831 528 initiis
874 493 1072 527 creberrimis
1106 492 1212 527 futuri
1247 493 1315 527 offis
1340 518 1347 524 .

480 543 571 579 Tum
594 540 760 584 pulmones
783 537 968 580 diligentius
981 536 1132 571 scrutanti
1155 535 1262 569 nihilo
1279 537 1350 578 plus

346 598 446 631 quam
469 595 558 619 antea
577 607 590 624 ‚
621 582 703 619 mihi
726 582 821 615 licuit
851 578 1083 623 deprehendere
1102 602 1114 619 ‚
1145 578 1202 612 nisi
1225 589 1348 622 partem

348 642 463 667 eorum
485 628 644 672 quandam
668 625 722 659 ubi
748 623 877 659 subduri
902 623 1091 659 videbantur
1116 634 1124 654 :
1148 634 1219 665 quae
1244 633 1349 656 tamen

347 672 447 708 incisa
469 672 642 707 naturalem
672 667 935 707 constitutionem
965 665 1102 701 ostendit
1124 669 1198 712 ,ηδε
1231 665 1348 700 humo-

348 729 415 752 rem
447 716 559 754 album
591 712 723 755 quidem
756 732 766 748 ,
811 714 842 748 ὃς
876 708 1058 751 spumosum
1092 731 1102 746 ,
1133 707 1186 743 ied
1218 720 1282 743 non
1315 722 1349 742 a..

348 762 430 795 lium
459 769 557 801 neque
588 756 764 789 uberiorem
787 777 800 794 ,
830 764 926 795 quam
961 764 1001 786 ex
1032 752 1104 789 aliis
1135 763 1246 786 eorum
1277 764 1348 795 par-

348 804 435 839 tibus
464 800 653 844 exprimeres
679 810 689 836 3
725 809 764 830 ex
790 796 942 831 omnibus
974 804 1080 830 autem
1112 796 1348 837 exprimebatur

347 848 485 882 omnino
517 853 632 886 paucus
654 866 662 877 ‚
792 840 907 872 Cranii
938 838 1075 882 denique
1107 851 1119 879 5
1152 849 1226 873 nam
1259 842 1347 875 Ven-

346 899 429 927 trem
459 898 522 923 non
554 885 741 924 secuimus3
775 883 883 930 avulso
916 881 1038 918 fornice
1072 907 1081 923 ‚
1126 885 1159 915 ὃς
1193 895 1271 918 mox
1301 883 1347 917 se-

347 935 398 966 &a
428 934 519 967 Dura
547 929 694 970 meninge
716 950 729 967 ,
772 937 865 969 cnjus,
895 924 1049 967 processus
1087 925 1232 963 Falcatus
1262 927 1346 960 visus

345 976 387 1010 est
420 973 546 1014 crassior
569 997 581 1013 ,
615 974 648 1004 &
669 970 783 1005 durior
805 993 818 1010 ‚
849 968 932 1003 nihil
956 979 1044 1004 extra
1067 993 1080 1010 ‚
1111 977 1165 1003 aut
1187 971 1271 1003 intra
1294 981 1346 1003 ce-

344 1019 469 1057 rebrum
492 1041 506 1059 ‚
537 1020 570 1056 ὃς
593 1014 783 1051 cerebellum
800 1036 812 1053 ,
834 1023 973 1055 quorum
996 1012 1087 1046 firma
1111 1021 1176 1047 erat
1208 1012 1347 1048 substan-

343 1064 414 1104 tia,
439 1069 599 1103 repertum
621 1057 664 1092 est
685 1057 772 1101 quod
795 1055 959 1091 adnotares
974 1079 984 1094 ‚
1008 1055 1065 1092 nisi
1089 1068 1169 1100 aqua
1192 1057 1226 1089 in
1249 1058 1345 1091 Late-

342 1106 463 1146 ralibus
495 1102 680 1139 ventriculis
702 1111 768 1135 non
802 1099 980 1142 pauciffima
1004 1123 1014 1139 ,
1048 1098 1114 1142 ejus
1137 1099 1250 1135 similis
1272 1111 1343 1143 quae

342 1151 376 1183 in
408 1149 537 1187 thorace
572 1145 730 1186 descripta
763 1142 806 1178 est
827 1165 840 1182 ‚
871 1143 990 1218 fplexus
1023 1152 1127 1176 autem
1159 1143 1343 1178 Choroides

341 1191 491 1227 nonnihil
515 1190 696 1227 decolores5
720 1196 756 1221 ut
781 1186 866 1219 mani
884 1186 984 1220 estum
1007 1185 1102 1226 esset,
1125 1185 1309 1228 sanguinem
1333 1212 1343 1227 ,

339 1237 420 1280 qui,
443 1235 527 1268 secto
549 1234 680 1271 cranio,
701 1230 901 1269 defluxerat,
925 1240 964 1262 ex
985 1227 1063 1263 laesis
1085 1241 1101 1262 a
1124 1229 1205 1262 serra
1220 1232 1342 1264 menin-

339 1291 422 1357 gurfns
441 1276 517 1311 xasis
540 1287 614 1317 cum
638 1286 716 1322 aqua
739 1269 867 1309 fortasse
890 1284 961 1319 quae
985 1274 1067 1307 intra
1077 1284 1126 1310 eas
1147 1271 1243 1318 esset,
1266 1286 1343 1321 pro.

341 1323 387 1361 dii
416 1334 453 1360 e„

381 1377 434 1410 34.
458 1364 550 1401 Quid
583 1361 783 1405 inaequalitas
815 1361 928 1396 Aortae
966 1361 1136 1401 interior,
1169 1360 1249 1404 quid
1273 1362 1339 1404 ejus

339 1412 519 1446 tunicarum
551 1408 687 1442 durities
712 1430 722 1445 ‚
767 1404 846 1448 quid
880 1404 1033 1439 dilatatio
1061 1404 1191 1438 demum
1223 1405 1338 1448 possint

338 1453 562 1497 impedimenti
597 1447 703 1484 afferre
738 1448 899 1494 sanguinis
931 1450 1073 1489 motui,
1115 1448 1188 1481 satis
1232 1449 1266 1482 in
1299 1451 1339 1484 iis

336 1509 408 1539 quae
442 1496 596 1538 superiori
628 1492 766 1528 historiae
801 1492 987 1535 subjecimus
1011 1515 1023 1532 ,
1052 1501 1343 1537 commemoratum

336 1541 411 1574 est.
445 1540 510 1573 His
533 1562 545 1578 ‚
586 1549 657 1581 quae
700 1537 734 1571 in
767 1536 843 1570 Sene
883 1546 1010 1579 quoque
1054 1534 1182 1570 fuerunt
1215 1559 1224 1574 ‚
1265 1536 1342 1570 adde

336 1585 477 1628 aliquam
507 1581 621 1620 sinistri
653 1579 759 1616 cordis
794 1580 965 1613 ventriculi
996 1579 1220 1613 dilatationem
1287 1580 1340 1615 ad-

337 1627 375 1661 cle
408 1625 613 1665 Siamoidum
634 1647 646 1664 ‚
682 1626 715 1656 <Sc
749 1622 934 1656 Mitralium
970 1624 1169 1659 valvularum
1201 1603 1342 1658 cuiffitu-

335 1665 480 1710 dinem',
515 1678 609 1712 atque
639 1665 794 1701 duritiem
828 1687 837 1701 ‚
880 1665 958 1700 adde
992 1667 1027 1699 in
1061 1666 1172 1709 primis
1206 1666 1339 1700 Semilu-

334 1715 460 1749 narium
484 1712 599 1751 limbos
633 1719 726 1745 tanto
747 1708 905 1743 craffiores
927 1731 940 1748 ,
971 1719 1068 1752 quam
1102 1720 1230 1751 aequum
1253 1720 1342 1750 erat,

335 1762 368 1793 &
405 1756 549 1796 duriores
574 1781 581 1792 ,
614 1765 684 1797 quae
719 1763 768 1788 res
790 1774 804 1792 ‚
834 1750 929 1795 fiquae
963 1753 1034 1788 aliae
1055 1774 1067 1792 ,
1111 1761 1239 1786 motum
1268 1763 1341 1785 cor-

334 1801 384 1836 dis
407 1825 418 1840 ‚
451 1798 674 1841 sanguinisque
708 1795 872 1841 perturbat
897 1819 907 1836 ‚
936 1794 1014 1830 dum
1045 1795 1121 1829 huic
1157 1806 1210 1830 aut
1234 1797 1340 1830 exitu-

333 1857 370 1879 ro
392 1844 422 1879 se
461 1839 632 1888 opponunt
657 1863 667 1878 ‚
699 1848 889 1882 motumque
921 1850 938 1871 a
969 1837 1065 1874 corde
1097 1848 1265 1881 acceptum
1289 1840 1339 1871 in-

335 1889 483 1932 fringunt
506 1913 516 1928 ‚
549 1894 604 1920 aut
637 1884 790 1918 relabenti
824 1906 837 1923 ‚
876 1883 984 1916 minus
1018 1890 1167 1925 prompte
1199 1884 1341 1924 explica-

334 1943 376 1966 tae
404 1955 414 1972 ,
446 1942 511 1969 non
543 1929 618 1966 satis
653 1927 683 1962 se
716 1925 911 1968 objiciunt5
951 1937 1008 1960 nec
1040 1923 1133 1958 facile
1165 1925 1254 1967 plura
1286 1925 1339 1958 de-

333 1975 483 2014 siderabis
505 1997 518 2015 ,
552 1982 590 2007 ut
622 1970 725 2005 intelli
754 1981 784 2003 as
807 1993 820 2010 ‚
856 1970 913 2012 qui
944 1968 1033 2003 fieret
1068 1990 1078 2005 ‚
1109 1977 1146 2003 ut
1179 1968 1339 2014 retardato

334 2031 392 2064 per
437 2021 575 2057 Aortatn
610 2041 619 2057 ,
660 2014 882 2056 sinisrumque
923 2012 1138 2058 ventriculum
1182 2012 1340 2053 {anguinis

333 2072 425 2100 motu
449 2086 461 2107 2
494 2064 520 2095 is
553 2062 589 2095 in
633 2057 841 2101 pulmonibus
875 2055 1037 2092 subfistens
1067 2078 1080 2095 ,
1114 2055 1256 2097 spirandi
1291 2054 1339 2087 af.-

335 2107 433 2142 ferret
469 2103 695 2139 difficultatem
718 2124 727 2139 ‚
770 2109 825 2137 aut
846 2100 913 2145 ‚qui
948 2100 1082 2144 denique
1113 2097 1235 2133 fastum
1265 2097 1304 2132 fit
1326 2120 1340 2138 ,

334 2160 371 2185 ut
405 2150 494 2183 vitiis
528 2148 595 2181 illis
626 2147 661 2180 in
692 2144 758 2181 dies
781 2144 994 2179 crescentibus
1019 2166 1030 2182 ,
1068 2153 1106 2175 eo
1139 2141 1268 2177 demum
1293 2152 1339 2174 res

334 2192 515 2238 processerit
540 2217 550 2232 ‚
581 2198 618 2228 ut
654 2189 780 2232 sanguis
805 2213 815 2227 ,
856 2185 1031 2229 praesertim
1064 2186 1174 2219 auditus
1214 2197 1250 2218 ea
1281 2184 1341 2219 hu.

334 2239 431 2274 moris
463 2236 556 2279 copia
587 2259 596 2274 ‚
640 2244 712 2276 quae
743 2254 756 2275 ,
793 2228 852 2265 nist
887 2229 1024 2273 frigidus
1056 2237 1167 2263 ventus
1198 2227 1340 2262 obstitis-

334 2282 380 2319 set
402 2304 415 2321 ‚
451 2292 504 2323 per
534 2277 708 2312 invisibilia
737 2274 886 2317 corporis
910 2273 1071 2309 foramina
1101 2281 1167 2307 erat
1190 2274 1339 2311 exitura,

360 2324 519 2360 romoveri
557 2322 692 2363 amplius
723 2329 788 2351 non
813 2318 958 2359 potuerit
982 2342 990 2349 .
1028 2317 1100 2350 Nec
1136 2325 1167 2349 te
1199 2316 1282 2350 illud
1304 2317 1339 2348 in

335 2337 394 2404 liae
430 2389 440 2405 ,
481 2375 536 2401 aut
569 2364 729 2406 superiore
774 2360 1010 2395 observatione
1051 2360 1225 2401 plurimum
1267 2370 1339 2392 mo-

335 2422 408 2449 veat
430 2435 444 2452 ,
481 2408 567 2452 quod
598 2418 663 2442 non
693 2406 736 2438 iis
769 2405 804 2437 in
848 2402 992 2446 partibus
1027 2402 1259 2436 accumulatum
1291 2404 1339 2434 in<

336 2456 514 2490 venerimus
556 2450 740 2493 sanguinem
772 2447 806 2479 in
843 2445 962 2489 quibus
1001 2443 1198 2480 retardatum
1243 2443 1301 2480 effe
1324 2469 1337 2484 ‚

339 2498 480 2534 diximus
504 2520 512 2528 .
545 2493 647 2530 Nihil
683 2492 769 2527 enirn
802 2487 931 2525 facilius
963 2487 1084 2523 accidit
1109 2511 1122 2529 ,
1156 2500 1254 2532 quam
1275 2497 1338 2528 ut,

336 2542 414 2578 dum
444 2540 592 2577 cadavera
624 2538 660 2572 in
692 2544 821 2569 omnem
855 2543 979 2576 partem
1012 2530 1175 2567 versantur
1195 2555 1208 2573 ‚
1239 2534 1273 2566 &
1303 2532 1339 2565 in

338 2581 561 2620 transferendo
584 2604 598 2624 ,
630 2591 685 2625 per
716 2577 812 2612 scalas
837 2575 1032 2620 potissimum
1054 2598 1065 2615 ,
1099 2574 1199 2610 modo
1230 2577 1264 2608 in
1287 2586 1339 2625 pe-

337 2629 390 2663 des
412 2653 424 2670 ‚
455 2625 554 2664 modo
586 2625 622 2660 in
662 2630 758 2665 caput
790 2620 988 2655 inclinantur
1018 2641 1031 2661 ‚
1074 2617 1198 2661 sanguis
1220 2643 1233 2659 ,
1265 2618 1341 2652 Ηω-

337 2673 396 2707 dus
437 2669 614 2716 praesertim
638 2691 651 2708 ‚
683 2674 720 2702 ut
758 2665 792 2699 in
825 2663 876 2699 his
914 2673 982 2699 erat
1007 2687 1019 2703 ‚
1055 2673 1168 2705 magna
1191 2674 1229 2697 ex
1251 2671 1340 2711 parte

337 2717 448 2753 locum
478 2721 583 2750 mutet
621 2725 629 2744 :
674 2709 823 2754 idemque
859 2705 914 2741 fiat
947 2730 962 2757 ,-
999 2705 1079 2741 dum
1113 2704 1231 2741 viscera
1275 2716 1342 2737 εχι-

339 2769 471 2796 muntur
493 2781 503 2797 ‚
539 2751 653 2792 necesse
675 2752 718 2788 est
750 2776 763 2793 ‚
807 2752 888 2793 quin
920 2759 1018 2784 etiam
1056 2771 1066 2788 ‚
1108 2759 1145 2784 ut
1175 2758 1342 2798 tunceper

338 2804 406 2850 jam
428 2801 528 2837 incisa
552 2822 565 2840 ‚
597 2801 628 2833 ὃ(
653 2794 858 2839 postmodum
882 2804 937 2837 per
968 2805 1001 2828 ea
1024 2804 1095 2836 quae
1125 2794 1160 2826 in
1183 2802 1343 2837 proximis

339 2846 484 2891 partibus
507 2843 578 2876 vasa
599 2841 787 2875 inciduntur
809 2861 822 2880 ‚
855 2836 981 2880 sanguis
1003 2835 1131 2887 defluat·
1146 2861 1153 2868 .
1168 2865 1171 2867 a
1187 2834 1288 2886 Qud
1320 2835 1343 2867 si

340 2887 557 2926 nihilominus
578 2886 656 2920 velis
677 2883 816 2918 tribuere
840 2881 964 2924 aliquid
988 2892 1075 2923 aquae
1087 2889 1186 2915 etiam
1209 2879 1258 2913 illi
1272 2889 1343 2922 quae

340 2935 375 2969 in
397 2931 518 2967 cerebri
540 2928 726 2962 ventriculis
735 2924 904 2967 conspecta
927 2924 987 2961 est,
1010 2926 1043 2957 &
1064 2922 1232 2969 quidpiam
1254 2932 1344 2972 com-

341 2975 471 3013 minisci
494 2972 577 3007 unde
602 2972 714 3011 nervi,
735 2968 829 3004 cordi
849 2991 862 3008 ,
885 2970 918 3002 δε
940 2967 1150 3010 pulmonibus
1172 2967 1346 2999 inservien-

340 3031 388 3056 tes
400 3042 413 3059 ‚
436 3016 594 3060 repentini
615 3015 725 3049 obitus
747 3010 852 3047 causas
875 3010 1064 3047 adauxerint
1088 3035 1101 3052 ,
1122 3010 1226 3053 sicque
1247 3010 1345 3042 etiam

342 3063 535 3109 pulmonum
557 3058 756 3101 turgentium
780 3054 874 3089 illum
887 3062 1048 3090 tumorem
1070 3055 1247 3096 explicare,
1268 3064 1345 3095 qua-

342 3106 365 3143 fi
391 3116 492 3141 aerem
522 3102 687 3140 extrudere
713 3111 778 3136 non
811 3099 974 3141 potuerint
996 3109 1009 3137 ,-
1045 3095 1130 3133 haud
1155 3106 1345 3139 magnopere

342 3149 551 3185 adversabor.
683 3142 742 3179 Sed
766 3141 937 3186 paralytici
962 3140 1084 3183 aliquid
1108 3165 1118 3181 ,
1150 3152 1187 3174 an
1210 3139 1344 3173 convul-

343 3193 398 3229 sivi
423 3193 530 3236 potius
552 3191 587 3225 in
611 3200 650 3224 eo
672 3183 871 3233 excogitabis
906 3196 1002 3230 quem
1025 3185 1087 3220 tibi
1110 3185 1268 3220 continuo
1289 3182 1344 3217 dem

357 3238 400 3271 cri
429 3238 540 3271 emus?

344 3237 359 3272 s
386 3235 437 3323 32.
462 3279 547 3314 VlR
570 3274 736 3311 honestus,
760 3271 894 3307 necdum
919 3282 1015 3305 annos
1039 3271 1201 3313 sexaginta
1226 3279 1342 3308 natus,

345 3323 394 3357 lue
425 3323 507 3356 olim
539 3330 666 3354 venerea
701 3317 831 3353 affectus
855 3339 867 3356 ,
898 3325 934 3350 ut
969 3315 1158 3350 rheumatici
1182 3336 1194 3353 ‚
1226 3314 1342 3356 quibus

346 3365 554 3409 torquebatur
576 3388 586 3402 ‚
627 3362 753 3396 dolores
786 3361 837 3395 illi
879 3360 974 3392 etiam
1006 3358 1105 3393 causae
1153 3367 1263 3398 magna
1305 3368 1345 3390 ex

346 3417 433 3453 parte
470 3407 753 3445 adscriberentur,
793 3402 959 3447 postquam
990 3401 1051 3437 hos
1084 3407 1154 3434 ante
1188 3408 1345 3449 quatuor-

347 3450 452 3487 decim
472 3475 484 3492 ,
517 3459 571 3484 aut
604 3447 790 3492 quindecim
828 3457 927 3480 annos
960 3456 1013 3487 per
1046 3445 1192 3480 sudorem
1215 3466 1228 3483 ‚
1269 3442 1346 3475 soli-

348 3497 391 3531 tis
416 3495 578 3537 lignorum
600 3490 841 3527 decoctionibus
865 3516 873 3530 ‚
906 3493 937 3525 &
970 3489 1115 3524 laconico
1148 3496 1313 3521 evocatu-m
1336 3510 1346 3526 ,

490 3685 545 3711 via.
560 3686 622 3715 apud
637 3684 775 3709 Valsnlvam
791 3683 819 3707 de
837 3684 900 3708 Aure
916 3681 978 3706 rab.
995 3690 1018 3711 9.
1035 3681 1065 3707 ad
1081 3683 1094 3698 ·
1155 3681 1166 3710 (
1182 3679 1223 3707 h)
1241 3687 1263 3704 n.
1284 3687 1318 3707 ¹7·

409 3684 476 3749 (4853
497 3718 532 3743 De
548 3717 625 3742 Subit.
643 3717 719 3739 Mart.
736 3715 752 3739 Ι.
770 3721 792 3740 1.
807 3720 828 3738 e.
845 3715 882 3739 18.
901 3720 925 3738 n.
943 3720 965 3742 3.

1366 1354 1369 1356 ,
1393 1318 1551 1360 speximus
1575 1342 1582 1349 .

924 114 1080 172 Liber
1115 113 1180 169 11.
1214 114 1301 168 De
1334 112 1542 168 Morbis
1576 112 1830 165 Tho-racis

1399 191 1572 234 pervicerat
1595 212 1604 227 ,
1628 191 1756 233 pinguis
1778 189 1881 234 postea
1903 213 1913 228 ‚
1947 188 1998 224 sed
2023 191 2107 227 intra
2138 191 2271 229 modum
2294 215 2305 231 ³
2336 200 2404 227 erat

1399 234 1501 268 factus
1526 241 1631 267 ventre
1655 234 1827 276 proesertim
1850 256 1859 271 ‚
1894 236 1927 267 &
1950 232 2081 268 thorace
2102 260 2115 276 ,
2145 247 2211 271 non
2233 238 2278 271 ita
2300 237 2404 273 cruri-

1399 277 1476 311 bus.
1500 277 1597 310 Hunc
1620 276 1793 310 familiares
1817 276 2102 313 animadverterant
2134 279 2313 315 obnoxium
2345 289 2401 320 per

1398 320 1565 354 intervalla
1587 318 1644 352 esse
1666 319 1758 359 tulii,
1780 332 1842 363 qua
1864 319 1947 353 nihil
1970 322 2212 362 expectatam,
2240 323 2318 357 item
2333 321 2403 356 dif-

1398 363 1534 400 ficultati
1558 362 1684 396 cuidam
1708 361 1848 402 spirandi
1872 388 1885 405 ‚
1915 375 1932 397 a
1955 365 2030 397 cibo
2063 365 2259 406 potissimum
2280 391 2288 399 .
2321 367 2400 400 Cae·

1399 417 1502 439 terum
1524 417 1596 438 cum
1627 405 1770 444 robustus
1794 405 1865 443 effer
1888 430 1900 446 ,
1931 411 1963 440 r&
1996 410 2123 450 egregie
2157 409 2257 442 valere
2291 409 2402 443 omni-

1398 451 1456 483 bus
1487 447 1646 483 videretur
1678 473 1691 489 ,
1733 447 1791 482 nisi
1824 449 1911 492 quod
1945 461 2008 484 non
2041 451 2086 484 ita
2121 451 2243 494 pridem
2280 452 2403 486 Amico

1399 493 1525 527 dixerat
1548 516 1560 532 ,
1594 492 1623 525 se
1656 493 1762 534 capite
1794 492 1850 526 effe
1881 491 2051 532 confuso5
2086 494 2260 537 parciffime
2294 506 2403 530 coena-

1401 546 1452 570 tus
1473 559 1483 574 ,
1518 536 1579 568 levi
1603 537 1742 577 primum
1766 536 1907 570 tussicula
1928 547 2095 580 correp-tus
2118 537 2162 572 est
2183 561 2197 578 ,
2228 549 2301 581 quae
2323 548 2400 572 mox

1398 580 1477 613 adeo
1499 580 1637 612 increvit
1660 603 1673 620 ,
1703 589 1740 613 ut
1763 578 1925 621 spumante
1948 578 2011 621 jam
2034 592 2088 614 ore
2112 580 2252 616 accersiri
2275 579 2401 623 iuberet

1398 622 1565 656 Medicum
1582 647 1590 654 .
1626 622 1685 657 Sed
1708 623 1769 656 hic.
1785 631 1948 657 mortuum
1973 624 2096 657 invenit
2117 647 2127 663 ‚
2161 624 2340 659 ostendente
2363 624 2401 657 ad

1399 678 1435 699 os
1455 690 1466 707 ‚
1502 666 1649 709 naresque
1673 666 1702 699 se
1734 665 1842 707 spuma
1866 689 1878 705 ,
1913 665 1995 699 unde
2026 667 2129 710 postea
2166 667 2402 710 sanguinolenti

1400 711 1495 742 etiarn
1517 708 1664 743 humoris
1687 708 1853 752 quidpiam
1874 731 1883 746 ,
1909 709 2037 755 aiebant
2061 734 2072 751 ‚
2106 709 2212 748 exiisse
2235 737 2243 746 ‚
2279 711 2403 745 Incidit

1400 751 1495 794 hujus
1528 754 1605 786 Viri
1635 752 1744 786 obitus
1778 753 1812 785 in
1845 753 1927 796 Maji
1965 753 2098 788 initium
2129 755 2171 787 A.
2211 766 2300 798 1729.
2335 765 2401 796 quo

1398 797 1500 830 mense
1519 821 1527 836 ‚
1559 795 1737 830 indicatum
1758 795 1800 829 est
1822 806 1897 829 cum
1917 795 1976 829 hac
2000 797 2145 840 Epistola
2167 800 2181 837 ζ
2203 798 2224 832 h
2243 802 2260 839 )
2281 821 2295 839 ,
2327 807 2398 832 tum

1397 841 1471 873 aliis
1490 864 1503 881 ,
1534 842 1567 874 δε
1601 838 1765 881 speciatim
1798 840 1863 886 Ill.
1889 843 1903 878 (
1924 839 1937 872 i
1959 842 1970 877 )
2006 842 2039 874 ὅσ
2062 842 2125 874 IV.
2160 844 2175 880 (
2195 841 2216 884 4
2236 846 2250 882 2
2273 851 2400 884 repente

1397 883 1501 926 plures
1524 884 1558 916 in
1582 881 1639 916 hac
1663 882 1775 920 Urbe,
1798 881 1923 925 ejusque
1947 883 2039 925 Agro
2062 883 2239 918 interiisse:
2261 896 2401 928 quorum

1397 926 1421 962 fi
1451 926 1649 962 disseffiones
1671 927 1755 959 inter
1785 924 1815 959 se
1839 925 2044 966 contuleris;
2075 927 2165 969 plane
2205 929 2366 972 intelliges
2388 952 2401 969 ,

1395 972 1548 1013 quamvis>
1576 969 1742 1012 inopinata
1765 979 1873 1003 omnes
1907 978 2009 1002 morte
2031 989 2042 1006 ,
2075 971 2173 1004 alium
2198 981 2305 1006 tamen
2338 973 2400 1006 alia

1394 1013 1487 1048 causa
1509 1022 1632 1057 ereptos
1654 1013 1711 1047 esle
1735 1036 1749 1054 ,
1777 1010 1971 1046 veluthunc
1995 1036 2004 1052 ,
2037 1011 2128 1055 cujus
2152 1013 2294 1049 thoracis
2319 1040 2329 1057 ,
2366 1019 2399 1050 <Sc

1394 1058 1516 1100 capitis
1538 1058 1689 1091 interiora
1713 1066 1787 1091 cum
1811 1056 1888 1089 meis
1911 1055 2058 1098 Collegis
2073 1054 2303 1094 professoribus
2328 1061 2399 1093 Pri-

1395 1102 1506 1134 mariis
1530 1099 1610 1135 hora
1633 1100 1671 1133 ab
1694 1100 1831 1134 interitu
1852 1100 1983 1132 circiter
2006 1099 2165 1142 trigefima
2198 1102 2371 1146 inspiciens
2388 1127 2398 1143 ,

1393 1142 1436 1177 sic
1476 1144 1641 1178 observavi
1677 1168 1686 1175 .
1828 1143 1862 1175 T
1885 1143 1921 1175 H
1944 1144 1979 1175 O
2000 1144 2032 1177 R
2055 1144 2085 1176 A
2106 1144 2138 1178 C
2160 1146 2176 1177 I
2200 1147 2218 1178 S
2251 1171 2260 1187 ,
2304 1145 2396 1189 cuius

1393 1186 1493 1220 latera
1527 1198 1565 1221 ex
1604 1186 1758 1221 subrubro
1791 1185 1936 1218 livebant
1960 1209 1973 1225 ,
2014 1185 2242 1228 pinguedinem
2264 1213 2277 1230 ‚
2320 1190 2398 1223 dum

1391 1230 1492 1264 incidi
1525 1227 1669 1273 coepisset
1694 1251 1704 1267 ‚
1736 1239 1800 1261 non
1831 1239 1967 1272 paucam
2001 1228 2188 1264 adnotantes
2213 1254 2224 1270 ‚
2257 1244 2296 1265 eo
2319 1243 2399 1267 mox

1394 1283 1504 1317 aperto
1526 1298 1538 1315 ,
1571 1283 1635 1307 non
1676 1283 1808 1315 paucam
1849 1273 1884 1305 in
1923 1272 2109 1306 mediastino
2150 1285 2284 1319 quoque
2320 1286 2401 1310 con..

1620 1316 1791 1350 Pulmones
1825 1316 1915 1348 intus
1938 1338 1950 1355 ,
1983 1325 2132 1360 extraque
2167 1316 2248 1352 fusci
2273 1343 2283 1360 ‚
2301 1319 2401 1353 mol-

1391 1362 1435 1394 les
1467 1371 1572 1395 tamen
1594 1385 1607 1402 ,
1641 1360 1734 1393 ambo
1765 1370 1839 1394 cum
1873 1359 1979 1401 plenta
2010 1361 2149 1394 anterius
2181 1363 2253 1396 nexi
2280 1389 2290 1402 ‚
2323 1362 2401 1397 sini-

1389 1404 1448 1440 ster
1480 1414 1586 1441 autem
1619 1404 1761 1446 undique
1786 1425 1796 1441 ‚
1818 1402 2027 1448 ⁴humidiores
2060 1405 2147 1437 intus
2171 1427 2180 1443 ‚
2213 1417 2314 1449 neque
2348 1407 2402 1441 ni-

1391 1450 1453 1483 mis
1485 1458 1590 1483 tamen
1617 1471 1626 1485 ‚
1658 1447 1776 1490 reperti
1810 1448 1880 1480 sunt
1903 1470 1917 1487 ‚
1959 1455 1995 1480 ut
2039 1457 2138 1490 neque
2182 1449 2278 1483 essent
2322 1447 2401 1484 adeo

1391 1503 1499 1535 graves
1521 1516 1535 1534 2
1566 1501 1664 1533 neque
1688 1503 1725 1523 ex
1747 1488 1867 1531 Aspera
1889 1492 2005 1524 arteria
2028 1489 2171 1532 spumam
2194 1517 2202 1531 ,
2226 1502 2282 1527 aut
2304 1492 2402 1537 quid-

1390 1547 1486 1580 quam
1531 1536 1712 1570 emitterent
1739 1557 1746 1565 .
1886 1535 1925 1571 In
1967 1533 2130 1568 Thoracis
2171 1545 2304 1580 utraque
2348 1548 2401 1572 ca.

1391 1591 1445 1612 vea
1468 1602 1478 1619 ‚
1515 1580 1605 1613 &in
1636 1576 1817 1620 pericardio
1850 1577 1956 1622 multo
1980 1577 2050 1620 plus
2084 1578 2233 1613 humoris
2255 1604 2268 1620 ,
2303 1592 2400 1624 quam

1391 1624 1586 1668 plerumque
1609 1621 1742 1655 solitum
1765 1619 1803 1653 sit
1828 1642 1840 1659 ‚
1872 1619 1998 1662 ejusque
2031 1632 2086 1668 per
2109 1621 2138 1654 se
2160 1644 2173 1662 ,
2205 1634 2267 1656 non
2292 1636 2307 1656 a
2331 1623 2401 1658 san.

1391 1668 1487 1708 t‘tuine
1519 1667 1576 1707 qui
1613 1666 1697 1697 inter
1729 1663 1896 1696 secandum
1941 1664 2101 1698 incidislet
2124 1688 2136 1704 ,
2180 1664 2363 1701 subcruenti
2390 1692 2397 1700 .

1392 1712 1460 1743 Cor
1483 1733 1495 1750 ,
1524 1707 1652 1752 ejusque
1676 1707 1824 1740 auriculae
1866 1717 1932 1743 non
1956 1706 2057 1740 modo
2090 1708 2174 1741 nihil
2209 1710 2358 1753 polypoli
2386 1735 2395 1750 ,

1390 1751 1478 1794 quod
1501 1753 1534 1785 in
1558 1750 1621 1784 hoc
1644 1750 1793 1785 cadavere
1815 1749 1967 1792 nusquam
1992 1749 2059 1783 vidi
2084 1774 2096 1791 ‚
2119 1750 2168 1784 sed
2191 1751 2276 1785 nihil
2299 1752 2400 1789 ferme

1392 1797 1555 1838 sanguinis
1577 1794 1785 1828 continebant
1809 1818 1817 1825 .
1852 1794 1937 1827 Cum
1963 1792 2041 1833 hic,
2064 1796 2097 1828 ὃ(
2120 1796 2153 1827 in
2177 1796 2339 1838 valvulis,
2363 1801 2396 1832 δε

1392 1841 1425 1872 in
1451 1840 1601 1880 Magnis,
1627 1846 1743 1879 praeter
1765 1838 1924 1874 Aormm,
1948 1835 2026 1869 vafis
2048 1861 2061 1877 ‚
2095 1849 2165 1881 quae
2189 1841 2307 1881 aperiri
2333 1840 2416 1874 sin->

1390 1882 1466 1924 gula
1498 1881 1644 1924 jubebam
1666 1904 1678 1920 ,
1712 1889 1828 1921 quanta
1861 1880 2004 1913 maxima
2037 1890 2184 1923 poteram
2221 1886 2402 1918 attentione

1391 1924 1464 1959 usus
1487 1947 1501 1964 ,
1534 1924 1702 1967 quidpiam
1726 1922 1956 1965 deprehendere
1981 1933 2046 1956 non
2071 1924 2189 1965 possem
2215 1928 2304 1969 quod
2327 1927 2403 1962 esset

1392 1967 1599 2002 adnotatione
1622 1967 1778 2009 dignumg
1802 1966 1938 2009 denique
1962 1966 1995 1998 in
2015 1967 2117 2000 Aorta
2141 1969 2286 2003 substiti.
2313 1972 2402 2006 Nam

1390 2012 1533 2053 primum
1554 2023 1571 2043 a
1593 2010 1691 2044 corde
1714 2010 1752 2043 ad
1773 2018 1977 2044 curvaturam
2000 2008 2097 2053 usque
2120 2011 2184 2044 visa
2207 2014 2305 2047 latior
2326 2014 2369 2048 est
2391 2039 2401 2048 .

1390 2054 1483 2087 Tum
1507 2053 1587 2087 albis
1609 2053 1741 2087 maculis
1765 2053 1819 2087 hic
1843 2053 1912 2086 illic
1936 2054 2089 2087 interiore
2111 2053 2194 2087 facie
2217 2056 2366 2091 distincta
2391 2084 2399 2090 .

1390 2095 1513 2131 Eadem
1536 2104 1684 2140 praeterea
1706 2095 1786 2130 facie
1811 2105 1881 2129 tota
1902 2096 1987 2140 quasi
2011 2098 2198 2140 inaequalis.
2222 2101 2267 2133 Et
2284 2125 2292 2139 ‚
2313 2101 2403 2145 quod

1390 2138 1475 2174 mihi
1499 2141 1696 2183 praecipuum
1720 2138 1824 2174 visum
1847 2139 1889 2172 est
1913 2162 1922 2176 ,
1959 2139 2067 2172 colore
2090 2153 2128 2174 ex
2154 2150 2224 2176 atro
2247 2145 2362 2179 rubens
2384 2169 2398 2186 ‚

1391 2193 1427 2218 ut
1459 2182 1482 2217 si
1514 2181 1775 2217 inflammatione
1806 2182 1943 2227 quadam
1985 2180 2056 2215 esset
2107 2182 2217 2220 affecta
2252 2211 2259 2218 .
2305 2189 2401 2222 Albae

1392 2227 1523 2261 maculae
1546 2235 1635 2260 extra
1667 2226 1839 2261 dilatatum
1862 2227 1984 2260 arteriae
2008 2227 2147 2261 tract-um
2179 2240 2241 2262 non
2268 2242 2401 2274 appare-

1389 2270 1466 2304 bant
1491 2295 1499 2303 .
1531 2271 1654 2304 Caetera
1678 2279 1785 2304 autem
1807 2270 1864 2303 illa
1889 2272 1921 2303 ἃ
1947 2280 2001 2312 per
2024 2281 2227 2306 curvaturam
2249 2297 2261 2313 ,
2285 2277 2322 2308 Sc
2340 2286 2404 2319 qua

1389 2312 1559 2347 secundum
1581 2313 1738 2347 vertebras
1763 2315 1875 2346 arteria
1898 2313 2058 2347 descendit
2085 2339 2095 2355 ‚
2120 2317 2316 2359 pergebant,
2341 2320 2403 2352 mi-

1389 2368 1447 2390 nus
1471 2365 1576 2391 tamen
1599 2381 1611 2397 ,
1642 2368 1738 2401 quam
1763 2358 1798 2390 in
1832 2358 1938 2401 primo
1960 2357 2019 2389 illo
2051 2358 2158 2393 tratfhi
2180 2383 2186 2391 .
2226 2362 2278 2394 Sic
2302 2364 2402 2396 etiam

1389 2411 1464 2433 cum
1495 2411 1548 2442 per
1572 2411 1644 2435 eum
1677 2411 1800 2434 ramum
1833 2400 1862 2434 se
1885 2400 2095 2442 producerent
2115 2424 2129 2441 ,
2159 2404 2216 2445 qui
2241 2416 2258 2437 a
2279 2404 2402 2440 dextris

1391 2443 1594 2477 Subclaviam
1617 2468 1628 2483 ‚
1661 2446 1694 2477 &
1716 2443 1906 2477 Carotidem
1931 2444 2059 2476 arterias
2083 2445 2206 2478 emittit
2230 2470 2244 2487 ,
2277 2459 2401 2491 quanto

1390 2486 1445 2520 ille
1469 2487 1571 2531 magis
1595 2487 1632 2521 ab
1654 2488 1754 2520 initio
1776 2486 1931 2524 distabat,
1958 2495 2050 2519 tanto
2073 2487 2128 2521 illa
2141 2490 2245 2523 minus
2270 2491 2299 2524 se
2324 2504 2401 2534 pro-

1390 2529 1524 2565 debant.
1660 2531 1813 2572 Capitis,
1836 2530 1924 2572 cujus
1935 2528 2032 2563 facies
2056 2533 2233 2566 eratlivida
2249 2557 2260 2574 ,
2283 2534 2400 2569 festio.

1389 2584 1427 2607 ne
1450 2574 1596 2616 protinus
1621 2572 1790 2614 instituta,
1811 2584 1885 2607 cum
1908 2576 2049 2607 cranium
2075 2575 2291 2611 recluderetur
2313 2602 2326 2619 ,
2348 2581 2402 2613 ni-

1389 2615 1439 2651 hil
1462 2615 1592 2651 effluxit
1617 2639 1624 2648 .
1660 2616 1745 2650 Vasa
1782 2628 1837 2658 per
1861 2618 2006 2651 Tenuem
2038 2619 2218 2662 meningem
2251 2619 2402 2664 sanguine

1391 2659 1513 2695 tumida
1539 2673 1548 2699 ς
1583 2661 1616 2694 in
1650 2659 1852 2695 Lateralibus
1887 2670 1991 2694 autem
2024 2664 2210 2696 ventriculis
2234 2660 2403 2700 subcruen-

1392 2714 1458 2738 tam
1486 2716 1599 2747 aquam
1623 2727 1634 2744 ,
1670 2703 1720 2737 sed
1744 2715 1809 2738 non
1832 2705 1969 2738 multam
1993 2727 2004 2743 ,
2039 2705 2270 2740 adnotavimus
2288 2735 2295 2742 .
2330 2712 2403 2743 Cae.

1393 2757 1497 2781 terum
1530 2747 1739 2782 Choroidum
1762 2748 1915 2790 plexuum
1948 2747 2064 2788 color,
2090 2752 2123 2782 ἃ·
2145 2750 2309 2793 quidquid
2339 2752 2402 2786 five

1393 2792 1427 2825 in
1450 2791 1633 2826 ventriculis
1657 2791 1809 2827 omnibus
1830 2815 1843 2831 ,
1874 2790 1933 2824 five
1957 2792 1990 2824 in
2014 2792 2202 2834 Oblongata
2227 2794 2366 2829 medulla
2388 2819 2402 2837 ‚

1393 2836 1455 2869 slve
1497 2836 1531 2867 in
1571 2835 1700 2869 cerebro
1720 2858 1730 2871 ‚
1775 2837 1808 2868 δε
1841 2835 1996 2868 cerebello
2022 2856 2033 2875 ‚
2065 2847 2139 2879 quae¹
2169 2836 2297 2872 duriora
2343 2851 2402 2882 po-

1393 2879 1459 2912 tius
1491 2887 1578 2912 erant
1601 2902 1616 2919 ‚
1646 2889 1744 2921 qnam
1780 2878 1850 2910 laxa
1872 2900 1881 2915 ,
1916 2877 2095 2914 dissecando
2136 2880 2258 2924 inquiri
2289 2882 2368 2916 solet
2389 2906 2402 2924 ,

1394 2922 1503 2955 onmia
1537 2921 1707 2956 secundum
1752 2931 1897 2955 naturam
1920 2945 1929 2954 .
1977 2922 2133 2957 Ventrem
2178 2935 2242 2959 non
2287 2928 2402 2971 attigi-

1396 2976 1487 2999 mus.

1439 3011 1490 3052 36.
1516 3010 1615 3044 Hunc
1639 3009 1760 3042 Virum
1791 3007 1813 3041 fi
1837 3007 1906 3042 tuffi
1929 3007 2109 3043 convulsiva
2142 3009 2331 3047 suffocatum
2355 3013 2402 3048 es-

1397 3052 1447 3092 se,
1470 3052 1592 3086 dixeris
1617 3065 1628 3092 3
1651 3062 1717 3086 non
1739 3050 1838 3084 modo
1862 3062 1925 3084 non
1953 3054 2160 3095 repugnabo,
2183 3066 2259 3090 cum
2283 3056 2376 3091 sciam
2391 3079 2402 3096 ‚

1395 3095 1588 3130 invisibilem
1619 3094 1714 3137 huius
1749 3094 1874 3128 causam
1907 3097 1940 3128 in
1976 3107 2092 3130 nerveo
2130 3100 2290 3141 quopiam>
2322 3112 2403 3144 gan-

1394 3140 1464 3182 glio
1495 3139 1592 3173 latere
1627 3138 1711 3181 posse
1745 3150 1757 3176 3
1796 3149 1907 3172 verum
1939 3139 2067 3182 insuper
2102 3141 2161 3176 esse
2197 3142 2280 3185 apud
2316 3145 2403 3177 Lan-

1393 3182 1506 3217 cifium
1535 3183 1583 3224 (l
1597 3182 1616 3224 )
1650 3182 1793 3224 exempla
1825 3182 2014 3218 convulfiva:
2038 3183 2124 3219 tuffis
2146 3207 2157 3223 ‚
2188 3197 2259 3228 quae
2293 3197 2402 3229 repen-

1394 3235 1427 3259 te
1460 3225 1608 3260 homines
1640 3226 1792 3258 occiderit
1816 3248 1828 3265 ,
1861 3224 2038 3259 admonebo
2059 3251 2067 3258 .
2119 3228 2199 3262 Non
2236 3239 2402 3272 propterea

1395 3279 1499 3302 tamen
1522 3270 1632 3303 censeo
1653 3292 1665 3307 ‚
1698 3267 1756 3302 esse
1777 3271 1913 3302 omnino
1945 3270 2008 3302 tibi
2030 3270 2217 3313 negligenda
2254 3284 2323 3315 quae
2347 3272 2402 3305 ad-

1395 3314 1505 3346 notavi
1531 3314 1564 3345 in
1589 3314 1703 3345 arteria
1723 3313 1842 3354 Magna
1866 3337 1872 3344 .
1897 3314 1964 3346 Hic
1987 3315 2073 3348 enim
2095 3315 2158 3348 Vir
2182 3315 2250 3349 tulii
2273 3315 2402 3358 quidem

1395 3355 1557 3391 obnoxius
1579 3354 1682 3390 suerat
1695 3378 1708 3396 ‚
1731 3354 1782 3389 sed
1806 3366 1871 3389 non
1895 3368 1933 3389 eo
1955 3367 2029 3390 cum
2059 3359 2182 3402 impetu
2206 3357 2364 3393 adorienti
2389 3382 2402 3400 ‚

1394 3409 1430 3434 ut
1455 3400 1627 3442 prospici,
1660 3401 1693 3432 δε
1726 3397 1856 3440 praedici
1891 3399 1991 3443 posset
2017 3423 2030 3441 ,
2060 3401 2327 3443 quemadmodum
2367 3403 2401 3435 in

1397 3441 1538 3475 Lancifii
1561 3442 1717 3483 exemplis
1737 3464 1747 3479 ‚
1770 3440 1827 3475 esse
1850 3442 2024 3486 aliquando
2045 3442 2271 3479 suffocaturum
2294 3469 2302 3478 .
2339 3446 2402 3480 Vi-

1397 3484 1535 3521 dendum
1558 3484 1601 3518 est
1624 3487 1750 3528 igitur,
1772 3486 1852 3528 quid
1874 3487 1986 3521 Aortae
2009 3485 2227 3522 inflammatio
2250 3487 2342 3532 poffit
2364 3487 2402 3523 ad

2272 3542 2357 3565 mor-

1381 3679 1634 3708 (s'Jn.u-&25.
1694 3679 1884 3709 [kJn.21‚‘
