2498 4075
1984 247 2078 310 285

196 368 708 442 EPISTOLA
764 368 1876 461 ANAToMmo-MEDICA
1931 375 2038 441 LI.

414 522 501 578 De
534 522 877 587 Vulneribus,
909 513 978 581 δι>
998 524 1187 581 Ictibus
1219 524 1425 594 Capitis
1463 523 1621 578 verba
1653 522 1786 578 fiunt
1805 560 1820 574 .

212 669 262 703 Ot
285 669 361 707 sunt
382 682 456 715 quaa
478 667 515 703 ad
540 669 686 703 Vulnera
701 693 710 709 ,
732 670 764 702 &
787 669 872 702 Ic'tus
895 668 1036 703 attinent
1059 670 1093 703 in

220 713 382 749 Valsalvae
404 711 525 749 schedis
548 711 801 747 Observationes
816 736 826 752 ‚
848 721 884 746 ut
907 710 1011 747 fiunis
1024 714 1094 746 Lit-

222 759 299 790 teris
321 758 494 800 compleffl
520 755 618 788 velim
643 755 827 792 universas3
851 755 972 789 librum
985 756 1091 789 videar

84 794 127 829 ad
153 806 184 830 te
208 800 336 836 mittere
350 824 359 838 ,
380 812 445 834 non
468 798 630 841 epistolam
645 823 653 831 .
678 801 792 841 Itaque
805 798 948 834 dividere
961 799 1090 834 manus

82 837 260 877 secundum
286 846 389 878 varias
411 845 544 877 iliorum
568 842 678 882 sedes,
702 853 751 876 eas
784 852 852 884 quae
896 842 932 876 ad
978 845 1088 884 Caput

83 880 252 926 speeiem,
276 897 360 921 nunc
384 888 484 920 mitto
507 909 516 924 ,
552 896 682 921 caeteras
714 886 860 926 deinceps
904 885 1053 920 missurus
1075 910 1083 919 0

80 925 145 975 Ab.
164 928 204 961 iis
227 938 334 965 autem
358 931 514 974 incipiens
535 930 569 962 in
593 929 712 972 quibus
735 929 880 962 cranium
905 929 1006 965 nihil,
1031 938 1086 962 aut

80 968 183 1003 levrus
206 971 311 1006 fuerat
334 974 443 1009 laesum
458 1000 465 1014 ‚
492 972 529 1008 ad
552 984 601 1007 eas
626 972 810 1014 progrediar
834 975 866 1006 in
889 972 1085 1017 quibuspia-

82 1021 122 1046 ne
145 1011 272 1052 fissum.
297 1026 351 1050 aut
375 1016 569 1059 perfrafium
593 1017 762 1050 inventum
786 1013 847 1049 est.
911 1020 913 1022 ’

104 1065 153 1105 ’2.
178 1058 484 1094 ADOLESCENS
508 1067 663 1093 annorum
689 1058 846 1093 sexdecim
867 1057 1017 1101 conjecffo
1039 1058 1086 1091 la-

78 1097 154 1140 pide
177 1104 355 1140 percutitur
377 1105 410 1137 in
434 1104 553 1138 sinistra
578 1103 734 1143 sincipitis
759 1111 847 1142 parte
872 1113 973 1145 prope
996 1101 1086 1135 sutu-

77 1153 147 1176 ram
170 1144 425 1185 Lambdoidem‚
452 1146 625 1183 intervallo
647 1146 786 1180 duorum
810 1147 938 1180 circiter
959 1144 1084 1187 digito-

75 1194 149 1219 rum
174 1199 189 1219 a
214 1189 387 1230 Sagittali.
412 1191 554 1225 Nullum
576 1188 784 1223 consecutum
809 1188 852 1223 est
896 1189 1085 1231 symptoma‘

75 1238 194 1263 notatu
218 1230 380 1274 dignum,
404 1232 464 1267 nisi
487 1231 575 1275 quod
601 1233 740 1267 vulneris
765 1231 851 1265 labra
898 1241 1044 1265 tumuere
1066 1254 1076 1270 ‚

73 1272 173 1316 idque
196 1274 323 1317 aliquot
346 1287 477 1312 tantum
502 1276 568 1310 dies
592 1286 664 1309 ante
688 1274 915 1309 undecimum.
940 1275 1019 1313 Quo
1031 1274 1082 1309 die

74 1314 105 1348 se
129 1316 275 1359 prodidit
298 1317 397 1354 febris
420 1332 494 1354 cum
519 1319 639 1361 frigore
655 1345 663 1358 ‚
688 1322 719 1353 &
743 1319 869 1352 vomitu
886 1344 894 1357 ,
941 1327 972 1351 at
1019 1317 1081 1352 sine

75 1359 140 1394 ulla
163 1361 280 1400 capitis
305 1364 448 1397 molestia
465 1389 472 1397 .
497 1363 664 1397 Subsecuti
688 1362 762 1396 sunt
787 1371 892 1395 motus
923 1360 1080 1395 convulsi-

73 1402 131 1441 Vi,
153 1402 294 1446 aphonia
310 1432 319 1446 ,
342 1407 497 1448 surditas,
520 1407 669 1443 caecitas,
694 1408 725 1439 ὃς
748 1404 875 1440 decimo
899 1414 1018 1448 quarto
1029 1404 1080 1439 die
1098 1445 1101 1447 ‚

72 1446 229 1484 ineunte,
258 1459 364 1484 mors.
498 1449 735 1484 CRANIUM
759 1458 826 1482 erat
849 1448 983 1482 illaesum
1009 1461 1018 1485 ς
1049 1451 1081 1482 &

74 1497 183 1538 temen
209 1491 349 1533 {obieeta
375 1494 503 1529 vulneri
528 1494 616 1526 Dura
641 1493 772 1527 meninx
795 1500 888 1525 tanto
901 1489 1001 1525 ferme
1012 1490 1081 1534 spa-

73 1541 148 1572 tio,
174 1544 299 1576 quanto
323 1536 428 1572 fuerat
452 1538 589 1574 vulnus,
618 1538 748 1570 inventa
774 1535 815 1568 est
839 1534 968 1569 crassior
990 1557 1000 1572 ‚
1036 1536 1083 1567 la-

71 1576 166 1615 ΧῘΟΓ,
193 1577 360 1620 superficie
383 1581 562 1624 inaequali,
584 1579 695 1614 colore
720 1585 757 1612 ad
790 1577 973 1612 subflavum
1011 1588 1083 1611 ver-

71 1628 188 1660 gente:
212 1624 244 1655 &
267 1624 351 1657 inter
365 1625 502 1666 ipsam,
527 1625 558 1656 &
584 1624 674 1655 Fiam
698 1633 755 1663 pus
788 1621 980 1655 concoe’tum
1024 1621 1084 1655 sta-

71 1673 172 1704 gnans
194 1664 280 1698 inter
303 1667 478 1708 processum
505 1666 669 1701 Falcatum
692 1668 723 1702 ὃ(
747 1664 823 1699 huic
847 1666 989 1697 vicinam
1012 1676 1084 1706 par-

70 1714 136 1755 tem
160 1707 282 1743 cerebri
305 1710 502 1752 superiorem
527 1709 567 1743 ad
591 1710 751 1743 anteriora
777 1708 892 1751 usque.
917 1709 1083 1741 Caeterum

69 1758 105 1781 in
129 1757 204 1783 toto
232 1751 302 1793 ipso
325 1754 459 1788 cerebro
483 1753 570 1789 nulla
592 1764 665 1797 quae
689 1751 747 1787 sub
780 1751 904 1786 sensum
934 1750 1079 1789 caderet,

70 1790 271 1835 deprehensa
298 1794 343 1831 est
362 1796 467 1831 laefio.

69 1879 76 1886 ι
108 1846 138 1878 3.
167 1837 253 1871 VIR
281 1838 320 1872 ad
345 1838 574 1883 sexagesimum
598 1838 751 1874 accedens
785 1848 905 1872 annum
929 1859 939 1874 ‚
971 1836 1079 1870 baculi

65 1879 175 1913 ustum«
196 1883 318 1923 excipit
343 1884 439 1924 paulo
464 1884 555 1927 supra
580 1892 759 1916 extremam
783 1882 902 1916 srontis
918 1905 926 1919 ‚
951 1882 982 1912 δι
1007 1880 1083 1914 sini-

61 1922 117 1956 stri
139 1926 301 1966 temporis
322 1932 469 1968 partem,
500 1926 593 1960 nullo
618 1935 720 1965 tunc,
744 1935 800 1959 aut
833 1925 992 1967 proximis
1014 1924 1100 1965 die-j

61 1964 122 1999 bus
145 1976 319 2009 apparente
341 1968 592 2012 symptomate3
619 1978 655 2002 ut
679 1968 746 2011 ipse
773 1978 827 2011 per
859 1967 889 2001 se
933 1966 1083 2008 quotidie

62 2007 102 2043 ad
125 2008 332 2046 Bononiense
354 2013 384 2045 S.
414 2013 531 2046 Mariae
554 2013 595 2047 de
620 2013 701 2045 Vita
727 2010 968 2045 Nosocomium
993 2012 1084 2043 veni-

63 2059 135 2089 ret,
160 2052 378 2095 ubivulneri‚
403 2064 543 2090 cutaneo
566 2055 761 2098 prorsus‚&
783 2055 902 2089 nullius
927 2054 1082 2088 momenti

63 2094 216 2137 credito,
237 2099 388 2133 consueta
411 2099 552 2135 remedia
576 2098 828 2133 adhiberentur.
853 2097 947 2140 Quin
980 2100 1079 2131 etiam

63 2139 273 2189 pent-‘eosdem
297 2151 463 2184 quatuor,
488 2152 542 2177 aut
566 2143 711 2185 quinque
733 2141 798 2175 dies
823 2144 855 2173 in
888 2139 962 2173 foro
1007 2146 1078 2182 per-

62 2182 153 2216 stitit
179 2185 337 2219 castaneas
360 2185 524 2222 vendens,
548 2194 585 2218 ut
610 2185 753 2221 solebat,
776 2182 958 2227 praefrigida
992 2192 1075 2216 tem-

63 2224 185 2268 pestate
199 2250 209 2262 .
231 2228 330 2262 Sexto
355 2237 463 2263 autem
485 2230 618 2263 circiter
641 2229 692 2262 die
714 2228 852 2261 deterius
874 2226 912 2260 fit
936 2225 1073 2267 vulnus,

64 2267 215 2312 febrique·
234 2277 309 2306 curn
333 2271 481 2314 frigore,
504 2275 536 2305 &
558 2272 666 2313 rigore
688 2270 816 2305 invadit
831 2284 840 2302 =
865 2269 905 2304 ad
938 2270 1072 2304 eundem

62 2311 199 2347 modum
221 2314 373 2357 quotidie
396 2317 580 2353 recurrens,
607 2314 700 2348 nullo
724 2314 790 2348 alio
802 2313 970 2348 accedente
985 2313 1073 2356 sym-

63 2364 234 2398 ptomate,
259 2369 358 2401 quam
381 2358 444 2392 levi
469 2359 617 2393 sauciatae
641 2360 742 2400 partis
764 2368 934 2400 gangraena
959 2383 967 2397 ,
1003 2358 1071 2391 sen-

61 2400 123 2433 fim
146 2400 312 2435 hominem
351 2401 494 2436 confecit
517 2428 526 2436 .
662 2402 899 2435 CADAVER
944 2411 1070 2434 contra-

62 2442 154 2477 &um
176 2455 244 2478 erat
268 2456 285 2477 a
309 2444 451 2488 frigida,
474 2456 511 2479 ut
534 2444 706 2479 videbatur
722 2469 729 2482 ‚
753 2446 836 2487 aeris
858 2443 1071 2478 constitutio-

61 2495 102 2519 ne
126 2511 134 2520 .
169 2488 199 2522 E
224 2488 353 2522 vulnere
377 2488 471 2522 saniei
496 2488 645 2523 nonnihil
673 2490 759 2522 inter
781 2498 959 2522 extremum
986 2499 1071 2520 mar-

61 2531 171 2572 ginem
206 2532 414 2572 Temporalis
439 2531 597 2571 musculi,
621 2536 652 2565 &
674 2543 710 2565 os
731 2530 951 2565 descenderat.
977 2531 1073 2565 Gan-

56 2583 174 2614 ,graena
197 2582 304 2608 autem
330 2575 474 2609 erosione
498 2575 551 2609 sua
577 2576 692 2609 vulnus
738 2578 775 2609 ad
819 2574 1065 2617 amplitudinem

59 2625 197 2651 monetae
239 2624 311 2660 quae'
347 2619 476 2661 scutum
520 2619 708 2653 Romanum
753 2619 872 2652 dicitur
894 2641 905 2657 ,
951 2618 1064 2652 dilata-

59 2668 150 2694 verat
174 2673 182 2692 :
228 2661 340 2704 ibique
383 2673 419 2695 os
462 2663 587 2697 nudum
632 2664 665 2695 in
710 2661 919 2703 conspectum
956 2662 1067 2695 venie-

57 2703 139 2735 bat.
187 2704 324 2739 Exseeto
368 2706 482 2740 cranio
506 2727 515 2742 ,
563 2716 602 2739 ne
636 2705 841 2749 diligentiori
865 2704 997 2748 quidem
1019 2706 1069 2737 in-

56 2745 171 2795 stituta
195 2750 428 2791 perquisitione
452 2749 554 2782 ullum
578 2752 687 2791 potuit
735 2748 872 2782 laesionis
905 2747 1064 2782 indicium

61 2799 96 2821 ln
140 2800 178 2821 eo
221 2789 284 2825 osse
332 2792 568 2826 animadverti.
593 2793 763 2833 Meninges
809 2798 916 2825 tamen
940 2804 977 2825 eo
1011 2801 1064 2824 to-

60 2841 98 2865 to
122 2832 226 2873 spatio
249 2844 315 2875 quo
338 2846 373 2867 os
397 2836 499 2877 ipsum
522 2835 687 2870 detestum
710 2834 814 2869 fuerat
831 2856 839 2870 ‚
864 2838 895 2868 &
919 2835 1069 2874 sanione,

61 2877 93 2908 δι
115 2876 284 2918 aliquanto
316 2878 476 2912 craffiores
499 2881 640 2912 inventa:
664 2879 737 2913 sunt
761 2903 768 2910 .
804 2877 993 2920 Subjefium
1019 2879 1067 2912 his

60 2918 228 2953 cerebrum
252 2919 356 2953 levem
377 2924 530 2964 quidem,
556 2921 606 2955 sed
629 2931 736 2956 tamen
760 2921 944 2955 evidentem
966 2922 1068 2955 laefio-

61 2973 136 2995 nem
159 2973 364 2996 contraxerat
384 2988 392 2996 .
419 2966 507 3000 Nam
530 2966 668 2999 exterius
692 2967 730 2998 ad
755 2967 844 3007 parvi
868 2968 979 2999 ciceris
1003 2978 1067 2999 ma-

60 3005 265 3047 gnitudinem
287 3017 437 3048 corrupta
460 3018 526 3043 erat
549 3008 617 3049 ejus
641 3008 811 3042 substantia
838 3031 847 3046 ‚
881 3011 911 3042 δε
936 3010 970 3042 in
1003 3021 1068 3042 me-

61 3049 119 3083 dio
141 3048 266 3092 pertusa
291 3049 449 3084 foramine
473 3055 628 3095 perquam
653 3053 728 3085 exili
752 3052 922 3086 videbatur
945 3078 952 3085 .
990 3052 1066 3086 Hoc

61 3103 136 3126 cum
168 3104 202 3125 ea
228 3095 437 3137 corruptione
469 3106 533 3130 non
558 3095 644 3130 ultra
680 3097 830 3140 exiguam
861 3096 1067 3131 altitudinem

62 3136 269 3170 descendebat
283 3160 290 3167 .

105 3190 136 3220 4.
161 3178 353 3222 Priusquam
386 3179 546 3216 alias'huc
585 3192 728 3220 attexam
750 3181 980 3224 ejusdemmodi
1014 3182 1065 3217 hi-

61 3222 197 3262 stirias,
219 3223 372 3257 nonnulla
396 3223 490 3258 facile
515 3237 554 3260 ex
568 3238 616 3259 me
638 3239 781 3270 quaeres3
804 3226 885 3260 illud
898 3229 1038 3269 primum
1053 3253 1062 3268 ‚

61 3267 229 3307 quomodo
253 3265 354 3300 illaeso
377 3267 459 3304 osse,
484 3268 560 3301 laesae
585 3280 691 3305 tamen
716 3269 862 3312 subjeetae
874 3272 1060 3313 meninges,

62 3309 308 3351 &purulentae,
332 3322 367 3344 ac
392 3309 521 3345 saniosae
533 3310 673 3352 fuerint3
697 3317 775 3358 quin
801 3314 966 3347 cerebrum
977 3326 1058 3357 quo·

60 3363 124 3428 1que
156 3351 261 3392 ipsum
286 3354 321 3402 in
359 3353 444 3386 Viro
468 3365 530 3387 non
563 3356 625 3389 sine
649 3360 754 3401 aliqua
781 3368 862 3390 noxa
897 3368 1058 3399 repertum

75 3394 131 3428 it?
153 3395 362 3437 Berengarius
383 3398 513 3440 quidem
535 3420 548 3437 ,
573 3399 652 3434 sicut
676 3401 772 3436 habes
797 3402 844 3434 vel
871 3403 904 3433 in
932 3400 975 3434 ΙΙ.
1001 3402 1056 3434 ista

61 3439 262 3488 Sepulchreti
287 3441 434 3473 Seffitione
456 3443 470 3480 (
490 3453 507 3475 a
528 3445 564 3481 )‚
589 3444 655 3477 fieri
682 3445 767 3483 posse
782 3471 790 3484 ‚
816 3444 1057 3488 suspicabatur,

63 3489 99 3515 ut
124 3481 222 3516 sanies
247 3495 300 3525 per
322 3485 423 3517 cranii
456 3495 552 3526 poros
574 3489 765 3529 exwvulnere
788 3498 920 3522 externo
944 3487 1057 3521 transi-

63 3534 130 3563 ret,
156 3526 331 3569 praesertim
354 3527 376 3561 si
401 3539 440 3562 ex
463 3529 596 3563 vulnere·
617 3530 756 3566 liberum
780 3533 906 3566 exitum
929 3543 992 3566 non
1004 3531 1061 3566 ha-

209 3749 223 3772 1.
242 3757 263 3776 4.
282 3748 307 3772 in
323 3748 401 3772 Schol.
419 3748 447 3773 ad
464 3749 520 3774 Obs.
539 3757 560 3775 1.
623 3750 636 3779 (
653 3749 666 3773 b
681 3749 695 3777 )
710 3752 745 3775 De
761 3751 852 3776 Medic.
868 3753 886 3777 l.
902 3755 925 3778 8.
941 3760 962 3777 c.
976 3759 1003 3781 4.

210 3779 293 3804 Traire
310 3779 349 3803 des
367 3780 452 3809 Playes
468 3781 496 3804 de
511 3777 562 3805 tete
577 3780 616 3806 eh.
631 3789 657 3807 4-
675 3783 697 3805 δι
715 3790 753 3807 ior

210 3813 313 3865 ἑζοηιιτι.
333 3812 356 3835 in
373 3813 390 3835 1.
408 3820 432 3839 7-
451 3812 521 3842 Epid.
537 3812 566 3837 ad
581 3818 619 3840 29.
635 3812 659 3836 &
674 3812 700 3836 in
716 3813 732 3837 1.
753 3821 774 3843 ς.
789 3813 818 3838 ad
835 3823 872 3845 97.

253 3844 290 3867 18,

179 3749 192 3777 3

182 3780 195 3807 )

189 3810 196 3838 l

121 3747 163 3775 (a

120 3779 166 3806 (d

123 3809 167 3838 (e

124 3839 193 3870 lu)

1145 667 1253 701 beret:
1275 667 1364 710 quod
1386 674 1621 710 nonnunquam
1652 670 1747 703 certis
1767 666 1957 712 quibusdam
1987 667 2068 702 locis
2091 677 2142 700 ac-

1145 710 1250 744 cidere
1273 711 1357 752 posse
1383 720 1446 756 non
1469 710 1512 744 est
1535 710 1716 753 negandum
1738 737 1747 752 ‚
1772 720 1808 745 ut
1831 720 1907 754 puta
1929 723 1990 752 qua
2014 710 2142 745 vascula

1145 752 1322 796 sanguifera
1347 754 1581 794 trajiciuntur,
1604 765 1657 789 aut
1680 767 1742 799 qua
1756 755 1872 788 suturae
1896 755 2033 788 laxiores
2046 753 2139 786 sunt.

1143 797 1334 838 Plerumque
1368 806 1476 830 tamen
1500 797 1597 832 satius
1630 799 1673 834 est
1694 810 1768 832 cum
1800 797 1870 839 ipso
1894 797 2020 831 credere
2052 795 2142 839 quod

1139 839 1223 873 Celsi
1248 840 1300 884 (h
1323 844 1339 879 )
1362 840 1466 873 verbis
1488 840 1647 883 eloquar,
1670 841 1726 887 offe
1748 849 1815 875 toto
1838 843 1954 884 integro
1975 846 2115 874 manente
2129 862 2141 879 ,

1140 884 1225 916 intus
1248 894 1285 918 ex
1309 883 1372 917 ἰῦἱιι
1396 893 1507 917 venam
1528 884 1669 926 aliquam
1691 886 1723 920 in
1746 883 1862 918 cerebri
1884 883 2061 918 membrana
2084 891 2136 914 ru-

1136 933 1225 968 ptam
1252 926 1373 969 aliquid
1396 925 1558 969 sanguinis
1580 930 1707 962 mittere
1732 941 1739 962 :
1773 929 1878 969 rumpi
1910 937 2014 961 autem
2049 925 2141 960 illam

1139 981 1177 1002 ex
1200 971 1341 1003 violenta
1365 971 1466 1003 cranii
1490 971 1692 1004 concuffione
1716 995 1723 1004 .
1759 970 1815 1005 Ad
1839 971 2036 1011 eundemque
2068 975 2141 1002 mo-

1137 1013 1215 1046 dum
1238 1014 1344 1056 plures
1365 1014 1564 1055 explicabis,
1588 1014 1756 1048 allatarum
1780 1013 1900 1047 similes
1924 1037 1936 1055 ‚
1974 1013 2141 1046 Observa-

1138 1057 1263 1094 tiones,
1288 1065 1323 1090 ut
1348 1056 1534 1090 Mancharti
1559 1058 1608 1100 (c
1632 1061 1642 1095 )
1667 1059 1701 1091 in
1725 1059 1838 1101 primis
1854 1058 1943 1091 illam
1966 1059 2000 1090 in
2024 1067 2087 1099 qua
2099 1054 2139 1089 ad

1136 1100 1298 1133 decimum
1332 1098 1429 1141 usque
1462 1100 1548 1133 diem
1583 1100 1705 1142 fignum
1740 1101 1861 1135 malum
1896 1102 2041 1142 appatuit
2066 1099 2140 1133 nul-

1136 1143 1204 1177 lum
1230 1167 1238 1180 ‚
1273 1145 1303 1175 &
1327 1151 1435 1176 tamen
1468 1142 1524 1177 sub
1547 1145 1656 1176 cranio
1679 1144 1819 1187 undique
1855 1143 1956 1177 illaeso
1978 1151 2138 1186 quantum

1135 1192 1292 1220 noxarum
1317 1186 1452 1225 lateret,
1474 1185 1622 1219 diffeetio
1643 1196 1716 1220 ante
1738 1187 1900 1221 decimum
1924 1197 2076 1229 quartum
2091 1197 2140 1218 re-

1134 1240 1228 1271 pente
1251 1230 1372 1263 mortui
1398 1230 1609 1263 monstravit.
1635 1230 1714 1268 Quo
1739 1240 1845 1264 autem
1860 1230 1957 1263 modo
1981 1227 2139 1271 fieripos-

1134 1272 1172 1306 fit
1197 1295 1206 1310 ‚
1240 1281 1276 1306 ut
1300 1275 1332 1305 in
1355 1273 1500 1306 calvariae
1533 1272 1734 1307 concuffione
1757 1274 1828 1307 vasa
1862 1275 1946 1306 intra
1974 1274 2062 1307 illius
2084 1279 2140 1305 ca'-

1134 1327 1211 1350 vum
1235 1325 1426 1357 rumpantur
1448 1340 1456 1354 ,
1490 1330 1507 1352 a
1531 1319 1626 1350 Petro
1653 1316 1784 1351 Simone
1818 1316 2023 1351 Rouhaultio
2047 1316 2101 1359 (d
2121 1318 2134 1354 )

1135 1357 1202 1394 fuse
1224 1360 1404 1394 indicatum
1427 1360 1471 1395 est
1494 1384 1501 1391 .
1537 1360 1636 1402 Qod
1663 1360 1683 1392 si
1709 1360 1869 1395 concuffio
1902 1361 1956 1392 vix
1980 1361 2042 1393 ulla
2067 1357 2141 1391 fue-

1133 1403 1199 1440 rit,
1223 1405 1255 1435 &
1278 1403 1361 1437 intra
1385 1405 1518 1437 minime
1529 1405 1682 1437 vitiatum
1715 1404 2042 1438 cranium'interiora
2067 1401 2136 1440 laesa

1133 1448 1331 1488 reperiantur
1357 1457 1367 1483 ς
1402 1447 1512 1481 videsis
1533 1458 1597 1489 qua
1632 1450 1757 1481 ratione
1781 1447 1954 1490 conjiceret
1990 1447 2138 1480 Bohnins

1132 1491 1146 1528 (
1168 1500 1182 1522 e
1202 1493 1216 1528 )
1239 1490 1271 1522 id
1296 1490 1437 1523 accidere
1460 1489 1597 1533 potuisse
1620 1491 1653 1523 in
1679 1490 1730 1524 sua
1758 1517 1765 1529 ,
1799 1494 1830 1524 &
1854 1492 1991 1524 aliorum
2015 1488 2142 1524 Obser-

1135 1534 1339 1565 vationibus:
1367 1533 1458 1575 cujus
1482 1544 1519 1566 ex
1544 1531 1671 1574 scriptis
1695 1532 1781 1576 (f)
1805 1538 1868 1567 non'
1895 1545 2010 1575 paucas
2030 1541 2143 1566 excer-

1135 1586 1187 1616 pes
1211 1588 1288 1617 quas
1312 1577 1388 1610 huic
1413 1576 1611 1618 Sepulchreti
1636 1577 1775 1610 Sefflo'ni
1800 1577 1956 1619 adjungas
1979 1602 1987 1611 .
2014 1578 2140 1610 Verum

1135 1629 1171 1651 ut
1197 1620 1234 1652 ad
1258 1631 1309 1654 eas
1332 1631 1410 1661 quas
1435 1631 1472 1653 ex
1495 1619 1648 1652 Valsalva
1675 1619 1904 1661 proposuimus
1921 1646 1929 1660 ‚
1954 1621 2141 1658 redeamus,·

1134 1673 1257 1703 quaeres
1279 1664 1393 1697 deinde
1415 1687 1425 1702 ,
1454 1673 1509 1695 cur
1533 1661 1659 1705 sangnis
1683 1665 1768 1696 intra
1794 1663 1968 1697 calvariam
1993 1661 2108 1696 effusus
2130 1686 2143 1703 ,

1134 1715 1200 1739 non
1223 1707 1381 1740 continuo
1400 1729 1412 1746 ,
1435 1705 1485 1740 sed
1508 1714 1560 1738 tot
1585 1708 1722 1748 denique
1747 1705 1817 1748 post
1841 1707 1954 1740 diebus
1987 1708 2143 1748 inceperit

1134 1748 1195 1782 suae
1218 1748 1381 1783 effusionis
1405 1749 1490 1791 signa
1513 1749 1610 1781 dare?
1635 1750 1893 1791 Nimirumquia
1918 1754 2007 1784 tenui
2034 1761 2072 1783 ex
2087 1759 2143 1783 va·-

1134 1792 1221 1826 sculo
1246 1792 1434 1826 tenuiffimae
1459 1793 1598 1834 guttulae
1624 1792 1736 1825 senfim
1761 1795 1914 1835 lenteque
1926 1794 2119 1827 destillantes
2135 1818 2143 1833 ‚

1133 1846 1197 1868 non
1231 1836 1290 1869 nili
1315 1836 1440 1878 aliquot
1473 1835 1652 1877 interjeetis
1675 1836 1788 1870 diebus
1813 1858 1822 1873 ,
1861 1837 1898 1870 ad
1922 1849 1990 1870 eam
2014 1839 2141 1880 copiam

1114 1890 1204 1921 -quae
1229 1877 1402 1912 manifesto
1424 1879 1553 1912 laederet
1579 1902 1586 1914 ‚
1620 1880 1777 1923 simulqu'e
1800 1880 1837 1913 ad
1863 1893 1929 1914 eam
1956 1884 2142 1923 corruptio*-

1133 1933 1205 1963 nem
1231 1924 1395 1965 pervenire
1420 1923 1588 1965 potuerint
1611 1934 1684 1965 quae
1699 1925 1885 1965 meninges‚
1907 1927 2142 1968 cerebrumque

1135 1967 1267 1999 vitiaret
1289 1991 1296 1998 .
1333 1966 1523 2008 Utrumque
1546 1976 1654 1999 autem
1692 1968 1789 2000 citius
1811 1967 1934 2002 fastum
1959 1969 2002 2002 est
2036 1969 2069 2001 in
2104 1973 2142 2001 eo
2197 1957 2200 1979 ⁵

1133 2013 1189 2051 qui
1214 2008 1404 2052 praefrigido
1430 2011 1492 2042 aeri
1518 2008 1548 2042 se
1570 2009 1690 2052 jugiter
1714 2010 1894 2053 objiciens,
1919 2011 2044 2046 causa'm'
2059 2024 2140 2053 prae-

1134 2053 1207 2087 buit
1233 2077 1241 2090 ,
1276 2063 1316 2086 ut·
1335 2055 1512 2087 contrafflis
1534 2055 1749 2088 exterioribus
1775 2055 1854 2089 vasis
1881 2080 1889 2093 ,
1915 2058 1985 2098 plus
2010 2055 2141 2098 saugui-

1133 2099 1207 2136 nis,
1231 2095 1359 2139 ejusque
1382 2098 1425 2130 ob
1437 2096 1618 2130 cohibitam
1644 2097 1858 2131 insensibilem
1872 2100 2139 2141 perspirationem

1130 2142 1236 2173 minus
1261 2139 1417 2181 salubris,
1441 2139 1578 2174 ferretur
1603 2153 1656 2184 per
1669 2142 1843 2175 interiora.
1869 2144 2044 2178 Contr'aria
2057 2154 2141 2183 quoa

1127 2195 1190 2225 que
1214 2193 1342 2216 exrerna
1366 2185 1456 2217 causa
1480 2184 1607 2218 eosdem
1633 2185 1734 2226 potest
1759 2184 1890 2219 effe&us
1925 2186 2103 2230 producere
2129 2204 2139 2227 =,

1127 2226 1311 2269 sanguinem
1335 2226 1533 2262 concitando
1556 2252 1567 2268 ‚
1601 2230 1631 2260 &
1654 2228 1892 2263 fervefaciendo
1911 2254 1924 2269 ‚
1947 2240 1983 2264 ut
2007 2233 2040 2264 in
2064 2230 2138 2265 filio

1127 2269 1298 2304 Theodori
1319 2272 1360 2304 ex
1382 2271 1445 2304 levi
1468 2271 1506 2305 ad
1530 2270 1667 2312 speciem
1691 2272 1822 2306 vulnere
1844 2275 1958 2316 capitis
1981 2285 2139 2314 mortuo,

1126 2312 1242 2353 sicuti,
1263 2325 1320 2348 nec
1343 2314 1406 2347 sine
1429 2316 1554 2348 ratione
1579 2315 1737 2349 Vallesius
1762 2317 1815 2359 (g
1839 2320 1849 2354 )
1874 2317 2036 2360 conjicit,
2059 2329 2136 2351 cum
2156 2344 2160 2348 .

1125 2358 1295 2398 postquam
1319 2368 1396 2390 nona
1420 2359 1468 2391 die
1492 2358 1595 2392 fuerat
1619 2359 1651 2391 in
1669 2358 1736 2401 sole
1759 2359 1927 2401 versatus,
1951 2363 2053 2404 prima
2078 2373 2134 2394 ac-

1124 2400 1243 2445 cefferz't
1258 2399 1363 2443 febris
1387 2402 1505 2435 decima
1528 2401 1594 2436 die.
1730 2403 1831 2440 Quod
1857 2402 1879 2436 fi
1903 2416 2052 2446 quaeraS,
2076 2416 2135 2439 cur

1121 2444 1160 2477 de
1181 2443 1307 2477 duobus
1332 2456 1471 2486 quorum
1496 2444 1643 2479 historias
1667 2445 1849 2489 scripsimus
1874 2470 1885 2486 ,
1918 2450 1945 2481 is
1967 2459 2063 2492 quem
2086 2451 2135 2482 ci-

1123 2489 1187 2521 tius
1213 2487 1313 2520 febris
1338 2487 1506 2528 prehendit
1531 2512 1543 2528 ‚
1579 2490 1671 2522 nullo
1696 2500 1810 2531 praeter
1843 2489 1925 2524 hanc
1950 2493 2037 2526 malo
2062 2504 2073 2530 3
2106 2493 2135 2526 is

1123 2538 1203 2578 verq
1223 2542 1319 2574 quern
1345 2531 1491 2571 tardius,
1516 2540 1567 2566 tot
1593 2533 1662 2566 aliis
1686 2532 1877 2576 graviffirnis
1901 2535 2130 2570 accedentibus

1120 2575 1282 2610 comestus
1305 2573 1342 2608 fit
1367 2588 1376 2611 3
1413 2575 1586 2618 multiplex
1610 2576 1802 2610 discriminis
1821 2577 1915 2620 hujus
1940 2581 2030 2614 causa
2056 2589 2134 2623 pot-

1121 2618 1164 2653 est
1188 2617 1292 2651 afferri
1319 2632 1327 2650 ;
1362 2619 1508 2660 primum
1544 2631 1632 2652 mora
1657 2619 1724 2662 ipsa
1748 2643 1760 2659 ‚
1794 2633 1857 2662 qua
1882 2625 1911 2654 δέ
1935 2626 2030 2666 copia
2056 2647 2067 2663 ‚
2099 2627 2132 2657 δι

1121 2663 1263 2706 pravitas
1280 2687 1289 2701 ‚
1313 2663 1347 2693 in
1372 2673 1474 2702 pure,
1498 2665 1645 2705 quamvis
1668 2664 1849 2704 conc-030,
1874 2666 1976 2700 latens
2001 2690 2010 2705 ,
2035 2666 2130 2701 facile

1120 2707 1210 2740 aneta
1233 2704 1275 2738 est
1299 2703 1408 2739 effusae·
1433 2707 1576 2739 materiae
1602 2718 1611 2739 :
1635 2707 1751 2741 deinde
1776 2707 1836 2740 alia
1860 2709 1895 2747 in
1919 2711 1987 2743 alio
2009 2722 2132 2753 corpo-

1121 2762 1179 2788 re,
1204 2748 1328 2791 aliaque
1352 2758 1443 2782 aetate
1467 2749 1640 2783 humorum
1662 2774 1671 2788 ,
1696 2755 1727 2784 ὃ(
1753 2752 1894 2791 partium
1918 2752 2091 2795 dispositio
2116 2769 2124 2787 :

1120 2792 1258 2835 denique
1282 2793 1341 2824 alia
1365 2805 1381 2825 a
1413 2792 1563 2833 conjeeto
1588 2794 1690 2834 lapide
1712 2817 1724 2833 ,
1760 2793 1818 2826 alia
1845 2806 1859 2826 a
1896 2795 2012 2829 baculo
2039 2798 2128 2831 illata

1122 2837 1299 2869 violentia.
1326 2835 1380 2870 Sic
1404 2836 1492 2868 libro‘
1514 2835 1761 2876 Epidemiorum
1786 2837 1829 2869 V.
1856 2841 1869 2877 (
1891 2837 1911 2870 Ι)
1930 2843 1944 2879 )
1966 2841 2020 2881 qui
2041 2839 2128 2883 lapi-

1119 2880 1154 2913 de
1176 2880 1208 2913 in
1231 2886 1323 2920 caput
1343 2876 1501 2921 percussus
1517 2877 1629 2921 fuerat
1661 2892 1677 2912 a
1701 2880 1868 2913 Macedone
1890 2894 1903 2920 ,-
1935 2882 2059 2922 vide's'‚
2086 2895 2127 2918 ut-

1118 2933 1191 2955 voce
1214 2923 1376 2962 destitutus
1399 2922 1490 2965 effer,
1518 2932 1552 2956 ut
1577 2922 1658 2955 nihil
1680 2925 1803 2957 omnino
1825 2926 1972 2963 audiret,
1997 2933 2033 2961 ut
2057 2939 2122 2961 mo-

1118 2974 1244 2999 veretur
1269 2988 1278 3002 ‚
1304 2966 1334 2998 id
1360 2966 1402 2997 est
1427 2965 1601 3007 convulfire
1624 2988 1633 3002 ‚
1666 2966 1941 3010 quemadmodum
1965 2971 2049 3005 τεᾶς
2074 2973 2124 3004 in-

1119 3018 1312 3052 terpretatur
1336 3009 1421 3042 idem
1446 3009 1603 3042 Vallelius
1627 3013 1640 3048 (
1662 3010 1675 3041 ἱ
1696 3014 1710 3049 >
1733 3035 1741 3049 ,
1775 3015 1848 3052 q‘uae‘
1870 3012 1971 3046 ferme
1995 3021 2031 3048 ea*
2052 3014 2123 3048 su'nt

1118 3064 1190 3095 quae
1214 3052 1316 3085 noster
1342 3050 1441 3092 passus
1465 3052 1511 3085 est
1535 3051 1750 3091 Adolescens;
1775 3054 1825 3087 sed
1853 3055 1975 3090 tardius
1998 3081 2009 3098 ,
2032 3058 2122 3092 vide-

1119 3096 1195 3129 licet
1220 3096 1387 3129 undecima
1411 3097 1462 3128 die
1478 3121 1485 3134 ‚
1510 3106 1597 3132 non,
1626 3098 1750 3137 utine,
1775 3099 1892 3136 tertia3
1917 3103 2120 3143 nequeenim

1121 3149 1156 3173 ut
1179 3140 1253 3176 ille,
1279 3140 1319 3171 ab
1340 3140 1406 3172 inu
1429 3139 1545 3173 cecidit
1568 3164 1577 3179 ,
1609 3151 1711 3182 neque
1734 3142 1907 3175 calvariam
1930 3143 2045 3178 habuit
2069 3144 2121 3179 fis-

1119 3182 1181 3216 sam
1207 3206 1216 3219 ,
1239 3181 1336 3224 idque
1351 3181 1448 3224 supra
1472 3191 1595 3224 tempus
1617 3184 1778 3218 dexterum
1801 3207 1809 3221 ‚
1844 3187 2117 3226 quemadmodum

1117 3226 1226 3260 eadem
1250 3249 1262 3266 ,
1295 3227 1390 3268 paulo
1415 3226 1515 3261 fufius
1538 3228 1671 3267 repetita
1695 3228 1782 3261 libro
1808 3228 1884 3261 VII.
1913 3232 1923 3267 (
1946 3229 1998 3271 lq)
2021 3230 2117 3281 docee

1114 3269 1248 3303 historia
1271 3293 1283 3309 ,
1317 3271 1451 3315 minime
1477 3269 1752 3305 animadvertente
1775 3271 1919 3304 Vallefio
1940 3294 1950 3310 ‚
1984 3278 2039 3316 qui
2063 3282 2116 3324 tot*1

1111 3314 1187 3347 alias
1210 3314 1499 3351 animadverterat,
1522 3316 1722 3355 &quaerente
1746 3324 1936 3356 propterea,
1960 3327 2103 3360 (μωραν-

1109 3364 1141 3390 te
1163 3357 1278 3399 capitis
1297 3357 1454 3401 percuffus
1477 3358 1532 3391 ille
1546 3355 1653 3399 fuerit
1677 3384 1684 3390 .
1725 3359 1797 3395 Qua
1825 3370 1862 3390 ex
1900 3358 2032 3393 historia
2060 3371 2113 3392 va-

1109 3403 1190 3433 riam
1217 3404 1245 3432 ¹&
1271 3403 1336 3432 vim
1361 3402 1567 3441 percutientis
1590 3404 1756 3440 corporis,
1781 3405 1810 3434 δε
1834 3400 1935 3435 sedem
1961 3414 2111 3443 praeterea

1108 3443 1239 3485 pechffi
1264 3445 1378 3485 capitis
1402 3445 1434 3477 in
1458 3444 1552 3485 hujus
1593 3444 1759 3478 vulnerum
1792 3445 2033 3479 discriminibus
2066 3457 2114 3480 at-

1111 3487 1301 3520 tendendam
1324 3487 1405 3528 effe,
1427 3487 1606 3530 intelligis.
1738 3488 1798 3522 Sed
1821 3489 1888 3531 jam
1914 3490 1991 3523 alias
2013 3489 2116 3533 subjin

1112 3533 1231 3565 ciamus
1245 3556 1254 3564 .

1946 3588 1975 3618 5.
1994 3577 2073 3621 JU-

2068 3710 2085 3720 κ

1065 3754 1080 3783 ζ
1095 3759 1106 3776 ι
1122 3752 1199 3782 )ΕρΙι.
1218 3754 1242 3776 N
1267 3753 1294 3776 C.
1312 3754 1383 3777 cent.
1402 3759 1425 3779 9.
1443 3752 1502 3777 obs.
1518 3761 1556 3782 40·

809 3783 825 3812 (
838 3791 851 3808 e
865 3784 879 3812 )
895 3784 990 3810 niffen.
1006 3783 1035 3807 de
1050 3785 1181 3813 Trepanat.
1197 3783 1309 3808 difficult.

932 3816 946 3844 (
963 3815 978 3840 h
993 3814 1007 3843 )
1023 3821 1047 3839 n.
1064 3823 1100 3844 ²4-
1118 3815 1180 3845 apud
1197 3815 1320 3840 Marinell.

1372 3783 1379 3812 (
1394 3782 1436 3811 f)
1451 3783 1525 3808 etiarn
1541 3785 1570 3809 de
1586 3786 1695 3809 Renune.
1712 3783 1810 3808 Vulner-

1383 3815 1398 3844 (
1413 3815 1424 3837 i
1438 3814 1452 3844 )
1469 3816 1569 3840 Comm.
1587 3816 1616 3839 ad
1632 3823 1685 3840 enm
1703 3814 1824 3839 historiam
1835 3830 1841 3842 a
1860 3814 1911 3844 quae'
1925 3814 1968 3845 ipfi
1985 3815 2017 3840 est
2034 3823 2057 3839 n.
2073 3824 2102 3845 ις»,
