2498 4075
337 184 533 230 dejectiones
556 184 783 227 ostendebant,
806 184 967 229 sanguinis
999 180 1148 214 videlicet
1181 191 1251 217 cum
1278 177 1354 222 fru-

316 229 426 270 ⁴flulis
450 230 603 272 carnofis,
628 227 664 263 id
687 231 730 264 est
754 227 940 272 polypofis,
963 226 1142 268 repetitur,
1174 223 1198 257 si
1226 222 1352 265 Superis

337 273 467 316 placet,
491 284 528 308 ex
552 274 640 307 corde
663 283 718 315 per
736 272 899 315 pulmones
923 270 965 304 Θ
997 268 1138 311 asperam
1170 267 1322 300 arteriam
1347 264 1355 297 Ξ

318 330 321 333 ·
340 319 355 355 (
377 330 394 351 c
416 322 429 358 )
452 327 563 358 nempe
587 317 662 359 quia
685 327 742 350 cor
765 315 918 358 repletum
945 314 1114 346 inventum
1149 310 1190 343 est
1220 309 1354 343 materia

337 360 400 393 tali
421 361 525 402 qualis
547 361 678 394 vomitu
702 358 799 403 ejeeta
824 358 949 391 fuerat.
1083 356 1156 388 Nec
1189 364 1263 386 vero
1282 354 1352 384 ‘ex—

337 404 504 446 prestabis,
527 410 563 436 ut
587 405 730 445 opinor,
752 404 786 435 in
811 400 869 434 hac
893 399 1040 444 Epistola
1067 409 1116 431 eas
1150 408 1166 429 a
1202 407 1250 429 me
1282 394 1353 428 Ob-

337 447 552 482 servationes,
575 458 645 488 qua-»2
671 447 725 479 etfi
758 445 919 477 vomitum
954 442 1167 485 conjuncftum
1199 438 1318 472 habent
1344 463 1353 479 ‚

339 491 474 532 proprie
497 499 605 522 tamen
628 499 686 523 aut
711 489 749 522 ad
775 489 907 521 Iliacam
934 486 1107 520 Paffionem
1130 483 1294 525 spectant,
1320 483 1352 515 δε

335 532 375 569 ad
399 533 538 566 Hernias
561 545 639 576 quas
662 540 778 566 vocant
803 533 1037 570 incar-ceratas,
1061 537 1114 561 aut
1139 527 1177 559 ad
1213 526 1355 559 Vulnera

319 585 496 611 tertarum
524 577 695 616 Partium,
730 573 892 618 ipsiusque
924 574 958 606 in
995 573 1110 614 primis
1144 569 1316 602 ventriculi
1342 590 1355 608 ,

337 628 392 653 aut
417 619 455 653 ad
479 619 608 653 morbos
633 620 712 653 alios
736 616 938 662 quorundam
970 616 1130 649 viscerum
1163 611 1353 655 quibuscum

338 663 534 697 ventriculus
557 663 739 697 consentit.
767 661 938 694 Nimirum
964 657 1122 701 ejusmodi
1146 666 1255 689 omnes
1281 654 1354 688 Ob—

334 706 526 740 servationes
549 718 614 749 quo
636 705 697 739 sint
721 718 736 738 a
760 704 852 738 nobis
874 702 1078 738 differendae,
1102 698 1353 743 praeclareintel-

334 750 411 793 ligis
439 763 450 782 .·
483 750 561 792 quin
587 750 685 783 etiam
711 747 874 791 plerasque
898 747 935 779 de
960 746 1023 779 hoc
1070 754 1182 788 genere
1227 744 1273 775 ita
1319 742 1353 774 in

337 793 398 828 hac
425 793 571 826 Sestione
595 792 731 835 produci
753 813 767 832 ,
800 788 1030 822 animadvertes
1054 810 1063 825 ‚
1092 796 1129 821 ut
1155 785 1193 820 ad
1217 787 1294 820 alias
1318 785 1351 817 in

336 837 453 879 quibus
477 835 574 869 fufius
597 835 787 877 conscriptae
811 833 906 870 sunt,
931 833 1047 866 diserte
1071 829 1269 873 rejiciamus.
1294 828 1354 862 Sed

337 881 376 913 ad
401 880 477 915 satis
500 889 653 921 magnum
677 877 801 912 harum·
819 888 985 913 numerum
1007 876 1075 908 aliae
1100 873 1230 917 insuper
1267 883 1354 906 acce-

337 923 419 956 dunt
442 946 454 963 ,
485 934 554 965 quae
588 922 636 955 bis
670 922 705 955 in
737 920 796 955 hac
831 931 997 963 ponuntur
1032 919 1178 951 Seffione
1213 929 1221 950 ε
1265 914 1356 959 quod

336 967 499 1008 intelliges
518 991 526 1005 ,
569 967 690 999 XXIX.
738 963 957 1007 comparando
1002 971 1075 997 curn
1123 963 1211 995 LIX.
1258 962 1287 1001 §.
1326 970 1357 1001 53

318 1011 532 1044 XXXVIII.
560 1020 634 1046 cum
658 1010 787 1043 XLIII.
815 1009 843 1048 §.
873 1017 902 1047 13
927 1008 1040 1041 LVII.
1067 1007 1094 1046 Ξ.
1118 1018 1150 1047 9.
1187 1016 1262 1038 cum
1295 1004 1358 1049 VI7

338 1064 447 1087 earum
470 1064 541 1096 quae
566 1055 600 1086 in
623 1051 878 1091 ,Additamentis
912 1051 1062 1093 leguntur
1084 1071 1095 1089 ‚
1143 1051 1173 1081 ἃ
1221 1047 1364 1080 fortassis

340 1098 418 1131 alias
441 1121 449 1128 .
490 1096 642 1139 Idemque
666 1096 705 1130 de
729 1094 871 1128 Scholiis
894 1093 1019 1128 dietum
1045 1102 1149 1135 puta,
1184 1092 1217 1123 in
1237 1089 1359 1133 quibus

337 1140 447 1174 eadem
472 1141 656 1180 iterantur,
680 1148 716 1173 ut
740 1137 902 1172 ostendent
925 1149 996 1180 quae
1022 1140 1048 1170 I.
1097 1137 1130 1167 δε
1175 1140 1245 1177 q'uae
1291 1133 1359 1167 ΙΙΙ.

338 1184 569 1217 Observationi
616 1182 832 1225 subjiciuntur
864 1207 874 1221 ,
919 1192 993 1215 cum
1039 1181 1094 1213 iis-
1123 1178 1244 1210 collata
1289 1187 1358 1219 quae

331 1229 429 1305 igin.
465 1229 498 1261 δε
543 1239 614 1270 quae
660 1228 741 1260 item
787 1226 831 1259 V.
877 1228 928 1259 δί’
957 1224 1028 1257 aliis
1073 1221 1202 1255 fortasse
1236 1218 1360 1264 adjeffita

348 1281 405 1305 unt
420 1296 427 1304 .

381 1325 429 1356 19.
455 1315 541 1348 Cum
566 1316 593 1347 I.
620 1313 711 1347 illam
736 1324 832 1357 quam
854 1312 956 1346 modo
979 1310 1259 1349 commemoravi,
1276 1307 1351 1341 Ob-

333 1358 547 1392 servationem
573 1358 769 1400 relegerem,
791 1360 822 1390 &
847 1368 919 1399 quae
953 1355 989 1389 de
1023 1355 1149 1397 rejectis
1186 1350 1351 1396 polypofis

333 1400 442 1435 frustis
458 1424 470 1441 ,
494 1404 527 1435 &
550 1413 619 1444 quae
647 1402 685 1434 de
710 1403 837 1434 vomitu
875 1400 947 1433 sunt
980 1399 1110 1433 morbos
1142 1397 1352 1440 consequente

333 1447 480 1479 Partium
503 1456 579 1479 cum
601 1445 783 1478 ventriculo
805 1442 1100 1482 consentientium3
1123 1442 1205 1476 redii
1230 1443 1263 1474 in
1288 1451 1355 1473 me-

332 1490 473 1522 moriam
495 1488 695 1531 quarundam
720 1498 846 1524 rerum,
869 1499 949 1529 quas
972 1485 993 1520 fi
1018 1486 1081 1520 huc
1106 1486 1220 1519 addam
1235 1508 1244 1523 ‚
1269 1484 1353 1525 legas

333 1531 465 1566 fortasse
488 1543 553 1565 non
580 1533 702 1566 invitus
725 1555 733 1563 .
770 1530 933 1564 Willisius
958 1532 1062 1573 igitur
1096 1531 1130 1562 in
1164 1542 1198 1563 ea
1232 1527 1353 1561 Obser-

334 1578 467 1624 vatione
492 1575 629 1609 affirmat
645 1599 657 1616 ,
673 1575 702 1618 fi
726 1575 803 1608 bilis
826 1573 964 1613 conflans
979 1572 1108 1618 suffusio
1141 1574 1173 1607 in
1203 1570 1351 1615 partibus

331 1620 471 1665 ¹reiciunt,
496 1627 552 1652 aut
574 1618 731 1661 contiguis
755 1618 965 1657 ventriculo,
987 1618 1130 1655 auidam
1156 1618 1232 1659 quia
1264 1615 1354 1648 tuni-

336 1674 373 1696 ca
396 1665 492 1702 hujus
515 1663 636 1695 extima
662 1670 830 1703 propterea
856 1661 997 1693 multum
1032 1671 1067 1693 ac
1102 1660 1214 1693 crebro
1246 1659 1354 1692 irrita-

332 1715 387 1740 tur
400 1729 409 1745 ,
427 1703 630 1749 frequentem
652 1705 861 1737 vomitionem
884 1704 1038 1741 excitari,
1065 1703 1160 1745 idque
1184 1704 1213 1736 fe
1238 1702 1354 1743 inplu-

332 1749 422 1783 ribus
442 1748 508 1791 post
530 1748 652 1782 obitum
674 1744 812 1790 daffefr'is
835 1745 1043 1791 observaviffe
1057 1771 1064 1778 .
1091 1747 1177 1785 Quae
1203 1757 1264 1788 ego
1287 1755 1353 1777 non

333 1792 435 1826 modo
459 1803 475 1824 a
499 1789 757 1826 Praestantiffirno
782 1790 869 1823 Viro
891 1789 1063 1832 conspecta
1087 1790 1210 1830 credo,
1231 1788 1285 1822 sed
1307 1797 1357 1821 et-

333 1838 397 1870 iam
422 1834 528 1869 fateor
551 1857 561 1873 ,
592 1846 662 1868 eam
686 1832 862 1877 aliquando
885 1833 944 1866 esse
978 1833 1064 1866 fellis
1110 1834 1321 1866 acrimoniam
1343 1854 1356 1872 ,

333 1884 366 1913 a&
391 1879 565 1919 irritandi,
588 1890 622 1911 ac
648 1877 835 1919 penetrandi
857 1878 927 1910 vim
952 1876 1056 1919 posse,
1080 1888 1115 1909 ut
1140 1876 1356 1913 vomitusin-

335 1924 376 1956 de
401 1922 539 1956 fortaffis
563 1921 686 1964 accidat
709 1922 745 1954 in
780 1921 969 1955 hominibus
1002 1919 1178 1963 praesertim
1213 1918 1354 1961 exquisi-

333 1968 418 2001 tiore
453 1965 540 2000 sensu
573 1964 717 2010 praeditis
739 1987 749 2003 ῃ
780 1967 812 1998 δε
835 1964 858 1997 fi
883 1964 958 1997 bilis
982 1965 1125 1997 tincftura
1148 1964 1211 1996 late
1243 1962 1270 1995 se
1304 1973 1358 1993 ex-

334 2010 454 2054 pandat
474 2032 484 2048 ,
522 2011 555 2043 &
590 2009 629 2043 ad
653 2009 828 2043 ventriculi
862 2008 1015 2041 interiora
1049 2007 1199 2048 pervadat
1226 2017 1235 2037 .-
1269 2003 1357 2046 quod

339 2055 485 2088 Platetus
508 2076 521 2094 ,
553 2062 591 2087 ut
616 2055 649 2086 in
675 2052 836 2095 superiore
869 2053 951 2085 VII.
978 2051 1125 2084 Seffione
1159 2050 1251 2092 (d)
1280 2047 1322 2080 est
1346 2071 1358 2087 ,

337 2099 374 2131 in
399 2097 439 2130 iis
464 2097 604 2130 maxime
625 2096 858 2129 animadvertit
882 2094 993 2137 quibus
1005 2092 1192 2127 viventibus
1214 2091 1361 2134 perpetui

340 2141 515 2176 ventriculi
538 2142 663 2174 ardores
696 2138 815 2179 molesti
860 2145 951 2172 erant
974 2162 981 2169 .
1019 2137 1098 2170 Non
1128 2142 1207 2170 “una
1253 2144 1361 2167 tamen

337 2185 428 2218 causa
451 2184 493 2217 est
505 2196 576 2228 quae
601 2195 650 2217 me
665 2183 703 2216 ab
714 2180 830 2216 assensu
854 2180 1005 2214 nonnihil
1030 2180 1155 2213 tardet.
1179 2180 1270 2212 Nam
1295 2179 1359 2220 pri-

339 2240 428 2262 murn
461 2227 580 2262 dubito
602 2251 614 2268 ,
646 2237 724 2260 num
759 2226 914 2259 viciniam
960 2223 1138 2258 inficientes
1183 2222 1258 2255 bilis
1289 2232 1361 2263 par-

340 2273 449 2306 ticulae
471 2295 483 2312 ,
516 2273 592 2304 vivo
616 2270 719 2303 adhuc
744 2268 875 2303 homine
898 2292 909 2309 ,
942 2278 958 2300 e
979 2267 1112 2301 vesicula
1158 2265 1323 2299 elabantur
1349 2286 1359 2302 ‚

342 2327 381 2349 an
406 2314 475 2358 post
500 2325 637 2348 mortem
665 2313 854 2353 dumtaxat,
877 2323 950 2346 cum
974 2313 1158 2344 tunicarum
1180 2311 1228 2342 vis
1253 2308 1281 2342 se
1314 2318 1362 2340 re-

341 2360 449 2394 mittit
475 2383 487 2400 ,
513 2361 543 2391 δε
569 2370 639 2401 quae
664 2359 749 2389 inter
773 2355 867 2389 fibras
892 2358 925 2388 &
949 2353 1043 2387 fibras
1069 2354 1165 2393 sunt,
1188 2351 1359 2385 interstitia

343 2404 493 2436 laxantur
515 2427 523 2435 .
557 2400 682 2436 Deinde
707 2400 786 2441 saepe
811 2399 912 2437 adeo,
935 2397 1022 2439 quod
1045 2398 1208 2437 proximis
1233 2406 1362 2438 quoque

344 2448 482 2480 Litteris
504 2448 518 2484 (
540 2455 555 2478 e
575 2449 589 2485 >
612 2441 716 2485 scripsi
732 2467 740 2479 ,
764 2441 906 2475 veficulae
932 2441 1052 2473 vicinas
1077 2448 1181 2482 partes
1203 2440 1237 2471 in
1270 2438 1360 2471 cada-

344 2489 470 2523 veribus
492 2487 630 2527 flavere,
651 2484 890 2529 conspicimus,
914 2493 948 2517 ut
982 2483 1054 2516 inde
1088 2493 1153 2516 non
1184 2482 1358 2525 peculiares

345 2532 548 2577 quorundam
578 2542 670 2564 noxae
696 2553 706 2568 ,
738 2529 791 2563 sed
826 2527 984 2572 plerisque
1008 2552 1020 2568 ‚
1054 2526 1132 2560 dum
1177 2527 1322 2558 viverent
1347 2545 1359 2561 ,

346 2586 532 2611 communes
558 2573 733 2618 repetendae
756 2572 813 2606 esse
859 2572 1041 2604 viderentur
1065 2595 1073 2604 .
1107 2570 1256 2611 Denique
1301 2567 1359 2601 nifi

346 2621 469 2655 constet
495 2632 506 2658 3
529 2618 563 2651 id
588 2627 692 2652 autem
717 2628 781 2650 non
806 2616 952 2652 constat3
976 2625 1049 2648 cum
1072 2625 1141 2646 eam
1164 2613 1211 2646 ibi
1237 2613 1359 2646 tinstit-

347 2677 415 2699 ram
442 2662 737 2696 animadverterunt
763 2661 896 2701 Egregii
922 2659 1021 2697 Viri,
1043 2657 1127 2691 nihil
1150 2656 1240 2690 aliud
1264 2658 1296 2689 in
1318 2657 1361 2689 iis

345 2707 538 2751 corporibus
562 2703 674 2741 fuisse,
699 2705 751 2738 cui
776 2713 829 2736 aut
853 2702 976 2736 ardoris
1000 2701 1102 2734 sensus
1121 2724 1134 2741 ,
1169 2709 1222 2734 aut
1258 2701 1364 2732 vomi-

346 2761 398 2786 tus
423 2749 522 2793 posset
545 2749 704 2793 imputari
733 2759 743 2787 ;
780 2746 931 2780 dubitare
955 2744 1002 2778 fas
1025 2743 1088 2784 est,
1112 2755 1189 2778 num
1214 2745 1241 2776 ei
1266 2743 1365 2776 causae

347 2795 384 2828 hi
408 2794 470 2828 sint
494 2792 624 2827 effeetus
646 2789 870 2826 adscribendi.
895 2789 1093 2830 Exemplum
1135 2786 1223 2830 justae
1270 2786 1365 2828 hujus

349 2838 565 2872 dubitationis
587 2837 621 2869 in
644 2836 757 2868 catella
795 2832 879 2866 dabo
915 2842 1012 2875 quam
1047 2831 1172 2874 juvenis
1208 2831 1364 2864 Bononiae

350 2882 492 2924 persecui
519 2903 526 2910 .
561 2880 637 2912 Huc
660 2880 745 2912 enirn
779 2878 895 2910 attinet
931 2877 1070 2909 maxime
1092 2898 1105 2915 ,
1139 2878 1171 2907 &
1205 2874 1368 2907 Observa-

350 2926 478 2964 tiones,
501 2923 536 2955 in
559 2922 689 2956 canibus
712 2932 839 2964 quoque
863 2919 988 2953 habitas
1003 2945 1013 2959 ‚
1038 2929 1108 2952 tum
1133 2916 1367 2950 alibihaudra-

351 2979 389 3001 ro
412 2965 550 3010 proferri
574 2964 670 2998 video
694 2967 727 2997 in
745 2963 980 3007 sepulchre-to,
1003 2973 1075 2996 tum
1100 2963 1133 2995 in
1146 2961 1206 2994 hac
1229 2961 1295 3003 ipsa
1320 2970 1368 2992 et-

353 3013 418 3045 iam
445 3010 591 3044 Seetione
617 3007 722 3051 (f).

397 3066 449 3088 20.
494 3055 524 3086 C
547 3053 579 3086 A
604 3053 638 3085 T
662 3052 692 3085 E
717 3053 745 3083 L
769 3051 796 3083 L
820 3052 851 3084 A
897 3049 1007 3092 junior
1042 3048 1114 3090 post
1147 3059 1280 3091 magnos
1313 3058 1369 3079 vo-

353 3100 452 3133 mitus
475 3105 603 3139 repente
625 3104 694 3128 erat
718 3102 864 3127 mortua.
1000 3094 1028 3125 P·
1046 3094 1079 3125 Y
1101 3093 1128 3125 L
1153 3094 1188 3125 O
1214 3093 1243 3125 R
1269 3094 1282 3124 I
1316 3102 1371 3123 an-

352 3153 441 3177 trum
464 3152 528 3182 qua
552 3139 628 3172 bilis
650 3137 819 3171 vesiculam
841 3136 1076 3178 contingebat,
1110 3134 1263 3169 flavedine
1287 3134 1370 3166 infc-

355 3188 444 3221 &um
468 3185 594 3225 reperi,
618 3193 688 3225 quae
713 3181 753 3213 ab
776 3179 988 3226 exterioribus
1012 3180 1049 3212 ad
1074 3180 1227 3213 interiora
1260 3189 1370 3220 perva-

356 3230 436 3265 serat
460 3252 472 3268 ,
495 3229 528 3259 in
555 3227 664 3260 tunica
688 3235 795 3257 tamen
818 3223 980 3257 subsistens
1004 3224 1144 3260 intima,
1171 3232 1206 3255 ut
1239 3222 1369 3255 materia

355 3285 426 3316 quae
449 3270 631 3304 ventriculo
654 3268 901 3306 continebatur,
924 3267 978 3298 ovi
1004 3267 1148 3299 albumen
1173 3264 1303 3298 referret
1327 3274 1374 3298 et-

356 3318 421 3350 iam
444 3316 577 3348 colore.
604 3315 692 3347 Dum
720 3323 831 3355 quaero
847 3333 856 3347 ,
880 3309 959 3343 fitne
985 3310 1071 3343 aliud
1097 3310 1304 3343 adnotatione
1322 3308 1373 3342 di-

359 3372 459 3403 gnum
484 3381 494 3396 ,
528 3357 640 3391 flavam
679 3365 796 3396 pariter
820 3353 879 3387 ess‘e
909 3352 1003 3385 video
1048 3355 1081 3385 in
1130 3352 1372 3394 diaphragmate

359 3405 460 3436 centri
485 3401 554 3443 ejus
578 3399 719 3433 teudinei
744 3407 888 3441 partem„
912 3395 1000 3438 quod
1024 3408 1095 3430 cum
1120 3407 1266 3438 pertenue
1300 3395 1338 3428 iit
1360 3420 1372 3437 ³

361 3459 395 3479 ea
419 3447 593 3490 praesertim
632 3452 722 3475 :etate
746 3466 758 3482 ,
795 3440 981 3476 flavedinem
1014 3441 1047 3472 in
1082 3439 1225 3473 thoracis
1258 3450 1372 3473 cavum

364 3489 580 3523 transmiserat
604 3485 644 3519 sic
670 3495 705 3519 ut
728 3487 885 3527 contigua
910 3483 1016 3526 aliqua
1042 3484 1200 3526 particula
1222 3507 1231 3523 ‚
1264 3494 1376 3525 quam-

936 103 1095 159 Liber
1127 102 1217 155 111,
1251 78 1336 157 De
1371 98 1580 153 Morbis
1613 95 1825 151 ventris

1383 188 1386 191 ⁴
1404 177 1453 210 vis
1475 173 1622 207 leviffime
1644 198 1653 213 ‚
1678 171 1873 206 flavesceret.

2342 166 2349 173 ι

2005 169 2141 204 Cunffis
2165 168 2324 213 Partibus
2352 177 2404 201 am

1404 219 1554 261 inspeetis
1578 240 1591 258 ,
1622 218 1655 249 δε
1679 216 1760 248 sanis
1783 214 1945 254 inventis,
1969 213 2068 248 subiit
2092 213 2234 246 animum
2257 180 2407 246 intellina

1406 261 1575 297 secundum
1599 258 1835 302 longitudinem
1858 257 2035 301 persecare.
2058 255 2184 290 Multus
2204 265 2269 289 erat
2301 254 2334 288 in
2369 255 2410 287 iis

1405 316 1541 345 mneos,
1563 305 1598 336 in
1622 313 1723 345 eoque
1747 313 1844 344 prope
1878 301 2027 335 ultimam
2072 301 2239 333 Tenuium
2284 305 2407 341 partem

1405 348 1556 383 lumbrici
1580 355 1692 380 teretes
1714 344 1841 386 decem,
1864 344 1981 386 finguli
2005 345 2088 388 paris
2113 341 2211 375 ferme
2234 341 2410 375 craffitudi-

1406 394 1456 426 nis
1470 416 1482 434 ,
1507 394 1539 424 δε
1563 388 1780 433 longitudinis
1802 400 1955 432 quoque3
1980 386 2048 423 haec
2070 394 2176 421 autem
2198 394 2263 419 erat
2284 385 2411 428 digito·
2456 406 2461 408 f

1406 447 1478 471 rum
1502 433 1751 467 transversorum
1776 432 1914 475 septem.

1451 490 1500 511 21.
1525 479 1619 511 Num
1642 478 1744 519 igitur
1766 475 1855 509 flavae
1877 477 1926 508 illi
1952 475 2102 509 tinfturae
2127 498 2137 513 ‚
2173 473 2316 516 quamvis
2347 481 2412 504 non

1405 521 1626 556 ventriculum
1651 519 1776 558 mocio,
1800 518 1852 552 sed
1875 522 1907 553 ὃς
1931 519 2096 552 tendinem
2117 515 2297 551 istiusmodi
2329 514 2406 548 infi-

1406 568 1506 600 cienti
1521 591 1533 606 ,
1560 576 1597 597 an
1621 563 1790 597 lumbricis
1815 572 1867 595 tot
1882 586 1892 601 ‚
1916 574 1949 596 ac
1975 563 2118 602 talibus,
2143 559 2202 593 sive
2226 562 2259 592 in
2290 559 2412 591 ventri-

1404 611 1514 644 culum
1534 607 1743 649 irrepserant,
1768 603 1830 638 five
1852 605 1906 639 ubi
1919 616 2029 646 erant,
2053 604 2249 649 perstiterant
2261 615 2277 643 ,·
2296 612 2345 635 eas
2354 602 2413 633 tri-

1404 655 1499 687 buere
1524 651 1620 686 males
1643 650 1865 689 irritationes,
1888 661 1958 692 quae
1980 647 2208 685 convellend0‚
2231 644 2413 688 magnosil-

1404 699 1452 730 los
1475 696 1641 734 vomitus,
1675 694 1929 734 &repentinam
1960 692 2088 728 demum
2122 700 2261 725 mortem
2296 687 2415 722 intule-

1403 739 1495 774 rint?
1518 737 1664 772 Haerebis
1687 735 1824 776 saltem,
1848 747 1902 769 nec
1927 737 2066 779 primum
2090 734 2172 770 illud
2195 746 2254 778 pro
2265 741 2353 766 certo
2367 730 2416 764 af-

1406 783 1570 818 firmabis.
1707 779 1767 813 Sed
1790 780 1884 821 longe
1907 781 2008 822 magis
2031 780 2189 816 haereres3
2211 787 2248 812 ut
2272 776 2311 809 ad
2334 775 2415 808 alte-

1406 839 1478 861 rum
1521 823 1700 863 transeam‚·
1733 823 1755 856 fi
1779 823 1864 856 forte
1889 823 2025 857 crederes
2048 836 2119 867 quae
2143 824 2177 856 in
2201 820 2417 855 Additamen-

1407 873 1449 905 tis
1473 869 1512 904 ad
1535 869 1614 903 hanc
1639 867 1822 901 Seetioiiem
1843 869 1912 909 (g)
1935 866 2035 909 posita
2059 867 2131 902 sunt
2155 866 2193 900 de
2227 863 2417 898 Altembur-

1409 913 1493 958 gensi
1517 912 1632 947 ancilla
1653 922 1724 954 quae
1748 910 1904 951 lacertas,
1927 910 2086 952 bufones,
2108 921 2196 944 ranas
2210 932 2218 947 ‚
2242 906 2418 951 aliquando

1411 959 1511 991 etiam
1535 966 1601 990 non
1624 963 1794 995 mortuas,
1819 953 1871 988 sed
1893 955 1925 988 in
1942 954 2070 997 sextum
2094 955 2195 992 diem,
2229 951 2252 985 fi
2287 951 2415 993 Superis

1412 1002 1516 1044 placet
1532 1024 1542 1042 ,
1563 1000 1736 1037 viventes,
1760 1009 1799 1031 ex
1822 1009 1901 1038 ore,
1923 1009 2004 1036 ano,
2029 1007 2082 1032 aut
2106 998 2227 1035 etia'm,
2251 995 2339 1038 quod
2352 993 2418 1035 aje-

1411 1047 1465 1078 bat
1488 1044 1577 1087 ipsa,
1599 1040 1792 1084 genitalibus
1814 1041 1960 1085 ejiciebat
1980 1040 1987 1075 !
2018 1042 2152 1075 Paetum
2186 1040 2264 1073 bene
2286 1061 2298 1078 ,
2330 1036 2419 1079 quod

1411 1090 1488 1122 Viri
1511 1087 1616 1121 Docti
1638 1088 1694 1129 qui
1714 1083 1787 1118 ‘haec
1812 1086 1910 1128 primi
1934 1084 2149 1128 scripserunt,
2172 1094 2238 1117 non
2261 1081 2370 1124 ajunt,
2392 1079 2422 1112 se

1411 1143 1485 1166 cum
1507 1131 1586 1163 vivae
1611 1129 1675 1163 istae
1699 1128 1803 1162 bestiae
1826 1128 2094 1168 excluderentur,
2118 1125 2263 1164 affuiffe3
2295 1135 2334 1157 ne
2364 1122 2422 1157 sub

1411 1174 1486 1218 ipsis
1510 1184 1619 1206 eorum
1643 1172 1747 1205 oculis
1769 1171 1880 1205 fucum
1904 1174 1947 1205 iis
1969 1171 2092 1206 fastum
2115 1171 2286 1205 afoeminis
2299 1166 2421 1210 praesti-

1410 1218 1603 1262 giatricibus
1627 1216 1726 1248 inviti
1751 1213 2072 1258 dicere—'cogeremur
2097 1240 2104 1247 .
2137 1212 2301 1257 'Equidem
2332 1209 2418 1244 nihil

1411 1264 1476 1295 veri
1499 1261 1591 1296 fuisle
1615 1258 1769 1293 existimo
1788 1260 1821 1291 in
1832 1259 1923 1292 rebus
1947 1257 2126 1293 istiusmodi
2147 1269 2223 1300 quas
2237 1254 2341 1298 reapse
2351 1261 2423 1287 mu-

1403 1308 1462 1340 lier
1484 1313 1666 1338 excerneret
1682 1326 1691 1340 ,
1715 1300 1774 1349 nisi
1798 1304 1954 1336 extimam
1978 1301 2160 1346 quandam,
2183 1304 2216 1335 δε
2250 1298 2422 1333 fortuitam

1401 1361 1514 1383 eorum
1538 1348 1726 1381 animalium
1748 1347 1998 1380 similitudinem
2014 1360 2024 1379 .-
2047 1356 2163 1388 corpus
2184 1354 2292 1378 autem
2325 1350 2428 1374 mate-

1406 1395 1554 1435 riamque
1575 1392 1705 1424 illarum
1730 1401 1769 1423 ex
1793 1389 1958 1434 polypoiis
1991 1388 2252 1423 concretionibus
2275 1410 2288 1427 ,
2324 1385 2424 1418 viridi

1406 1438 1483 1471 bilis
1507 1437 1613 1469 colore
1638 1434 1769 1468 inseetis
1790 1433 1958 1467 coaluisse.
2093 1432 2228 1466 Accidit
2240 1431 2325 1464 forte
2337 1428 2425 1463 mul-

1406 1482 1450 1515 tis
1472 1488 1546 1514 ante
1570 1480 1682 1524 annis,
1704 1487 1740 1512 ut
1764 1482 1890 1520 optima
1914 1478 2043 1521 Virgo,
2071 1479 2100 1510 &
2125 1473 2347 1510 honestoloco
2363 1483 2426 1506 na-

1406 1535 1462 1563 ta,
1485 1524 1639 1559 extremis
1663 1521 1854 1555 solemnium
1877 1520 2076 1565 jejuniorum
2099 1519 2212 1555 diebus
2234 1518 2325 1562 queri
2339 1517 2424 1549 inci-

1405 1577 1494 1613 peret
1516 1567 1555 1600 de
1578 1565 1712 1600 molesto
1734 1567 1875 1608 quodam
1901 1565 2049 1606 angoris,
2084 1565 2117 1596 &
2152 1562 2304 1605 ponderis
2335 1559 2424 1594 sensu

1405 1624 1472 1657 quo
1494 1611 1688 1644 ventriculus
1711 1609 1789 1642 hora
1814 1608 2009 1650 potiliimum
2032 1606 2250 1640 confeetionis
2273 1605 2424 1637 ciborum

1406 1654 1625 1690 afficiebatur.
1650 1652 1782 1685 Acceffit
1806 1652 1920 1685 deinde
1941 1650 2037 1685 faciei
2050 1651 2155 1693 pallor
2171 1674 2183 1691 ,
2208 1653 2239 1683 ἃ
2254 1647 2422 1683 manifesta

1404 1699 1553 1741 corporis
1576 1697 1713 1730 macies.
1741 1696 1873 1728 Exaetis
1897 1694 2031 1738 denique
2055 1705 2069 1726 a
2084 1693 2297 1738 'querelarum
2322 1692 2425 1724 initio

1407 1741 1565 1776 menfibus
1588 1740 1717 1773 circiter
1741 1738 1828 1772 duob
1853 1750 1891 1778 s,
1913 1739 2093 1780 corripitur
2118 1738 2217 1780 paulo
2241 1745 2315 1769 ante
2327 1736 2425 1769 meri·

1405 1787 1491 1820 diem
1515 1784 1619 1818 tribus
1639 1781 1819 1816 immanibu
1849 1784 1919 1822 5&
1941 1792 2016 1816 cum
2040 1779 2161 1814 summa
2183 1782 2325 1817 virium,
2356 1780 2424 1812 ani-

1406 1831 1515 1872 mique
1538 1826 1717 1861 defectione
1742 1837 1803 1859 con
1822 1825 1926 1859 oneris
1940 1847 1949 1863 ‚
1971 1825 2119 1859 vomendi
2131 1824 2321 1864 conatibuS,
2343 1835 2426 1866 quo-

1409 1885 1478 1907 rum
1502 1873 1610 1914 primo
1631 1869 1715 1916 nihil
1740 1869 1937 1911 quidquam,
1964 1870 2065 1902 altero
2090 1880 2154 1901 non
2179 1869 2318 1902 multum
2343 1878 2427 1900 ama-

1410 1916 1542 1954 rissimi,
1565 1917 1600 1947 &
1618 1912 1756 1946 'subflavi
1784 1911 1952 1950 humoris,
1975 1913 2076 1945 tertio
2100 1922 2227 1952 autem,
2250 1923 2324 1945 cum
2337 1910 2427 1944 ades-

1410 1960 1454 1994 set
1478 1960 1505 1991 is
1529 1958 1592 2000 qui
1610 1956 1677 1989 haec
1701 1954 1739 1988 ad
1763 1967 1812 1988 me
1836 1953 1960 1998 scripsit
1986 1956 2159 1995 Medicus,
2181 1957 2214 1988 in
2238 1966 2351 1997 puram
2374 1965 2427 1988 ar..

1410 2012 1557 2046 genteam
1580 2009 1721 2045 pat-eram
1745 1999 1778 2032 id
1803 1998 1909 2041 rejicit
1931 2000 2020 2042 quod
2053 2009 2090 2033 ut
2124 1999 2206 2032 mihi
2243 1998 2280 2031 ab
2312 1997 2426 2033 eodem

1413 2054 1557 2079 accurate
1582 2044 1777 2088 descriptum
1802 2044 1864 2083 est,
1895 2041 1937 2075 iic
1971 2055 1986 2076 a
2021 2054 2071 2076 me
2104 2043 2167 2075 tibi
2198 2042 2392 2076 describetur
2414 2067 2426 2075 .

1416 2093 1520 2123 Parva
1544 2086 1675 2130 planta,
1701 2088 1752 2120 seu
1775 2087 1876 2120 mavis
1911 2085 2042 2120 herbula
2066 2110 2080 2127 ,
2115 2087 2258 2129 digitum
2292 2087 2423 2120 circiter

1415 2135 1535 2175 longa,
1559 2130 1714 2163 radiculis
1730 2152 1742 2169 ,
1765 2129 1879 2169 caule,
1904 2132 1936 2162 ἃ
1962 2129 2064 2163 tribus
2096 2131 2129 2163 in
2164 2130 2289 2164 summo
2333 2130 2427 2164 foliis

1412 2177 1570 2221 proedita,
1593 2184 1732 2216 quorum
1756 2183 1856 2207 unum
1879 2182 1944 2205 erat
1969 2174 2223 2215 denticulatum,
2246 2175 2368 2217 reliqua
2381 2174 2427 2208 se*-

1413 2219 1622 2254 micirculum
1647 2218 1739 2259 plane
1765 2215 1969 2256 referebant,
1991 2217 2111 2250 viridia
2140 2220 2247 2252 omnia
2269 2245 2278 2252 .
2312 2219 2427 2252 caulis

1414 2273 1519 2298 autem
1543 2263 1684 2304 superius
1707 2259 1819 2301 albus,
1842 2258 1976 2294 inferius
1999 2260 2110 2294 viridis
2126 2285 2133 2299 ,
2156 2260 2214 2296 nifi
2238 2262 2325 2305 quod
2359 2261 2428 2295 san-

1412 2307 1610 2351 guinolentis
1644 2302 1836 2348 quibusdam
1871 2303 1955 2338 striis
1989 2304 2182 2346 perexilibus
2212 2304 2434 2349 distingueba-¹

1414 2362 1487 2385 tur.
1513 2349 1586 2382 Post
1610 2359 1670 2382 tres
1694 2357 1870 2391 quatuorve
1895 2347 1990 2380 horas
2021 2346 2086 2390 jam
2124 2348 2202 2383 ficca
2233 2350 2379 2384 herbula·
2396 2350 2428 2384 se

1414 2393 1548 2438 quidem
1579 2401 1805 2431 contraxerat;
1838 2391 1981 2424 colorem
2016 2400 2125 2424 tamen
2157 2394 2332 2428 retinuerat
2352 2418 2361 2426 .
2393 2395 2428 2427 A

1414 2438 1529 2472 multis
1546 2462 1556 2476 ,
1580 2438 1613 2469 &
1634 2437 1669 2469 in
1692 2435 1743 2469 his
1768 2436 1807 2468 ab
1840 2435 2003 2468 nonnullis
2035 2436 2080 2468 rei
2112 2435 2278 2470 Herbariae
2313 2438 2426 2479 peritis

1411 2481 1597 2525 priusquam
1606 2479 1713 2512 crebra
1726 2479 1981 2512 contrectatione
1992 2478 2179 2513 decresceret
2182 2482 2228 2520 ,&
2240 2491 2339 2522 prope
2349 2479 2434 2513 fria-2

1411 2526 1488 2559 bilis
1500 2524 1610 2561 fieret,
1633 2534 1706 2556 cum
1717 2522 2041 2565 diligenterinspeet-zi
2056 2520 2151 2561 esset,
2175 2535 2268 2557 nemo
2279 2526 2428 2558 omnium

1411 2569 1479 2603 fuit
1495 2591 1508 2609 ,
1531 2565 1702 2614 qui-cujus
1727 2564 1801 2600 esset
1824 2567 1968 2608 generis,
1994 2565 2133 2600 dice-ret.
2158 2568 2323 2601 Caeterum
2345 2569 2430 2602 Vir-

1412 2625 1478 2656 go,
1500 2611 1556 2644 illa
1580 2611 1699 2653 qesta,
1723 2610 1844 2644 nullam
1866 2608 1970 2652 postea
1993 2610 2350 2645 ventriculimolestiam
2361 2611 2430 2645 sen-

1420 2657 1485 2694 fit;
1509 2656 1587 2698 qui-n
1611 2655 1781 2694 colorem,
1805 2655 1838 2686 &
1861 2664 1996 2696 corpus,
2020 2665 2093 2686 cum
2115 2653 2183 2687 hcec
2207 2654 2246 2689 ad
2278 2666 2329 2687 me
2363 2666 2430 2689 non,

1420 2700 1532 2733 multis
1551 2698 1628 2741 post
1650 2698 1760 2732 diebus
1786 2694 2015 2735 scriberentur,
2041 2695 2105 2739 jam
2139 2697 2307 2732 manifesto
2339 2710 2430 2741 repa-

1421 2744 1534 2777 rabat,
1560 2744 1613 2775 Ex
1637 2753 1685 2774 me
1709 2752 1815 2775 autem
1838 2740 2034 2783 quaerebatur
2056 2765 2065 2780 ‚
2090 2740 2168 2783 quid
2205 2741 2244 2775 de
2281 2743 2432 2776 inaudito

1417 2788 1480 2821 hoc
1501 2787 1646 2819 vomitus
1670 2797 1782 2827 genere
1807 2784 1977 2817 sentirem.
2006 2785 2175 2817 Necvero
2197 2795 2282 2823 erat,
2305 2797 2362 2819 cur
2376 2785 2432 2819 hic

1416 2832 1618 2873 cogitarem,
1641 2829 1725 2875 idern
1751 2829 1835 2862 forte
1860 2827 1993 2869 potuisse
2018 2827 2158 2861 accidere
2181 2829 2270 2871 quod
2293 2831 2326 2863 in
2350 2841 2431 2872 quo-

1418 2874 1553 2908 rundam
1577 2872 1890 2908 observationibus,
1916 2880 1951 2903 ut
1975 2881 2050 2913 puta
2065 2873 2197 2906 Lentilii
2225 2872 2287 2912 (h)
2311 2874 2436 2916 quivi-

1419 2918 1495 2952 diffe
1519 2917 1566 2956 se,
1590 2918 1657 2954 ait,
1682 2917 1805 2949 vomitu
1831 2914 2132 2956 rejeffrfislafflrcas,
2155 2927 2223 2950 cum
2229 2914 2361 2959 floribus
2373 2927 2431 2950 na-

1412 2962 1524 3003 flami
1549 2960 1651 2994 indici
1667 2984 1678 3000 ,
1704 2958 1901 3001 boi-raiginis,
1925 2958 2083 3000 rosarum,
2107 2959 2207 2993 colore
2224 2959 2281 3002 suo
2314 2970 2431 3002 parum

1421 3013 1479 3038 aut
1501 3003 1581 3037 nihil
1605 3003 1786 3037 immutatis
1798 3025 1809 3041 ,
1832 3012 1907 3043 quos
1929 3010 2001 3035 ante
2024 3002 2089 3035 dies
2121 3004 2355 3044 quatuordecim
2387 3005 2432 3038 Θ·

1422 3048 1508 3082 ultra
1532 3047 1647 3080 mulier
1670 3044 1878 3079 Illustriffima
1901 3046 2072 3079 comederat
2091 3071 2098 3078 .
2127 3047 2174 3078 Ut
2199 3049 2286 3080 enim
2317 3057 2433 3081 caetera

1422 3092 1691 3135 praetermittam3
1715 3100 1749 3121 ea
1773 3089 1883 3130 Virgo
1905 3089 1943 3120 ab
1966 3088 2138 3123 herbarum
2162 3089 2236 3131 esti,
2261 3094 2292 3124 δε
2313 3092 2352 3124 ab
2365 3103 2431 3125 ace-

1423 3136 1516 3169 tariis
1540 3144 1651 3167 natura
1676 3131 1886 3165 abhorrebat.
1911 3133 2114 3168 Alterutrum
2137 3134 2241 3177 igitur
2272 3136 2432 3179 relinque-

1422 3180 1516 3213 batur
1527 3201 1538 3218 ,
1553 3188 1588 3212 ut
1604 3175 1834 3211 herbiformem
1847 3185 1898 3208 aut
1913 3176 2158 3210 excrescentiam
2169 3202 2182 3219 ,
2207 3187 2261 3212 aut
2276 3179 2432 3222 polypum

1420 3236 1435 3256 e
1460 3222 1642 3255 ventriculo
1662 3219 1817 3262 ejecisset.
1832 3218 1941 3262 Hujus
1965 3220 2173 3262 praecedentia
2199 3221 2404 3256 incommoda
2421 3247 2432 3262 ‚

1425 3270 1456 3299 ὅ(
1483 3268 1636 3298 immanes
1659 3266 1692 3296 in
1716 3263 1888 3296 evomendo
1911 3272 2065 3303 conatus,
2097 3266 2129 3297 &
2162 3264 2253 3309 ejecti
2287 3266 2432 3307 corporis

1424 3309 1672 3351 sanguinolentae
1696 3306 1797 3344 strix,
1822 3311 1854 3340 &
1879 3307 1968 3340 albus
1991 3308 2105 3345 color;
2130 3319 2203 3342 nam
2215 3308 2373 3352 quidquid
2385 3310 2434 3341 vi-

1428 3354 1509 3387 ridis
1533 3363 1621 3392 erat,
1644 3351 1677 3384 id
1699 3363 1713 3383 a
1737 3351 1803 3384 bile
1825 3351 1933 3384 induci
1957 3361 2105 3394 potuerat
2129 3364 2202 3386 cum
2235 3352 2333 3386 acidis
2366 3351 2435 3386 suc-

1428 3399 1473 3430 cis
1496 3395 1687 3433 commist23
1712 3407 1766 3433 ea,
1791 3396 1946 3436 inquam,
1969 3397 2079 3428 omnia
2101 3396 2318 3439 conjecturam
2350 3396 2436 3429 alte-

1430 3450 1552 3474 rutram
1574 3438 1765 3473 confirmare
1796 3439 1987 3472 videbantur
2008 3452 2017 3470 :
2053 3442 2174 3473 Utram
2208 3449 2312 3473 autem
2347 3438 2435 3482 sequi

1428 3482 1606 3527 praestaret,
1631 3483 1665 3516 id
1688 3494 1763 3516 vero
1787 3492 1840 3516 aut
1863 3493 1954 3516 novae
1976 3483 2122 3524 quaedam
2145 3483 2298 3517 stomachi
2336 3484 2437 3517 mole-

2294 3524 2358 3559 stiae
2382 3550 2392 3566 ,

508 3695 513 3709 ι
551 3686 673 3710 Additam.
691 3685 749 3710 ΟΜ.
767 3693 805 3711 10.
870 3684 915 3714 (d
930 3684 942 3712 3
960 3681 1019 3707 ΟΜ.
1038 3687 1074 3709 16.
1138 3685 1175 3708 (e
1193 3684 1206 3712 3
1222 3691 1245 3707 n.
1263 3690 1299 3712 ις.

426 3687 491 3718 (ι)

428 3717 497 3750 th)

520 3694 532 3708 ‘¹
1149 3714 1151 3717 ,
1362 3683 1431 3713 (ί)
1450 3684 1511 3709 0bs.
1529 3687 1567 3710 σε.

516 3718 571 3740 Vni.
588 3717 698 3745 append.
716 3716 743 3740 ad
762 3718 792 3739 A.
815 3723 833 3739 1.
853 3718 911 3740 Dec.
929 3722 951 3743 3.
971 3714 1031 3742 Eph.
1049 3717 1083 3739 N.
1100 3715 1130 3738 C.
1147 3723 1171 3738 in
1189 3714 1278 3739 Parall.
1296 3713 1325 3737 ad
1344 3715 1402 3738 ΟΜ,
1423 3722 1458 3743 92.

1629 3683 1781 3715 (gDObs.
1801 3692 1821 3713 ς.
