2498 4075
355 172 522 240 Epist.
560 174 722 227 Anat.
764 176 977 227 Medica
1010 172 1319 226 XXXVIII.
1358 171 1471 225 Art.
1492 172 1565 237 38.
1601 187 1678 239 39.
1701 174 1842 234 6140.

99 251 185 284 &in
219 250 344 285 summo
378 252 539 293 nigricans
562 275 572 290 ‚
605 254 635 284 δι
669 261 762 293 aequo
793 250 922 285 mollius
943 275 955 292 ,
979 261 1100 294 rupto-

97 305 160 335 que
183 293 229 327 ibi
254 306 372 336 magno
406 295 475 327 vase
511 293 692 335 sanguisero
716 316 725 331 ,
762 294 938 336 plurimum
973 296 1099 336 sangui-

98 348 170 369 nern
195 338 379 379 profuderat
404 361 416 378 ‚
439 340 523 371 circa
545 337 623 370 illud
647 334 754 377 ipsum
783 338 885 371 'viscus
907 360 917 375 ,
951 339 1097 380 interque

98 379 247 413 intestina
283 390 471 414 con-cretum
497 407 504 414 .
541 381 764 414 Acceleratam
786 393 855 414 earn
882 381 959 414 vasis
994 380 1098 413 disru-

98 424 243 465 ptionem
265 424 387 458 credidi
412 436 428 456 a
452 423 603 466 preffione
627 424 765 464 ingentis
788 423 951 466 hydatidis
973 424 1011 457 de
1034 435 1097 466 qua

97 465 204 500 dicere
227 467 290 509 jam
316 479 476 509 coeperam
503 493 511 500 .
548 467 740 500 Extremum
764 468 899 500 alterum
924 467 990 500 haec
1014 468 1098 498 inti-

97 520 158 542 mae
180 512 284 549 ovarii
308 511 488 544 substantiae
512 509 649 543 infixum
682 509 820 544 habebat
844 536 855 550 ‚
889 520 923 543 ut
958 511 1096 543 minores

97 552 168 585 aliae
191 553 231 586 de
255 555 374 595 quibus
397 565 473 589 mox
495 553 621 586 dicetur
644 565 652 584 :
692 565 745 595 per
768 552 966 595 superficiem
991 562 1096 585 autem

95 594 306 630 discurrentia
340 594 518 639 sanguifera
552 595 622 628 vasa
646 618 656 634 ,
690 599 777 630 intus
808 608 882 629 vero
916 595 1096 629 subftavam

95 649 211 681 aquam
235 664 248 679 ,
280 652 343 673 non
368 652 428 672 una
451 664 460 678 ,
497 648 653 681 quantum
677 642 814 672 exterius
838 638 972 680 judicari
1006 648 1096 680 pote-

95 692 144 716 rat
160 707 168 721 ‚
191 695 284 717 cavea
307 682 567 723 comprehensam
584 708 591 719 ,
616 681 667 716 sed
687 685 719 716 in
743 683 880 719 multas,
908 695 978 725 quae
994 682 1095 714 trans-

97 727 299 766 piciebautur
321 749 333 766 ³
365 726 496 758 cellulas
519 724 657 758 divisam
672 751 680 757 .
708 725 906 758 Membrana·
927 725 985 767 ipsi
1000 750 1008 764 ‚
1030 725 1093 765 hy-

95 770 236 803 datidem
260 769 409 803 efficienti
430 792 441 809 ,
466 768 503 802 ad
529 768 609 802 illud
633 770 671 802 de
692 780 758 811 quo
780 768 849 801 dixi
872 791 884 807 ,
914 778 1094 801 extremum

96 814 202 845 vitelli
226 813 349 852 aliquot
372 812 491 845 minuti
514 810 736 846 inhaerebant,
760 821 951 844 caeterorum
974 812 1093 853 quibus

94 858 245 889 ovarium
280 855 418 888 scatebat
444 878 454 892 ‚
488 854 690 896 persimiles:
723 854 773 887 his
805 864 913 887 tamen
947 854 1092 887 duriores

95 899 261 940 aliquanto
284 908 393 936 erant,
420 898 585 940 magisque
608 898 645 931 ad
671 897 848 944 albedinem
873 898 1093 943 inclinabant,

97 944 148 975 Ex
170 944 284 975 ovatio
308 952 423 983 praeter
446 943 594 975 vitellum
620 952 719 974 unum
743 952 899 982 majorem
922 964 934 980 ,
966 943 995 972 &
1030 950 1096 981 jam

95 984 159 1027 jam
182 985 326 1018 casurum
349 1008 362 1024 ,
397 985 558 1018 nonnullae
582 985 653 1017 aliae
676 984 857 1026 pendebant
892 982 1063 1025 liydat'ides
1088 1006 1098 1023 ,

92 1029 230 1061 omnino
250 1027 429 1062 consimiles
453 1027 619 1070 descriptae
645 1053 654 1067 ‚
685 1025 741 1060 nifi
766 1027 853 1069 quod
878 1027 978 1068 triplo
1004 1028 1098 1059 circi-

96 1081 144 1105 ter
168 1075 308 1106 minores
332 1081 423 1105 erant
446 1096 455 1110 ,
491 1083 547 1104 nec
571 1082 627 1113 per
651 1071 679 1103 se
702 1072 814 1103 ovario
837 1092 846 1106 ,
872 1070 921 1102 sed
947 1081 1000 1112 per
1025 1071 1095 1102 lon-

96 1126 175 1157 gum
201 1116 358 1158 petiolum
391 1115 643 1149 annectebantur
668 1138 676 1146 .
709 1114 812 1146 Erant
844 1112 983 1155 denique
1017 1124 1096 1145 non-

93 1159 189 1196 nulla:
214 1161 284 1191 aliae
308 1182 315 1197 ‚
352 1160 486 1192 minima
510 1157 583 1192 faba
607 1167 671 1189 non
697 1156 833 1197 majores
856 1178 865 1194 ,
897 1157 979 1189 inter
1013 1156 1098 1198 ipsos

93 1202 223 1235 vitellos
246 1201 375 1235 confitae
399 1226 408 1241 ,
432 1201 481 1235 sed
505 1200 553 1234 hae
578 1200 700 1240 caeteris
724 1200 830 1233 multo
855 1201 957 1241 magis
984 1200 1062 1232 albae
1090 1224 1098 1238 ‚

93 1248 124 1279 δε
145 1257 226 1287 aqua
251 1245 388 1287 limpida
411 1244 535 1287 plenae.
561 1245 723 1277 Coc'tione
747 1252 853 1276 tamen
884 1254 984 1284 neque
1009 1242 1095 1279 haec,

92 1300 193 1331 neque
218 1287 364 1322 sufflava
386 1297 572 1322 caeterarum
598 1299 677 1329 aqua
703 1287 889 1320 concrevit:
916 1287 1019 1320 vitelli
1044 1298 1098 1319 au-

91 1342 178 1369 tem,
204 1334 261 1374 qui
283 1333 432 1366 maximae
455 1331 543 1364 illius
566 1340 712 1363 extremo
734 1329 953 1367 inhaerebant‚
977 1340 1012 1363 ut
1037 1331 1099 1362 mi-

94 1386 153 1413 nus
176 1375 289 1408 molles
313 1385 406 1409 antea
430 1373 556 1408 fueraut
580 1397 592 1412 ,
627 1376 669 1408 iic
694 1376 794 1416 tnagis
817 1384 914 1414 quarn
934 1373 1066 1418 ‘reliqui
1090 1395 1099 1410 ‚

90 1418 307 1452 induruerunt
333 1445 340 1451 .
376 1420 464 1452 Cum
496 1417 624 1450 cellulas
656 1428 734 1460 quas
757 1420 840 1450 intra
876 1426 1012 1458 majores
1036 1416 1099 1458 hy-

90 1461 213 1496 datides
236 1462 472 1504 transpexeram
495 1483 507 1499 ,
546 1472 624 1493 mox
656 1459 885 1503 recognoscere
920 1461 1008 1492 intus
1034 1460 1099 1492 vel-

90 1506 175 1545 lem;
199 1506 358 1547 paulisper
381 1504 465 1538 forte
490 1513 641 1537 avocatus
665 1503 757 1537 sum:
782 1502 895 1536 famuli
919 1512 1026 1536 autem
1050 1505 1099 1534 in-

95 1548 284 1590 tempestiua
310 1548 482 1588 sedulitas,
507 1549 563 1589 qui
589 1559 637 1580 me
662 1547 736 1580 satis
757 1548 866 1581 ornnia
890 1545 1100 1588 perspexisse,

89 1591 241 1626 credebat
265 1617 273 1632 ‚
298 1594 440 1628 interea,
466 1601 549 1632 τεῳ-ε
577 1602 625 1623 me
649 1588 791 1628 ferente,
813 1589 895 1624 illuc
919 1589 1098 1631 abjecerat,

89 1637 173 1670 unde
196 1635 380 1677 recipi‘non
405 1642 571 1676 poterant.

130 1680 184 1721 38.
211 1678 295 1711 Noli
319 1679 452 1713 mirari,
475 1688 558 1718 aegre
580 1688 628 1709 me
653 1674 757 1712 tulisse
781 1676 869 1719 quod
893 1689 926 1710 ea
951 1688 1022 1719 quae
1056 1677 1091 1708 in

88 1723 193 1755 vitulo
215 1744 227 1760 2
264 1724 295 1753 δε
318 1721 467 1754 columba
490 1720 724 1762 transpexeram
747 1743 758 1759 ‚
799 1720 1007 1762 perspiciendi
1035 1732 1091 1753 co-

70 1767 176 1809 spiam
200 1775 263 1797 non
289 1764 456 1797 habuerim
481 1788 487 1794 .
511 1763 605 1800 ,Quae
630 1765 716 1796 enim
739 1763 909 1805 hydatides
943 1774 997 1797 aut
1022 1764 1090 1797 sau-

45 1816 48 1817 ’
88 1807 213 1850 guisera
239 1808 308 1840 vasa
345 1820 399 1849 per
434 1805 577 1840 medium
599 1817 714 1840 cavum
737 1806 884 1841 traducta
907 1829 917 1844 ‚
951 1817 1004 1841 aut
1029 1807 1090 1840 hoc

88 1855 124 1884 in
147 1850 277 1884 cellulas
301 1851 527 1891 multipliciter
551 1849 735 1883 distinstum
761 1851 926 1884 ostendant
951 1876 959 1891 ‚
981 1862 1091 1884 earum

85 1896 249 1936 originem
275 1893 360 1928 haud
385 1895 429 1927 ita
454 1893 547 1927 facile
572 1903 693 1933 repetes
717 1902 771 1927 aut
796 1906 811 1927 a
837 1894 976 1936 simplici
999 1894 1090 1936 glan-

85 1935 195 1972 dulosa
220 1937 375 1973 vesicula,
398 1938 486 1978 cujus
512 1939 550 1970 lit
573 1936 718 1970 osculum
741 1937 953 1975 obturatum,
978 1948 1029 1971 aut
1053 1939 1093 1971 ab

85 1992 152 2014 uno
176 1980 287 2021 aliquo
313 1980 390 2013 valis
415 1980 609 2022 lymphatici
634 1981 787 2022 utrinque
809 1981 941 2014 demum
965 1981 1092 2014 occluso

84 2023 262 2058 interstitio
285 2025 373 2066 quod
398 2025 483 2057 inter
508 2025 597 2057 binas
621 2027 651 2057 &
675 2024 765 2056 binas
792 2025 931 2058 valvulas
956 2027 1091 2057 interce-

88 2069 137 2101 dit
162 2092 167 2097 .
303 2068 354 2100 Ex
386 2079 452 2109 quo
475 2066 678 2103 W'atthonus
716 2067 765 2100 liis
790 2068 1090 2110 lyrnphaeductuum

84 2110 268 2144 interstitiis
291 2111 329 2143 ad
353 2109 837 2152 hydatidum'efformationem
871 2112 1091 2152 explzcandam

85 2154 158 2188 usus
182 2153 225 2186 est
250 2165 284 2186 ea
304 2155 437 2186 ratione
460 2165 531 2195 quae
557 2154 590 2186 in
613 2154 788 2186 sectionem
814 2153 895 2187 hanc
919 2158 932 2193 (
955 2166 978 2197 z
1001 2158 1010 2190 )
1037 2155 1090 2186 Se-

85 2195 246 2240 pulchreti
270 2195 336 2229 fuit
360 2208 424 2229 non
439 2196 531 2230 semel
558 2206 711 2240 tantum2
731 2196 780 2229 sed
807 2197 855 2229 bis
880 2198 1002 2233 relata,
1027 2210 1091 2231 nou

85 2241 255 2283 pauciores
278 2239 408 2272 fortasse
431 2265 440 2280 ,
474 2251 572 2282 quam
595 2241 653 2281 qui
690 2240 827 2282 simplici
862 2241 1010 2282 glandula
1046 2243 1092 2274 uli

86 2283 180 2323 sunt,
206 2282 330 2317 asseclas
352 2283 487 2321 habuit,
512 2286 542 2315 δι
566 2283 738 2316 nonnullos
762 2285 858 2315 etiam
880 2286 936 2324 qui
962 2284 999 2317 ad
1023 2295 1091 2322 earm

85 2328 336 2367 explicationem
367 2326 513 2368 quaedam
548 2325 692 2360 addendo
719 2350 729 2364 ,
764 2328 1021 2368 probabiliorem
1056 2338 1092 2360 ut

56 2371 58 2374 ”
83 2369 253 2404 redderent
277 2394 287 2407 ‚
310 2369 536 2403 elaborarunt.
562 2371 712 2409 Qorum
737 2379 797 2411 ego
821 2372 970 2403 omnium
995 2368 1093 2403 indu-

84 2413 191 2447 striam
214 2413 310 2446 laudo
336 2423 344 2444 :
378 2413 445 2445 imo
479 2410 736 2453 prowarthoni
772 2413 923 2446 sententia
947 2424 999 2446 tot
1022 2413 1092 2447 illas

84 2457 189 2491 facere
213 2455 327 2490 veficas
351 2477 361 2492 ‚
386 2455 549 2489 credidero
576 2476 585 2492 ‚
608 2466 685 2496 quas
711 2456 830 2489 Persius
854 2461 863 2495 (
888 2468 905 2488 a
927 2460 940 2495 )
964 2455 1089 2490 viderat

82 2500 281 2542 duplicatas,
305 2498 393 2544 velut
415 2499 448 2531 in
470 2498 664 2544 crtffioionihus
688 2499 887 2536 eximuntur,
908 2502 1029 2542 quippe
1042 2501 1091 2534 bi-

81 2555 142 2580 na,
168 2544 302 2576 necdum
328 2541 464 2582 sejunt‘fta
486 2564 499 2581 ,
533 2541 701 2574 interstitia
726 2544 982 2585 repraesentantes
1008 2569 1016 2582 ,
1051 2553 1087 2576 ut

73 2585 235 2630 fitniculos
260 2596 390 2628 quoque
413 2585 486 2617 illos
506 2584 676 2626 pellaciam
687 2608 698 2624 ,
721 2595 759 2619 cx
781 2585 923 2620 tenuibus
945 2586 1087 2630 veficulis

81 2629 166 2673 quasi
189 2629 398 2662 concatenatis
415 2626 612 2667 ‘constantes,
636 2639 773 2669 quorum
799 2630 918 2663 multos
936 2631 968 2662 in
994 2632 1086 2669 aquis

83 2673 288 2714 asciticorum
313 2671 474 2705 interdum
497 2670 663 2713 conspexit
698 2672 844 2706 Meadius
882 2676 895 2711 s
917 2673 935 2706 [ι
951 2677 991 2712 -).
1021 2674 1087 2706 Vc—

83 2727 155 2750 rum
179 2724 214 2748 ut
238 2714 405 2757 hydatides
430 2715 503 2747 alias
526 2726 564 2747 ex
588 2713 723 2757 simplici
746 2716 895 2757 glandula
910 2741 917 2755 ,
945 2717 1020 2750 alias
1043 2728 1082 2749 cx

84 2757 240 2801 ejusmodi
266 2758 449 2791 interstitiis
471 2767 557 2791 certa
580 2759 717 2800 quadam
741 2761 865 2792 ratione
889 2761 973 2801 polle
997 2771 1081 2801 repe.

83 2804 136 2841 ti,
160 2812 223 2834 non
249 2801 410 2840 diffiteor-3
437 2811 468 2835 at
492 2812 601 2833 omnes
623 2803 790 2844 quomodo
814 2805 913 2845 repeti
940 2804 1052 2845 poffint
1070 2826 1079 2840 ‚

84 2856 151 2880 non
179 2844 271 2877 video
296 2868 303 2875 .
339 2845 409 2877 Diu
442 2846 528 2878 enim
553 2843 596 2877 est
630 2857 667 2877 ex
699 2857 765 2887 quo
791 2847 976 2888 Ruyschius
999 2849 1013 2885 <
1035 2850 1085 2885 c)

84 2889 275 2923 admonuit,
300 2887 451 2928 plurimas
473 2888 634 2920 interdum
659 2887 830 2932 hydatides
854 2892 886 2922 in
911 2891 992 2923 uteri
1018 2891 1087 2931 pla-

84 2941 176 2966 centa
188 2953 196 2968 ,
225 2940 260 2964 ut
276 2941 332 2963 nos
346 2942 473 2973 quoque
487 2932 711 2974 conspeximus
727 2956 735 2970 ‚
758 2932 977 2974 deprehendi,
1002 2932 1089 2966 aliis-

83 2987 145 3018 que
169 2976 248 3008 item
273 2975 307 3006 in
332 2975 477 3008 Partibus
502 2976 534 3007 in
560 2975 677 3016 quibus
710 2976 968 3017 lymphaedue'cus
1005 2977 1087 3009 nulli

84 3019 296 3052 inveniuntur
321 3041 329 3048 .
356 3018 469 3060 Itaque
491 3018 612 3052 censuit
636 3043 644 3058 ,
670 3017 834 3058 hydatidas
858 3018 912 3063 effe
935 3020 1082 3053 extremi-

83 3070 167 3096 taces
187 3059 330 3101 vasorum
347 3058 613 3103 sangufferormn,
638 3073 702 3104 quae
720 3063 857 3103 priorem
873 3064 965 3107 suam
978 3070 1083 3095 mma-

82 3106 189 3138 verim*
211 3110 357 3135 naturam
378 3125 388 3141 ,
419 3112 511 3145 arque
533 3105 566 3137 in
589 3104 736 3146 vitiosam
759 3105 1012 3147 degeneraverint
1027 3103 1084 3148 fa-

84 3147 202 3181 bricam
217 3171 224 3178 .
247 3147 329 3179 Sunt
352 3147 469 3188 &qui,
493 3146 514 3179 li
539 3148 674 3189 aquosus
698 3148 815 3181 humor
839 3162 901 3183 non
927 3149 1024 3181 modo
1048 3161 1086 3182 ex

83 3188 384 3233 lymphaeduetuum
410 3190 583 3230 parietibus
607 3191 757 3225 nonnihil
781 3193 881 3233 laefis,
906 3204 1015 3225 verum
1028 3204 1086 3225 un-

82 3235 249 3276 decunque
272 3231 382 3266 effluat
405 3234 486 3266 intra
509 3234 727 3277 circumjectas
751 3237 982 3269 membranulas
1006 3260 1014 3275 ,
1038 3245 1089 3268 at-

85 3279 199 3310 tollere
224 3275 278 3309 has
303 3302 311 3316 ‚
334 3279 364 3309 3<
387 3276 419 3308 in
444 3275 613 3317 hydatides
638 3277 860 3317 conformare,
887 3279 1087 3312 existiment.

85 3322 236 3358 Quorum
262 3319 448 3352 sententiam
473 3319 494 3352 fi
518 3322 588 3363 quis
612 3323 708 3362 paulo
731 3322 898 3356 studiosius
921 3322 1057 3355 illustret
1078 3347 1088 3362 ‚

84 3374 192 3406 aptam
215 3364 325 3395 reddet
349 3361 523 3396 fortassead
547 3363 709 3408 plerasque
731 3364 903 3407 hydatides
927 3366 1088 3408 explican-

84 3409 160 3445 das,
183 3418 238 3439 nec
262 3406 391 3439 difficile
415 3407 575 3448 intelliget
598 3409 641 3441 ob
664 3409 863 3451 interjec‘tam
898 3410 1088 3445 membranis

84 3450 268 3485 cellulosam
293 3449 469 3488 fabricam,
493 3451 525 3482 &
548 3450 618 3483 vasa
642 3450 819 3494 sanguifera
842 3465 897 3495 per
921 3454 1001 3486 hanc
1026 3462 1090 3485 tra-

172 3493 338 3536 Moigagni
348 3496 382 3526 de
393 3493 460 3526 Sed.
479 3493 617 3536 &Caufi
631 3495 732 3531 Morb.
747 3497 847 3529 Torn.
861 3498 907 3528 ΙΙ.

140 3644 156 3672 (
172 3650 191 3670 z
207 3642 217 3672 )
234 3642 314 3666 Schol.
333 3641 362 3666 ad
379 3642 402 3672 §.
420 3643 444 3666 8.
461 3641 520 3677 Obs.
540 3651 574 3668 10.
593 3644 615 3667 ἃ
631 3645 660 3668 ad
680 3644 703 3674 §.
722 3653 744 3669 2.
762 3644 822 3669 Obs.
842 3653 881 3670 21.

142 3671 294 3702 (02Advers.
305 3675 360 3706 Dec.
377 3681 394 3696 1.
407 3680 427 3697 c.
437 3680 458 3696 2.
470 3674 522 3697 vid.
535 3676 557 3697 8:
566 3674 639 3698 Thes.
651 3678 674 3698 6.
684 3675 744 3709 ΤρΙ).
757 3677 814 3704 5.F.
824 3682 846 3703 3.
862 3677 884 3700 81
896 3676 960 3706 seqq.

140 3707 149 3760 (l
165 3701 208 3761 {3
227 3711 248 3727 c.
265 3711 285 3726 2.
303 3708 346 3727 cit.
407 3703 415 3731 (
434 3704 449 3726 h
466 3703 480 3731 )
496 3704 557 3728 Obs.
573 3706 643 3728 Anat.
661 3706 731 3729 Chir.
747 3706 799 3735 Fig.
818 3707 856 3730 ⁶8.

177 3756 179 3768 l

147 3764 161 3793 (
176 3772 192 3786 οι
211 3766 218 3791 l
235 3763 306 3793 Epist.
327 3771 364 3793 ¹7-
382 3771 403 3787 n.
423 3770 466 3787 cit.

947 3647 991 3676 (a
1007 3647 1020 3675 )
1039 3647 1097 3671 ibid.
1119 3648 1140 3677 §.
1159 3651 1184 3672 6.

952 3708 956 3712 ,
1024 3677 1076 3710 ld)
1093 3678 1149 3712 (ς)
1166 3687 1191 3702 n.
1206 3686 1242 3707 ³7·

262 3733 266 3737 .
923 3713 928 3735 (
947 3716 955 3730 1
973 3706 980 3735 )
1000 3709 1055 3732 Vid.
1074 3709 1148 3737 Epist.
1166 3718 1204 3738 43.
1227 3717 1249 3732 n.
1267 3716 1303 3731 ιο.

224 3733 294 3762 Epist.
310 3742 332 3762 4.
350 3740 373 3757 n.
393 3735 495 3766 ¹922?-
516 3742 544 3759 10
571 3743 595 3759 n.
615 3744 650 3764 19·
669 3737 714 3764 Ep.
736 3744 774 3765 17.
792 3744 815 3761 n·
832 3744 868 3766 14.
888 3739 931 3766 Ep.
951 3745 988 3761 21.
1006 3745 1029 3762 n.
1049 3746 1083 3767 ις.
1103 3741 1145 3768 Ep.
1166 3749 1203 3769 ²4·
1224 3747 1247 3763 n.
1264 3743 1287 3762 ό.
1307 3739 1328 3761 δε
1347 3739 1390 3765 Ep.
1409 3746 1446 3769 ²5·
1467 3748 1492 3764 n.
1508 3749 1531 3769 4.

1981 186 2072 232 107

1148 249 1263 287 ducta,
1288 247 1370 281 unde
1393 249 1430 282 sit
1454 261 1509 283 cur
1533 247 1701 291 hydatides
1725 247 1838 290 aliquae
1859 250 1872 286 (
1894 248 1914 280 d
1935 251 1945 285 )
1970 254 2141 289 appareant

1148 295 1182 326 in
1206 291 1334 325 cellulas
1355 291 1484 331 divisse,
1507 296 1538 325 δε
1560 303 1617 325 cur
1642 295 1652 329 (
1676 302 1692 323 e
1712 295 1725 330 )
1750 302 1804 332 per
1831 291 1969 323 medium
2007 290 2140 322 aliarum

1148 347 1263 369 cavum
1286 334 1356 366 vasa
1380 335 1582 376 trajiciantur
1597 348 1606 367 .·
1621 334 1666 376 vad
1691 344 1761 375 quae
1784 334 1880 366 exiles
1904 334 1974 366 illas
1997 333 2071 363 duas
2097 332 2140 374 fi-

1148 379 1221 412 bras
1243 377 1265 410 si
1289 376 1372 410 forte
1397 378 1512 411 reserat
1529 402 1540 418 ‚
1563 389 1639 420 quas
1665 378 1697 409 in
1724 386 1774 409 tot
1799 376 1973 418 hydatibus
1998 375 2140 407 animad-

1149 422 1250 455 vertit
1274 420 1440 462 Tylonius
1465 420 1547 464 (f)
1572 422 1610 453 ab
1635 421 1738 453 altero
1759 418 2041 453 harum-extremo
2070 427 2142 458 pro-

1147 468 1285 497 cedentes
1307 475 1342 496 ιτς
1357 462 1546 504 flut‘iuantes
1579 465 1663 497 intra
1687 461 1827 504 ipsarum
1851 463 2001 504 liquorem
2026 472 2036 498 3
2070 461 2138 493 veri

1146 508 1243 550 paulo
1265 505 1418 539 similiora
1442 507 1544 541 dicere
1569 507 1670 540 videri
1696 506 1815 546 poterit
1838 528 1848 543 ,
1871 518 1968 547 quam
1991 515 2064 538 curn
2087 503 2142 535 ille

1147 549 1305 593 ejusmodi
1330 550 1515 592 hydatides·
1533 550 1648 583 insetia
1681 547 1739 582 effe
1762 570 1771 585 ‚
1803 548 2000 586 conjiciebat
2023 571 2035 587 ,
2069 557 2141 587 qua:

1148 594 1337 626 alimentum
1362 593 1420 625 libi
1445 593 1629 635 exsugentia
1655 604 1708 637 Der
1731 591 1811 633 dunos
1834 593 1906 624 illos
1929 590 2017 634 quasi
2042 590 2144 622 tubu-

1148 638 1194 669 los
1218 638 1251 668 in
1276 646 1421 669 ventrem
1444 638 1653 669 demitterent
1678 660 1685 667 .
1721 634 1823 671 Quod
1858 634 1878 666 fi
1905 636 2078 676 pendentes
2102 643 2140 665 ex

1146 682 1234 712 tenui
1257 679 1420 722 longoque
1444 679 1569 719 petiolo
1602 675 1771 721 hydatides
1808 678 1951 710 incidant
1977 678 2141 717 explican-

1146 722 1193 755 dae
1217 746 1228 762 ‚
1251 725 1359 765 quales
1382 721 1567 763 Ruyschius
1591 724 1645 763 (g
1666 726 1698 760 ),
1721 722 1775 761 qui
1801 723 1901 753 etiam
1926 720 2031 761 pinxit
2054 719 2143 758 (li),

1144 766 1286 807 aliique,
1309 769 1339 798 δέ
1362 777 1419 798 nos
1444 766 1522 805 saepe
1545 765 1684 797 vidimus
1708 766 1746 796 ab
1770 766 1888 797 ovariis
1913 763 2109 804 potislimum
2133 783 2144 798 ‚

1145 809 1340 849 proximisve
1365 809 1534 842 mulierum
1560 808 1727 850 partibus,
1752 817 1815 839 non
1840 807 1936 840 modo
1959 817 1997 840 ex
2019 805 2146 838 colum-

1147 853 1193 884 bae
1217 853 1307 885 illius
1329 854 1442 884 ovario
1465 851 1615 893 pendulas
1637 864 1646 888 3
1684 849 1836 891 suspicari
1872 849 1974 883 eidem
1999 849 2107 881 licebit
2136 868 2145 883 ‚

1147 896 1292 936 abruptis
1317 908 1332 928 a
1358 895 1540 937 sanguisero
1564 896 1715 927 trunculo
1741 895 1864 927 caeteris
1898 892 2062 935 hydati'dis
2086 902 2144 924 cu—

1145 938 1284 979 juspiam
1308 938 1454 974 cellulis,
1479 949 1532 971 aut
1557 937 1660 971 effuso
1683 948 1779 979 quem
1803 937 2017 970 continebant
2040 959 2052 975 ,
2086 933 2148 967 hu-

1147 993 1234 1014 more
1257 981 1503 1015 concidentibus
1526 1005 1538 1021 ,
1561 981 1736 1013 extremam
1761 979 1898 1020 aliquam
1915 991 2077 1018 'annexam
2101 989 2150 1010 re·-

1150 1025 1227 1057 stare
1248 1037 1263 1062 ·,
1284 1037 1354 1067 quae
1378 1024 1548 1057 humorem
1574 1023 1676 1057 adhuc
1701 1025 1836 1056 retineat
1861 1025 1949 1056 suum
1977 1047 1983 1054 .
2010 1024 2051 1054 Et
2077 1021 2148 1054 sane

1148 1080 1222 1101 cum
1246 1068 1410 1100 filamento
1435 1079 1489 1108 per
1512 1067 1600 1109 quod
1625 1068 1731 1108 aliqua
1764 1064 1921 1106 ejusmodi
1954 1065 2109 1108 pendebat
2137 1089 2147 1101 ‚

1148 1111 1314 1144 manifesto
1337 1111 1499 1144 interdum
1528 1109 1744 1151 [anguiferum
1769 1109 1861 1143 simul
1886 1109 2048 1143 vasculum
2071 1107 2151 1141 ferri

1150 1157 1290 1188 vidimus
1313 1157 1327 1194 (
1349 1154 1361 1186 i
1385 1157 1415 1192 ).

1202 1210 1254 1241 39.
1291 1199 1338 1230 At
1370 1196 1441 1230 sunt
1475 1196 1544 1229 aliae
1567 1220 1575 1233 ‚
1606 1199 1636 1228 <Sc
1670 1195 1801 1237 majoris
1837 1196 1966 1239 quidem
1993 1194 2150 1228 momenti

1151 1254 1226 1276 cum
1256 1242 1301 1274 ob
1335 1241 1492 1273 viscerum
1527 1241 1646 1282 quibus
1680 1241 1889 1273 innascuntur
1913 1264 1921 1278 ‚
1951 1238 2113 1271 laesionem
2138 1258 2146 1271 ⁷

1151 1297 1222 1319 tum
1254 1286 1298 1317 ob
1332 1283 1512 1318 faciliorem
1546 1283 1612 1325 ejus
1649 1295 1714 1325 quo
1737 1283 1776 1317 de
1799 1283 1852 1316 hic
1877 1284 1985 1325 agitur
2010 1304 2018 1318 ,
2044 1280 2153 1314 morbi

1151 1329 1399 1373 produt‘ffionern
1424 1327 1641 1360 attendendae.
1667 1326 1831 1360 Hastenus
1854 1325 1891 1359 de
1916 1328 1954 1359 iis
1979 1323 2041 1358 sere
2065 1325 2153 1357 dixi-

1152 1384 1222 1407 mus
1245 1383 1314 1413 quae
1338 1374 1372 1404 in
1406 1370 1573 1412 superficie
1596 1379 1705 1403 extant
1729 1370 1887 1403 viscerum
1913 1392 1920 1406 ,
1958 1378 2012 1402 aut
2046 1369 2085 1401 ab
2119 1378 2154 1400 ea

1151 1416 1352 1459 propendent
1376 1440 1384 1447 .
1423 1415 1538 1448 Latent
1563 1425 1666 1448 autem
1691 1413 1747 1447 sub
1770 1414 1836 1456 ipsa
1861 1413 1930 1446 aliae
1953 1436 1964 1452 ,
1999 1422 2051 1445 aut
2086 1412 2154 1453 ple-

1150 1456 1285 1500 rumdue
1309 1470 1374 1492 non
1400 1458 1541 1490 multum
1563 1459 1769 1499 prominent,
1795 1457 1894 1490 veluti
1920 1455 2096 1497 praesertim
2118 1455 2153 1486 in

1151 1504 1280 1535 renibus
1305 1526 1312 1533 .
1348 1501 1576 1534 Grandiorum
1605 1500 1795 1535 cellularum
1829 1502 1964 1533 nomine
1999 1497 2152 1538 descripsi

1152 1547 1232 1579 olim
1258 1549 1289 1577 in
1313 1543 1519 1577 Adversariis
1552 1547 1565 1583 (
1587 1544 1604 1583 l<
1627 1547 1639 1582 )
1663 1568 1670 1582 ,
1704 1547 1735 1576 δε
1770 1543 1851 1584 saepe
1883 1544 1921 1576 ad
1947 1552 1977 1576 te
2011 1543 2151 1575 scribens

1151 1589 1199 1631 (l
1220 1594 1232 1628 )
1258 1614 1265 1626 ,
1289 1599 1322 1622 ut
1346 1591 1379 1620 in
1404 1590 1504 1621 variis
1530 1586 1739 1619 cadaveribus
1762 1589 1826 1619 non
1852 1597 1913 1627 ego
1937 1586 2035 1619 modo
2061 1610 2068 1623 ‚
2103 1584 2153 1617 sed

1145 1636 1174 1665 &c
1200 1633 1350 1665 Valsalva
1374 1630 1575 1673 conspexerit
1598 1654 1606 1668 ,
1632 1628 1809 1671 significavi
1836 1654 1842 1660 .
1870 1631 1926 1662 Sed
1952 1633 1982 1662 δε
2006 1630 2082 1661 alias
2107 1630 2166 1660 vi-‘

1143 1676 1176 1709 di
1200 1698 1212 1716 ,
1234 1686 1291 1709 nec
1314 1684 1444 1707 tantum
1468 1675 1501 1706 in
1526 1673 1577 1706 sue
1602 1685 1698 1705 uuam
1724 1695 1734 1711 ,
1765 1684 1836 1714 quae
1861 1674 1951 1706 nucis
1975 1672 2075 1706 ferme
2099 1684 2157 1704 ca-

1144 1731 1205 1761 pax
1230 1717 1336 1752 fuisset
1361 1742 1373 1758 ‚
1406 1729 1515 1750 verum
1541 1717 1572 1748 in
1598 1717 1790 1758 corporibus
1813 1717 1893 1749 item
1919 1716 2067 1750 humanis
2106 1715 2155 1747 sa-

1142 1765 1184 1795 tis
1210 1773 1338 1804 magnas
1363 1787 1370 1794 .
1398 1763 1526 1795 Harum
1551 1770 1657 1793 tamen
1684 1761 1770 1792 nulla
1796 1783 1808 1799 ,
1841 1760 1861 1792 si
1887 1758 1984 1803 quam
2021 1772 2059 1792 ex
2085 1761 2155 1792 Sta-

1143 1806 1273 1839 bulario
1298 1805 1436 1848 quodam
1463 1810 1472 1844 (
1495 1815 1526 1837 m
1548 1807 1562 1842 >
1584 1804 1728 1836 inlicavi
1751 1825 1765 1842 ,
1790 1814 1885 1836 unam
1910 1804 2050 1845 excipias
2068 1824 2076 1838 ‚
2103 1803 2155 1836 ul·-

1146 1860 1193 1882 tra
1218 1850 1300 1882 renis
1326 1848 1525 1891 superficiem
1553 1846 1579 1878 se
1603 1845 1794 1883 attollebat,
1821 1856 1857 1880 ut
1882 1858 1920 1880 ne
1940 1847 1997 1879 illa
2021 1847 2153 1890 quidem

1147 1894 1182 1926 in
1206 1895 1283 1927 Sene
1306 1894 1320 1932 (
1341 1903 1359 1925 n
1383 1896 1393 1931 )
1413 1905 1433 1936 ⁴a
1457 1890 1608 1925 Valsalva
1631 1889 1798 1931 conspe&a
1814 1912 1825 1928 ,
1849 1901 1920 1932 quae
1945 1892 2028 1923 renis
2052 1889 2155 1924 dimi-

1147 1938 1238 1971 dium
1259 1937 1439 1979 occupabat
1465 1961 1471 1967 .
1498 1935 1541 1966 Et
1565 1935 1641 1966 alias
1666 1942 1772 1966 tamen
1798 1936 2018 1974 prominentes
2052 1934 2118 1967 vidi
2147 1960 2156 1973 .,

1149 1981 1324 2022 praesertirn
1356 1982 1388 2013 in
1415 1978 1544 2014 Vctuhs
1577 1978 1700 2010 duabus
1724 2001 1732 2016 ,
1766 1987 1902 2019 quarum
1940 1977 2071 2010 alterius
2095 1979 2154 2014 ,ob

1146 2024 1228 2058 hanc
1253 2036 1349 2058 unam
1372 2023 1541 2058 dumtaxat
1565 2020 1690 2059 causam
1711 2043 1721 2060 ,
1760 2020 1887 2055 brevem
1919 2020 1971 2055 hic
1996 2021 2057 2055 tibi
2081 2023 2157 2055 Oti..

1147 2069 1365 2101 servationem
1390 2068 1567 2101 adscribam
1582 2093 1589 2101 .

1190 2123 1243 2154 40.
1272 2114 1297 2143 A
1316 2113 1348 2144 N
1365 2112 1430 2146 US
1455 2112 1588 2155 gibbera
1609 2135 1623 2153 ,
1645 2114 1674 2145 &
1697 2111 1808 2146 clauda
1833 2112 1960 2146 obierat
1984 2112 2016 2146 in
2043 2111 2155 2147 Noso'-

1146 2156 1257 2189 comio
1284 2157 1437 2189 Patavino
1462 2156 1531 2198 post
1555 2156 1697 2190 medium
1722 2157 1884 2190 Martium
1908 2158 1954 2191 A.
1984 2168 2078 2199 17473
2096 2157 2153 2189 .ἱί-

1146 2200 1198 2231 luc
1223 2210 1322 2240 nuper
1346 2200 1436 2232 illata
1460 2200 1504 2232 ob
1530 2198 1681 2232 affectum
1703 2200 1741 2233 de
1765 2211 1881 2241 genere
1915 2202 2117 2243 apoplestico
2142 2223 2153 2237 2

1145 2242 1229 2275 nihil
1253 2239 1416 2276 manifeste
1439 2242 1604 2276 laedentem
1625 2264 1638 2280 ‚
1662 2242 1719 2276 nili
1743 2243 1905 2285 linguam.
1928 2244 2152 2285 Qamobrem

1145 2298 1219 2319 cum
1242 2296 1352 2318 caetera
1378 2287 1517 2319 mulieris
1542 2286 1624 2318 mala
1648 2286 1723 2319 satis
1748 2285 1821 2319 sciri
1845 2298 1909 2320 non
1943 2286 2117 2329 potuissent
2142 2312 2151 2327 ,

1146 2327 1212 2370 ipse
1236 2340 1312 2369 vero
1336 2329 1407 2362 aliis
1433 2330 1577 2362 Partium
1602 2329 1774 2363 secundum
1800 2340 1948 2364 naturam
1974 2330 2003 2364 se
2027 2332 2151 2365 haben-

1144 2374 1226 2405 tium
1261 2370 1542 2405 observationibus
1582 2381 1659 2406 tunc
1693 2372 1862 2407 distinerer
1886 2397 1895 2411 ,
1931 2385 2003 2417 quse
2039 2375 2076 2409 ad
2100 2387 2150 2409 eas

1144 2415 1334 2456 spectabant
1358 2438 1369 2455 ,
1395 2417 1428 2448 in
1454 2415 1590 2458 ejusdem
1614 2428 1742 2459 quoque
1765 2417 1917 2450 cadavere
1941 2429 2016 2451 cum
2039 2420 2148 2461 inqui-

1144 2470 1244 2492 rerem
1268 2472 1277 2495 3
1319 2460 1372 2490 vix
1397 2458 1462 2491 haec
1487 2471 1558 2501 qut-e
1593 2469 1706 2500 praeter
1739 2471 1888 2494 naturam
1914 2460 2010 2494 essent
2034 2486 2045 2502 ‚
2079 2466 2149 2497 ani-

1143 2502 1323 2534 madverti.
1432 2502 1448 2535 I
1462 2502 1492 2533 N
1521 2503 1553 2535 V
1567 2504 1592 2536 E
1607 2503 1640 2534 N
1652 2504 1722 2537 TR
1736 2505 1763 2536 E
1776 2507 1900 2537 artoriae
1914 2505 2042 2547 Magna:
2057 2517 2149 2540 trun-

1145 2556 1201 2578 cus
1224 2546 1262 2577 ab
1287 2545 1534 2586 Emulgentibus
1560 2546 1658 2579 ferme
1692 2547 1869 2589 incipiebat
1893 2549 2044 2590 paulatim
2082 2562 2148 2593 quo

1144 2588 1246 2630 magis
1268 2587 1469 2621 descenderet
1490 2611 1501 2628 ‚
1526 2601 1563 2623 eo
1587 2591 1688 2631 magis
1714 2589 1743 2623 se
1765 2591 1920 2630 dilatare,
1945 2595 2049 2627 donec·
2069 2606 2147 2635 pau-

1140 2633 1173 2665 lo
1197 2632 1287 2673 supra
1312 2632 1503 2666 divisionem
1530 2633 1559 2665 se
1582 2643 1690 2667 totum
1714 2635 1904 2676 expanderet
1929 2637 1961 2667 in
1995 2638 2147 2677 aneurvs-

1140 2687 1190 2708 ina
1213 2675 1372 2711 diametro,
1395 2678 1636 2718 quoquoversus
1659 2677 1839 2719 digitorum
1864 2678 2002 2713 duorum
2030 2706 2036 2712 .
2067 2676 2145 2714 lude

1140 2717 1254 2751 sensim
1278 2719 1382 2753 rursus
1404 2719 1655 2754 contrahebatur
1680 2723 1720 2755 fic
1744 2730 1870 2759 tamen,
1895 2732 1928 2755 ut
1943 2724 2047 2757 Iliacae
2071 2725 2144 2766 ipsae

1140 2763 1178 2795 ad
1203 2773 1354 2803 magnum
1381 2764 1518 2797 traffitum
1542 2765 1645 2797 multo
1669 2776 1767 2807 quam
1792 2776 1847 2807 par
1872 2764 1930 2803 fit,
1954 2777 2144 2809 apparerent

1138 2806 1270 2838 latiores
1294 2832 1300 2838 .
1338 2807 1509 2849 Inaequalis
1531 2807 1645 2840 harum
1670 2830 1678 2845 ‚
1713 2807 1762 2840 sed
1789 2809 1888 2849 magis
1914 2811 2143 2853 aneurysmatis

1139 2858 1205 2882 erat
1228 2850 1364 2883 interior
1388 2848 1487 2882 facies
1510 2874 1518 2889 ,
1554 2851 1610 2883 ubi
1644 2853 1866 2883 concretiones
1892 2852 1975 2887 haud
2012 2854 2142 2887 deerant

1138 2903 1204 2925 non
1231 2893 1328 2925 modo
1353 2893 1516 2934 polyposae
1540 2916 1551 2932 ,
1576 2893 1623 2926 sed
1647 2895 1734 2926 &jn
1760 2897 1944 2928 tunicarum
1969 2908 2058 2939 parte
2083 2899 2143 2931 ali-

1140 2946 1203 2978 qua
1227 2936 1318 2969 osseae
1342 2961 1350 2968 .
1375 2936 1505 2968 Horum
1529 2940 1640 2968 Aortae
1666 2938 1823 2970 vitiorum
1849 2950 1963 2977 magna
1988 2953 2025 2974 ex
2051 2952 2142 2983 parte

1139 2977 1264 3012 causam
1291 2977 1384 3011 fuisse
1409 3004 1417 3018 ‚
1440 2978 1631 3012 crediderim
1655 2981 1689 3012 in
1713 2980 1847 3016 distorta
1872 2978 1980 3024 Spinae
2004 2983 2105 3024 figura
2130 3009 2142 3025 ,

1136 3033 1209 3064 quae
1244 3022 1482 3060 convexitatem
1515 3033 1588 3056 curn
1621 3025 1654 3056 in
1689 3023 1820 3058 thorace
1853 3024 1985 3060 haberet
2008 3021 2044 3061 ad
2071 3041 2142 3070 par-

1139 3075 1207 3099 tem
1238 3065 1402 3097 dexteram
1427 3088 1435 3101 ‚
1474 3067 1506 3097 in
1540 3066 1659 3100 lumbis
1693 3066 1830 3101 habebat
1866 3069 1903 3101 ad
1949 3071 2103 3105 finistram
2130 3098 2140 3112 ,

1140 3120 1242 3150 eoque
1277 3107 1380 3140 secum
1413 3109 1556 3149 rapiebat
1590 3114 1759 3143 Aoi-tam.
1795 3113 1871 3149 Quo
1905 3116 2009 3147 minus
2042 3118 2139 3149 mira-

1137 3163 1189 3186 tus
1226 3152 1291 3184 surn
1316 3175 1324 3188 ‚
1370 3153 1402 3184 iu
1438 3152 1563 3185 finisti-o
1596 3153 1689 3188 suiss'e
1738 3166 1810 3187 rene
1843 3157 1920 3188 vitia
1968 3159 2021 3189 illa
2056 3171 2140 3199 qu)-

1140 3207 1211 3229 rum
1260 3196 1363 3240 gratia
1409 3194 1492 3229 hanc
1537 3197 1602 3229 tibi
1636 3198 1910 3231 Observationem
1956 3199 2103 3233 describo
2127 3225 2135 3234 .

1139 3241 1228 3272 Nam
1260 3249 1297 3269 ex
1330 3249 1396 3279 ejus
1429 3241 1512 3272 renis
1545 3239 1696 3275 inferiore
1728 3251 1870 3274 extremo
1902 3243 2031 3284 hydatis
2065 3255 2141 3285 pro-

1140 3281 1307 3315 tuberabat
1332 3305 1340 3318 ‚
1376 3282 1546 3316 mediocris
1572 3286 1663 3325 pomi
1687 3285 1911 3325 magnitudine
1937 3311 1943 3318 .
1979 3288 2082 3329 Aquae
2105 3300 2139 3319 e-

1141 3335 1189 3359 rat
1224 3325 1315 3366 plena
1349 3325 1478 3358 rubellce
1501 3350 1509 3364 ‚
1545 3327 1600 3359 etsi
1637 3339 1689 3368 per
1721 3330 1844 3360 tunicas
1876 3329 2050 3372 transpefta
2090 3333 2138 3362 ni-

1141 3371 1259 3411 gricare
1285 3368 1456 3414 videbatur?
1476 3394 1483 3399 .
1520 3371 1575 3402 1³.ae
1609 3372 1724 3403 tunicae
1756 3372 1893 3404 exterius
1925 3382 2015 3406 erant
2038 3373 2108 3406 duae
2128 3396 2138 3412 ‚

1141 3422 1277 3454 quarum
1312 3413 1429 3444 extima
1464 3412 1548 3456 nihil
1583 3423 1646 3445 crat
1678 3413 1763 3446 aliud
1788 3436 1798 3451 ,
1834 3415 1893 3447 nili
1929 3418 2012 3448 renis
2036 3415 2137 3449 mem-

1142 3456 1237 3488 brana
1262 3453 1409 3497 adipoia,
1435 3453 1491 3491 hic
1514 3456 1557 3489 ob
1581 3455 1735 3491 summam
1762 3460 1896 3491 maciem
1918 3470 2026 3493 carens
2048 3461 2140 3493 omni

1621 3515 1624 3518 ·
1705 3501 1739 3532 ()
1789 3513 1806 3533 2
2024 3505 2097 3545 pin-

1487 3590 2135 3605 ..ἡ

1244 3649 1252 3676 (
1273 3647 1287 3670 b
1301 3647 1314 3674 )
1331 3646 1429 3670 Monit.
1448 3649 1518 3672 Med.
1536 3655 1555 3671 c.
1574 3649 1596 3670 8.

1303 3678 1316 3705 (
1329 3676 1345 3705 f
1358 3682 1365 3705 J
1376 3677 1400 3700 in
1412 3679 1537 3703 Additam.
1547 3678 1575 3711 ad
1588 3678 1647 3701 hanc
1659 3679 1781 3707 Septsschr.
1795 3680 1854 3705 sest.
1866 3681 1975 3711 append.
1984 3683 2012 3709 ad
2022 3682 2080 3708 Obs.
2094 3691 2134 3712 40,

1365 3707 1411 3741 (sl
1430 3709 1442 3736 )
1464 3711 1513 3734 Ill.
1530 3710 1645 3732 Animad.
1664 3717 1699 3738 33.
2031 3721 2035 3724 ⁴
2115 3709 2119 3712 ¹

1594 3740 1601 3768 (
1621 3747 1643 3762 m
1660 3739 1673 3768 )
1691 3739 1762 3769 Epist.
1779 3748 1803 3765 4.
1822 3750 1848 3767 n.
1863 3742 1907 3767 cit.
