2498 4075
2064 228 2118 287 ὃς

141 362 665 458 EPISTOLA
705 361 1642 430 ANATOMICO-MED
1664 361 1692 425 I
1715 363 1853 426 CA
1889 361 2167 430 XXXII..

297 513 484 567 Sermo
519 514 589 566 est
623 512 690 565 de
727 511 861 565 Alvi
895 510 1282 573 Adstrictione,
1313 511 1371 565 &
1405 511 1473 564 de
1507 511 2018 567 Haemorrhoidibus
2034 555 2049 569 .

249 657 443 691 Ontrarium
468 655 518 689 illi
541 654 582 688 de
603 665 671 697 quo
693 666 794 698 nuper
817 654 856 689 ad
878 653 1124 699 rescripsimus,

122 655 233 767 C
260 702 379 734 vitium
400 699 491 733 Alvi
512 697 740 736 Adstriffionis
774 699 809 732 in
842 699 955 732 multis
989 699 1123 742 quidem

257 744 542 778 animadvertimus
563 752 635 775 tum
648 743 713 775 fine
736 740 905 775 manifesto
927 742 1124 777 valetudinis

119 789 343 824 detrimento,
369 786 422 821 etsi
448 786 487 819 ad
512 785 750 823 hebdomadas,
777 794 871 827 atque
894 785 975 819 adeo
998 787 1124 829 (quod

118 836 153 866 δε
175 832 228 865 Cl.
256 831 418 864 Zevianus
441 828 545 862 noster
567 833 579 869 (
603 840 620 861 a
645 833 656 868 )
682 828 850 862 adnotavit
876 831 888 866 )
911 828 950 862 ad
983 829 1124 865 mensem

116 875 270 909 nonnulli
292 872 431 915 dejicere
456 872 593 906 solerent
618 872 725 910 nihil,
751 882 843 909 tum,
867 871 965 914 idque
988 872 1124 915 saepius,

118 930 195 952 cum
219 917 364 951 evidenti
390 914 538 953 laesione,
563 927 660 958 quam
678 915 844 958 morsipsa
856 916 1125 957 consequeretur,

115 962 277 995 sociatum
291 984 298 992 .
325 962 455 994 Tamen
478 959 544 1001 ejus
559 960 632 992 vitii
646 958 922 992 Observationem
934 981 948 998 ,
970 970 1045 993 cum
1059 959 1124 993 dis-

116 1004 261 1038 sestione
284 1003 522 1047 conjunffiam‚
546 1003 605 1036 vix
627 1013 725 1036 unam
747 1002 923 1039 habemus,
945 1013 1044 1044 quam
1068 1003 1123 1037 hic

113 1047 181 1082 tibi
204 1047 442 1085 describamus;
467 1057 541 1080 narn
551 1054 700 1086 caeteras,
723 1047 844 1089 quippe
864 1046 1123 1084 vomitionibus,

112 1092 272 1132 volvulo,
295 1090 431 1133 aliisque
445 1088 606 1134 ejusmodi
629 1088 796 1123 affectibus
807 1088 997 1131 adjunfflis,
1021 1089 1122 1124 abhis

112 1135 282 1178 sejungere
304 1145 369 1167 nou
394 1134 436 1168 est
460 1132 584 1167 visum.
610 1132 711 1171 Quod
727 1131 749 1166 fi
773 1134 806 1166 in
819 1131 1027 1175 Sepulchreto
1038 1145 1123 1177 quo-

112 1190 178 1221 que
201 1177 324 1212 factum
348 1177 445 1215 effet;
470 1176 508 1210 ad
520 1176 626 1209 multo
649 1178 809 1210 minorem
833 1187 1002 1211 numerum
1024 1176 1122 1220 hujus

112 1221 212 1257 XIII.
240 1222 396 1255 Sefflonis
421 1220 675 1254 Observationes
688 1221 853 1255 redirent.
879 1220 1021 1254 Videbis
1033 1223 1120 1255 enim

110 1266 154 1300 tad
180 1265 345 1308 plerasque
369 1264 587 1304 adnotatum,
609 1275 750 1305 quanam
774 1266 808 1297 in
832 1264 980 1299 Sefflone
1004 1264 1121 1299 aliale-

112 1309 256 1352 gendum
281 1308 318 1343 id
343 1306 384 1341 fit
405 1307 498 1351 quod
522 1308 562 1341 ab
584 1308 698 1342 iisdem
731 1308 879 1342 avulsum
914 1308 977 1342 est.
1002 1307 1064 1341 Sed
1086 1310 1122 1342 &

112 1355 193 1387 alias
216 1351 277 1386 esse
292 1378 302 1394 ,
325 1350 364 1385 ad
399 1363 480 1394 quas
501 1351 589 1385 idem
622 1350 729 1385 fuerat
766 1351 988 1385 adnotandum
1008 1374 1021 1391 ‚
1055 1360 1120 1384 tres

110 1397 283 1430 dumtaxat
306 1405 385 1439 quas
408 1392 580 1438 inspicias,
606 1396 731 1438 paginae
752 1396 900 1437 praeclare
922 1394 1120 1429 demonstra·
1172 1404 1184 1440 (
1208 1398 1227 1438 k
1247 1402 1262 1439 )

110 1441 220 1480 bunt,
247 1450 317 1482 193.
346 1448 419 1481 197.
446 1450 519 1482 203.
545 1440 632 1481 Lege
644 1441 730 1472 enim
755 1440 789 1471 in
800 1440 928 1482 prima,
952 1439 1121 1472 Observa-

109 1486 216 1519 tionis
240 1484 307 1518 III.
332 1488 360 1518 5.
376 1494 406 1515 2.
432 1482 582 1521 credes,
607 1482 671 1516 huc
684 1484 778 1517 unice
792 1485 947 1516 attinere.
971 1483 1029 1516 Sed
1042 1494 1121 1516 con-

108 1531 209 1562 tinuo
232 1529 302 1570 §.3.
329 1525 490 1560 indicium
501 1525 616 1566 dabit,
640 1524 857 1559 idemibiesse
881 1527 930 1559 bis
953 1525 1120 1568 politum,

106 1574 142 1606 δε
164 1572 254 1615 quod
278 1570 453 1612 utrobique
477 1569 579 1608 deest,
603 1568 924 1612 alibiquaerendum‚
947 1569 982 1604 id
1004 1570 1047 1603 est
1058 1569 1119 1604 hu-

106 1616 159 1659 ]‘us
184 1616 245 1648 III.
270 1614 371 1648 Libri
395 1613 540 1646 Seffifione
563 1614 667 1647 VIII.
701 1613 784 1647 Obs,
810 1614 887 1648 XV.
1019 1614 1119 1647 Simi-

105 1660 174 1692 lem
198 1658 427 1701 repetitionem
443 1655 651 1689 indicabitin
676 1657 775 1692 altera
798 1658 853 1689 illa
876 1658 1011 1700 pagina,
1042 1658 1117 1691 Ob-

104 1702 299 1736 servationis
322 1700 381 1733 IX.
407 1705 434 1735 §-
461 1710 490 1732 2.
515 1711 592 1734 cum
614 1704 642 1735 §.
668 1700 698 1734 8.
723 1701 884 1739 collatus;
910 1704 1117 1744 nequeenim

104 1747 183 1789 quia
209 1745 242 1777 in
267 1743 331 1777 hoc
346 1766 354 1780 ‚
377 1744 473 1786 turpi¹
494 1754 624 1780 errore,
650 1745 875 1788 typographus
885 1744 1010 1788 scripsit
1023 1745 1055 1778 in
1069 1744 1118 1778 la-

104 1797 174 1823 tere
189 1787 310 1831 sinistro
325 1786 389 1830 sub
413 1787 533 1830 regione
545 1786 688 1830 hepatis!
712 1800 836 1822 resnou
859 1789 969 1823 eadem
994 1788 1036 1822 est
1045 1800 1119 1831 qua:

105 1833 142 1866 in
166 1832 226 1865 illo
249 1831 328 1864 bene
352 1830 507 1864 scribitur
530 1830 565 1863 in¹
587 1830 825 1872 lateredextro,
848 1833 936 1875 quod
949 1833 1118 1874 perspicue

103 1875 254 1909 ostendet
277 1875 342 1907 tibi
365 1885 437 1916 quae
462 1875 510 1907 ibi
534 1873 719 1917 defignatur
731 1877 879 1918 proxima
904 1876 1010 1910 Seffio
1021 1876 1119 1910 XIV.

105 1919 208 1964 paulo
232 1917 335 1952 fufius
359 1916 442 1951 hanc
464 1917 636 1952 historiam
660 1929 842 1960 proponens
867 1919 951 1952 Obs-
975 1919 1006 1952 8.
1031 1921 1060 1959 §.
1088 1929 1116 1951 1.

237 1962 354 1995 Tertia
376 1959 507 1994 demum
535 1962 651 2003 pagina
673 1962 754 2004 quid
778 1963 938 2003 iteretur,
973 1964 1005 1995 &
1036 1962 1118 2004 quid

103 2005 331 2040 nihilominus
342 2006 517 2038 omittatur
529 2027 540 2042 ,
565 2007 726 2039 continuo
738 2004 934 2048 significabit
947 2031 956 2046 ,
976 2005 1033 2039 ubi
1044 2006 1117 2039 Ob.

101 2049 297 2083 servationis
311 2048 379 2081 XII
408 2053 436 2085 §.
460 2059 492 2089 9.
518 2059 593 2082 cum
604 2053 634 2083 §-
661 2051 965 2092 3.comparaveris‚
989 2058 1117 2083 utrum-

103 2105 168 2136 que
193 2102 301 2127 autem
324 2103 399 2125 cum
423 2092 565 2125 indicata
590 2092 629 2125 ab
655 2091 717 2127 hoc
752 2093 903 2127 sectione
936 2093 1022 2127 VII.
1058 2094 1115 2126 ubi

102 2149 175 2172 1em
199 2136 267 2170 fuse
290 2135 486 2177 descriptam
511 2135 594 2178 leges
632 2136 714 2170 Obs.
741 2137 905 2169 XXXIII.
1054 2135 1114 2170 Sed

101 2182 319 2223 repetitiones
342 2178 397 2212 has
414 2200 424 2216 ,
444 2180 523 2212 adeo
546 2180 631 2211 inter
652 2179 682 2212 se
706 2180 849 2215 vicinas,
874 2177 1055 2212 monstrasse
1067 2178 1113 2213 sa-

100 2225 148 2257 tis
173 2224 256 2258 esto.
285 2224 335 2257 Ex
361 2223 462 2264 magis
485 2222 620 2261 diffitis,
644 2233 723 2263 quas
746 2221 809 2257 tibi
833 2222 1040 2264 inquirendas
1063 2235 1112 2256 re-

102 2267 244 2309 linquo,
270 2277 369 2300 unam
393 2266 643 2307 praetermittere
667 2276 733 2299 non
756 2264 882 2306 possum
906 2289 915 2306 ‚
946 2265 1112 2300 difficilius

103 2311 150 2344 ob
172 2311 304 2344 solitum
330 2309 499 2342 Blancardi
525 2307 638 2342 fucum
669 2308 906 2351 agnoscendam
931 2334 938 2342 .
970 2310 1074 2351 Legas
1100 2335 1111 2350 ‚

100 2354 232 2396 quaeso,
259 2353 509 2387 Observationis
532 2355 558 2385 Ι.
584 2357 614 2387 5.
639 2353 671 2385 6.
696 2355 728 2385 δε
749 2363 821 2394 quae
843 2352 882 2386 de
895 2353 1013 2386 Sutore
1037 2363 1111 2386 nar-

100 2398 190 2431 ravit
214 2398 366 2431 Formius
383 2417 393 2433 ‚
416 2394 562 2429 conferas
585 2406 658 2428 cum
681 2396 721 2428 iis
744 2407 816 2437 quae
839 2397 873 2429 in
898 2395 1116 2429 Additamen-

103 2444 172 2480 tis,
196 2440 279 2473 obs,
295 2440 359 2474 III.
383 2438 421 2472 de
434 2438 551 2481 Bajulo
576 2437 704 2481 scripsit
727 2439 943 2472 Blancardus:
967 2440 1113 2475 eamdem

96 2485 277 2526 utrobique
300 2494 368 2516 rem
392 2481 472 2521 effe,
496 2482 684 2523 intelliges3
709 2481 759 2514 sed
785 2484 910 2515 Formii
935 2484 1110 2523 Sutorem,

98 2540 141 2562 ne
164 2527 261 2562 facile
286 2527 532 2569 agnosceretur,
557 2527 591 2559 iu
616 2525 768 2567 Bajulum
793 2538 810 2558 a
834 2527 1016 2560 Blancardo
1039 2539 1113 2561 mu-

94 2581 226 2606 tatum.
252 2570 357 2612 Cujus
372 2570 449 2603 talia
474 2570 615 2603 artificia
641 2568 661 2601 fi
688 2568 726 2602 ad
751 2579 782 2602 te
807 2569 947 2603 scribens
964 2596 973 2609 ,
997 2569 1112 2614 saepius

96 2626 234 2658 reteg05
257 2615 332 2648 ideo
356 2613 468 2652 facio,
491 2623 528 2647 ut
553 2611 708 2647 assensum
731 2612 881 2647 sustineas
915 2625 990 2647 curn
1026 2616 1111 2658 apud

97 2660 237 2694 clodium
261 2658 411 2700 alioquin
438 2658 639 2700 Scriptorem
673 2656 757 2699 leges
779 2677 789 2694 ‚
827 2657 1043 2692 Blancardum
1077 2659 1110 2692 in

100 2702 284 2736 Anatomia
307 2701 441 2744 quidem
462 2700 522 2743 sna
548 2698 732 2743 Reformata
755 2700 857 2743 plagii
879 2701 938 2734 vix
961 2701 1110 2744 excusan-

103 2747 137 2780 di
159 2756 246 2779 reum
262 2744 297 2786 se
313 2745 347 2788 se
364 2742 471 2789 fecisse
495 2770 504 2776 .
519 2769 526 2776 .
542 2770 549 2777 .
568 2771 574 2776 .
601 2747 754 2784 Majorem
767 2754 841 2777 vero
864 2744 987 2779 laudem
1011 2756 1107 2778 mere—

101 2790 135 2823 ri
158 2788 291 2831 ejusdem
303 2789 514 2821 anatomiam
525 2787 706 2820 Praeticam
721 2787 919 2827 Rationalem
933 2810 942 2825 ,
967 2800 1040 2821 eum
1059 2789 1110 2821 vi-

103 2833 220 2867 delicet
246 2832 365 2864 librum
382 2857 389 2868 ,
414 2843 452 2864 ex
476 2844 543 2874 quo
566 2831 621 2863 illa
647 2842 718 2872 quae
744 2832 808 2864 tibi
821 2833 966 2874 exempla
989 2833 1111 2875 produ-

103 2889 168 2915 co,
190 2878 225 2909 in
249 2873 493 2918 Sepulchretum
519 2875 592 2908 sunt
619 2874 738 2907 relata.

150 2930 180 2952 2.
206 2918 280 2952 Nec
304 2928 411 2951 tamen
434 2919 504 2952 aliae
529 2918 669 2952 historiae
695 2918 824 2957 deerant
847 2929 920 2961 quae
956 2919 995 2953 ad
1028 2918 1111 2953 hanc

103 2964 286 2999 attinerent
309 2963 510 3001 Seffionem,
535 2962 598 2995 five
624 2962 771 2999 aliunde,
797 2963 859 2996 five
870 2974 908 2995 ex
920 2963 1113 3005 Sepulchre-

103 3006 225 3049 toipso
238 3005 381 3048 petendae
396 3031 403 3038 .
427 3006 582 3047 Exempli
606 3008 691 3038 enim
711 3006 804 3039 causa
819 3029 826 3043 ‚
851 3006 981 3040 fabrum
1006 3008 1040 3040 in
1051 3007 1110 3040 hac

100 3052 202 3085 Urbe
225 3050 350 3082 viderat
374 3049 511 3082 Saxonia
534 3048 637 3082 noster
660 3049 678 3092 (
697 3048 770 3092 b),
789 3047 855 3092 post
885 3049 1008 3094 longam
1042 3049 1111 3083 alvi

100 3093 361 3139 suppreffionem‚
384 3096 426 3129 (ξφ
449 3093 587 3134 ingentes
610 3093 734 3126 ventris
756 3093 873 3127 dolores
887 3115 896 3130 ‚
917 3094 1040 3135 partam
1052 3093 1110 3135 usu

103 3137 267 3179 clysternm
288 3136 430 3172 acrium,
451 3138 570 3177 partim
593 3135 726 3169 aliorum
751 3136 956 3170 remediorum
989 3136 1109 3170 multos

102 3181 284 3219 ejicientem
306 3178 432 3221 lapillos
455 3180 664 3221 magnitudine
689 3181 777 3212 nucis
798 3179 967 3218 avellanae,
993 3180 1108 3214 coloris

96 3223 208 3269 flavi,
231 3222 324 3265 usque
347 3222 421 3255 adeo
443 3222 535 3254 duros
559 3248 567 3262 ‚
599 3230 636 3256 ut
669 3223 727 3257 vix
749 3220 881 3266 infringi
912 3224 1073 3266 potuerint
1098 3248 1106 3256 .

105 3269 173 3302 Cui
197 3266 434 3300 Observationi
458 3276 523 3298 non
547 3265 772 3300 incommodus
795 3267 828 3298 in
865 3268 1015 3301 Seffione
1047 3266 1108 3301 hac

102 3313 218 3351 iocus,
242 3320 295 3343 aut
319 3310 368 3342 ibi
392 3308 523 3347 fuisset,
546 3309 603 3342 ubi
625 3312 639 3348 (
662 3322 677 3342 c
696 3310 712 3352 )
736 3310 800 3343 alvi
813 3309 978 3343 adstriffio
1001 3321 1019 3343 a
1042 3312 1108 3344 cal-

105 3355 189 3390 culis
211 3354 386 3388 deducitur
409 3352 533 3385 bilariae
557 3352 727 3394 veficulae‚
751 3362 805 3387 aut
829 3351 1011 3388 fiduriores
1033 3355 1107 3394 illi,

105 3398 309 3440 majoresque
335 3396 545 3433 viderentur,
572 3407 670 3438 quam
695 3408 729 3430 ut
753 3396 829 3430 inde
844 3396 966 3438 possent
990 3400 1108 3440 repeti3

103 3453 303 3485 quamquam
328 3440 404 3473 bilis
425 3438 549 3472 canales
572 3450 804 3483 nonuunquam
829 3441 1110 3476 multumdilatati

104 3488 343 3524 inveniuntur;
365 3484 412 3515 ibi
438 3482 548 3514 saltem
565 3505 573 3518 ‚
595 3485 609 3522 (
632 3485 650 3516 d
674 3487 683 3522 )
719 3483 861 3518 e'usdem
897 3485 1111 3521 adstriffionis

194 3527 361 3571 Morgagni
372 3530 407 3560 de
418 3526 485 3559 Sed.
504 3525 644 3569 &Caufi
656 3529 727 3560 Mor
751 3552 758 3560 .
772 3528 934 3565 Tom.11.

1174 655 1269 692 causa
1279 655 1477 700 proponitur
1487 656 1629 690 calculus
1640 677 1650 693 ‚
1672 655 1822 690 castaneae
1836 657 2065 699 magnitudine
2079 684 2088 701 ,
2109 659 2185 693 Coi

1174 702 1209 734 lo
1231 699 1385 734 intestino
1409 699 1593 734 adhaerens.
1616 699 1682 732 Vel
1703 710 1779 734 cum
1804 700 1874 734 aliae
1897 700 2045 743 plurimae
2067 727 2077 743 ,
2111 703 2185 737 aliia

1175 744 1379 778 Seffionibus
1402 742 1467 785 jam
1490 742 1591 777 fufius
1604 741 1777 784 expofitae,
1799 743 2054 778 Observationes
2076 746 2110 779 in
2123 745 2185 779 hac

1173 791 1353 825 iterentur3
1375 798 1434 821 cur
1461 787 1515 821 hic
1537 787 1710 820 omittitur
1734 786 1919 821 admiranda
1944 787 1999 821 illa
2032 789 2184 823 Maniaci

1175 831 1310 866 historia
1333 835 1344 870 (
1367 842 1382 865 e
1404 833 1439 871 )‚
1460 831 1518 874 qui
1540 840 1617 864 cum
1641 831 1751 863 omnia
1774 842 1845 872 quae
1880 829 2065 865 offendebat
2086 855 2099 871 ‚
2131 834 2184 866 in-

1176 876 1381 918 gurgitaret;
1405 884 1639 916 nonnunquam
1663 873 1704 907 ad·
1735 874 1923 916 quindecim
1957 877 1988 908 δε
2023 875 2184 910 sexdecim

1177 917 1394 954 hebdomadas
1419 929 1457 951 ex
1481 916 1674 961 praetumida
1698 917 1773 950 alvo
1783 915 2079 959 nihildejiciebat?
2104 928 2184 958 aut,

1174 973 1215 995 ne
1236 962 1313 995 hinc
1338 962 1466 1003 longius
1490 962 1662 998 abeamus3
1685 972 1761 995 cum
1772 962 1858 995 inter
1868 962 2012 1005 exempla
2037 961 2091 997 hic
2108 974 2185 1005 pro-

1174 1007 1241 1040 lata
1265 1003 1429 1038 infantum
1441 1003 1641 1047 quioccluso
1663 1005 1780 1047 podice
1804 1006 1893 1042 nati,
1926 1016 1961 1039 ea
1985 1007 2037 1038 via
2056 1016 2184 1049 egerere

1175 1048 1260 1084 nihil
1286 1057 1434 1090 poterant
1449 1072 1458 1087 ‚
1482 1047 1681 1081 Observatio
1703 1047 1900 1081 Holtzachii
1925 1046 2013 1091 (f)
2045 1051 2079 1083 in
2115 1061 2185 1083 uno

1174 1104 1287 1127 eorum
1311 1091 1422 1125 habita
1434 1092 1493 1134 qui
1515 1091 1631 1125 stercus
1653 1091 1822 1133 percolem
1833 1090 2029 1130 reddebant,
2054 1104 2094 1126 ex
2105 1104 2185 1135 pro-

1173 1138 1262 1171 xima
1285 1135 1435 1170 Seffione
1459 1138 1470 1173 (
1490 1145 1512 1177 g
1534 1137 1548 1174 )
1572 1142 1758 1175 repetatur3
1781 1146 1838 1169 cur
1873 1134 1971 1168 altera
2004 1135 2185 1169 consimilis

1174 1179 1461 1222 praetermittitur,
1484 1189 1557 1219 quae
1581 1178 1628 1211 ibi
1654 1181 1664 1217 (
1688 1177 1709 1210 h
1732 1180 1743 1215 )
1766 1190 1806 1213 ex
1838 1177 1991 1211 Hildano
2024 1179 2185 1220 producta

1172 1224 1306 1263 fuerat,
1330 1231 1386 1256 aut
1408 1221 1480 1255 duae
1490 1220 1614 1254 Moebii
1636 1222 1653 1265 (
1674 1220 1686 1254 i
1708 1224 1743 1260 )‚
1765 1232 1903 1264 quarum
1921 1223 2024 1263 prima
2035 1221 2186 1264 perfimi-

1172 1269 1212 1302 lis
1234 1278 1345 1301 earum
1363 1265 1427 1305 est,
1449 1263 1587 1299 secunda
1610 1273 1719 1298 autem
1732 1265 1769 1298 ad
1795 1265 1972 1307 puellulam
1996 1264 2181 1300 semestrem

1172 1313 1294 1345 attinet
1309 1335 1319 1350 ‚
1341 1321 1412 1353 quae
1439 1308 1502 1342 alvi
1528 1307 1621 1342 faeces
1642 1317 1697 1349 per
1718 1307 1852 1341 vulvam
1875 1308 2097 1342 excernebat?
2153 1313 2156 1317 ’

1219 1367 1247 1396 3.
1272 1355 1324 1388 Ex
1348 1364 1462 1395 genere
1485 1351 1550 1386 hoc
1574 1352 1695 1386 ultimo
1718 1351 1760 1385 est
1782 1352 1987 1386 Mercurialis
2009 1353 2104 1385 Civis
2116 1353 2185 1386 mei

1285 1397 1512 1436 Observatio,
1535 1407 1609 1438 quae
1636 1396 1798 1434 maxime,
1823 1393 1911 1438 siqua
1937 1396 1998 1429 alia
2013 1419 2024 1436 ,
2045 1396 2184 1429 celebris

1172 1442 1217 1477 est
1242 1440 1325 1485 apud
1347 1440 1502 1475 Medicos
1513 1439 1685 1482 scriptores
1696 1439 1868 1473 Danielem
1880 1440 2072 1473 Sennertum
2096 1439 2184 1480 (l),

1172 1486 1342 1520 Thomam
1353 1482 1590 1518 Bartholinum
1603 1486 1613 1522 (
1627 1494 1658 1516 m
1672 1486 1682 1521 )
1698 1505 1707 1519 ‚
1727 1483 1886 1526 Joannem
1901 1482 2073 1516 Rhodium
2090 1486 2185 1522 (n),

1172 1531 1272 1564 alios.
1297 1528 1357 1563 Sed
1382 1528 1421 1561 ab
1445 1525 1603 1563 Rhodio,
1653 1527 1749 1569 uippe
1773 1536 1873 1559 anuos
1898 1527 2035 1567 triginta
2060 1525 2183 1569 septem

1173 1574 1304 1609 Patavii
1327 1579 1555 1608 commotam,
1580 1572 1611 1603 δε
1660 1571 1689 1602 ic
1713 1568 1970 1603 Observationes
1993 1570 2062 1603 suas
2083 1570 2183 1603 colli-

1170 1627 1287 1661 gente,
1311 1627 1408 1661 atque
1431 1614 1546 1648 edente
1569 1613 1612 1645 A.
1641 1614 1735 1654 1657.
1760 1613 1882 1646 mirum
1905 1614 1969 1652 est,
1992 1624 2058 1648 non
2091 1625 2184 1655 quae-

1169 1663 1266 1696 situm
1281 1684 1290 1699 ‚
1314 1659 1397 1704 quid
1421 1655 1646 1693 accidiffetisti
1671 1657 1775 1690 eidem
1784 1655 1894 1698 puellae
1905 1655 2032 1691 Hebraei
2044 1681 2053 1696 ,
2078 1656 2183 1692 Theu-

1168 1705 1267 1739 tonici
1290 1704 1386 1742 dieti,
1411 1713 1511 1747 quam
1534 1698 1644 1735 clauso
1676 1700 1792 1743 podice
1826 1709 1939 1733 natam
1972 1701 2184 1735 Mercurialis

1168 1749 1201 1782 in
1225 1747 1283 1781 hac
1305 1746 1385 1782 Urbe
1408 1746 1533 1781 viderat
1555 1743 1650 1779 faeces
1670 1753 1730 1787 per
1741 1741 1878 1792 vulpam
1900 1743 2096 1779 emittentem
2110 1766 2121 1782 ‚
2146 1746 2180 1778 δε

1169 1791 1386 1826 nihilominus
1407 1800 1523 1825 contra
1546 1798 1643 1830 atque
1665 1786 1806 1823 dubitari
1829 1787 2057 1829 aquibusdam
2081 1797 2180 1832 pote.-

1168 1845 1242 1875 rat‚
1260 1834 1539 1878 superviventem.
1565 1832 1694 1867 Verum
1726 1842 1802 1866 cuna
1835 1831 1972 1865 minime
2008 1832 2180 1873 ignoraret

1175 1878 1326 1913 Rhodius
1340 1890 1380 1912 ex
1390 1878 1509 1914 simili,
1533 1879 1566 1910 &
1588 1887 1679 1919 aeque
1689 1875 1809 1909 celebri
1822 1875 1997 1910 Benivenii
2021 1878 2086 1915 (ο)
2105 1876 2182 1910 Ob-

1174 1922 1374 1959 servatione,
1399 1920 1539 1964 puellam
1564 1921 1698 1954 alteram
1721 1930 1786 1953 non
1812 1920 1898 1955 ultra
1927 1920 2053 1954 sextum
2089 1918 2182 1960 deci-5

1170 1977 1262 1999 mum
1285 1976 1406 1999 annum
1418 1962 1551 2000 vixisse;
1574 1961 1670 1997 facile
1692 1962 1891 2004 crediderit,
1915 1964 2076 2000 hebraeam
2090 1977 2177 2010 quo-

1167 2021 1231 2053 que
1255 2009 1350 2043 istam
1374 2019 1439 2041 non
1464 2008 1614 2051 plurimis
1625 2009 1794 2050 postquam
1804 2008 2008 2043 Mercurialis
2031 2009 2186 2052 videraty

1168 2054 1282 2092 annis‚·
1304 2053 1431 2086 viderat
1456 2060 1566 2085 autem
1602 2061 1674 2084 ante
1704 2052 1747 2084 A.
1775 2051 1872 2095 15835
1896 2063 2038 2087 mortem
2062 2054 2180 2090 obiisse

1167 2095 1299 2130 fortasse
1322 2095 1476 2132 eandem,
1499 2106 1538 2128 ex
1561 2094 1790 2129 intestinorum
1812 2097 1960 2131 cruciatu
1992 2096 2141 2133 videlicet
2163 2121 2176 2138 ‚

1166 2140 1327 2174 induratis
1344 2162 1354 2178 ‚
1378 2148 1479 2182 puta,
1503 2141 1534 2172 δι
1555 2137 1758 2172 craffioribus
1793 2139 1970 2182 aliquando
2000 2141 2094 2176 saetis
2127 2154 2178 2176 re-

1167 2184 1341 2216 crementis
1364 2193 1463 2224 quam
1486 2191 1523 2215 ut
1547 2183 1600 2216 via
1625 2193 1691 2215 non
1715 2184 1855 2216 naturali
1880 2184 2011 2226 prodire
2025 2184 2176 2228 poss'ent,

1164 2237 1224 2260 nec
1250 2225 1368 2260 idonea
1393 2223 1524 2259 fortass'e
1546 2235 1583 2259 ut
1607 2226 1810 2259 emollientes
1832 2226 2093 2271 lubricantesque
2104 2230 2178 2272 cly-

1163 2270 1259 2304 steres
1282 2268 1455 2303 commode
1478 2267 1713 2302 transmitteret
1727 2267 1766 2301 ad
1789 2269 1963 2304 intestina.
1989 2272 2047 2307 Sed
2058 2272 2121 2307 five
2139 2276 2177 2309 in

1164 2314 1273 2357 puella
1297 2313 1470 2346 Benivenii
1493 2312 1526 2345 id
1550 2310 1680 2345 facilius
1693 2311 1809 2346 accidit
1822 2314 1910 2355 quod
1923 2326 1988 2349 non
2011 2317 2176 2351 minoeia-

1165 2367 1209 2390 vo
1233 2368 1365 2398 quoque
1387 2355 1439 2389 die
1463 2356 1570 2388 alvum
1582 2356 1794 2395 exonerabat.
1817 2357 1881 2391 five
1893 2357 2019 2393 hebraea
2042 2359 2175 2394 Patavi-

1168 2411 1207 2434 na
1231 2400 1360 2433 felicior
1383 2398 1472 2436 fuit·²
1495 2408 1579 2432 certe
1593 2421 1602 2435 ,
1625 2397 1648 2431 si
1672 2399 1824 2434 Rhodius
1838 2401 2058 2444 quaefiviss'et;
2080 2405 2173 2439 vive..

1166 2455 1200 2477 re
1223 2446 1324 2477 etiam
1348 2452 1419 2475 tum
1445 2454 1529 2476 anno
1553 2443 1668 2475 exaCso
1691 2443 1925 2486 septuagesimo
1946 2449 1960 2485 (
1983 2450 2048 2480 non
2073 2448 2175 2483 modo

1163 2496 1200 2521 ut
1225 2485 1458 2519 Herbomensis
1481 2487 1629 2528 quaedam
1654 2490 1709 2528 (p
1732 2490 1746 2525 )
1769 2485 1926 2529 vigesimo
1949 2493 1961 2529 )
1993 2490 2174 2533 deprehen-

1162 2529 1280 2563 disset:
1308 2530 1388 2571 quin
1414 2529 1511 2562 etiam
1535 2530 1600 2563 fuit
1624 2529 1763 2564 Rhodio
1786 2529 1938 2573 superstes
1962 2545 2062 2568 annos
2085 2536 2174 2569 mul-

1164 2584 1238 2610 tos,
1261 2582 1298 2607 ut
1323 2584 1395 2615 quae
1420 2584 1493 2606 raro
1518 2573 1568 2607 vel
1592 2574 1625 2605 in
1652 2573 1821 2608 saniffimis
1843 2578 2013 2620 exemplo,
2038 2589 2174 2614 centurn

1163 2616 1254 2660 ipsos
1278 2627 1379 2650 annos
1403 2617 1509 2653 vixit,
1532 2615 1616 2650 sicut
1641 2616 1722 2651 mihi
1756 2618 1930 2653 testabatur
1964 2622 1991 2655 is
2023 2623 2082 2664 qui
2117 2624 2172 2657 illi

1164 2661 1242 2695 anui
1266 2671 1505 2703 nonnunquam
1528 2658 1637 2694 fuerat
1662 2661 1834 2702 Medicus,
1858 2663 1984 2698 Isaacus
2015 2667 2172 2700 Cantari-

1162 2715 1247 2745 nus,
1270 2715 1346 2737 cum
1369 2703 1409 2738 de
1433 2704 1655 2743 Mercuriale,
1679 2715 1716 2738 ut
1728 2715 1798 2739 erat
1817 2707 1931 2741 doetus
1956 2709 2079 2750 Senex,
2101 2721 2172 2744 me-

1162 2759 1238 2782 cum
1263 2747 1348 2782 forte
1372 2747 1472 2780 verba
1495 2746 1616 2781 faceret
1636 2747 1680 2782 A.
1696 2758 1789 2791 1719.
1803 2750 1931 2792 Semper
1954 2761 2064 2786 autem
2076 2753 2170 2788 suum

1161 2792 1218 2825 illa
1242 2791 1420 2835 pertulerat
1446 2792 1591 2829 malum,
1623 2792 1726 2833 probe
1761 2804 1886 2826 memor
1918 2794 2045 2828 confilii
2078 2796 2171 2840 quod

1161 2846 1274 2879 parens
1299 2844 1463 2877 acceperat
1489 2847 1504 2868 a
1529 2835 1742 2868 Mercuriale.
1769 2836 1815 2870 Et
1838 2836 1909 2870 sane
1933 2838 1990 2871 ubi
2022 2839 2083 2873 alia
2117 2843 2171 2875 via

1163 2880 1205 2913 ab
1226 2889 1340 2913 natura
1363 2878 1431 2920 ipsa
1455 2888 1563 2921 aperta
1587 2878 1628 2912 est
1651 2889 1707 2921 per
1730 2890 1828 2921 quam
1853 2880 1925 2914 satis
1949 2883 2118 2918 amandare
2128 2885 2172 2918 li..

1162 2932 1233 2957 ceat
1258 2932 1475 2959 recrementa;
1500 2921 1754 2955 incommoditas
1779 2921 1975 2965 praeferenda
2009 2927 2052 2960 est
2085 2930 2170 2963 mula

1162 2968 1229 3006 tis,
1251 2965 1412 3007 variisque
1435 2966 1609 3007 periculis,
1633 2977 1706 3008 quae
1722 2988 1730 3003 ‚
1755 2967 1813 3000 nisi
1838 2969 1999 3003 neceffitas
2022 2969 2090 3012 ipsa
2114 2984 2171 3007 co·-

1162 3020 1238 3053 gat‚
1262 3010 1398 3043 minime
1421 3009 1513 3047 sunt,
1538 3009 1576 3042 de
1588 3009 1754 3052 prudentis
1775 3010 1908 3053 quidem
1933 3013 2078 3048 hominis
2088 3027 2171 3051 con-

1162 3054 1256 3092 silio,
1282 3052 1467 3086 subeunda.
1490 3053 1580 3086 Nam
1605 3053 1664 3085 nisi
1690 3054 1815 3097 podicis
1839 3055 1983 3090 foramen
2007 3061 2168 3095 membra-

1161 3109 1200 3131 na
1224 3097 1394 3130 dumtaxat
1417 3106 1570 3139 opertum
1593 3095 1678 3137 effe,
1702 3098 1933 3139 intelligatur,
1968 3111 2004 3134 ut
2039 3101 2131 3137 facili
2153 3128 2166 3143 ,

1161 3151 1296 3183 tutaque
1319 3139 1472 3173 incisione
1496 3141 1602 3183 parari
1623 3144 1730 3175 exitus
1754 3141 1848 3184 poffit
1872 3145 2062 3184 urgentibus
2075 3146 2168 3182 desu-

1158 3196 1216 3228 per
1240 3186 1475 3223 excrementis,
1498 3184 1774 3226 quemadmodum
1797 3187 1830 3218 in
1856 3187 1967 3227 puello
1987 3199 2084 3230 quem
2109 3192 2166 3225 CL

1158 3229 1299 3262 Baverus
1320 3226 1489 3269 descripsit
1513 3228 1583 3271 (q),
1605 3228 1746 3271 potuisse
1764 3251 1778 3269 ,
1809 3230 1951 3262 ostendit
1983 3242 2134 3268 anatome
2152 3261 2165 3277 ‚

1159 3281 1280 3306 temere
1304 3271 1454 3303 instituta
1477 3270 1574 3304 sefflo
1599 3272 1790 3306 accelerabit
1814 3272 1899 3306 haud
1922 3284 1996 3306 raro
2027 3276 2164 3313 infantis

1159 3323 1299 3349 mortem
1313 3338 1323 3353 ,
1342 3317 1372 3348 &
1397 3313 1533 3348 infamia
1554 3315 1753 3349 horrendum
1765 3315 1860 3349 faciet
1884 3317 2067 3360 auxilium,
2090 3323 2163 3362 plu-

1159 3357 1274 3398 ribus,
1300 3356 1322 3391 s1
1348 3358 1521 3399 prudenter
1552 3358 1764 3396 adhibeatur,
1791 3358 2002 3401 profuturum
2023 3388 2032 3397 .
2068 3365 2163 3401 Quid

1161 3404 1271 3435 enim?
1297 3402 1318 3434 fi
1343 3402 1483 3435 Recium
1506 3402 1694 3436 intestinum
1709 3425 1719 3441 ,
1742 3412 1902 3444 quantum
1925 3416 2085 3445 quantum
2096 3409 2164 3452 est,

1162 3446 1289 3480 nullum
1314 3444 1430 3478 habeat
1453 3455 1615 3486 meatum,
1640 3444 1690 3478 sed
1712 3446 1809 3479 instar
1833 3445 1920 3479 funis
1935 3447 2075 3483 solidum
2100 3452 2163 3495 sit,

1161 3498 1200 3524 ut
1222 3488 1276 3523 hic
1299 3489 1333 3521 in
1347 3487 1580 3530 Sepulchreto‚
1606 3490 1666 3523 XI.
1683 3490 1839 3532 proponit
1851 3490 2053 3527 Observatio
2076 3498 2114 3534 (r
2125 3501 2161 3538 )‚

1702 3534 1734 3566 Ε
1778 3544 1799 3566 2
2060 3550 2117 3575 aut

108 3630 2164 3659 μἫ-ᾑ-Ἣ,

165 3701 180 3729 t
197 3701 238 3729 a)
253 3699 301 3725 ‘Del
318 3699 376 3724 flato
392 3702 439 3724 διο.
457 3700 473 3724 Ι.
490 3707 513 3724 2.
530 3706 551 3724 c.
569 3707 605 3726 11.

162 3732 179 3759 (
195 3739 206 3753 e
223 3733 232 3760 )
248 3733 264 3755 l.
286 3739 305 3755 ι.
324 3732 380 3759 S.9.
399 3732 423 3754 in
433 3730 513 3755 Addit
530 3730 620 3756 Obs.1.

166 3760 206 3789 (k
220 3768 225 3789 j
239 3763 277 3785 De
295 3762 376 3785 Morb.
397 3763 465 3785 Puer.
483 3761 500 3785 l.
519 3768 539 3785 1.
557 3769 577 3784 c.
596 3770 618 3790 9.

162 3806 164 3810 .
193 3791 232 3820 n)
251 3794 320 3815 Cent.
332 3800 351 3814 ι.
364 3792 423 3815 Obs.
438 3799 475 3822 9¹-
536 3792 551 3820 (
566 3800 578 3815 ο
594 3792 608 3822 )
625 3795 660 3816 De
676 3793 756 3819 abdit.
773 3794 879 3820 morbor.
896 3797 959 3823 caus.
976 3797 1023 3825 διο.
1040 3805 1063 3824 e.
1082 3800 1122 3825 86.

199 3829 213 3851 q
229 3821 243 3850 )
256 3821 312 3848 Aet.
328 3822 430 3849 eorund.
446 3823 480 3848 T..
492 3830 516 3852 4·
535 3822 595 3852 obs.
617 3831 671 3854 147.
732 3825 745 3857 ί
760 3833 772 3852 r
785 3825 800 3854 )
815 3825 842 3856 §.
858 3835 885 3857 4·

684 3731 872 3761 (f)0bs.11.
894 3735 917 3766 §.
933 3740 956 3760 ⁶.

667 3702 682 3730 (
697 3700 712 3725 b
727 3702 741 3730 3
757 3703 864 3729 Praelest.
881 3705 958 3729 Fran.
979 3707 1006 3730 1².
1023 3713 1044 3730 ².
1060 3713 1082 3731 c.
1099 3714 1137 3736 19.

1020 3738 1065 3767 (g
1080 3738 1094 3767 )
1111 3737 1296 3773 obs-²451.¹

683 3762 692 3792 (
709 3763 718 3785 l
735 3763 748 3792 )
764 3764 855 3789 Medic.
874 3766 951 3791 Prast.
968 3766 986 3790 l.
1000 3774 1025 3795 4.
1044 3769 1070 3792 P.
1089 3776 1111 3792 ι.
1129 3770 1154 3794 S.
1173 3776 1191 3793 ι.
1211 3776 1233 3794 c.
1252 3778 1272 3794 1.
1290 3778 1316 3794 in
1333 3769 1374 3794 fin.

1198 3708 1596 3745 (⁶)0bs·¹2·§-²·3·7·82
1655 3706 1926 3742 (d)0bs.9.§.4,

1355 3740 1362 3767 ‘
1382 3740 1397 3763 ¹¹
1412 3739 1427 3769 ³
1439 3739 1507 3800 §aa
1524 3770 1534 3800 >
1550 3738 1621 3795 {2323
1636 3739 1801 3800 Εὔιὲῑηῗῖς.

1185 3799 1226 3833 (p
1243 3800 1250 3832 )
1269 3800 1331 3831 Eph.
1348 3803 1383 3827 N.
1401 3801 1432 3826 c.
1448 3803 1508 3829 Dec.
1523 3808 1547 3826 2.
1564 3803 1595 3827 A.
1614 3808 1652 3828 ιο.
1669 3800 1729 3827 Obs-
1744 3809 1784 3832 75-
