2498 4075
551 233 702 302 Epist.
741 238 904 291 Anat.
939 234 1152 289 Medica
1186 233 1339 286 XIX.
1374 234 1493 287 Art.
1526 248 1612 308 44.

114 310 327 357 effugiendam
350 327 360 348 .-
388 323 459 350 tum
481 306 594 349 deinde
628 313 744 349 felibus
767 326 871 349 recens
904 314 1036 360 quidem
1058 325 1115 348 na-

115 358 158 391 tis
190 369 253 390 non
286 368 417 400 paucam
449 361 482 392 in
516 359 681 401 pulmones
718 370 731 390 a
757 370 831 392 uam
855 383 863 397 ,
910 362 987 402 saepe
1019 360 1116 391 etiam

114 400 251 434 mult-am
275 402 308 433 in
333 403 547 436 ventriculum
572 400 715 435 descendi
744 413 782 438 e;
805 413 879 436 cum
902 402 1021 437 adultis
1044 402 1116 443 plu-

113 444 200 478 ribus
223 445 416 479 animalibus
439 455 585 479 neutrum
608 444 671 478 fere
695 445 865 479 acciderit.
891 447 936 479 Et
961 456 1034 478 vero
1044 446 1118 478 Lit-

113 488 196 521 trius
217 491 232 527 <
253 499 272 521 a
291 492 306 529 >
328 500 400 525 cum
423 489 525 531 plures
553 498 622 523 tum
644 499 759 528 canes,
784 498 853 523 tum
878 487 952 522 feles
975 499 1119 530 mergen-

115 530 160 563 do
182 542 306 564 necaret
328 555 341 572 ,
376 534 410 564 in
434 543 544 566 eorum
566 532 750 565 ventriculo
780 542 1009 576 nonnunquam
1033 530 1116 564 nihil

114 576 251 608 omnino
269 599 281 615 ,
304 575 422 616 semper
446 583 549 609 autern
574 576 681 609 multo
706 576 810 609 minus
832 587 920 618 aquae
942 574 1117 618 deprehen-

115 618 191 658 dit,
213 629 308 661 quam
331 620 364 651 in
391 620 569 655 ventriculo
594 618 763 653 hominum
789 617 1022 655 submersorum
1045 630 1055 657 3
1080 629 1114 650 a-

115 673 211 703 quam
235 662 321 695 enirn
345 663 378 694 in
402 660 453 695 his
475 663 610 696 multam
632 684 641 698 ,
675 662 762 704 quod
789 662 879 704 supra
903 660 956 703 (b
977 665 991 702 )
1014 663 1113 695 etiarn

113 705 257 739 diximus
272 730 280 744 ‚
303 705 416 738 solitus
438 715 507 738 erat
531 707 698 743 invenire;
722 716 755 740 ut
781 716 845 738 non
868 704 1012 739 videatur
1035 704 1114 738 fuis-

113 748 143 782 se
169 760 184 781 a
208 750 278 781 viro
299 748 493 782 Doffiffimo
516 750 600 781 inter
620 761 674 783 eos
697 748 876 782 referendus
891 773 898 787 ,
922 750 976 792 qui
989 758 1119 782 contra-

115 793 200 826 rium
221 791 354 825 docuere
375 804 386 830 5
419 793 488 825 imo
510 793 644 826 Beckeri
670 791 920 826 Observationes
952 793 1007 835 qui
1032 791 1116 825 nihil

115 846 204 878 aquae
227 836 260 867 in
283 836 491 876 ventriculo,
514 835 598 870 nihil
623 837 657 869 in
681 836 886 878 pulmonibus
911 833 1088 868 offenderat
1103 858 1116 874 ‚

114 881 199 912 inter
220 879 354 911 rariores
378 879 513 920 ponebat
535 880 622 913 casus
649 894 657 915 .·
681 890 744 921 qua
767 880 800 912 in
825 890 856 914 re
881 888 984 911 tamen
1006 889 1117 911 vereor

114 931 151 956 ut
175 921 322 965 poffimus
340 924 463 956 Littrio
487 923 642 957 assentiri.
666 923 816 966 Namque
838 921 862 957 si
884 922 923 956 ad
939 922 1117 955 Beckerum

113 978 166 999 eos
191 964 396 1007 adjungamus
411 990 418 1004 ‚
439 978 519 1009 quos
542 966 683 1001 laudavit
693 965 857 1000 Charisius
879 969 941 1006 (c)
956 988 967 1005 ‚
991 967 1117 1007 &quos

113 1009 205 1053 supra
225 1011 293 1049 (d)
315 1008 373 1051 ipsi
397 1009 615 1050 laudavimus,
641 1010 823 1050 Platerum‚
846 1012 879 1042 &
905 1007 1117 1050 Wepferum,

114 1056 148 1086 δε
172 1064 253 1095 quos
275 1052 440 1088 Charisius
474 1053 585 1087 addere
609 1053 759 1096 potuisset
777 1076 790 1094 ,
826 1052 986 1086 Kulmum
1008 1054 1023 1092 (
1045 1062 1060 1085 e
1083 1056 1121 1092 ),

114 1099 148 1129 &
173 1097 366 1138 Leprottum
392 1095 473 1139 (f)3
497 1109 535 1131 ex
559 1097 609 1131 his
634 1099 790 1131 nimirum
810 1120 822 1136 ,
856 1105 950 1138 atque
974 1095 1045 1128 aliis
1069 1103 1120 1128 tot

112 1140 264 1175 habemus
287 1140 523 1174 observationes
538 1167 545 1180 ‚
570 1151 695 1175 utrarae
719 1141 798 1173 adeo
819 1140 884 1173 dici
897 1149 960 1172 non
985 1137 1123 1181 possint,

113 1183 293 1226 praesertim
314 1183 479 1227 postquam
504 1185 606 1226 Regia
630 1183 697 1227 ipsa
722 1185 933 1218 Scientiarum
949 1182 1121 1216 Academia

115 1226 295 1261 Parisiensis
316 1229 351 1260 in
378 1228 512 1261 Monito
536 1229 596 1262 illo
615 1226 950 1267 commendatiffimo,
973 1226 1059 1269 quod
1084 1225 1122 1260 ad

111 1282 207 1314 opem
232 1269 393 1305 ferendam
428 1272 468 1305 iis
490 1273 548 1315 qui
584 1272 639 1306 sub
662 1284 740 1314 aqua
764 1271 886 1305 mortui
911 1269 1087 1304 creduntur
1111 1293 1120 1307 ‚

112 1314 310 1356 vulgandum
332 1317 459 1348 curavit
483 1316 523 1348 A.
553 1326 643 1359 1740.
670 1315 786 1348 diserte
797 1315 952 1357 agnovit,
977 1324 1029 1356 per
1053 1312 1125 1347 sub-

111 1358 288 1393 mersorum
317 1357 518 1393 disseetiones
542 1371 557 1391 a
582 1360 694 1402 peritis
726 1359 929 1392 Anatomicis
962 1356 1125 1391 institutas

112 1411 318 1445 compertum
342 1401 432 1436 fuisse
450 1425 462 1443 ,
486 1414 603 1446 aquam
628 1403 814 1445 plerumque
829 1413 893 1435 non
917 1400 974 1434 nis!
987 1411 1120 1442 paucam

112 1446 244 1479 illorum
268 1446 447 1479 ventriculo
469 1447 651 1479 contineri.
677 1447 754 1480 Huc
780 1456 876 1487 porro
899 1445 1059 1483 aliorum3
1082 1455 1121 1477 ne

112 1491 152 1525 de
176 1490 255 1522 meis
280 1490 396 1523 iterum
419 1489 594 1532 quidquam
608 1489 738 1528 dicam3
762 1488 999 1522 observaciones
1010 1499 1121 1521 accen-

112 1534 219 1568 sebis.
253 1533 343 1568 Quas
367 1535 451 1566 inter
485 1535 617 1566 minime
641 1532 830 1566 omittendae
865 1531 935 1565 sunt
960 1531 1077 1565 habitae
1103 1543 1119 1565 a

111 1576 256 1612 Medicis
279 1576 466 1610 Clariffimis
490 1579 576 1619 (g),
601 1586 637 1609 ut
660 1576 832 1610 aBeckero
856 1575 974 1608 tradita
997 1576 1119 1608 exami-

112 1630 247 1655 narent.
270 1619 554 1660 Qemadmodum
577 1629 686 1653 autem
708 1619 764 1652 ille
788 1618 997 1661 proposuerat
1021 1643 1029 1657 ,
1054 1630 1119 1653 rem

111 1665 157 1709 fic
174 1663 209 1707 se
232 1662 342 1696 habere
375 1663 639 1704 deprehenderunt
661 1686 670 1701 ‚
702 1661 880 1704 nullamque
903 1663 936 1696 in
962 1660 1120 1701 stomacho

111 1707 288 1743 catulorum
303 1705 531 1749 submersorum
554 1706 738 1740 invenerunt
760 1717 873 1747 aquam
888 1731 896 1746 ,
921 1708 953 1739 &
976 1707 1123 1749 quamvis

111 1751 195 1786 hanc
219 1748 386 1792 aliquando
410 1772 418 1787 ‚
447 1748 507 1792 sub
530 1750 628 1782 certis
663 1748 846 1791 quibusdam
881 1749 1124 1789 circumstantiis

111 1793 223 1838 posse,
247 1803 311 1825 non
335 1802 451 1835 negant
473 1815 483 1830 ,
520 1793 605 1826 intra
624 1793 810 1835 pulmonum
833 1792 957 1827 canales
981 1794 1023 1828 (φ
1045 1792 1124 1835 “refi-

111 1837 201 1872 culas
224 1836 364 1878 ingredi5
388 1847 496 1870 tamen
520 1837 726 1870 communiter
742 1835 808 1878 fine
827 1844 904 1878 pota
927 1847 1007 1879 aqua
1043 1836 1124 1870 mori

105 1881 204 1925 solere
220 1878 419 1922 submersos,
442 1879 624 1913 affirmant.
649 1880 721 1913 Nec
746 1879 824 1913 Viri
848 1880 1123 1923 Experientissimi

113 1924 241 1959 Halleri
266 1924 279 1961 (
302 1921 322 1955 h
343 1927 358 1963 )
381 1923 453 1958 sunt
477 1922 545 1956 haec
580 1922 674 1956 verba
698 1923 976 1965 praetermittenda
999 1935 1007 1956 :
1043 1924 1125 1966 'Non

111 1968 225 2002 inutile
249 1966 312 2000 erit
335 1964 502 2010 monuisse,
528 1967 560 1999 in
583 1967 674 1999 vivis
696 1965 821 2000 catellis
844 1970 857 2007 <
880 1979 960 2010 quos
985 1966 1050 2010 ipse
1074 1966 1127 1999 de-

110 2010 258 2045 merserat
280 2012 294 2048 )
318 2010 361 2043 &
381 2010 559 2053 pulmonem
575 2036 582 2049 ,
607 2009 864 2044 &ventriculum
886 2008 925 2044 ab
940 2012 1025 2045 omni
1046 2022 1145 2053 aqum

106 2065 205 2099 puros
219 2050 337 2096 fuist,
363 2055 458 2088 etiam
481 2054 602 2095 quando
617 2051 678 2095 sub
703 2064 783 2096 aqua
793 2053 960 2088 laz‘averant
971 2078 983 2095 ,
1007 2054 1125 2088 &lin-

110 2109 207 2142 guam
220 2098 418 2141 asseruerant
432 2121 439 2128 .
452 2098 545 2130 Adeo
564 2106 637 2129 vere
647 2097 796 2137 Beckerus
809 2122 816 2129 .
944 2097 1003 2131 Sed
1015 2109 1127 2141 quem-

112 2139 286 2175 admodum
309 2140 378 2174 haec
405 2140 558 2183 protuli,
595 2148 632 2173 ut
667 2140 860 2182 intelligeres
881 2164 893 2181 ‚
928 2152 992 2174 non
1024 2140 1126 2173 videri

112 2184 298 2229 hujusmodi
322 2183 486 2216 observata
510 2184 593 2215 inter
616 2184 751 2216 rariores
773 2183 860 2216 casus
881 2182 966 2225 posse
990 2184 1124 2222 referri5

112 2229 156 2264 sic
179 2228 312 2261 viciffim
337 2237 400 2259 non
427 2226 526 2259 modo
550 2226 654 2258 nolim
676 2224 874 2259 obliviscaris
897 2238 1005 2259 earum
1019 2226 1124 2259 obscr-

113 2274 283 2306 vationum
305 2281 376 2313 quae
400 2269 452 2302 his
475 2268 681 2302 adversantur
705 2291 716 2309 ‚
752 2278 861 2302 verum
887 2269 962 2303 alias
997 2269 1124 2312 insuper

114 2324 229 2359 praeter
253 2314 323 2346 illas
346 2324 423 2353 quas
449 2312 697 2345 memoravimus
713 2335 724 2352 ,
748 2310 864 2346 exstare
892 2337 900 2352 ‚
929 2312 1028 2353 scias,
1052 2323 1123 2346 tum

116 2371 133 2392 a
155 2355 306 2391 Charifio
327 2356 386 2395 (ι’)
409 2354 467 2389 dili
493 2366 580 2388 enter
602 2355 756 2389 indicatas
777 2381 787 2396 ,
820 2365 891 2389 turn
913 2367 990 2398 quas
1013 2356 1125 2389 addere

113 2404 156 2436 iis
181 2402 323 2444 poteris,
350 2410 365 2431 a
389 2367 542 2433 Gensgelio
564 2396 631 2438 (lq)
650 2422 662 2437 ,
695 2399 750 2441 qui
776 2409 882 2431 tamen
906 2400 1028 2442 excipit
1054 2400 1125 2441 pul-

116 2456 247 2480 mones.
272 2446 304 2477 δε
327 2442 366 2475 ab
389 2443 477 2476 Olao
497 2441 669 2474 Borrichio
693 2441 750 2481 (l)
774 2440 955 2484 propositas
978 2468 984 2475 .
1021 2443 1123 2486 Qod

116 2490 202 2522 enim
226 2488 280 2521 hic
302 2486 383 2519 olim
408 2484 570 2528 scripserat
590 2505 599 2520 ,
634 2485 778 2526 puellum
802 2486 885 2519 inter
909 2485 1084 2520 natandum
1108 2498 1124 2519 a

114 2532 250 2566 marinis
273 2528 367 2563 undis
388 2528 554 2570 abreptum
568 2552 577 2567 ‚
602 2527 802 2571 mersumque
819 2527 1007 2570 profundo,
1031 2539 1066 2563 ut
1080 2542 1124 2563 τε·

113 2587 170 2618 gre
193 2576 341 2607 inventus
364 2570 402 2604 sit
418 2596 428 2612 ‚
453 2583 530 2604 mox
552 2573 635 2604 inter
659 2570 840 2613 frequentes
853 2573 1034 2606 rotantium
1057 2584 1123 2606 ma-

114 2630 173 2653 nus
198 2618 311 2651 subitae
326 2616 432 2653 ‚morti
458 2613 549 2648 fuisse
573 2623 740 2657 ereptum,
764 2614 826 2649 huc
850 2614 924 2649 ideo
946 2616 1085 2659 spestare
1108 2641 1121 2657 ,

114 2660 346 2696 animadvertes
369 2682 377 2695 ,
410 2658 497 2702 quod
521 2662 605 2691 inter
626 2659 804 2692 rorationes
827 2658 899 2692 illas
921 2659 1045 2693 oborto
1067 2671 1123 2693 vo-

114 2707 198 2741 mitu
217 2703 333 2748 salsam
357 2713 469 2745 aquam
494 2701 608 2745 copiose
633 2701 742 2743 rejecit
761 2726 771 2735 .
797 2703 892 2743 Qin
915 2701 1002 2737 idem
1027 2714 1122 2746 quem

114 2749 215 2793 paulo
239 2757 311 2782 ante
334 2746 502 2780 laudabam
522 2769 534 2786 ,
565 2745 717 2779 Hallerus
739 2746 774 2779 in
799 2745 933 2780 foemina
955 2747 998 2780 A.
1027 2756 1122 2790 1747.

116 2796 193 2832 (m)
209 2815 216 2827 ,
243 2794 274 2824 &
298 2792 332 2823 in
356 2790 452 2823 altera
473 2792 513 2823 A.
543 2788 633 2832 1748*
657 2791 730 2829 (n)
750 2812 762 2830 ‚
796 2801 869 2824 cum
893 2800 1027 2833 utraque
1052 2790 1125 2825 diu-

116 2839 182 2869 tius
207 2835 264 2869 sub
287 2836 377 2876 aquis
402 2833 554 2872 fuissent,
578 2830 737 2870 dissenis,
761 2832 939 2876 compresso
962 2835 1125 2868 ventricu-

117 2880 175 2918 lo,
199 2881 232 2912 δι
259 2879 430 2920 pulmone,
453 2879 488 2911 in
512 2877 605 2910 illum
628 2875 815 2911 descendisse
840 2888 953 2921 aquam
977 2878 1011 2910 in
1035 2887 1124 2912 utra-

116 2935 179 2966 que
193 2945 202 2959 ,
225 2920 435 2961 deprehendit
450 2945 462 2962 ,
486 2923 519 2954 in
544 2921 643 2953 altera
656 2932 695 2953 ex
717 2919 780 2954 hoc
795 2922 994 2963 regurgitare
1008 2933 1122 2965 aquam

116 2966 222 2999 vidit.
249 2967 293 2998 Et
316 2967 461 3007 quamvis
485 2964 540 2999 ubi
565 2975 603 2997 ex
628 2962 796 3007 proposito
822 2964 886 2997 hoc
898 2975 1125 3008 argumentum

118 3010 234 3043 tractat
267 3011 352 3048 (o),
379 3009 516 3050 priorem
539 3008 627 3041 illam
661 3019 724 3041 non
749 3017 905 3041 memoret
925 3031 934 3047 ,
968 3018 1004 3042 ut
1028 3020 1131 3042 errore

118 3051 317 3096 typographi
342 3053 375 3084 in
401 3063 483 3084 anno
505 3049 698 3095 designando
708 3062 747 3084 ex
770 3063 830 3085 una
846 3052 916 3086 duae
941 3053 1044 3086 videri
1058 3052 1132 3096 pos-

118 3096 180 3131 sint
205 3095 262 3129 effe
288 3095 402 3134 factam
427 3104 531 3128 tamen
557 3106 640 3128 nova
664 3095 698 3127 in
722 3094 889 3129 submersis
912 3105 1052 3140 quatuor
1073 3108 1124 3130 ca-

119 3140 236 3180 nibus,
260 3142 291 3172 δι
316 3150 375 3172 una
400 3138 458 3172 fele
482 3138 533 3172 sua
558 3138 648 3173 addit
672 3140 887 3181 experimenta
911 3164 919 3179 ‚
941 3151 996 3183 per
1018 3151 1088 3183 quae
1112 3163 1121 3179 ‚

120 3182 143 3217 fi
168 3182 264 3217 felem
288 3183 450 3224 excipias,
473 3184 506 3216 in
534 3184 681 3217 omniurn
706 3184 886 3216 ventriculo
911 3195 1026 3226 aquam
1038 3195 1126 3226 repe-

120 3228 184 3264 rit,
212 3229 244 3259 in
270 3226 476 3269 pulmonibus
500 3237 603 3261 autem
626 3228 773 3260 omnium
797 3249 810 3267 ,
844 3238 881 3260 ne
906 3227 970 3261 fele
993 3227 1125 3270 quidem

122 3280 272 3313 excepta,
298 3271 434 3304 multam
457 3281 587 3313 aqueam
612 3271 774 3315 spumam.
803 3272 895 3305 Tum
911 3272 970 3304 alia
993 3271 1126 3314 adjicit,

120 3326 190 3357 quae
217 3313 299 3347 infra
323 3315 538 3356 attingemus,
562 3314 751 3348 confirmata
776 3314 887 3355 saepius
909 3326 972 3348 non
996 3314 1078 3348 secus
1090 3327 1126 3349 ac

123 3357 251 3400 priora,
276 3369 292 3391 a
316 3358 368 3390 Cl.
395 3357 460 3400 ejus
485 3356 628 3391 auditore
642 3360 740 3392 Evers
763 3361 819 3401 (p
840 3362 872 3398 ).
899 3360 1052 3401 Qorum
1065 3371 1125 3402 ego

121 3401 160 3434 de
183 3401 234 3435 his
259 3402 347 3435 rebus
372 3402 495 3444 Scripta
518 3403 684 3442 pervellem
710 3402 815 3436 multo
827 3413 915 3435 antea
939 3402 1054 3435 exstare
1067 3414 1125 3445 po-

123 3444 214 3478 tuisse
236 3456 334 3488 quam
356 3444 437 3477 hanc
461 3444 647 3479 recenserem
670 3447 869 3490 Epistolam.
895 3447 1128 3487 Experimenta

123 3489 207 3521 enim
231 3488 301 3531 lego
325 3500 358 3521 ea
381 3487 556 3525 industria,
578 3491 610 3521 δι
634 3489 761 3523 solertia
784 3499 876 3532 capta
899 3513 911 3529 ,

945 3499 980 3523 ut
1005 3492 1129 3534 percipi

209 3532 375 3575 Morgagni
386 3533 421 3566 de
434 3532 501 3566 sed.
517 3533 557 3566 &
568 3531 653 3575 Caus.
666 3532 768 3567 Morb.
783 3533 881 3566 Tom.
896 3535 923 3567 Ι.

2014 232 2106 295 ι87

1168 312 1300 352 liceret,
1323 324 1360 346 an
1384 313 1440 347 sub
1463 312 1550 356 aquis
1574 311 1764 355 inspirat-ent
1784 336 1794 351 ‚
1831 316 1864 347 δε
1886 312 2081 355 deglutirent
2104 311 2172 345 ani·

1170 355 1264 389 malia
1285 379 1295 395 ,
1318 367 1373 389 nec
1396 357 1566 406 dubitari,
1591 366 1628 388 an
1653 367 1701 389 eas
1726 367 1849 397 revera,
1872 357 1990 403 quippe
2005 363 2094 387 certo
2117 365 2171 387 co-

1169 400 1233 432 lore
1244 397 1377 432 inferias
1388 423 1396 437 ,
1422 403 1454 433 in
1466 399 1678 435 ventriculum
1691 422 1699 436 ,
1724 399 1950 442 pulmonesque
1961 395 2151 432 demisissent
2165 424 2171 430 .

1169 444 1321 485 Utroque
1346 453 1453 486 autem
1473 440 1624 476 demisisse
1649 464 1657 479 ,
1691 453 1746 484 per
1777 442 1995 476 dissectionem
2028 451 2174 482 comper-

1169 495 1239 519 tum
1263 486 1322 519 est·
1346 486 1439 522 Num
1463 488 1571 521 omnia
1593 484 1606 518 ?
1640 487 1763 528 inquies
1790 511 1798 518 .
1832 485 1885 519 Ad
1908 497 2007 520 unum
2030 485 2139 517 omnia
2164 507 2171 515 .

1169 528 1269 569 Quod
1292 530 1325 562 in
1349 538 1442 563 tanto
1464 530 1640 573 praesertim
1651 531 1945 572 experimentorum
1969 527 2174 562 numerami-

1166 581 1309 606 raturum
1333 573 1386 613 te,
1410 572 1502 614 scio,
1524 582 1575 607 tot
1599 573 1735 606 aliorum
1759 582 1824 606 tam
1846 574 1947 608 varias
1967 595 1977 611 ‚
2001 575 2032 604 &
2056 569 2173 604 discre-

1164 625 1273 658 pantes
1297 616 1533 649 observationes
1556 627 1621 649 non
1659 618 1763 650 minus
1785 626 1883 659 quam
1905 613 2125 648 recentissimas
2148 614 2174 645 i-

1165 659 1223 694 stas
1238 682 1246 696 ,
1271 671 1333 703 pro
1354 661 1435 693 veris
1460 659 1651 699 habentem,
1675 670 1731 693 nec
1756 659 1871 699 facile,
1893 668 1929 692 ut
1945 660 2088 699 opinor,
2110 657 2178 690 exi-

1168 703 1372 743 stimantem,
1395 703 1480 745 posse
1504 704 1569 736 vim
1591 703 1839 746 discrepantium
1872 701 2098 748 illarum-satis
2121 699 2176 733 de-

1167 747 1283 781 clinari
1308 745 1481 790 ponendo,
1506 745 1547 780 sic
1569 745 1761 789 contigisse,
1784 747 1858 789 quia
1871 744 2072 788 frigidissima
2096 753 2174 777 tunc

1169 802 1249 832 aqua
1272 790 1523 833 deglutitionem
1548 812 1561 830 ,
1594 788 1903 832 inspirationemque
1928 786 2142 831 prohibuisset
2166 810 2174 817 .

1166 834 1285 876 Neque
1307 835 1393 867 enim
1416 833 1559 866 ferebant
1581 834 1796 875 experimenta
1820 856 1829 871 ,
1852 844 1991 876 quorum
2013 829 2175 864 occasione

1169 877 1320 912 Hallerus
1356 879 1390 911 in
1413 876 1559 911 demersis
1590 877 1711 911 catellis
1730 877 1812 909 nihil
1838 877 1969 921 usquam
2000 875 2124 907 invenit
2147 884 2180 905 a·

1167 932 1239 963 quae
1259 943 1271 961 ‚
1302 931 1337 956 ut
1362 919 1430 954 haec
1450 921 1523 954 esset
1548 919 1750 962 frigidissima
1773 931 1783 954 τ
1814 932 1869 953 nec
1891 919 1956 961 ipse
1977 928 2117 960 unquam
2140 914 2182 949 ad

1167 963 1225 1004 id,
1248 964 1306 997 nisi
1329 976 1345 997 e
1368 963 1450 998 elida
1476 963 1546 997 usus
1572 964 1640 998 sum
1664 976 1672 996 :
1706 975 1762 997 nec
1786 965 1935 1006 Leprotti
1967 960 2183 995 adolescentu-

1169 1008 1245 1046 lus3
1268 1018 1306 1042 ut
1329 1009 1409 1042 aios
1431 1008 1585 1040 omittam
1609 1008 1641 1040 in
1668 1008 1761 1040 Italia
1776 1032 1786 1047 ‚
1808 1007 1978 1050 Galliaque
1995 1004 2107 1038 eodem
2129 1015 2187 1046 ge-

1171 1062 1243 1083 nere
1274 1052 1390 1084 mortis
1414 1059 1539 1093 ereptos
1562 1063 1572 1089 3
1605 1062 1644 1083 eo
1669 1051 1743 1083 anni
1776 1060 1919 1092 tempore
1945 1048 2118 1082 submersus
2140 1046 2184 1079 est

1172 1105 1239 1137 quo
1261 1093 1447 1137 perfrigidae
1466 1093 1554 1134 apud
1575 1104 1633 1126 nos
1654 1092 1713 1126 sint
1738 1106 1852 1136 aquae5
1873 1095 1905 1126 in
1930 1092 2109 1125 ventriculo
2133 1101 2185 1124 ta-

1174 1148 1245 1171 men
1280 1138 1336 1170 vix
1368 1137 1543 1181 quidquam
1580 1136 1728 1171 humoris
1760 1136 1875 1170 habuit
1898 1158 1911 1175 ,
1952 1136 1985 1168 in
2020 1134 2186 1178 pulmoni-

1174 1182 1233 1215 bus
1265 1191 1371 1215 autem
1404 1191 1441 1215 ne
1481 1188 1612 1223 guttam
1652 1180 1775 1221 quidem
1807 1203 1820 1221 ,
1862 1180 1896 1212 in
1941 1189 2022 1220 quos
2067 1187 2152 1210 certe
2174 1198 2187 1215 ,

1174 1224 1197 1258 si
1244 1236 1307 1258 non
1351 1235 1407 1268 per
1449 1235 1487 1257 os
1511 1249 1520 1265 ‚
1567 1233 1599 1257 at
1644 1234 1700 1266 per
1744 1234 1832 1256 nares
1865 1220 2020 1266 potuisset
2056 1220 2187 1255 descen-

1175 1268 1267 1302 dere.

1219 1324 1270 1356 44.
1298 1311 1356 1346 Sed
1380 1320 1487 1344 tamen
1512 1309 1595 1345 unde
1618 1309 1687 1344 haec
1710 1309 1898 1345 discrimina
1924 1308 2090 1354 repetenda
2115 1308 2190 1342 sunt

1175 1368 1246 1400 quae
1271 1357 1357 1389 inter
1378 1356 1456 1389 alias
1479 1355 1617 1389 aliorum
1632 1378 1643 1395 ,
1667 1356 1735 1388 imo
1758 1356 1842 1388 inter
1853 1353 1971 1388 nostras
1994 1354 2193 1396 ipsasinter-

1175 1399 1293 1434 cedunt
1316 1397 1574 1432 observationes?
1599 1399 1691 1432 Num
1714 1400 1830 1441 quibus
1854 1397 2037 1440 nihilaquae
2063 1398 2097 1431 in
2120 1395 2194 1439 pul-

1173 1443 1325 1477 monibus
1343 1467 1352 1484 ,
1375 1445 1407 1476 &
1430 1441 1609 1476 ventriculo
1632 1441 1675 1475 est
1696 1465 1707 1482 ,
1744 1443 1768 1475 ii
1792 1442 1935 1484 laryngis
1962 1456 1972 1479 5
1994 1445 2026 1475 ὃς
2050 1440 2133 1483 gulae
2156 1450 2195 1472 a·

1173 1488 1280 1522 ditum
1303 1484 1528 1520 occluserunt?
1551 1485 1670 1528 quibus
1693 1495 1799 1518 autem
1825 1485 1950 1531 aliquid
1987 1510 1995 1523 ‚
2028 1493 2082 1518 aut
2107 1482 2195 1517 mul-

1172 1542 1243 1565 tum
1277 1530 1319 1564 est
1341 1552 1349 1567 ,
1383 1529 1418 1564 hi
1450 1541 1528 1562 vero
1561 1527 1685 1563 aditum
1716 1540 1781 1562 non
1814 1527 2055 1563 occluserunt?
2085 1524 2191 1561 Fuisse

1173 1576 1260 1608 enim
1282 1573 1379 1608 video
1400 1575 1456 1618 qui
1480 1584 1519 1607 ex
1542 1573 1635 1605 vario
1658 1572 1830 1606 hominum
1852 1596 1863 1610 ,
1895 1570 1972 1605 dum
2007 1571 2193 1614 submerge-

1173 1628 1302 1655 rentur,
1325 1617 1462 1651 consilio
1484 1627 1553 1649 rem
1577 1615 1615 1650 ad
1639 1616 1723 1649 hunc
1747 1616 1880 1650 modurn
1904 1616 2130 1659 explicarunt,
2153 1622 2193 1648 ut

1173 1663 1230 1706 qui
1255 1661 1300 1694 ob
1322 1663 1449 1704 copiam
1472 1660 1642 1703 deglutitae
1658 1671 1747 1703 aquae
1770 1659 1945 1694 submersos
1969 1660 2078 1698 mori,
2098 1657 2195 1693 audi-

1175 1707 1303 1745 verint,
1327 1705 1493 1739 arffiffime
1517 1704 1569 1737 illi
1590 1702 1761 1747 ingressum
1785 1702 1936 1738 claudant
1964 1715 1978 1742 ς
2011 1712 2043 1736 at
2067 1703 2123 1746 qui
2148 1700 2195 1734 ob

1176 1748 1379 1793 prohibitam
1404 1749 1647 1792 respirationem
1673 1772 1684 1789 ,
1718 1749 1863 1790 aperiant
1887 1772 1894 1779 .
1931 1746 1989 1781 Sed
2013 1748 2050 1780 in
2084 1744 2196 1780 bestiis

1175 1805 1250 1828 cum
1273 1793 1359 1827 varia
1394 1792 1462 1827 haec
1486 1791 1616 1827 consilia
1640 1790 1698 1826 esse
1720 1803 1784 1825 non
1811 1792 1925 1836 possint
1948 1806 1957 1830 ς
1995 1802 2060 1824 rem
2085 1800 2197 1824 tamena

1177 1839 1210 1871 in
1235 1838 1307 1870 aliis
1330 1848 1438 1871 earum
1461 1849 1589 1880 quoque
1615 1837 1707 1871 aliter
1730 1837 1930 1871 invenimus.
1956 1834 2084 1871 Deinde
2109 1833 2159 1868 fac
2182 1858 2195 1873 s

1178 1882 1258 1915 alios
1282 1878 1430 1915 homines
1453 1880 1540 1915 aliud
1565 1881 1668 1920 velle5
1692 1881 1749 1924 qui
1773 1881 1888 1915 volunt
1910 1905 1922 1922 ,
1954 1877 2122 1924 quomodo
2145 1878 2197 1911 la-

1178 1937 1313 1968 ryngem
1337 1924 1507 1958 occludent
1529 1923 1542 1956 ?
1578 1926 1673 1958 Num
1695 1923 1873 1967 glottidem
1903 1921 2152 1969 constringendo
2178 1919 2196 1953 ἓ

1177 1968 1237 2002 Sed
1260 1967 1431 2012 quomodo
1452 1967 1658 2002 consti-istam
1684 1968 1848 2003 servabunt
1875 1991 1889 2009 ,
1921 1979 1995 2003 curn
2015 1992 2027 2009 ,
2060 1966 2198 2000 cessante

1177 2011 1389 2055 respiratione
1413 2035 1423 2051 ,
1448 2011 1632 2057 *spirituum
1656 2011 1798 2046 influxus
1831 2012 1924 2047 cesset
1961 2013 1995 2044 in
2031 2010 2194 2045 musculos

1173 2056 1424 2098 constringentes
1449 2058 1461 2087 ,θ
1484 2054 1636 2098 Idemque
1659 2054 1713 2098 ajo
1731 2079 1745 2096 ‚
1775 2055 1799 2089 fi
1821 2055 2053 2099 epiglottidem
2084 2054 2197 2099 depri-

1179 2110 1262 2131 mere
1286 2110 1341 2132 eos
1365 2098 1532 2136 homines,
1557 2098 1645 2133 dicas
1663 2123 1675 2140 ,
1709 2108 1744 2133 ut
1768 2099 1934 2143 laryngem
1957 2099 2085 2143 prorsus
2117 2110 2199 2142 ope-

1177 2144 1261 2183 riat;
1286 2153 1470 2186 quanquam
1481 2142 1643 2177 musculos
1692 2144 1724 2176 ui
1739 2143 1882 2177 valenter
1906 2143 2049 2187 praestare
2069 2141 2107 2177 'id
2120 2142 2195 2186 pos·-

1176 2183 1237 2219 sint
1253 2212 1262 2225 ‚
1285 2198 1345 2228 ego
1368 2186 1498 2230 quidem
1510 2186 1644 2220 necdum
1684 2187 1745 2220 aris
1755 2186 1914 2229 agnosco.
1937 2187 2111 2231 Reliquum
2131 2186 2196 2225 est,

1176 2238 1213 2262 ut
1236 2228 1478 2263 convulsionem
1500 2229 1756 2264 comminiscaris
1773 2256 1782 2269 ,
1806 2229 1897 2273 cujus
1917 2232 1948 2263 vi
1974 2231 2055 2269 illi,
2079 2233 2111 2264 &
2134 2230 2196 2274 qui

1176 2272 1259 2315 gulae
1285 2272 1409 2306 aditum
1433 2272 1633 2314 praecludunt
1656 2297 1668 2313 ‚
1700 2273 1835 2307 musculi
1869 2273 1918 2307 vel
1951 2272 2021 2315 post
2055 2282 2196 2307 mortem

1176 2317 1336 2350 contrasti
1359 2325 1506 2349 maneant
1529 2340 1541 2356 ‚
1578 2327 1643 2350 non
1668 2316 1752 2351 secus
1776 2328 1811 2351 ac
1837 2319 1895 2360 qui
1917 2316 2105 2351 inferiorem
2126 2328 2195 2351 ma-

1175 2359 1291 2393 xillam
1314 2360 1352 2393 ad
1376 2360 1572 2402 superiorem·
1595 2359 1754 2395 adducunt
1779 2386 1788 2400 ,
1823 2360 1926 2403 reapse
1951 2370 2038 2395 erant
2063 2362 2097 2394 in
2120 2361 2194 2395 sub-

1176 2402 1281 2435 merso
1311 2403 1371 2435 illo
1393 2402 1627 2437 adolescentulo
1648 2427 1659 2444 ,
1692 2415 1789 2447 quem
1812 2415 1886 2437 cum
1918 2405 2081 2447 Leprotto
2103 2407 2118 2444 (
2140 2416 2159 2447 q
2180 2408 2196 2444 )

1175 2445 1326 2480 dissecuit
1350 2447 1507 2480 Plancus:
1532 2458 1569 2480 os
1591 2448 1699 2487 enim,
1723 2457 1760 2481 ut
1785 2449 1851 2480 Vir
1875 2447 1928 2481 hic
1950 2447 2085 2482 Clarisli.
2113 2460 2195 2491 qua-

1176 2488 1356 2531 dragesimo
1379 2490 1509 2521 circiter
1532 2490 1603 2531 post
1624 2489 1702 2530 die,
1726 2489 1803 2524 idest
1815 2491 1925 2524 Nonis
1939 2491 2079 2534 MajiA.
2096 2502 2193 2534 1722,

1177 2532 1215 2580 qd
1240 2544 1290 2565 me
1315 2531 1460 2574 scripsit,
1484 2544 1541 2571 os,
1565 2534 1699 2576 inquam
1714 2557 1726 2574 ,
1749 2544 1896 2568 mortuus
1921 2534 2061 2570 servabat
2079 2536 2193 2570 arffis-

1174 2577 1249 2609 sime
1272 2575 1434 2609 clausum.
1461 2577 1587 2610 Verum
1608 2588 1672 2619 ego
1693 2588 1749 2611 nec
1773 2579 1937 2621 laryngem
1948 2578 2107 2618 clausam,
2134 2591 2191 2613 nec

1174 2618 1403 2662 epiglottidem
1427 2618 1598 2662 depressam
1622 2622 1730 2654 inveni
1754 2624 1814 2661 (r)
1837 2623 1871 2654 in
1895 2623 1936 2656 iis
1959 2623 2190 2663 animantibus,

1173 2665 1207 2696 in
1239 2675 1380 2706 quorum
1405 2663 1572 2705 pulmones
1607 2676 1687 2708 aqua
1712 2676 1750 2698 ne
1782 2664 1851 2708 post
1884 2676 2024 2701 mortem
2057 2667 2191 2710 quidem

1174 2706 1285 2750 illapsa
1308 2716 1395 2740 erat:
1419 2717 1517 2750 neque
1535 2708 1629 2741 aliter
1652 2709 1723 2742 ullo
1744 2709 1778 2741 in
1801 2707 2097 2744 submersoinvenit
2111 2712 2190 2743 Lit-

1175 2751 1258 2784 trius
1295 2750 1380 2793 (s)
1414 2751 1441 2783 is
1464 2753 1521 2794 qui
1546 2752 1695 2795 alioquin
1730 2752 1957 2794 epiglottidem
1982 2754 2030 2786 vel
2064 2755 2098 2786 in
2122 2754 2191 2788 illis

1175 2795 1232 2837 qui
1259 2793 1328 2836 post
1351 2802 1490 2827 mortem
1512 2796 1546 2827 in
1572 2807 1685 2838 aquam
1710 2794 1943 2838 projicerentur
1962 2820 1974 2836 ‚
2000 2808 2064 2830 non
2087 2797 2191 2831 modo

1176 2839 1211 2871 in
1235 2837 1399 2871 submersis
1420 2837 1458 2871 de
1482 2838 1599 2880 quibus
1622 2838 1806 2881 loquimur,
1833 2837 2004 2881 depressam
2027 2840 2189 2875 existima-

1175 2890 1244 2920 ret,
1270 2893 1372 2924 neque
1396 2880 1583 2914 credibilem
1611 2904 1624 2922 ,
1656 2893 1754 2924 neque
1777 2880 1992 2917 cohaerentem
2032 2895 2106 2918 curn
2142 2886 2187 2919 iis

1175 2936 1254 2969 quas
1280 2924 1447 2967 posuerat,
1473 2936 1539 2958 rem
1562 2925 1809 2958 comminiscens
1829 2938 1840 2965 3
1863 2929 1921 2968 qus
1947 2929 2034 2962 enim
2055 2928 2095 2961 acl
2118 2930 2188 2971 epi-

1181 2968 1355 3012 glottidem
1377 2967 1619 3010 deprimendam
1642 2968 1819 3002 retrorsum
1854 2971 2001 3005 attollere
2025 2971 2054 3005 se
2076 2971 2186 3015 lingua

1181 3011 1284 3056 posset
1307 3012 1342 3043 in
1365 3013 1523 3049 mortuis,
1546 3020 1602 3046 aut
1625 3013 1660 3045 in
1683 3024 1721 3045 eo
1744 3011 1849 3055 positu
1873 3013 2013 3056 servari,
2034 3027 2129 3058 quam
2151 3017 2187 3049 in

1172 3054 1364 3088 -viventibus
1388 3053 1517 3088 tandem
1542 3056 1674 3097 laxari,
1697 3058 1730 3089 δε
1754 3057 1935 3091 antrorsum
1958 3058 2055 3093 relabi
2079 3083 2091 3101 ,
2125 3071 2187 3103 po-

1177 3098 1304 3133 suerat?
1328 3099 1405 3131 Huc
1428 3097 1509 3132 illud
1533 3098 1678 3140 accedit,
1700 3100 1846 3143 linguam
1869 3102 1903 3134 in
1927 3103 2078 3144 porcellis
2094 3102 2185 3136 Indi-

1175 3143 1222 3176 cis
1241 3168 1249 3181 ‚
1274 3152 1413 3186 quorum
1437 3143 1470 3174 in
1495 3142 1702 3184 pulmonibus
1725 3155 1839 3188 aquam
1853 3156 1915 3177 non
1939 3146 2088 3180 invenisse
2113 3157 2185 3184 me,

1177 3186 1246 3220 dixi
1269 3189 1284 3225 (
1306 3194 1320 3219 t
1342 3189 1379 3225 )‚
1403 3185 1576 3229 oblongam
1600 3187 1731 3230 quidem
1754 3187 1836 3226 esse3
1859 3199 1986 3225 verum,
2009 3188 2031 3221 fi
2047 3191 2185 3232 primam

1178 3231 1319 3272 excipias
1343 3237 1488 3271 partem,
1510 3229 1596 3272 affigi
1621 3231 1700 3264 adeo
1722 3230 1786 3264 basi
1809 3232 1874 3264 oris
1890 3253 1898 3267 ‚
1923 3241 1960 3265 ut
1983 3233 2130 3266 attollere
2155 3233 2184 3267 se

1179 3282 1337 3317 nequeat,
1362 3276 1394 3306 &
1419 3273 1647 3315 epiglottidem
1667 3298 1678 3314 ,
1713 3276 1913 3317 caeteroquin
1938 3276 1984 3309 ita
2020 3275 2147 3310 brevem
2170 3300 2184 3318 ‚

1178 3318 1235 3350 vix
1256 3326 1292 3351 ut
1315 3324 1424 3350 totum
1448 3326 1613 3359 protegere
1637 3317 1727 3360 possit
1751 3318 1894 3359 laryngis
1906 3316 2055 3356 hiatum,
2077 3320 2185 3362 depri-

1177 3371 1279 3393 mere.
1303 3358 1421 3401 Qid?
1444 3360 1530 3402 quod
1555 3362 1639 3394 inter
1661 3361 1867 3395 communiter
1889 3361 2008 3404 msa&
2033 3371 2184 3397 annotata

1176 3405 1211 3436 in
1235 3403 1439 3437 cadaveribus
1464 3403 1694 3438 submersorum
1727 3416 1742 3437 a
1766 3403 1915 3437 Charisio
1934 3407 1948 3444 <
1969 3416 1990 3438 u
2012 3409 2027 3445 )
2049 3407 2183 3447 ponitur

1180 3446 1288 3490 lingua
1311 3446 1452 3489 exserta:
1476 3447 1619 3488 linguam
1644 3457 1748 3481 autem
1771 3445 1924 3481 exsertam
1946 3448 2119 3491 epiglottis
2140 3451 2183 3484 ob

1179 3490 1404 3525 connestentia
1435 3490 1609 3533 ligamenta
1634 3491 1780 3568 sequXur
1820 3491 1984 3535 neceffario
2018 3515 2029 3531 ,
2070 3501 2108 3526 ut
2147 3495 2183 3528 in

1762 3545 1778 3567 a
1824 3545 1841 3566 2
2025 3546 2058 3568 re
2080 3547 2141 3570 no-

274 3702 337 3727 nist.
354 3703 396 3728 cit.
413 3702 496 3732 supra,
511 3701 540 3725 ad
557 3710 581 3727 n.
597 3711 636 3732 40.
654 3705 683 3728 Α.
700 3711 768 3734 1719.
829 3706 843 3734 (
858 3705 873 3730 b
888 3710 898 3733 )
915 3705 972 3730 eod.
992 3713 1016 3729 n.

276 3741 301 3757 n.
316 3742 356 3762 40.
418 3734 432 3763 (
447 3742 458 3757 e
475 3734 483 3762 )
499 3732 556 3768 Obs.
574 3733 658 3762 adjea.
681 3735 797 3762 nesci-iet.
815 3737 879 3760 Foet.
896 3736 995 3761 monstr.
1015 3736 1036 3766 §.
1055 3743 1078 3760 2.
1096 3744 1118 3766 3.

272 3764 328 3788 Vid.
347 3766 484 3788 Commere-
503 3765 592 3788 Litter.
608 3768 637 3788 A.
659 3772 720 3795 ¹737·
738 3765 816 3790 Hebd.
836 3775 872 3797 37.
890 3775 913 3792 n.
936 3775 953 3791 1.
973 3767 1003 3790 ad
1020 3774 1042 3789 2.
1103 3766 1112 3794 (
1129 3767 1144 3791 h

363 3825 368 3830 ¹
398 3825 403 3829 ι
630 3795 645 3824 (
661 3795 678 3820 k
696 3797 710 3825 )
726 3796 789 3824 Eph,
808 3799 843 3822 N·
861 3799 889 3823 C.
907 3800 980 3823 Cent.
995 3800 1019 3821 6.
1036 3797 1092 3822 Obs-
1111 3799 1149 3828 85.

218 3832 240 3847 m
258 3825 270 3852 )
288 3831 340 3859 nqt.
358 3834 366 3848 ι
383 3831 425 3849 eit.
488 3824 528 3855 (n
543 3830 553 3852 2
571 3825 659 3855 opusc.
675 3826 769 3851 Pathol.
787 3827 844 3851 obs.
860 3832 899 3853 62.
961 3829 975 3857 (
991 3836 1004 3851 ο
1022 3828 1035 3855 )
1053 3827 1111 3851 lbid.

217 3862 231 3884 q
247 3854 261 3883 2
277 3856 348 3885 Epist.
366 3856 409 3881 cit.
426 3855 494 3886 supra.
508 3855 537 3880 ad
552 3863 577 3881 n.
592 3863 634 3886 43·
697 3856 706 3888 (
723 3866 735 3882 ν
750 3857 765 3887 )
781 3864 807 3883 n.
824 3867 863 3889 μ.

213 3703 261 3762 713

210 3765 257 3817 f)

183 3702 199 3730 (

179 3733 200 3767 Ι(

182 3764 202 3851 s(
237 3793 305 3825 )cit.
326 3794 348 3825 §.
368 3802 405 3818 xo.
423 3794 450 3818 ad
464 3793 482 3822 f
495 3793 567 3822 prim.

189 3855 197 3882 s

1078 3706 1093 3735 (
1108 3712 1119 3729 c
1134 3706 1149 3736 )
1165 3706 1270 3735 Speeim.
1287 3706 1317 3730 de
1335 3707 1418 3730 Morte
1435 3705 1555 3730 Submers.

925 3858 994 3889 (s)
1009 3859 1068 3884 Hist.
1086 3858 1128 3884 cit.
1145 3859 1175 3885 ad
1191 3867 1217 3884 n.
1235 3868 1272 3891 ⁴3·

1574 3705 1587 3736 §
1615 3714 1651 3731 ιο.
1668 3705 1697 3730 ad
1713 3714 1725 3730 e
1740 3707 1812 3736 prim.
1828 3706 1852 3731 δε
1867 3713 1879 3730 ι·
1896 3706 1989 3731 secund.

1181 3738 1188 3765 (
1204 3736 1221 3767 f
1233 3738 1247 3766 )
1265 3738 1289 3761 in
1307 3738 1380 3765 Epist.
1399 3736 1447 3764 post
1465 3738 1606 3761 comment.
1624 3740 1659 3761 De
1677 3737 1770 3761 Bonon¹
1789 3738 1862 3763 Acad.
1880 3739 1954 3762 Turn.
1977 3745 1997 3762 1.

1160 3767 1168 3798 )
1185 3770 1221 3792 De
1239 3768 1328 3797 Respir.
1348 3767 1469 3796 Experim.
1487 3769 1514 3791 P.
1532 3776 1553 3792 2.
1570 3769 1598 3791 ad
1616 3776 1631 3791 n
1657 3775 1696 3796 30.
1714 3774 1763 3792 not.
1780 3769 1808 3791 ἱ.

1212 3799 1220 3826 (
1236 3799 1246 3822 l
1261 3799 1275 3827 )
1294 3801 1320 3823 ln
1338 3797 1472 3822 Bartholin.
1491 3799 1545 3823 Ast.
1561 3798 1628 3822 Med.
1653 3793 1728 3822 Hafn.
1748 3800 1778 3822 A.
1795 3802 1864 3828 1671.
1881 3802 1904 3824 δε
1923 3803 1990 3828 1672.
2007 3800 2068 3825 obs.
2087 3808 2123 3829 σς,

1175 3827 1216 3858 (p
1232 3830 1247 3858 )
1265 3829 1321 3854 Disi'.
1339 3829 1384 3853 (ist.
1403 3828 1529 3856 Experim.
1546 3829 1609 3853 eirca
1627 3829 1784 3854 Submersos.

1336 3861 1347 3886 <
1363 3868 1373 3886 ,ε
1390 3859 1400 3890 )
1415 3867 1440 3884 n.
1457 3867 1498 3888 41.
1559 3859 1567 3890 (
1585 3868 1601 3884 u
1617 3861 1630 3889 )
1648 3860 1674 3891 §.
1689 3862 1711 3885 8.
1728 3860 1833 3891 specim.
1850 3860 1893 3886 eit.
1911 3862 1994 3892 supi-n,
2010 3861 2039 3886 ad
2055 3869 2077 3886 n.
2097 3869 2137 3891 43-
