2498 4075
412 211 467 251 65,
488 206 627 252 Juvabit
651 212 758 238 autem
782 211 873 236 antea
897 212 995 245 quam
1018 202 1052 233 in
1077 212 1184 237 recens
1207 203 1294 236 natis
1316 201 1384 235 haec

367 253 509 289 diligens
534 251 650 292 aliquis
674 248 737 281 Vir
760 255 920 285 conetur,
943 255 1145 288 quaecunque
1169 259 1184 278 a
1211 246 1350 279 Medicis
1374 270 1383 285 ‚

369 299 402 329 δι
426 290 628 329 Anatomicis
654 291 868 324 accuratiores
904 292 937 321 in
962 288 1057 328 paulo
1080 289 1309 330 grandioribus
1331 290 1381 321 in-

371 339 538 377 fantibus,
563 348 596 368 ac
621 335 727 377 pueris
750 332 869 369 habitae
895 331 1152 364 Observationes
1175 354 1187 371 ,
1216 332 1382 366 diffeffio-

371 384 489 424 nesque
513 405 520 414 ,
557 378 619 412 huc
644 378 722 411 illuc
753 375 899 417 dispersae
927 399 936 414 ‚
967 384 1098 414 extant,
1124 386 1174 408 eas
1196 376 1348 417 colligere
1371 389 1380 412 ;

369 437 472 467 neque
499 421 585 455 enim
609 422 659 454 vel
683 422 715 452 in
738 418 951 461 ,Sepulchrcto
972 427 1112 457 extant,
1135 417 1194 452 nisi
1217 419 1380 461 disjeotae3

369 481 408 502 ex
432 466 533 509 iisque
552 463 635 498 ‘illas
659 462 862 506 potiffirnurn
885 461 1046 494 attendere
1076 472 1149 505 quae
1173 461 1210 495 ad
1235 464 1380 504 proprias

371 512 516 554 spectant
551 505 619 549 ejus
651 508 756 543 aetatis
788 506 963 539 struczuras
983 528 993 542 ,
1029 513 1084 538 aut
1119 505 1161 538 ad
1194 506 1344 548 reliquias
1366 528 1378 544 ,

369 563 599 594 nonnunquam
626 551 760 593 majores
782 559 878 591 quarn
893 548 992 589 vulgo
1016 557 1153 590 putant,
1177 559 1286 582 earum
1297 548 1380 582 stru-

368 600 532 631 &curarum
554 606 627 637 quae
651 596 686 626 in
713 604 821 626 recens
845 594 928 625 natis
953 593 1160 632 peculiariter
1182 602 1377 626 occurrunt.

369 642 461 674 Turn
494 638 610 672 deinde
633 636 886 671 Observationes
920 634 1012 668 addat
1035 646 1106 677 quae
1139 634 1177 669 ad
1201 634 1260 668 hos
1294 637 1378 678 ipsos

368 694 474 718 recens
498 691 590 715 natos
614 684 772 714 attineant
791 702 803 719 ,
834 687 1001 721 quotquot
1027 680 1068 712 ab
1102 679 1171 712 aliis
1194 677 1307 717 habere
1331 681 1379 713 sui

368 728 526 761 fimiljous
542 750 551 765 ,
575 733 629 763 aut
656 726 694 758 ab
709 724 738 757 se
761 720 873 765 poffit‚
899 732 1064 764 unumque
1076 734 1115 755 ex
1137 723 1292 756 omnibus
1305 734 1378 755 cor-

368 783 427 814 pus
444 768 592 808 efficiat,
616 768 703 810 quod
727 779 744 800 a
766 765 1000 808 grandiusculis
1023 767 1200 808 incipiens,
1225 767 1377 800 inre-cens

1012 123 1170 176 Liber
1203 123 1309 176 ΠΙ.
1344 124 1429 175 De
1467 114 1693 176 Morbis
1715 124 1928 176 Ventris

1434 201 1519 233 natis
1541 200 1663 238 desinat
1685 216 1693 233 ι
1730 200 1855 244 poss'unt
1879 201 1966 234 enim
1989 198 2045 231 illi>
2063 198 2173 241 aliqua
2195 198 2368 234 interdum
2393 205 2449 237 aut

1435 243 1560 277 voculis
1585 270 1594 285 ,
1628 255 1683 278 aut
1706 256 1805 280 manu
1835 243 2005 285 designare
2028 263 2037 278 ‚
2070 253 2141 284 quae
2165 241 2188 274 fi
2213 241 2351 277 adnotes
2374 246 2448 287 qui-

1433 286 1566 321 buscum
1598 288 1669 321 aliis
1701 289 1789 322 ultro
1821 288 1851 323 se
1881 285 2095 332 offerentibus
2138 283 2235 328 signis
2270 287 2446 328 coniuncta

1433 331 1494 363 sint
1510 354 1518 369 ,
1540 339 1609 364 tuas
1633 331 1712 372 saepe
1736 342 1813 365 tunc
1839 330 1992 372 adjuvent
2015 328 2237 370 comestum,
2259 340 2334 362 cum
2357 330 2445 374 figna.

1433 373 1500 407 haec
1525 375 1585 406 alia
1608 376 1642 407 in
1665 376 1706 408 iis
1729 374 1997 417 deprehenderis,
2020 373 2078 413 qui
2103 383 2204 413 neque
2226 372 2360 414 lingua,
2389 386 2445 408 ne-

1432 428 1496 457 que
1520 418 1608 458 gestu
1619 419 1801 461 quidquam
1825 419 1932 452 valent
1955 415 2156 461 significare.
2183 416 2227 447 Et
2250 416 2343 450 nobis
2366 420 2444 460 qui-

1431 459 1506 493 dem
1541 460 1622 494 hanc
1644 473 1718 504 quae
1754 463 1787 494 in
1814 462 1863 495 Re
1887 459 2016 493 Medica
2052 458 2248 492 dellderatur
2273 482 2285 499 ,
2319 471 2443 501 partem
2475 494 2477 496 ,

1432 504 1640 546 aggrediendi
1666 505 1815 539 voluntas
1839 503 1904 538 fuit
1925 514 1936 542 3
1960 501 2093 536 facultas
2116 501 2222 536 defuit
2246 526 2254 536 .
2288 503 2442 546 Namque

1430 557 1467 580 ut
1491 547 1629 581 licuisset
1652 559 1756 590 aegros
1779 547 1916 582 infantes
1941 547 2122 580 accuratius
2134 544 2328 583 observare3
2354 558 2442 581 mor-

1430 600 1503 623 tuos
1526 599 1633 625 tamen
1658 592 1800 626 incidere
1832 602 1898 624 non
1920 588 2058 623 licuisset
2083 614 2090 622 .
2124 589 2276 629 Qorum
2301 590 2437 625 alterurn

1430 633 1495 666 fine
1530 635 1631 668 altero
1663 635 1702 669 ad
1735 634 1937 678 propositum
1971 635 2027 665 vix
2059 632 2238 674 quidquam
2285 633 2437 674 prodest.

1431 677 1511 710 Haec
1545 679 1647 720 igitur
1672 679 1712 714 ab
1735 681 1805 712 aliis
1828 692 1837 716 3
1875 691 1890 712 a
1914 689 1965 710 me
2001 684 2104 710 autem
2123 676 2167 711 Vde
2190 678 2232 709 iis
2258 677 2379 709 morbis
2402 679 2437 711 in

1429 721 1546 762 quibus
1571 733 1745 765 utrumque
1767 724 1864 760 licuit
1883 746 1896 763 ,
1919 723 2023 764 plures
2046 718 2152 754 adhuc
2176 720 2318 754 Litteras
2340 729 2437 762 expe-

1430 764 1554 808 (trabis,
1575 768 1607 799 δε
1633 766 1753 804 valebis
1768 791 1775 799 .

745 1239 1054 1296 121st
1144 1236 1475 1299 ΗΒΚ]
1539 1232 2070 1317 ,ΤΕΚΤιιι

2282 3714 2304 3759 J
2329 3716 2372 3749 O,
