2498 4075
387 212 608 278 Epistola
650 214 806 265 Anat.
847 211 1062 266 Medica
1099 212 1241 264 VIII.
1278 211 1400 265 Art·
1435 226 1479 271 ς.
1513 212 1560 265 6.
1594 214 1647 266 &
1686 230 1739 275 7.

74 284 146 320 satis
168 285 312 317 occulere
336 287 363 320 is
383 290 441 330 ‘qui
466 289 656 327 admiserat,
679 299 743 321 non
769 291 875 330 potuit
902 313 910 327 ,
934 302 1007 324 cum
1029 302 1072 324 ae·

71 337 149 373 ger,
171 328 353 374 impellente
378 332 496 366 insania
511 357 520 374 ‚
542 343 610 373 quae
634 330 732 364 modo
755 333 925 377 vulneratae
950 335 1072 367 arteriae

73 372 220 416 impolita
244 373 393 414 inerant,
418 374 618 411 dimovisset„
645 373 890 418 eaquesstatim‚
913 388 1073 419 perpauco

71 412 171 449 effiiio
194 413 342 455 sanguine
364 440 376 456 ‚
406 419 539 462 reposita
562 416 656 451 essent
686 445 692 456 ,
731 417 933 461 indignatum
968 421 1074 454 nescio

71 468 164 502 quem
188 481 201 498 ,
223 469 312 501 cujus
333 471 399 494 erat
422 462 570 496 custodite
593 459 774 495 commissus
795 487 802 500 ‚
838 474 910 496 cum
935 475 968 496 in
1001 474 1076 496 ven-

71 512 154 536 trem
170 523 179 539 ‚
203 503 234 547 δέ
260 501 298 534 ad
320 503 419 538 imam
443 505 582 538 frontem
608 516 731 546 pugnos
746 505 858 538 misero
882 506 1044 550 impegisse
1061 530 1073 546 ,

69 556 140 580 tum
164 546 274 577 11113110
297 545 367 588 ipso
390 547 578 581 insaniorem
600 547 769 581 arc‘tiffimo
792 551 968 583 cervicibus
993 548 1071 592 inje-

69 592 125 625 ἂο
147 588 278 621 vinculo
302 611 311 626 ‚
344 587 501 624 disceffiffe
523 616 530 622 .
664 592 891 627 CADAVER
921 593 1071 635 postridie

68 632 239 675 inspiciens
261 655 274 672 ,
306 632 438 667 minime
461 634 504 667 ob
526 646 560 666 ea
595 645 665 677 quae
687 634 755 667 dixi
779 660 788 675 ‚
823 638 955 669 miratus
981 636 1068 674 sum,

66 676 184 712 faciem
205 687 243 709 ex
265 683 334 707 atro
356 689 515 719 purpureo
539 679 633 710 livere
655 701 666 717 ,
700 680 731 710 δε
757 678 792 711 ad
826 679 994 712 Nasalium
1017 679 1068 712 os-

67 720 148 754 fiurn
173 718 292 754 sedem,
316 732 385 763 quae
408 722 516 763 digito
528 730 676 764 tentans,
699 720 795 754 nacta
807 721 886 764 effe,
907 724 1067 765 cognovi,

67 764 167 798 ferme
190 764 343 804 nigricare
363 788 372 802 ‚
407 775 459 798 aut
486 774 626 797 ventrem
650 765 814 805 turgidum
841 788 849 802 ,
886 766 1003 798 alicubi
1027 777 1068 800 ex

66 806 164 841 viridi
188 807 387 840 livescentem
408 832 415 839 .
443 809 532 842 Quin
555 809 703 841 Thorace
729 807 877 843 haetenus
902 809 1033 842 lustrato
1057 833 1069 850 ,

68 861 104 883 ut
128 850 293 891 pulmones
319 850 439 883 modice
462 851 604 885 tumidos
625 877 633 891 ‚
658 853 689 884 in
713 851 833 893 Aspera
857 854 970 885 arteria
996 851 1067 894 spu-

66 904 171 929 mam,
196 904 249 926 nec
276 903 381 927 tamen
397 895 530 928 multam
549 921 556 934 ‚
582 894 721 928 multum
732 904 837 928 autem
864 895 1067 937 sanguinem,

65 948 199 979 eumque
224 937 380 974 fluidum,
405 939 437 970 in
465 939 645 971 l’ulmonari
669 950 745 971 vena
765 963 774 978 ,
797 942 830 971 &
853 938 992 971 valvulas
1016 939 1068 971 de-

65 981 160 1022 nique
188 981 388 1014 Pulmonaris
412 982 534 1014 arteriae
557 994 649 1024 aequo
672 981 814 1014 duriores
839 983 1068 1015 animadverte-

64 1025 127 1056 rim
146 1046 157 1063 ‚
190 1035 264 1057 cum
289 1034 400 1057 caetera
426 1024 594 1058 secundum
619 1035 764 1059 naturam
785 1024 957 1058 constitum
982 1025 1068 1058 vide-

63 1077 205 1107 rentur,·
234 1066 402 1101 confestim
425 1068 466 1101 ad
499 1069 672 1102 cerebrum
706 1067 893 1110 diligentius
925 1077 1068 1102 contem-

63 1109 218 1153 plandum
242 1109 370 1143 transivi
393 1137 399 1143 .
429 1111 605 1154 Utriusque
630 1113 788 1153 meningis
813 1111 882 1145 vasa
905 1121 971 1145 ater
991 1136 1004 1152 ,
1036 1118 1067 1147 δε

62 1152 181 1188 fluidus
204 1153 330 1196 sanguis
354 1154 547 1188 distendebat
571 1178 583 1195 ,
614 1164 649 1188 ut
672 1155 728 1188 illa
762 1156 879 1196 pariter
913 1167 982 1198 quae
1015 1167 1068 1198 per

62 1199 144 1239 iepti
170 1198 285 1231 Lucidi
311 1199 428 1236 latera,
454 1197 646 1241 caeterosque
669 1198 838 1231 ventriculi
862 1197 983 1231 dexteri
1007 1225 1014 1237 ,
1037 1203 1070 1232 δι’

61 1239 175 1273 finistri
201 1243 336 1283 parietes
362 1241 507 1284 repebant
535 1266 541 1272 .
580 1243 672 1284 Qos
697 1242 889 1275 ventriculos
914 1242 1015 1275 multa
1039 1255 1070 1275 a-

59 1295 123 1327 qua
148 1285 276 1318 turbida
299 1286 474 1328 occupabat
498 1310 505 1316 .
540 1284 652 1319 Plexus
675 1294 779 1318 tamen
802 1285 983 1319 Choroides
1018 1298 1069 1321 ru-

60 1327 176 1360 bebant
199 1341 206 1360 ε
242 1339 412 1373 eorumque
436 1328 608 1371 posteriore
644 1338 731 1371 parte
756 1329 861 1371 plures
891 1328 1068 1363 insidebant

59 1369 223 1412 vesiculae,
246 1384 325 1414 aqua
350 1373 452 1415 plenae
467 1396 475 1410 ,
500 1375 644 1415 interque
666 1372 722 1405 has
747 1373 851 1414 aliqua
874 1372 1065 1406 mediocrem

59 1426 187 1457 aequans
211 1427 277 1448 uvae
302 1417 428 1449 acinum
450 1441 457 1454 ,
492 1427 545 1458 per
567 1415 658 1459 cujus
682 1414 822 1448 vesiculae
846 1416 988 1449 tunicam
1011 1428 1064 1449 va-

59 1458 145 1491 scula
167 1470 255 1501 aeque
278 1458 372 1492 crassa
393 1483 404 1499 ,
437 1463 467 1493 &
493 1458 529 1491 ad
561 1459 692 1492 eundem
715 1458 849 1491 modum
883 1457 1065 1494 ferebantur

59 1513 93 1534 ac
129 1513 182 1544 per
207 1503 342 1535 vicinam
377 1505 484 1545 plexus
507 1501 723 1535 membranam
743 1527 750 1533 .
787 1503 947 1536 Caeterum
980 1502 1063 1536 nihil

57 1548 162 1587 magis
186 1545 394 1579 adnotatione
418 1546 705 1587 dignum-occurrit
720 1567 727 1581 ‚
751 1556 846 1587 quam
869 1547 993 1579 cerebri
1007 1546 1065 1581 du-

58 1591 171 1621 111165.
196 1589 269 1621 Sive
293 1591 378 1622 enirn
404 1588 606 1621 medullarem
631 1587 726 1630 hujus
751 1588 981 1630 lubstantiam,
1005 1589 1064 1623 {ive

57 1634 241 1666 corticalern
265 1635 418 1665 incideres
440 1655 453 1673 ,
488 1643 551 1665 non
575 1633 699 1665 modice
722 1632 815 1665 duras
841 1634 1033 1675 percipiebas
1057 1657 1067 1673 ‚

57 1679 188 1719 quando
209 1676 355 1709 cerebelli
384 1675 553 1710 substantia
577 1675 688 1709 saltem
710 1676 871 1709 corticalis
894 1677 942 1709 vel
965 1679 1068 1721 magis

57 1731 154 1761 quam
178 1720 281 1759 10161,
304 1719 415 1753 mollis
440 1730 506 1752 erat
523 1745 531 1752 .

125 1787 132 1793 .
157 1765 193 1795 In
219 1763 411 1796 continendis
431 1762 655 1796 audacioribus
680 1762 796 1796 insanis
818 1763 930 1806 plagas
952 1775 1068 1807 quoqne

57 1773 199 1839 adgiberi
218 1828 230 1845 ,
254 1806 367 1839 Celsus
398 1805 482 1849 (f)
515 1808 704 1843 admonuit3
727 1818 791 1841 non
816 1808 916 1840 modo
941 1819 992 1841 eos
1015 1810 1070 1851 qni

59 1849 233 1882 violentius
252 1850 287 1892 se
305 1859 419 1893 gerunt
437 1873 449 1889 ,
480 1851 596 1885 vinciri
618 1874 629 1889 ,
661 1860 698 1883 ne
720 1850 772 1884 vel
787 1850 849 1892 filu⁴
870 1873 879 1887 ‚
901 1850 953 1884 vel
974 1851 1070 1884 alteri

61 1901 210 1925 noceant.
236 1893 295 1925 Sed
321 1892 390 1926 haec
422 1895 529 1927 omnia
552 1895 637 1927 intra
663 1893 794 1927 modum
816 1919 824 1933 ,
856 1904 947 1936 atque
972 1896 1068 1928 instar

57 1936 200 1979 parentis
222 1938 280 1978 qui
304 1947 441 1970 coerceat
466 1937 584 1971 liberos
605 1961 617 1978 ‚
640 1947 705 1969 non
729 1939 854 1970 11610115
875 1939 930 1980 qui
954 1939 987 1971 in
1012 1939 1067 1971 da-

61 1988 186 2012 mnatos
209 1979 378 2012 desaeviat.
404 1980 584 2014 Vallalvam
609 1982 739 2013 memini
763 2004 774 2021 ‚
806 1992 881 2014 cum
905 1982 1069 2023 phreneti-

58 2033 133 2060 cos,
160 2031 213 2056 aut
236 2025 399 2056 maniacos
421 2034 543 2058 curaret
563 2048 575 2065 ‚
606 2036 743 2067 quorum
766 2024 907 2058 brachiis
943 2027 1069 2059 vincula

55 2065 187 2109 injicere
209 2069 390 2100 conveniret
412 2092 422 2108 ,
455 2067 579 2101 solicite
603 2069 762 2102 inculcare
794 2067 976 2102 domesticis
995 2094 1004 2110 ‚
1036 2074 1068 2103 &

54 2109 237 2143 custodibus
258 2112 392 2143 1011‘tum
415 2134 423 2148 ‚
456 2112 600 2145 viderent
624 2123 662 2145 ne
694 2113 771 2155 quid
796 2113 844 2144 illi
871 2113 944 2145 hinc
970 2113 1069 2146 detri-

56 2155 158 2187 menti
182 2164 352 2197 caperent:
376 2154 467 2188 firma
489 2155 620 2199 quidem
642 2156 770 2189 vincula
803 2154 859 2188 esse
884 2166 1032 2197 oportere
1058 2180 1070 2196 ,

55 2197 106 2231 sed
130 2207 230 2240 neque
255 2199 414 2238 arctiora,
437 2209 535 2240 neque
560 2198 637 2231 dura
660 2210 673 2238 ;
695 2209 730 2231 ut
755 2199 834 2230 loris
861 2197 964 2232 subsui
980 2201 1072 2231 'mol-

57 2242 173 2275 liorem
197 2250 364 2282 pannum,
389 2250 442 2274 aut
467 2242 601 2274 linteum
615 2242 726 2274 vellet.
755 2246 765 2279 (
786 2251 808 2282 g
830 2245 845 2280 )
976 2243 1072 2284 Qo-

55 2295 144 2317 niam
168 2294 326 2317 maniacos
349 2295 365 2315 a
389 2285 536 2317 Vallalva
560 2293 686 2317 curatos
699 2284 813 2323 semel,
840 2293 935 2326 atque
954 2286 1071 2318 iterum

56 2330 258 2365 memoravi3
281 2337 402 2369 quaeres
426 2326 576 2367 fortasse,
600 2327 714 2370 ecquid
740 2329 907 2359 in‘eorum
922 2330 1072 2361 curatio-

56 2383 95 2405 ne
119 2370 273 2412 peculiare
296 2369 462 2403 haberet?
496 2370 552 2402 Ille
575 2381 650 2402 vero
685 2382 754 2414 quae
789 2371 930 2412 plerique
965 2371 1068 2404 solent

57 2414 177 2449 auxilia
201 2415 234 2445 in
257 2412 348 2446 usum
375 2412 541 2451 trahebat5
570 2412 644 2453 sed,
669 2422 703 2446 ut
727 2415 889 2454 optimum
902 2413 1067 2448 Medicum

56 2458 168 2497 decet,
190 2459 224 2488 in
246 2456 319 2489 aliis
343 2456 404 2489 alia
426 2468 437 2495 3
473 2458 505 2488 in
529 2457 680 2489 omnibus
707 2465 811 2488 autem
845 2466 966 2499 quanto
990 2470 1067 2500 pau-

56 2504 145 2536 ciora
171 2509 314 2542 poterat,
338 2502 370 2532 ὃς
397 2498 565 2531 faciliora.
592 2501 643 2532 Sic
668 2499 825 2543 quoidam
839 2503 994 2533 memoria
1021 2512 1067 2533 te-

55 2556 118 2579 neo
141 2555 178 2576 ne
203 2543 351 2584 sanguine
375 2543 504 2585 quidem
529 2541 640 2580 misso,
665 2553 720 2585 per
744 2542 823 2576 solas
847 2555 886 2575 ex
905 2544 1068 2578 melonum

27 2587 230 2624 seminibus
253 2585 440 2620 emulfiones
465 2585 627 2619 restituisse
646 2609 658 2625 ,
681 2586 798 2628 quibus
824 2597 878 2619 nec
903 2590 1067 2629 papaveris

56 2633 176 2667 semina
199 2629 386 2669 addiderat,
409 2642 462 2663 nec
486 2641 581 2672 quem
605 2629 746 2663 adversus
770 2631 898 2672 vigilias
922 2632 987 2664 illis
1001 2631 1068 2664 effi-

56 2677 213 2710 caciorem
239 2674 304 2717 ipse
328 2685 457 2718 quoque
483 2683 630 2716 expertus
654 2682 718 2705 erat
741 2695 750 2711 ‚
774 2672 925 2717 syrupum
951 2674 988 2708 de
1012 2686 1067 2716 pa—

45 2729 169 2763 —pavere
193 2729 201 2750 :
238 2716 313 2750 adeo
337 2718 500 2752 interdum
532 2718 565 2750 id
590 2718 670 2762 levia
693 2716 837 2759 praestant
863 2717 949 2760 quod
973 2718 1067 2751 vehe-

59 2763 181 2796 mentia
204 2771 266 2794 non
291 2761 435 2804 poliunt!
459 2761 612 2804 Spectatae
636 2759 710 2793 fidei
723 2760 871 2794 Medicus
895 2761 976 2794 mihi
1002 2773 1067 2794 non

58 2806 150 2841 semel
175 2802 369 2846 affirmavit,
392 2816 465 2839 cum
490 2804 573 2838 forte
597 2815 630 2836 in
655 2803 839 2845 phrenitide
863 2805 1069 2847 insuperabili

59 2850 227 2894 quinque,
251 2857 304 2882 aut
329 2848 380 2881 sex
402 2850 473 2890 opii
496 2859 593 2891 grana
617 2845 744 2880 dissolvi
768 2848 945 2891 imperasset
969 2850 1002 2881 in
1027 2850 1067 2882 iis

60 2894 152 2937 aquis
175 2903 266 2933 quae,
291 2893 393 2925 linteo
417 2902 556 2934 exceptae
571 2915 582 2931 ,
605 2890 707 2923 fronti
733 2901 820 2925 erant
845 2891 1031 2925 adhibendae
1054 2916 1067 2932 ,

59 2936 110 2971 hae
135 2944 242 2975 autern
266 2946 350 2978 aquae
385 2946 439 2978 per
461 2935 659 2969 afficientium
692 2945 828 2968 errorem
852 2947 938 2978 aegro
970 2935 1067 2969 ess'ent

60 2980 154 3024 potui
180 2979 260 3012 datae
286 2990 296 3018 5
327 2978 409 3012 nihil
435 2978 508 3012 inde
542 2976 690 3011 effectum
728 2978 837 3011 vidiffe
859 3004 866 3011 .
902 2980 1009 3021 Qm
1035 2981 1068 3013 in

61 3033 129 3057 rem
152 3021 315 3065 singularis
338 3030 402 3055 erat
429 3023 545 3064 opinio
569 3020 864 3064 FrancisciSpoleti
879 3046 888 3061 ‚
918 3024 1068 3056 Primarii

61 3067 143 3101 olim
166 3067 199 3098 in
225 3065 285 3098 hoc
308 3065 485 3107 Gymnalio
509 3066 571 3100 Rei
595 3063 730 3098 Medicae
766 3063 950 3099 Profefforis
971 3080 980 3099 :
1011 3068 1069 3109 qui

62 3110 229 3153 Byzantio
252 3107 372 3148 redux,
395 3111 449 3143 ubi
474 3109 617 3143 feliciter
639 3108 686 3140 vel
721 3109 753 3141 in
777 3109 882 3150 Regio
915 3110 976 3143 illo
998 3111 1073 3153 Gy-

63 3164 171 3187 naeceo
202 3151 394 3186 medicinam
428 3153 600 3195 aliquando
631 3150 748 3184 fecerat
770 3175 778 3188 ‚
811 3163 884 3185 cum
909 3164 943 3186 ea
978 3154 1072 3187 nobis

65 3197 270 3230 confirmaret
304 3206 374 3239 quae
397 3195 435 3229 de
465 3199 545 3239 opio
568 3196 707 3237 legimus
741 3196 847 3230 multo
881 3195 950 3229 illic
974 3209 1072 3240 quam

65 3239 149 3284 apud
172 3251 253 3280 nos,
277 3239 404 3281 puriore
427 3249 518 3282 atque
541 3239 738 3277 efficaciore,
762 3242 879 3283 quippe
902 3241 1009 3274 colore
1033 3242 1072 3276 ad

65 3284 261 3317 cinnamomi
287 3282 430 3316 colorem
450 3293 621 3326 vergente,
643 3283 741 3317 odore
766 3294 870 3317 autem
895 3286 1033 3317 maxime
1058 3309 1072 3326 ‚

66 3337 104 3362 ut
129 3327 225 3361 nostri
249 3328 425 3369 loquuntur
446 3348 455 3364 ,
488 3328 676 3367 narcotico,
699 3327 807 3370 ibique
830 3337 936 3360 tamen
961 3339 977 3360 a
1001 3329 1073 3370 plu-

67 3371 178 3412 ribus,
202 3372 231 3404 ei
253 3372 297 3404 rei
320 3369 444 3403 assuetis
463 3392 476 3410 ‚
497 3381 559 3403 non
583 3379 618 3403 ut
641 3369 804 3404 dormiant
824 3394 837 3411 ,
872 3371 922 3405 sed
945 3380 981 3404 ut
1005 3372 1072 3404 laeti

42 3446 45 3447 γ
73 3415 211 3458 vigilent
231 3437 240 3452 ,
273 3413 403 3456 sumpto
419 3436 432 3453 ‚
464 3424 564 3457 eoque
588 3413 627 3447 ad
651 3414 836 3448 drachmam
859 3426 954 3448 unam
976 3437 984 3452 ‚
1018 3424 1072 3449 aut

70 3457 201 3499 saltem,
221 3457 308 3502 quod
331 3456 511 3499 Chymicus
533 3459 587 3501 qui
612 3468 687 3490 cum
711 3469 749 3491 eo
772 3458 873 3492 fuerat
890 3482 902 3498 ,
937 3458 1071 3491 Amicus

47 3537 54 3541 Α
70 3500 178 3537 noster
199 3503 348 3542 viderat,
367 3499 406 3534 ad
429 3499 610 3543 scrupulum
634 3512 731 3534 unum
758 3513 768 3539 3
792 3500 924 3544 subjecit
939 3526 951 3542 ,
975 3501 1070 3544 hujus

49 3545 154 3579 'tanti
177 3547 262 3580 inter
285 3557 363 3584 nos,
391 3552 485 3586 atque
508 3543 581 3578 illos
603 3545 802 3578 discriminis
834 3545 958 3580 causam
982 3546 1011 3579 se
1035 3549 1068 3580 in

65 3600 106 3625 eo
127 3588 264 3633 pofitasn
286 3589 437 3633 suspicari
457 3609 468 3626 ‚
497 3588 584 3631 quod
605 3590 909 3624 medicamentorum
931 3600 1072 3634 quorun-

131 3786 201 3845 (ἔ)
218 3788 255 3821 De
271 3787 362 3813 Medic.
380 3787 397 3812 1.
417 3793 478 3827 335.
495 3788 532 3812 18.
595 3787 609 3816 (
622 3793 640 3817 g
656 3785 671 3814 )
688 3785 745 3811 vid.
762 3787 834 3818 Epist.
850 3792 886 3812 61.
905 3793 929 3809 n.
947 3793 983 3815 13.

136 3820 144 3848 1
182 3820 190 3849 )
207 3817 264 3843 vud.
283 3819 308 3844 Ρ.
328 3819 418 3844 301611.
435 3817 495 3844 Ηιῆ.
514 3818 586 3847 cent,
603 3824 624 3842 1.
643 3816 702 3841 Obs.
718 3820 755 3846 65.

1045 3786 1060 3817 (
1075 3787 1089 3810 h
1103 3788 1117 3817 )
1135 3787 1231 3812 Differt.
1248 3789 1303 3812 Var.
1321 3789 1379 3814 vn.
1396 3790 1448 3820 Fig.
1465 3798 1488 3815 1.
1506 3789 1556 3814 litt.
1573 3790 1614 3815 dd.

815 3819 845 3849 (Ι
856 3819 871 3849 >
885 3816 943 3843 Vid.
960 3816 1101 3843 Ettmissler.
1118 3820 1190 3844 Prax.
1205 3819 1224 3844 1.
1239 3825 1264 3845 ².
1280 3820 1303 3843 S.
1319 3829 1342 3853 3.
1358 3828 1381 3847 e.
1397 3830 1421 3853 4.
1437 3827 1484 3847 art.
1500 3828 1573 3847 ².-m.
1589 3828 1611 3851 3.

2007 234 2064 280 55

1123 287 1197 320 darn
1219 287 1341 329 pondus
1365 289 1469 323 multo
1505 289 1605 333 majus
1627 289 1807 322 contrarios
1829 287 1960 323 effeetus
1984 292 2128 333 praestare

1122 330 1256 370 debeat,
1280 343 1314 363 ac
1340 333 1511 367 minimum
1527 360 1536 373 ,
1561 344 1625 366 non
1650 333 1733 366 secus
1756 342 1872 375 atque,
1895 332 1998 375 ajebat
2013 357 2026 373 ,
2049 334 2071 368 11
2095 334 2134 368 11-

1123 374 1187 408 brae
1210 373 1451 417 circumjectum
1465 376 1554 411 filum
1578 374 1702 409 modice
1714 374 1906 420 adstringas;
1929 376 2040 410 fibram
2053 388 2124 420 pre-

1124 429 1211 450 mes:
1238 427 1268 449 at
1291 417 1311 450 11
1337 419 1368 450 vi
1395 420 1499 453 multo
1523 421 1663 460 majore3
1698 417 1809 451 fibram
1830 419 2007 462 disrumpes
2027 444 2040 461 ‚
2063 431 2128 453 non

1125 471 1267 503 premes:
1290 459 1375 502 quasi
1401 473 1475 495 vero
1499 472 1665 505 antequam
1696 461 1871 504 disrumpas
1895 487 1906 502 ,
1941 475 2005 497 non
2028 465 2131 498 maxi-

1124 515 1173 536 111C
1199 515 1319 545 premas
1340 503 1346 536 l
1379 505 1438 539 Sed
1460 505 1523 539 hoc
1558 506 1685 540 volebat
1710 506 1818 548 potius
1840 506 1929 548 quod
1952 506 2074 540 inverso
2095 519 2130 541 o-

1123 547 1261 580 stendam
1284 548 1450 588 exemplo,
1475 549 1495 581 fi
1522 551 1623 582 levior
1645 549 1792 583 ventuius
1814 551 1914 590 agitet
1935 561 1945 587 ς
1980 550 2133 585 flammu-

1122 591 1185 623 lam
1211 591 1340 633 augeri:
1365 590 1386 623 11
1409 591 1597 631 ν61161116115,·
1619 593 1765 635 extingui
1788 603 1799 624 :
1822 602 2005 635 quanquam
2027 604 2065 627 ne
2088 593 2131 627 fic

1120 634 1250 675 quidem
1274 634 1470 676 intelligitur
1488 657 1496 672 ‚
1528 648 1584 669 cur
1606 636 1640 670 id
1664 637 1712 669 ibi
1745 634 1852 669 assueti
1879 635 1990 676 poffint
2012 648 2023 674 5
2055 637 2134 670 inas.

1123 677 1227 717 sueti,
1253 686 1288 710 ut
1311 676 1364 710 hic
1387 702 1399 718 ,
1431 690 1494 711 11011
1519 678 1632 721 pollint
1653 704 1662 719 ,
1695 678 1730 712 id
1751 679 1796 713 est
1828 678 1929 720 vegeti
1954 691 1970 711 a
2006 679 2133 722 sumpto

1122 722 1191 762 opii
1216 720 1364 762 scrupulo
1387 721 1549 763 vigilare'.
1589 723 1703 765 Neque
1728 724 1815 756 enirn
1837 732 1944 764 qurero
1965 744 1974 760 ‚
2009 733 2063 755 cur
2086 723 2133 756 ibi

1123 775 1186 797 11011
1211 763 1388 802 dormiant,
1416 775 1470 798 aut
1494 776 1550 799 cur
1566 776 1629 798 non
1653 766 1788 807 vigilent
1805 765 1932 798 hebetes
1947 789 1955 803 ‚
1982 765 2134 799 &ebrio-

1123 819 1195 840 rum
1220 808 1335 846 instar3
1361 806 1412 840 sed
1434 820 1491 842 cur
1513 810 1619 850 vegeti
1644 808 1788 851 plerique
1813 808 1949 850 vigilent
1972 812 1983 840 ?
2016 819 2081 842 non
2105 810 2134 841 i-

1119 862 1257 892 gnarus,
1283 855 1313 884 81
1339 850 1442 890 alibi,
1466 856 1497 885 ἃς
1523 851 1606 894 apud
1629 863 1686 885 nos
1712 850 1802 886 fuiss'e
1827 851 1999 884 nonnullos
2013 852 2131 894 quibus

1119 894 1274 935 paulatim
1308 892 1548 940 ass'uescentibus
1571 896 1641 938 opii
1676 894 1840 937 scrupulus
1863 918 1874 934 ,
1912 904 1965 928 aut
1989 895 2061 937 plus
2092 908 2132 930 eo

1119 948 1183 970 non
1208 936 1305 971 modo
1336 938 1409 970 esset
1432 939 1600 972 innoxium
1620 961 1633 977 ‚
1667 938 1717 971 sed
1749 941 1846 971 etiam
1878 938 1956 970 utile
1989 937 2133 973 adversus
2160 973 2162 979 ,

1117 980 1269 1019 (10101655
1296 985 1322 1013 δι
1338 979 1395 1013 else
1419 981 1501 1014 inter
1514 984 1635 1015 Turcas
1659 985 1713 1024 qui
1742 983 1846 1016 multo
1859 982 1928 1022 plus
1952 982 2022 1022 opii
2037 994 2134 1025 quam

1119 1024 1248 1057 dicebat
1272 1024 1443 1066 Spoletus,
1467 1024 1619 1058 devorent
1634 1025 1786 1067 quidem,
1813 1023 1946 1058 sedinde
1970 1027 2130 1059 temulen-

1122 1071 1147 1099 ti
1174 1067 1249 1100 liant
1274 1089 1286 1105 ,
1320 1077 1355 1099 ut
1379 1069 1435 1110 qui
1469 1070 1605 1101 maxime
1628 1093 1635 1100 .
1676 1069 1797 1102 Verum
1822 1068 1887 1101 haec
1920 1068 2048 1110 longius
2073 1079 2130 1103 nos

1122 1112 1159 1143 ab
1184 1111 1322 1144 historiis
1356 1110 1468 1144 nostris
1492 1112 1655 1145 abducunt
1677 1132 1687 1148 ,
1723 1111 1761 1145 ad
1784 1122 1859 1155 quas
1892 1111 2001 1144 censeo
2025 1112 2133 1145 redea-

1118 1166 1210 1188 mus.

1165 1201 1195 1230 6.
1222 1197 1378 1230 LANIO
1402 1208 1552 1240 quartum
1575 1197 1737 1232 decimum
1759 1197 1823 1240 jam
1847 1196 1984 1230 mensem
2019 1199 2132 1232 stultus

1119 1254 1137 1274 a
1163 1241 1300 1284 poculo,
1323 1248 1359 1273 ut
1384 1240 1506 1282 aiebant
1527 1268 1534 1282 ,
1568 1244 1750 1281 amatorio,
1774 1241 1908 1284 denique
1933 1241 2061 1276 ineunte
2084 1243 2127 1275 A.

1124 1295 1215 1328 1719.
1242 1286 1296 1322 vi,
1321 1293 1355 1316 ut
1378 1284 1564 1319 credebatur
1582 1308 1593 1325 ,
1628 1284 1837 1327 frigidillimae
1862 1285 2058 1327 tempestatis
2082 1309 2094 1326 ‚
2117 1297 2133 1318 a

1120 1340 1182 1371 qua
1215 1327 1272 1359 fibi
1296 1328 1429 1360 minime
1460 1339 1584 1362 caverat
1606 1350 1615 1365 ‚
1646 1338 1792 1362 mortuus
1815 1327 1877 1361 est.
2016 1330 2135 1362 VEN-

1121 1372 1283 1411 TREM,
1307 1373 1338 1403 &
1365 1371 1547 1406 Thoracem
1571 1372 1757 1415 perlustrans
1777 1398 1785 1412 ,
1819 1370 1903 1404 nihil
1927 1370 2138 1406 adnotatione

1118 1414 1253 1457 dignum
1279 1414 1513 1455 animadverti,
1551 1416 1573 1449 si
1598 1417 1630 1448 in
1666 1415 1729 1449 hoc
1753 1426 1810 1449 cor
1833 1415 1974 1457 excipias
1998 1416 2138 1459 undique

1119 1457 1299 1500 pericardio
1321 1469 1498 1496 annexumz
1524 1460 1580 1493 sub
1603 1460 1662 1491 illo
1685 1469 1791 1493 autem
1804 1459 1885 1491 levia
1909 1461 2062 1501 praeputii
2087 1460 2136 1493 ul-

1116 1502 1239 1535 cuscula
1253 1525 1265 1542 ,
1289 1501 1424 1536 urethrae
1437 1505 1600 1536 cicatrices
1614 1525 1622 1539 ,
1645 1505 1730 1535 canal
1748 1503 1839 1536 culos
1862 1501 1986 1535 nostros
2001 1514 2134 1545 perpau-

1118 1557 1171 1578 cos
1191 1572 1197 1578 .
1332 1544 1431 1584 Qod
1467 1546 1505 1579 ad
1529 1548 1639 1588 Caput
1662 1548 1781 1579 attinet
1804 1558 1828 1584 3r
1850 1546 1996 1587 quamvis
2022 1557 2138 1589 aquam

1118 1588 1174 1622 sub
1199 1588 1304 1622 Tenui
1333 1591 1480 1631 meninge
1504 1588 1633 1623 effusam
1657 1590 1833 1621 invenerim
1854 1599 1865 1626 3
1899 1597 2004 1622 tamen
2028 1601 2062 1622 ea
2085 1589 2141 1623 fir-

1122 1631 1280 1666 mitudine
1302 1633 1463 1666 cerebrum
1488 1631 1575 1669 fuit·‚
1599 1641 1635 1666 ut
1658 1631 1769 1666 durrus
1794 1631 1879 1665 adid
1904 1641 2033 1675 tempus
2057 1644 2139 1666 ame

1120 1674 1288 1710 dilsestum
1311 1674 1390 1714 else,
1414 1687 1477 1708 11011
1503 1674 1710 1709 meminissem
1737 1701 1744 1708 .
1782 1678 1884 1709 Porro
1909 1677 1943 1709 in
1976 1675 2140 1719 superiore

1120 1718 1290 1761 eademque
1328 1718 1499 1760 posteriore
1522 1719 1641 1753 Calloli
1674 1721 1821 1762 corporis
1846 1718 1929 1752 facie
1962 1731 2027 1753 non
2061 1720 2139 1754 illos

1118 1772 1267 1796 extantes
1290 1762 1396 1802 (11105,
1420 1772 1455 1796 ut
1479 1763 1641 1796 Lancilius
1674 1766 1688 1802 (
1710 1763 1730 1796 h
1754 1767 1764 1801 )
1800 1765 1935 1797 vocabat
1958 1786 1970 1803 ,
1993 1764 2141 1798 nervulos

1121 1806 1365 1848 longitudinales
1381 1829 1393 1845 ‚
1417 1805 1467 1840 sed
1490 1819 1600 1840 eorum
1625 1809 1698 1839 loco
1723 1806 1824 1841 sulcos
1846 1806 1925 1840 duos
1948 1808 2050 1850 reperi
2074 1818 2142 1840 non

1121 1860 1234 1892 parum
1261 1847 1440 1890 profundos
1463 1875 1469 1882 .
1498 1852 1632 1884 Fornice
1656 1860 1762 1884 autem
1781 1873 1791 1888 ,
1820 1852 1875 1894 qui
1900 1853 1932 1884 &
1955 1850 2023 1893 ipse
2046 1849 2143 1886 durus

1121 1903 1209 1932 erat,
1235 1892 1319 1926 haud
1342 1895 1452 1936 procul
1477 1893 1516 1926 ab
1540 1893 1627 1937 ejus,
1650 1906 1747 1937 quam
1773 1894 1934 1940 appellant
1957 1917 1970 1934 ,
2002 1893 2067 1927 bafi
2090 1896 2144 1928 in-

1121 1939 1210 1974 ciso,
1238 1940 1267 1969 δι
1292 1948 1364 1969 cum
1388 1937 1533 1979 plexibus
1567 1937 1788 1972 Choroidibus
1812 1939 1984 1971 retrorsum
2016 1939 2144 1972 revolu-

1122 1990 1183 2017 to,
1205 1990 1259 2023 per
1284 1979 1421 2022 lingulas
1455 1979 1593 2024 ejusdem
1616 1980 1694 2014 basis
1718 1979 1838 2014 radices
1871 1981 2013 2024 lingulos
2036 1993 2143 2025 repere

1121 2024 1315 2067 pellucentes
1340 2023 1426 2066 quali
1450 2024 1709 2067 lymphaeducstus
1730 2024 1880 2067 conspexi
1900 2048 1913 2065 ,
1951 2027 2008 2068 qui
2033 2027 2143 2060 utrin-

1122 2079 1182 2109 que
1207 2068 1378 2109 pergebant
1401 2078 1456 2109 per
1481 2069 1599 2102 1136105
1623 2069 1696 2102 illos
1710 2066 1919 2107 medium-es,
1945 2069 2062 2111 quibus
2085 2080 2142 2102 or-

1121 2120 1239 2144 nantur
1262 2115 1392 2144 iummae
1416 2122 1479 2144 orae
1502 2113 1673 2146 ventriculi
1697 2113 1789 2145 tertii
1811 2113 2000 2158 (proceffus
2024 2114 2142 2146 Lanci-

1122 2153 1184 2187 1105
1207 2157 1221 2193 (
1246 2154 1257 2187 ἑ
1279 2153 1366 2196 >seu
1388 2154 1533 2188 nervulos
1555 2168 1570 2188 a
1595 2157 1731 2190 Pinealis
1768 2155 1926 2199 glandulae
1949 2155 2012 2199 bafi
2029 2158 2142 2198 prode-

1122 2205 1215 2230 untes
1239 2197 1475 2239 appellitabat)
1498 2209 1552 2239 per
1575 2201 1688 2243 eosque
1711 2202 1830 2233 tractus
1855 2199 2018 2241 rependo,
2042 2201 2141 2242 paulo

1124 2238 1323 2273 manifestius
1347 2243 1379 2273 δε
1403 2241 1572 2283 lympham
1593 2244 1756 2276 continere
1778 2269 1787 2284 ‚
1813 2247 1846 2277 &
1869 2243 1999 2278 nodulis
2023 2242 2139 2277 distin-

1120 2285 1178 2324 gui
1202 2284 1390 2316 videbantur
1408 2307 1421 2324 ,
1445 2287 1476 2317 &
1500 2284 1636 2328 denique
1660 2286 1749 2319 illam
1773 2286 1877 2319 versus
1900 2285 2086 2328 glandulam
2109 2286 2140 2321 se

1120 2327 1311 2365 inflectere3
1345 2329 1395 2360 cui
1421 2327 1459 2359 ab
1494 2333 1650 2362 anteriore
1672 2338 1760 2371 parte
1796 2340 1915 2363 annexa
1939 2338 2005 2363 erat
2039 2341 2139 2373 parva

1119 2380 1286 2412 congeries
1310 2373 1451 2403 materiae
1476 2371 1566 2405 flavoe
1587 2396 1599 2412 ,
1631 2375 1664 2405 in
1688 2374 1812 2406 minuta
1836 2384 1930 2414 grana
1954 2371 2138 2408 conforma—

1121 2423 1181 2445 tae.
1210 2413 1372 2447 Vehemen
1390 2425 1423 2446 er
1447 2424 1552 2447 autern
1588 2415 1671 2448 mihi
1703 2416 1871 2458 displicuit
1896 2439 1908 2455 ‚
1953 2419 1985 2449 &
2019 2418 2049 2449 ei
2072 2419 2132 2460 qui

1121 2456 1251 2497 aderat,
1274 2458 1327 2490 Cl.
1356 2424 1481 2500 &ulpio
1505 2458 1593 2491 illam
1617 2471 1710 2501 quae,
1734 2470 1770 2492 ut
1795 2459 1857 2493 tibi
1881 2458 2065 2502 descripsi,
2087 2463 2135 2496 ita

1120 2500 1213 2532 nobis
1239 2502 1407 2542 apparuit,
1432 2501 1567 2542 speciem
1591 2502 1792 2536 vasculorum
1804 2503 2058 2545 pellucentium,
2080 2515 2135 2538 va·-

1119 2544 1199 2582 riis,
1225 2552 1259 2576 ut
1283 2543 1328 2590 ibi
1354 2543 1392 2576 ab
1415 2545 1581 2586 imparatis
1606 2547 1735 2587 potuit,
1753 2555 1912 2579 tentatam
1927 2546 2062 2584 modis,
2077 2559 2133 2582 an-

1119 2595 1151 2619 te
1175 2588 1350 2633 evanuille‚
1375 2598 1471 2630 quam
1495 2599 1553 2630 pro
1576 2598 1665 2622 certo
1688 2589 1765 2632 quid
1777 2591 1819 2622 rei
1844 2589 1939 2628 ess'et,
1961 2591 2134 2626 constitue-

1119 2641 1153 2676 re
1176 2630 1351 2672 possemus:
1375 2642 1558 2675 quanquam
1582 2632 1672 2665 illam
1695 2633 1874 2667 molestiam
1909 2634 2030 2668 minuit
2054 2636 2128 2670 inu-

1122 2675 1216 2720 sitata
1240 2677 1357 2707 cerebri
1384 2674 1556 2709 firmitudo
1573 2699 1585 2716 ,
1609 2688 1672 2719 qua
1696 2678 1850 2717 allecstus,
1876 2678 1964 2720 plura
1989 2680 2074 2712 intra
2098 2691 2131 2713 e-

1120 2729 1190 2760 jus,
1213 2720 1245 2750 &
1270 2717 1417 2751 medullae
1443 2719 1640 2761 Oblongatae
1664 2719 1872 2753 substantiam
1892 2721 2019 2755 facilius
2042 2733 2132 2765 quae-

1123 2761 1180 2793 livi
1195 2787 1203 2799 ,
1225 2765 1258 2794 δι
1280 2761 1455 2795 dilucidius
1478 2765 1643 2805 cognovi5
1669 2772 1705 2796 ut
1731 2763 1910 2797 istiusmodi
1943 2765 2129 2800 insanorum

1122 2804 1287 2838 cerebrum
1313 2804 1507 2848 aptiffimum
1533 2807 1673 2840 censeam
1705 2807 1746 2841 ad
1770 2806 2019 2851 persequendum
2042 2809 2130 2842 inte-

1122 2849 1189 2893 rius
1212 2860 1383 2882 nervorum
1407 2850 1572 2891 origines,
1596 2853 1629 2883 &
1654 2851 1815 2885 113ἂοοω
1827 2850 1984 2892 ductum,
2007 2855 2041 2886 ἃ·
2064 2852 2127 2886 alia

1121 2891 1371 2934 ejusdemmodi,
1394 2904 1532 2935 quorum
1555 2895 1587 2925 in
1613 2894 1782 2932 molliori,
1805 2905 1841 2928 ut
1852 2895 1964 2937 saepius
1987 2895 2050 2933 est,
2078 2907 2129 2929 ce-

1121 2935 1215 2967 rebro
1238 2936 1346 2969 multo
1368 2935 1536 2969 difficilior
1555 2959 1567 2976 ,
1599 2939 1631 2969 &
1654 2937 1824 2971 obscurior
1847 2938 1890 2972 est
1923 2938 2093 2981 indagatio
2114 2952 2127 2972 .-

1122 2978 1223 3012 modo
1247 2989 1351 3012 tamen
1377 2978 1478 3020 postea
1503 2982 1537 3013 in
1561 2982 1667 3015 minus
1689 2981 1783 3014 molli
1807 2982 1916 3024 aliquo
1929 2982 1994 3016 sani
2019 2980 2127 3016 homi-

1126 3025 1174 3055 nis
1198 3023 1329 3055 cerebro
1350 3020 1392 3054 fic
1417 3024 1490 3056 latis
1515 3023 1621 3058 eadem
1646 3024 1900 3059 confirmentur.

1169 3078 1199 3108 7.
1225 3068 1368 3099 Maniam
1404 3078 1420 3099 a
1452 3066 1728 3118 phssnoquoque
1759 3069 1905 3110 induci,
1937 3078 2060 3103 certum
2084 3068 2128 3106 est

1108 3114 1137 3148 ’(
1163 3109 1182 3150 l<
1204 3112 1235 3148 ).
1262 3108 1319 3142 Sed
1343 3121 1381 3141 an
1404 3122 1564 3146 maniacus
1588 3124 1615 3145 is
1639 3112 1742 3145 homo
1766 3113 1864 3147 fuerit
1890 3138 1899 3153 ‚
1932 3115 2090 3147 incertum
2112 3137 2123 3154 ,

1127 3155 1304 3198 prcelertim
1327 3152 1349 3185 fi
1374 3153 1507 3195 frigoris
1531 3159 1561 3189 vi
1585 3157 1707 3198 periit,
1729 3155 1820 3199 cujus
1844 3157 1943 3190 solent
1966 3156 2125 3199 ejusmodi

1125 3199 1204 3238 aegri
1228 3197 1287 3229 elle
1310 3199 1438 3239 impune
1454 3199 1691 3241 patientiffimi.
1718 3202 1797 3241 Qo
1807 3200 1934 3234 indicio
1958 3200 2123 3243 adducor,

1124 3249 1161 3272 nt
1185 3240 1321 3283 suspicer
1339 3265 1351 3282 ‚
1382 3251 1437 3274 nec
1461 3245 1607 3277 mulieres
1630 3243 1706 3277 duas
1724 3267 1738 3284 ,
1768 3255 1903 3287 quarum
1927 3255 2004 3278 mox
2025 3243 2126 3279 histo·-

1125 3285 1389 3326 riassubjiciam,
1411 3288 1515 3320 mania
1527 3288 1670 3321 detentas
1694 3286 1870 3321 fuissetunc
1894 3286 2027 3330 saltem,
2049 3299 2124 3324 cum

1126 3329 1248 3370 rigente
1270 3327 1384 3370 hyeme
1408 3330 1502 3364 altera
1526 3332 1698 3373 anginam,
1721 3332 1815 3364 altera
1839 3330 1983 3365 thoracis
1996 3331 2125 3366 inflam-

1123 3373 1299 3404 mationem
1323 3376 1488 3407 contraxit
1513 3399 1521 3406 .
1557 3377 1723 3416 Qoniam
1747 3380 1859 3407 tamen
1876 3374 1961 3410 illud
1982 3375 2124 3417 plerum-

1122 3426 1183 3458 que
1199 3443 1206 3455 ,
1232 3426 1294 3448 non
1318 3417 1459 3458 semper,
1481 3429 1579 3462 neque
1603 3421 1635 3450 in
1655 3419 1804 3452 omnibus
1823 3429 1931 3452 verum
1954 3418 1996 3453 est
2018 3424 2032 3459 (
2053 3418 2066 3452 l
2086 3423 2123 3459 >5

1124 3470 1188 3492 rem
1211 3460 1244 3491 in
1268 3460 1376 3492 medio
1399 3461 1611 3504 relinquemus
1630 3485 1638 3493 .
1672 3460 1732 3494 Sed
1755 3462 1845 3505 quale
1868 3462 1903 3496 id
1925 3472 2048 3504 cunque
2071 3462 2125 3496 de-

1121 3503 1233 3536 lirium
1256 3502 1353 3535 fuerit
1366 3514 1377 3541 5
1399 3504 1481 3538 illud
1504 3505 1603 3538 videri
1628 3504 1777 3547 potuisset
1801 3505 1989 3539 confirmare
2003 3506 2123 3539 Lanci-

1123 3546 1160 3580 fii
1183 3546 1368 3579 sintentiam
1391 3545 1428 3579 de
1452 3547 1519 3581 sede
1542 3550 1652 3582 animae
1675 3550 1849 3591 cogitantis
1872 3549 1937 3591 (m
1960 3551 1973 3583 )
1995 3547 2082 3591 quod
2104 3560 2124 3583 a

1124 3589 1216 3624 nobis
1239 3591 1273 3623 in
1296 3590 1429 3624 Calloso
1450 3603 1586 3635 corpore
1608 3588 1704 3633 hujus
1726 3592 1813 3627 stulti
1836 3592 2126 3669 conspeftuimpst,

2015 3648 2024 3669 1
2047 3647 2082 3669 m

1676 3791 1691 3820 (
1706 3788 1744 3817 i)
1761 3787 1823 3812 ibid.
1841 3788 1891 3817 Fia.
1909 3796 1934 3818 ⁴·
1951 3787 2002 3813 litt.
2020 3796 2059 3819 gg.
2086 3818 2093 3823 ,

1671 3821 1736 3853 (m)
1751 3819 1846 3845 Differt.
1855 3821 1914 3846 vu.
1923 3822 1996 3850 paulo
2009 3826 2064 3845 ante
2071 3821 2119 3845 eit-¹
