2498 4075
383 142 482 203 246

312 231 379 258 teat
400 246 413 264 ,
442 231 481 255 ut
503 231 600 264 quam
622 218 723 253 solam
746 219 923 263 palpitatio
947 218 1027 262 saepe
1050 229 1114 252 non
1136 218 1283 263 sequatur
1306 243 1314 250 .

314 270 416 301 Porro
439 277 449 304 3
484 274 521 299 ut
544 264 605 297 alia
627 263 705 296 bene
729 264 830 297 multa
849 286 862 303 ‚
897 273 994 304 eaque
1020 263 1170 305 perutilia
1193 263 1317 295 invitus

313 319 520 354 praeterearn,
543 306 580 340 de
603 306 789 349 quibusipli
813 318 852 339 ex
874 305 1026 340 instituto
1046 305 1203 348 agendum
1226 305 1292 339 fuit
1306 329 1316 343 ‚

316 356 350 387 Ec
371 355 404 387 in
428 353 492 390 iis,
515 359 551 385 ut
574 351 680 392 incepi
701 375 710 391 ‚
742 348 901 383 subsistam
920 371 933 388 ,
962 348 1000 382 de
1024 349 1141 393 quibus
1164 347 1320 382 scribendi

314 395 509 430 occasionem
541 393 669 431 habui,
712 392 883 434 praesertim
917 403 995 425 vero
1029 393 1069 427 ad
1104 391 1320 435 pericardium

314 437 549 483 speecantibus3
573 436 738 478 quomodo
761 446 800 469 ex
822 434 916 478 hujus
940 434 1088 479 hydrope
1101 434 1225 470 accidat
1249 435 1321 476 pal-

317 483 461 525 pitatio,
486 480 623 514 ostendit
637 494 647 514 .·
669 480 707 514 de
730 479 887 521 ambiguis
908 488 1013 513 autem
1025 479 1085 514 sive
1098 479 1186 512 illius
1208 487 1318 512 tumo-

314 537 386 561 rum
409 525 567 565 indiciis,
589 522 650 557 five
672 533 736 556 non
761 523 807 554 ita
831 524 928 556 certis
951 521 1018 566 ejus
1040 523 1200 556 vermium
1210 521 1320 555 obser-

312 567 496 602 vationibus
522 593 532 607 ,
564 568 630 600 alio
653 567 727 599 loco
758 569 772 606 (
787 562 816 607 f
830 569 844 606 )
877 565 1048 608 prudenter
1072 564 1194 599 disserit
1219 577 1230 597 .·
1264 564 1320 598 ubi

310 617 402 656 (g)
432 611 530 646 etiam
560 610 703 652 exempla
733 608 911 643 deficientis
942 609 1111 651 pericardii
1145 606 1287 641 infirmat
1308 631 1322 649 ‚

310 656 405 689 cordi
429 663 536 688 autem
569 652 763 687 adhaerentis
786 652 838 686 sua
862 664 991 695 quoque
1013 652 1192 695 multiplici
1215 650 1323 684 obser-

314 701 444 733 vatione
467 697 658 730 confirmat:
684 696 787 739 qualis
812 704 918 729 autern
942 694 1102 735 adhaefio,
1125 698 1157 728 &
1181 694 1221 729 ad
1243 705 1323 738 quas

311 741 420 776 cordis
444 741 546 780 sedes,
570 740 798 782 palpitationis
818 738 910 772 causa
930 760 941 778 ,
978 748 1032 773 aut
1054 737 1323 781 impedimentum

313 786 352 819 lit
368 809 380 826 ‚
401 785 496 818 docet
521 787 535 822 (
557 783 577 816 h
599 788 632 823 )ε
658 793 714 816 nec
737 783 872 822 reticet,
894 793 994 825 quam
1017 791 1126 817 cautos
1141 781 1201 816 effe
1224 793 1323 825 opor.

311 837 401 868 teat,
423 827 476 862 ubi
500 826 592 860 simul
616 824 715 859 causae
752 825 821 858 aliae
846 824 918 859 sunt
939 851 948 866 ‚
980 829 1014 860 δε
1038 825 1215 869 praesertim
1249 836 1324 867 gra-

311 873 416 906 viores
438 894 450 911 ,
483 881 520 902 ne
543 868 716 903 adhaefioni
740 878 860 901 temere
883 869 1135 912 palpitationem
1166 868 1325 902 adscriba-

313 927 383 950 mus
404 938 417 955 ‚
454 917 486 947 &
510 913 687 955 generatim
711 912 864 946 admonet
885 935 899 953 ,
931 913 986 947 ubi
1010 911 1104 947 simul
1127 911 1227 946 causae
1249 912 1321 946 sunt

311 961 438 1002 plures,
465 958 638 1000 peculiares
661 954 856 1002 singularum
881 954 1011 990 effeetus
1034 955 1245 991 internoscere
1257 966 1322 988 non

311 1004 437 1041 licere5
471 1002 540 1034 imo
567 1011 644 1035 tunc
678 1001 838 1034 univer-las
861 1000 983 1033 efficere
1018 999 1166 1044 quaedam
1202 997 1286 1042 posse
1310 1021 1323 1039 ,

311 1058 382 1090 quae
405 1044 534 1087 fingulae
569 1054 770 1088 nequaquam
795 1041 918 1085 possent
938 1068 946 1076 .
983 1044 1136 1077 Praeclara
1159 1044 1216 1077 illa
1238 1054 1322 1085 quo-

309 1102 372 1135 que
395 1088 467 1123 sunt
490 1091 504 1128 (
526 1088 540 1121 i
561 1091 598 1128 ):
623 1098 755 1130 quarum
779 1086 942 1121 causarum
963 1110 976 1128 ,
1000 1088 1230 1122 morborumve
1255 1097 1321 1118 am-

309 1134 408 1175 bigua
419 1136 437 1174 ‚‘
455 1134 488 1165 &
510 1131 642 1166 obscura
666 1130 737 1164 sunt
759 1129 845 1172 signa
863 1154 872 1169 ,
898 1130 1021 1166 affiduis
1035 1129 1323 1173 perquifitionibus

309 1178 367 1212 esse
391 1187 408 1209 a
432 1175 572 1209 Medicis
606 1186 737 1217 operam
759 1173 898 1207 dandam
918 1197 931 1214 ,
964 1183 1002 1209 ut
1035 1174 1212 1217 aliquando
1244 1173 1322 1207 illu-

307 1221 464 1255 strentur:
488 1218 576 1261 quod
599 1218 653 1251 etsi
678 1216 829 1259 consequi
852 1228 917 1250 non
943 1218 1113 1260 potuerint
1133 1240 1143 1256 ‚
1178 1227 1249 1251 eum
1273 1217 1324 1249 in-

307 1274 392 1299 terea
415 1262 558 1298 fm<stum
582 1270 760 1305 capturos,
783 1270 819 1295 ut
844 1261 879 1293 in
904 1259 1152 1303 pronunciando
1173 1285 1185 1302 ,
1208 1270 1324 1294 curan-

884 136 1146 192 Libern.
1178 138 1266 192 De
1300 138 1510 196 Morbis
1542 136 1802 192 Thoracis

1368 217 1473 260 doque
1494 217 1655 251 cautiores
1677 216 1761 256 sint,
1786 210 2189 261 Phyficamque‘adj'uveht
2201 242 2211 259 ,
2233 221 2267 254 in
2290 231 2350 264 qua
2366 243 2378 261 ‚

1368 260 1502 296 historia
1526 260 1714 294 morborum
1736 261 1881 294 omnium
1895 283 1906 299 ‚
1927 261 2043 304 quibus
2068 262 2215 296 homines
2239 264 2375 297 obnoxii

1373 302 1470 344 sunt,
1493 304 1638 347 quamvis
1662 313 1725 336 non
1749 302 1807 336 nifi
1830 303 1899 345 post
1935 305 2063 339 obitum
2085 314 2212 347 pateant
2237 307 2336 350 aliqui
2362 330 2374 346 ‚

1371 345 1439 389 ipsa
1463 358 1518 390 per
1540 346 1569 380 se
1590 346 1687 388 digna
1709 345 1752 380 est
1773 357 1843 389 quae
1865 345 1997 381 minime
2019 349 2185 389 ignoretur
2208 375 2214 381 .
2251 353 2296 383 At
2321 349 2343 382 fi
2368 372 2381 389 ,

1371 390 1459 423 velut
1482 391 1516 422 in
1542 390 1689 431 pluribus
1721 390 1944 432 palpitationis
1965 391 2063 426 causis
2098 391 2241 425 feliciter
2272 396 2380 426 conti-

1371 437 1447 475 git,
1470 432 1593 466 accidat
1617 432 1777 474 denique,
1800 442 1837 468 ut
1860 432 1934 468 satis
1958 434 2238 472 internoscantur3
2262 445 2383 480 quanta

1371 476 1446 509 inde
1468 476 1594 511 utilitas
1619 475 1658 510 ad
1680 475 1916 519 praedicendum
1938 479 2050 512 existat
2080 504 2087 516 .
2119 488 2240 522 quanta
2264 479 2300 513 ad
2326 491 2385 514 cu-

1371 519 1507 554 randum
1522 542 1534 559 ‚
1557 518 1663 557 nihil,
1688 517 1771 554 mihi
1793 519 1911 560 crede,
1933 521 2093 555 ostendere
2116 523 2233 557 clarius
2260 523 2383 565 potest,

1371 574 1470 605 quam
1499 562 1663 606 quidquid
1688 561 1756 604 post
1786 563 1949 598 causatum
1972 576 2103 599 examen
2151 565 2207 600 hic
2231 568 2379 600 Summus

1371 606 1572 647 Archiater,
1596 607 1744 645 ratione,
1766 608 1800 640 δε
1821 608 2014 649 experientia
2037 607 2136 644 fretus
2151 633 2163 650 ‚
2186 612 2305 652 partite
2317 633 2329 650 ,
2353 612 2386 642 &

1372 649 1502 692 copiose
1526 650 1560 682 in
1584 650 1691 684 multo
1713 651 1831 692 majori
1854 659 1943 692 parte
1978 650 2108 693 subjicit
2133 653 2270 687 indicati
2291 652 2384 695 capi-

1373 693 1417 726 tis
1439 692 1476 726 de
1498 693 1622 727 Cordis
1645 693 1884 735 Palpitatione.
1911 694 1990 735 Qo
2015 697 2177 738 perlec‘to,
2201 697 2288 731 haud
2311 707 2384 730 am-

1373 737 1458 779 plius
1482 737 1649 770 miraberis
1671 758 1681 774 ,
1714 737 1747 769 in
1771 745 1861 771 tanta
1885 739 2081 773 auxiliorum
2102 742 2196 783 copia
2219 751 2290 784 quae
2315 741 2385 773 Ve-

1374 790 1456 813 teres
1479 781 1573 814 nobis
1594 778 1740 814 adversus
1762 780 1852 813 illam
1875 781 2070 825 reliquerunt
2089 806 2102 824 ,
2124 792 2176 817 tot
2200 783 2306 825 parlim
2329 794 2388 816 oc-

1373 834 1499 857 currere
1524 846 1535 862 ,
1567 834 1706 866 quorum
1740 823 1801 856 alia
1827 824 1898 857 aliis
1928 836 2107 869 repugnent
2131 827 2381 861 evidentiffime.

1373 868 1462 901 Cum
1495 868 1581 901 enim
1615 867 1842 910 palpitationis
1876 867 1977 902 causae
1999 878 2066 903 tam
2101 871 2196 904 variae
2220 870 2281 904 fint
2304 894 2316 911 ,
2351 875 2385 905 &

1373 910 1520 954 quaedam
1556 909 1636 943 adeo
1659 911 1743 943 inter
1767 909 1797 944 se
1822 909 1981 950 adversae3
2004 914 2101 947 variis
2124 925 2253 957 quoque
2278 913 2388 957 fingu-

1374 954 1434 994 lae,
1455 953 1649 996 adverfisque
1672 953 1823 987 remediis
1846 954 2010 988 nonnullae
2033 967 2265 999 oppugnentur
2286 981 2299 998 ,
2331 968 2387 990 ne-

1373 996 1451 1032 cesse
1474 997 1518 1032 est
1543 1022 1550 1029 .
1585 996 1697 1031 Caufis
1721 999 1822 1040 igitur
1846 999 1880 1031 in
1904 996 1994 1031 suurn
2015 1011 2077 1043 qua
2104 1012 2142 1034 ue
2164 1000 2310 1034 ordinem
2334 999 2387 1034 di-

1374 1041 1488 1083 gestis,
1511 1053 1550 1075 ex
1572 1040 1710 1076 confuso
1732 1042 1793 1075 illo
1816 1041 1904 1084 quafi
1926 1039 2011 1076 chao
2033 1067 2041 1082 ,
2089 1044 2196 1086 ingula
2215 1067 2227 1085 ,
2250 1055 2286 1078 ut
2310 1055 2385 1077 vere

1374 1086 1445 1125 ait,
1469 1084 1609 1118 remedia
1631 1086 1665 1118 in
1690 1084 1781 1119 suum
1805 1084 1957 1128 quodque
1979 1085 2089 1120 locum
2136 1099 2169 1120 er
2192 1087 2247 1127 se,
2270 1097 2306 1122 ut
2339 1088 2387 1122 ita

1372 1126 1540 1167 dicamus,
1564 1128 1593 1161 se
1615 1128 1683 1169 ipsa
1704 1128 1902 1163 distribuunt
1925 1153 1933 1161 .
1969 1129 2092 1164 Verum
2139 1142 2183 1164 aec
2218 1132 2294 1165 satis
2319 1142 2385 1164 non

1373 1170 1410 1204 ad
1443 1170 1556 1214 justam
1581 1171 1664 1204 reete
1697 1171 1824 1214 scriptis
1848 1171 1975 1205 laudem
2009 1173 2235 1213 reddendam3
2272 1175 2323 1209 sed
2347 1173 2388 1209 ad

1375 1223 1469 1248 tuum
1492 1213 1673 1258 perlegendi
1694 1213 1884 1248 desiderium
1906 1217 2130 1252 incitandum.
2177 1218 2278 1253 Vale.

307 1459 849 1528 EPISTOLA
898 1452 2083 1521 ANATOMICO-MEDICA
2142 1456 2387 1520 XXIV.

756 1595 944 1648 Sermo
979 1593 1039 1648 fit
1074 1592 1140 1646 de
1177 1589 1406 1644 Pulfibus
1440 1600 1629 1657 praeter
1663 1598 1946 1644 naturam.

390 1743 406 1777 1
428 1741 467 1777 de
490 1741 582 1776 omni
607 1741 757 1785 pulsuum
778 1740 865 1773 vitio
887 1738 1065 1773 sermonem
1077 1735 1241 1785 instituere
1266 1733 1317 1767 his

303 1741 377 1855 S
401 1787 536 1821 Litteris
561 1785 676 1820 vellem
685 1797 698 1826 ;
720 1783 888 1818 infinitum
911 1783 1053 1816 laborem
1066 1805 1080 1821 ,
1102 1779 1317 1829 inutilemque

401 1830 609 1873 susciperem.
635 1829 768 1870 Qotus
790 1828 878 1861 enim
900 1825 1032 1869 quisque
1045 1823 1174 1857 morbus
1195 1831 1318 1864 ingruit

305 1876 404 1919 paulo
427 1874 559 1917 gravior
588 1895 597 1911 ‚
633 1874 667 1906 in
689 1884 755 1915 quo
778 1882 844 1904 non
867 1869 995 1913 aliquid
1019 1867 1127 1914 pulsus
1150 1873 1279 1915 peccent
1304 1863 1318 1898 ?

302 1928 360 1953 aut
384 1919 417 1951 in
440 1929 505 1960 quo
529 1928 583 1958 pet
608 1926 778 1950 anatomen
802 1915 897 1947 liceat
920 1922 1026 1945 veram
1047 1909 1144 1957 huju-s
1168 1919 1214 1941 re1
1238 1919 1315 1943 cau-

303 1962 370 1997 sam
402 1959 593 1995 ostendere?
728 1959 813 1992 Satis
844 1959 904 1990 erit
937 1957 1039 1998 igitur
1070 1963 1191 1996 majora
1225 1962 1314 1994 quae-

304 2006 380 2046 clam
403 2004 552 2047 pulsuum
575 2004 655 2037 vitia
670 2025 678 2039 ‚
702 2011 804 2045 eoque
827 1999 951 2034 Medici
975 1998 1211 2041 cogitationem
1236 2018 1249 2035 ,
1281 1998 1313 2028 ὅ(

303 2049 497 2087 ᾼηειῑοῐηὶεί
533 2045 796 2091 perquifitionem
818 2044 856 2078 ad
893 2045 921 2077 se
946 2042 1151 2085 peculiariter
1183 2038 1313 2089 trahen-

304 2094 349 2127 tia
368 2119 376 2132 ‚
398 2091 590 2134 diligentius
614 2089 774 2124 attendere
795 2112 808 2128 ,
831 2088 922 2121 faeto
945 2087 1046 2119 initio
1068 2092 1087 2117 a
1110 2093 1255 2117 max1mo
1277 2092 1316 2113 0-

304 2139 429 2172 mnium
455 2147 462 2167 :
497 2133 586 2178 quod
612 2133 695 2166 mihi
726 2132 858 2175 quidem
884 2130 1010 2164 videtur
1041 2129 1075 2161 in
1098 2138 1133 2160 ea
1166 2125 1316 2173 pulsuum

304 2181 450 2215 exilitate
483 2189 518 2211 ac
551 2176 718 2211 debilitate
753 2174 917 2208 consistere
946 2196 958 2212 ,
992 2180 1029 2206 ut
1062 2180 1139 2221 cum
1181 2168 1319 2220 amplius

305 2236 371 2260 non
405 2222 623 2266 percipiantur
652 2243 666 2261 ,
706 2230 789 2262 aeger
822 2216 977 2261 asphyxia
1020 2226 1123 2250 teneri
1155 2212 1283 2247 dicatur
1306 2234 1320 2261 ξ

305 2269 366 2303 five
403 2266 466 2310 jam
510 2263 567 2299 effe
614 2263 676 2297 fine
722 2261 814 2306 pulsu
848 2286 856 2294 .
900 2262 981 2300 Quo
1017 2258 1176 2293 Valsalvae
1221 2253 1319 2290 nostri

307 2309 504 2347 Observatio
549 2307 669 2351 spectat
700 2329 713 2347 ‚
768 2305 807 2339 ad
851 2304 938 2338 hunc
995 2302 1132 2337 modum
1175 2299 1206 2335 se
1261 2297 1319 2333 ha-

305 2357 381 2433 beris:
403 2398 490 2432 VIR
512 2406 610 2430 annos
635 2403 727 2428 natus
752 2391 1011 2436 quinquaginta,
1032 2400 1108 2423 cum
1132 2387 1245 2421 multis
1268 2398 1321 2435 an-

307 2452 358 2477 tea
382 2441 496 2475 diebus
518 2451 535 2473 a
557 2437 819 2481 peripneumonia
853 2434 933 2467 liber
956 2430 1093 2466 evasisset
1114 2443 1123 2470 3
1158 2430 1264 2464 rursus
1287 2440 1321 2462 in

307 2485 453 2521 thoracis
486 2482 603 2518 incidit
649 2480 799 2515 morbum
820 2504 829 2513 .
865 2479 954 2511 Nam
988 2472 1323 2526 praeterquamquod

307 2530 346 2564 de
380 2529 468 2569 siti,
513 2529 545 2560 &
591 2525 679 2559 inani
724 2523 793 2556 ruffi
839 2521 1033 2563 querebatur
1056 2542 1065 2557 ‚
1098 2529 1134 2551 in
1163 2516 1323 2566 fimstrum

308 2574 393 2608 latus
439 2571 551 2606 cubare
595 2579 661 2602 non
716 2573 843 2608 poterat
876 2590 884 2596 .
934 2561 1198 2604 Quotiescunque
1235 2571 1322 2593 emm

307 2618 371 2654 hoc
394 2615 541 2650 tentabat
561 2635 573 2652 ,
607 2611 765 2655 paulatim
790 2609 819 2642 se
841 2607 874 2641 id
897 2608 980 2640 latus
1005 2605 1109 2640 versus
1133 2613 1322 2654 conuerten-

308 2662 370 2697 d03
394 2671 460 2704 quo
484 2657 587 2700 magis
607 2662 791 2689 convertere
815 2651 843 2685 se
868 2650 1043 2693 pergebat,
1068 2660 1105 2682 eo
1129 2659 1231 2690 magis
1254 2647 1321 2697 sen.

308 2704 436 2743 tiebat,
458 2702 628 2736 imminere
652 2699 751 2732 animi
774 2694 992 2730 defectionem
1014 2706 1024 2727 .·
1057 2703 1154 2736 quam
1177 2700 1212 2724 ut
1236 2700 1322 2724 vrta-

308 2759 381 2789 ret,
404 2746 441 2780 ad
466 2745 616 2788 supinum
638 2766 652 2783 ,
686 2750 741 2776 aut
765 2739 804 2773 ad
827 2737 1011 2780 oppositum
1044 2735 1169 2770 redibat
1192 2733 1286 2784 situm
1309 2759 1317 2766 .

308 2793 365 2828 An
390 2789 609 2826 febricitaret,
632 2798 672 2820 ex
695 2783 788 2828 pulsu
798 2781 959 2825 conjicere
983 2791 1047 2813 non
1059 2780 1200 2818 licebat,
1223 2789 1320 2828 quip-

310 2847 350 2880 pe
373 2834 431 2875 qui
455 2833 588 2866 minime
612 2826 848 2872 percipiebatur
862 2850 869 2858 .
1007 2823 1212 2857 MORTUI
1229 2831 1320 2871 ‘perr-

311 2877 458 2913 cardium
490 2877 659 2908 inventum
693 2871 736 2905 est
765 2869 856 2903 valde
887 2868 1092 2908 dilatatum,
1125 2874 1319 2914 materiaque

310 2921 501 2966 purulenta,
524 2917 633 2950 multo
655 2915 760 2948 diluta
773 2913 864 2960 sero,
887 2914 1057 2957 oppletum
1073 2935 1081 2942 .
1105 2911 1176 2943 Cor
1189 2907 1319 2957 vestiens

311 2964 491 3000 membrana
515 2959 605 2993 valde
629 2967 694 2991 erat
716 2956 894 2990 crassefasta
915 2981 922 2988 .
957 2958 1010 2990 Ex
1037 2953 1095 2989 hac
1125 2952 1165 2986 ad
1188 2963 1322 2995 pericar-

312 3009 403 3044 dium
427 3005 498 3040 duce
522 3002 654 3042 solidae‚
677 3004 709 3035 δε
733 2999 831 3034 firmae
856 2999 1085 3040 productiones
1109 2994 1292 3045 ferebantur
1309 3018 1323 3036 ,

312 3051 442 3095 fingulae
466 3046 605 3092 cylindri
632 3046 759 3084 forma,
781 3043 865 3076 craffi
880 3065 889 3080 ‚
911 3046 942 3076 &
966 3043 1069 3076 brevis
1080 3041 1245 3083 ligamenti
1274 3049 1322 3070 m-

312 3097 373 3131 star
396 3119 409 3136 ,
439 3103 496 3126 cor
520 3089 624 3124 valide
649 3088 688 3122 ad
711 3085 927 3130 pericardium
952 3085 1147 3120 annectentis
1166 3107 1173 3114 .
1208 3082 1321 3132 Altera

314 3150 413 3184 prope
437 3135 611 3170 auriculam
634 3132 798 3166 dexteram
822 3139 912 3163 enata
936 3156 946 3171 ‚
971 3128 1140 3163 secundum
1163 3127 1321 3160 horrzon-

313 3194 379 3219 tem
403 3183 436 3214 in
462 3176 632 3223 pericardii
658 3176 800 3209 anterius
823 3172 906 3208 latus
931 3173 1078 3216 pergebat
1100 3184 1111 3211 3
1144 3171 1241 3203 altera
1265 3180 1320 3218 au-

314 3238 381 3263 tem
404 3225 443 3259 ab
466 3222 537 3267 ipso
558 3221 665 3254 cordis
688 3228 839 3252 mucrone
862 3217 895 3249 in
920 3227 1104 3250 mucronem
1127 3211 1320 3257 pericardn,

315 3269 401 3305 tensa
423 3266 505 3301 adeo
527 3289 539 3306 ,
572 3273 609 3298 ut
633 3274 697 3296 non
731 3260 829 3304 posset
853 3260 907 3293 ille
939 3259 1066 3301 systoles
1091 3267 1236 3300 tempore
1268 3257 1322 3289 ba-

315 3316 372 3350 sim
393 3310 498 3345 versus
522 3307 686 3345 accedere,
711 3304 769 3338 nifi
794 3302 1006 3347 pericardium
1030 3303 1132 3337 secum
1156 3300 1324 3340 traheret,

316 3362 349 3391 &
371 3354 458 3401 quod
478 3352 707 3394 consequitur,
732 3347 964 3390 diaphragma.
1124 3389 1130 3396 ·

364 3413 395 3444 3.
419 3395 598 3431 Secundum
635 3393 716 3428 hanc
738 3392 870 3436 quidem
894 3390 1051 3425 Valsalvae
1081 3384 1325 3423 animadversio-

319 3456 392 3481 nem
425 3440 567 3484 proclive
591 3437 652 3471 tibi
686 3435 848 3469 videbitur
871 3433 966 3477 hujus
1002 3433 1166 3478 asphyxiae
1197 3429 1322 3464 causam

319 3485 521 3528 intelligere,
543 3481 638 3516 corde
661 3478 810 3514 videlicet
833 3477 875 3512 fic
900 3478 1033 3521 alligato
1052 3500 1066 3519 ,
1101 3485 1138 3510 ut
1160 3476 1194 3508 in
1218 3482 1328 3507 extru-

1368 1733 1473 1768 dendo
1498 1734 1706 1777 sanguinem,
1727 1734 1784 1767 vix
1806 1733 1954 1768 leviffime
1977 1734 2034 1770 suo
2058 1734 2154 1779 fungi
2176 1734 2290 1768 officio
2313 1732 2389 1777 pos-

1369 1779 1415 1811 set
1432 1802 1440 1810 .
1464 1778 1603 1813 Causam
1624 1788 1750 1821 quoque
1773 1776 1891 1821 assequi
1916 1787 1947 1811 te
1969 1802 1981 1819 ‚
2001 1778 2108 1813 credes
2136 1802 2149 1820 ‚
2184 1778 2387 1811 imminentis

1370 1823 1471 1855 animi
1504 1822 1697 1856 defectionis
1719 1832 1758 1854 ex
1792 1831 1913 1855 tentata
1946 1821 2154 1856 conversione
2191 1821 2334 1854 thoracis
2356 1821 2391 1852 in

1370 1865 1455 1898 latus
1479 1863 1640 1898 sinistrum
1659 1887 1672 1904 ‚
1709 1865 1865 1898 nimirum
1888 1866 1966 1909 quia
1990 1865 2131 1908 plutima
2154 1876 2226 1908 quae
2251 1864 2392 1907 pericar-

1370 1906 1461 1941 dium
1486 1907 1708 1947 distendebat,
1731 1910 1887 1948 materia,
1911 1918 1988 1942 tunc
2000 1907 2098 1950 hujus
2121 1919 2309 1943 mucronem
2319 1917 2392 1949 gra-

1368 1951 1464 1984 vabat
1488 1953 1651 1991 maxime,
1672 1962 1772 1993 eoque
1796 1950 2130 1995 refistentiasaugebat
2153 1951 2243 1986 cordi
2267 1950 2298 1984 se
2309 1961 2392 1983 con-

1369 1995 1516 2028 tracturo
1536 2018 1549 2035 ,
1582 2003 1619 2028 ut
1642 1994 1735 2027 nullo
1770 1993 1834 2038 jam
1859 1994 1962 2029 modo
1994 1995 2085 2031 suum
2119 1997 2232 2037 exequi
2267 1994 2387 2028 valeret

1364 2048 1480 2071 munus
1494 2061 1502 2068 .
1529 2039 1748 2072 Veruntamen
1773 2035 1830 2071 esse
1852 2039 1958 2081 aliqua
1979 2037 2110 2074 fortasse
2136 2038 2250 2082 poffint
2273 2061 2286 2078 ,
2308 2048 2382 2080 quae

1365 2080 1428 2113 tibi
1452 2079 1575 2114 obstent
1599 2091 1665 2113 rem
1689 2079 1728 2113 ad
1751 2081 1845 2114 illum
1868 2081 2002 2117 modum
2021 2084 2251 2118 intelleeturo.
2276 2082 2387 2115 Mitto

1370 2135 1405 2158 ea
1427 2135 1498 2167 quae
1521 2134 1538 2157 a
1562 2122 1712 2157 Valsalva
1735 2123 1807 2166 ipso
1829 2124 2001 2167 accepisse,
2024 2128 2158 2161 memini
2179 2149 2188 2165 ‚
2211 2126 2250 2159 de
2272 2123 2385 2158 vincu-

1371 2168 1405 2201 lo
1426 2168 1511 2201 inter
1534 2164 1749 2211 pericardium
1772 2166 1874 2201 duero
1894 2190 1904 2206 ‚
1939 2171 1972 2202 &
1995 2170 2102 2204 cordis
2136 2171 2220 2204 latus
2242 2169 2277 2201 in
2311 2179 2350 2201 eo
2374 2190 2385 2205 ,

1370 2212 1425 2245 cui
1449 2211 1555 2244 varius
1578 2209 1747 2245 decubitus
1769 2212 1895 2246 varium
1918 2212 2046 2255 pulsum
2058 2212 2235 2248 efficiebat:
2260 2215 2293 2245 δε
2314 2223 2386 2253 quae

1370 2254 1409 2288 cle
1433 2264 1570 2287 tremore
1594 2254 1705 2287 cordis
1728 2253 1812 2296 apud
1835 2255 2044 2290 Albertinnm
2067 2260 2081 2297 (
2104 2270 2122 2291 a
2145 2262 2159 2297 )
2183 2256 2301 2298 legeris
2324 2278 2337 2295 ‚
2361 2253 2386 2288 fi

1372 2299 1397 2331 ii
1420 2297 1619 2331 concitatius
1640 2296 1670 2330 se
1692 2308 1856 2331 moverent
1874 2322 1887 2339 ,
1921 2300 1956 2333 in
1980 2302 2097 2343 quibus
2121 2300 2210 2335 tenui
2233 2298 2392 2333 membra-

1372 2349 1426 2374 neo
1447 2340 1576 2374 vinculo
1598 2340 1669 2374 laxe
1690 2341 1776 2375 cordi
1797 2340 1856 2375 alli
1878 2349 1966 2376 atum
1984 2344 2198 2387 pericardium
2230 2343 2355 2375 invenit
2381 2353 2390 2375 :

1374 2388 1406 2417 &
1428 2394 1501 2426 quae
1524 2384 1559 2415 in
1582 2384 1793 2426 Sepulchreto
1815 2353 1904 2427 (bg)
1926 2384 1964 2418 de
1988 2386 2097 2429 pulsus,
2117 2386 2340 2428 inaequalitate
2357 2386 2392 2418 in

1374 2429 1449 2459 viro
1467 2450 1479 2466 ‚
1504 2427 1557 2460 cui
1576 2428 1791 2467 pericardium
1814 2430 1919 2462 medice
1941 2431 2042 2464 cordis
2065 2429 2186 2472 regioni
2205 2452 2217 2468 ‚
2253 2429 2297 2462 Θ
2319 2429 2391 2470 qm·-

1374 2470 1443 2503 dem
1475 2470 1603 2512 adiposae
1626 2470 1693 2512 ejus
1720 2470 1899 2513 substantiae
1920 2495 1933 2512 ³
1970 2482 2006 2506 ut
2040 2471 2258 2515 superioribus
2289 2473 2390 2504 etiam

1375 2514 1513 2546 Litteris
1536 2512 1605 2546 dixi
1624 2535 1638 2553 ,
1666 2523 1725 2556 per
1741 2512 1873 2556 fibrosos
1904 2525 2004 2549 nexus
2027 2514 2252 2558 adlmrescebat
2273 2538 2280 2547 .
2317 2516 2390 2549 Has

1374 2558 1462 2589 enim
1486 2556 1691 2599 alligationes
1724 2566 1833 2590 omnes
1869 2556 1960 2591 fuisse
1980 2582 1992 2599 ,
2026 2559 2147 2592 diceres
2166 2582 2178 2598 ‚
2216 2559 2391 2600 laxiores„

1373 2611 1469 2644 quam
1491 2608 1529 2634 ut
1551 2598 1660 2633 cordis
1682 2609 1810 2634 motum
1834 2601 1990 2643 impedire
2014 2603 2094 2636 adeo
2113 2599 2261 2646 pnlsent,
2284 2611 2320 2636 ut
2333 2600 2391 2635 fie-

1372 2654 1420 2677 ret
1445 2643 1601 2686 asphyxia
1622 2670 1631 2683 ‚
1667 2643 1842 2685 praesertim
1866 2655 1939 2678 cum
1961 2646 2000 2679 ad
2022 2646 2089 2689 ejus
2112 2656 2300 2680 mucronem
2324 2656 2391 2679 non

1372 2689 1546 2721 attinerent
1570 2712 1577 2718 .
1615 2687 1673 2720 Sed
1697 2686 1776 2730 quid
1806 2686 1845 2721 ad
1868 2689 1979 2723 Praecl.
2005 2690 2132 2724 Halleri
2154 2692 2168 2728 (
2190 2701 2207 2722 c
2229 2693 2244 2729 )
2270 2688 2391 2723 Obser-

1371 2733 1534 2764 vationem
1558 2731 1642 2765 dices
1663 2753 1673 2769 ‚
1706 2733 1763 2774 qui
1785 2743 1837 2765 cor
1858 2742 1928 2766 cum
1946 2734 2124 2775 pericardio
2147 2733 2269 2766 carneis
2295 2732 2391 2776 fibris

1373 2784 1411 2809 ex
1434 2785 1576 2809 mucrone
1600 2774 1854 2816 adscendentibus
1887 2784 2056 2810 cannatum
2080 2776 2164 2810 vidit
2194 2775 2260 2818 sine
2283 2776 2352 2811 ullo
2374 2799 2387 2815 ‚

1371 2825 1526 2860 quantum
1550 2819 1663 2856 novit,
1684 2817 1820 2852 hominis
1842 2818 2062 2853 incommodo?
2094 2822 2193 2853 Certe
2215 2817 2237 2852 fi
2266 2820 2389 2863 asphy-

1371 2864 1424 2895 xia
1461 2860 1627 2895 laborasset
1659 2884 1667 2899 ‚
1700 2863 1843 2904 ignorari
1877 2873 1942 2895 non
1965 2860 2115 2904 potuisset
2140 2888 2148 2895 .
2185 2863 2279 2896 Num
2305 2864 2387 2898 hanc

1371 2916 1500 2949 quoque
1522 2903 1607 2938 dices
1639 2905 1861 2948 alligationem
1885 2906 1990 2939 laxam
2024 2905 2117 2941 fuiss'e
2141 2930 2154 2947 ,
2186 2918 2283 2949 quam
2308 2907 2391 2941 alibi

1372 2953 1386 2988 (
1408 2950 1427 2982 d
1443 2950 1485 2990 )3
1508 2947 1547 2981 de
1571 2948 1679 2982 eadem
1690 2951 1775 2981 enim
1799 2948 2053 2991 videturloqui3
2071 2948 2163 2995 freni
2182 2950 2276 2990 instar
2299 2961 2390 2985 coer·

1374 2991 1465 3036 cuiffis’
1488 2991 1575 3025 dixit
1598 3001 1771 3026 extremum
1793 2992 1993 3027 mucronem?
2016 2996 2077 3028 Fac
2104 3004 2209 3027 tamen
2223 2992 2316 3028 fuisse
2341 2995 2391 3028 la-

1374 3047 1468 3070 xam.
1492 3036 1585 3069 Num
1609 3036 1680 3069 laxa
1704 3044 1768 3068 erat
1793 3037 1827 3068 in
1850 3044 1903 3069 tot
1926 3037 1992 3070 illis
2006 3037 2300 3071 Observationibus
2318 3050 2390 3080 quae

1374 3080 1533 3123 superiore
1557 3080 1629 3113 sunt
1653 3077 1797 3121 Epistola
1820 3081 1835 3118 ζ
1857 3090 1872 3113 e
1893 3083 1908 3120 )
1928 3088 2187 3116 commemoratae
2214 3079 2230 3113 ἒ
2261 3083 2299 3114 In
2324 3083 2391 3117 illis

1372 3134 1458 3157 certe
1479 3123 1568 3156 arCte
1592 3121 1807 3165 pericardium
1843 3123 1947 3165 ipsum
1971 3136 2037 3159 non
2071 3135 2223 3158 mucrone
2249 3125 2353 3158 modo
2381 3153 2390 3167 ,

1371 3166 1423 3201 sed
1444 3166 1535 3200 cordi
1560 3164 1709 3200 universo
1731 3165 1881 3200 adnaturn
1905 3177 1970 3201 erat
2000 3182 2008 3202 :
2043 3180 2099 3202 nec
2124 3177 2228 3201 tamen
2255 3170 2319 3201 ulla
2346 3170 2390 3204 est

1372 3212 1405 3243 in
1429 3222 1491 3253 qua
1515 3208 1670 3252 asphyxia
1705 3208 1804 3244 fuerit
1828 3211 1874 3243 vel
1899 3221 2043 3245 extremo
2065 3222 2211 3255 tempore
2246 3213 2391 3247 animad-

1373 3254 1462 3287 versa
1483 3278 1490 3285 .
1526 3254 1617 3291 Quin
1643 3254 1740 3286 etiam
1764 3265 1839 3288 cum
1875 3264 1938 3289 tres
1961 3257 2030 3290 aliae
2054 3265 2162 3288 extent
2190 3254 2390 3289 Clariffimo-

1375 3309 1448 3331 rum
1462 3297 1765 3344 VirorumJoannis
1778 3299 1916 3331 Fantoni
1932 3298 1987 3342 (f)
2002 3323 2015 3340 ‚
2039 3298 2205 3333 Benedicti
2217 3299 2391 3333 Gullman-

1375 3343 1410 3374 ni
1436 3346 1445 3380 (
1466 3351 1488 3383 g
1505 3341 1544 3383 )‚
1571 3343 1603 3373 ἃ
1627 3341 1765 3383 ejusdem
1789 3353 1886 3385 quem
1919 3346 2038 3376 merito
2063 3342 2230 3376 laudabam
2253 3343 2355 3376 modo
2378 3367 2389 3384 ‚

1376 3384 1507 3418 Alberti
1533 3383 1657 3416 Hallert
1680 3387 1693 3423 (
1716 3384 1736 3417 h
1756 3388 1770 3424 )
1791 3407 1803 3424 ‚
1833 3398 1906 3429 quae
1930 3386 2037 3421 nescio
2060 3385 2228 3429 quomodo
2263 3397 2313 3419 me
2336 3385 2388 3422 fu.

1376 3430 1482 3470 gerint
1505 3427 1595 3459 illam
1619 3427 1798 3469 Epistolam
1822 3428 2034 3463 recensentem
2057 3442 2068 3468 5
2103 3430 2137 3462 in
2162 3430 2265 3471 prima
2302 3430 2391 3465 nihil

1379 3470 1438 3504 nisi
1460 3481 1512 3504 cor
1534 3470 1709 3513 convulfive
1731 3478 1873 3511 motum,
1896 3474 1931 3506 in
1954 3474 2052 3506 tertia
2075 3483 2113 3506 ne
2136 3472 2198 3505 hoc
2221 3472 2353 3550 quidqu:
2376 3499 2386 3516 ‚

2246 3526 2281 3549 1n
2319 3529 2349 3550 e-

326 3593 2392 3614 w

436 3663 706 3692 )ch.3.n.2.&3.
768 3657 926 3689 (g)n.4.
1073 3685 1078 3688 .

444 3693 458 3721 )
474 3695 614 3718 Commeat.
629 3694 658 3716 de
674 3694 770 3716 Bonon.
788 3691 825 3713 Sc.
844 3687 920 3712 Acad.
939 3688 1012 3721 Tom.
1032 3687 1052 3710 1.
1072 3693 1096 3709 in
1113 3684 1204 3713 opusc.

433 3723 563 3783 3Dlffert.
580 3722 609 3745 de
626 3721 692 3746 vasis
707 3720 771 3745 cord.
789 3726 868 3748 propt.
887 3722 938 3741 not.
956 3717 1060 3741 ultima.

380 3665 396 3693 ί

381 3696 396 3723 (

380 3726 397 3785 f(
464 3756 536 3780 Anat.
555 3759 621 3781 torp.
639 3754 709 3778 hum.
725 3750 785 3776 Diff.
804 3757 840 3774 ιι.

989 3656 1004 3686 (
1017 3657 1032 3680 h
1048 3655 1063 3684 )
1078 3654 1135 3679 Vid.
1152 3653 1227 3678 etiam
1243 3651 1283 3676 eh.
1302 3659 1322 3678 o.
1340 3652 1366 3675 in
1383 3650 1427 3675 fin.
1542 3681 1548 3685 ἱ
1642 3680 1646 3683 η

1267 3685 1274 3709 (
1293 3680 1306 3705 b
1323 3687 1332 3708 )
1351 3682 1366 3706 1.
1384 3690 1406 3705 2.
1425 3681 1487 3705 Sest.
1504 3688 1525 3705 ι.
1542 3687 1567 3705 ιη
1586 3680 1670 3704 Addit.
1689 3682 1749 3706 obs.
1768 3690 1808 3712 3²·

904 3748 945 3780 (g
962 3750 971 3778 )
987 3747 1042 3772 Aet.
1062 3748 1095 3771 N.
1113 3712 1241 3771 ἑᾶτῗπῗιῗί
1253 3713 1351 3768 ιΒ-Οῧξί.
1363 3712 1472 3772 ‘idmst'
1491 3711 1512 3740 §'
1533 3713 1584 3736 ¹8²
1603 3715 1655 3734 ‘¹⁰⁸'
1673 3719 1696 3734 ”¹

1491 3647 1736 3680 (i)ch.5.n.1.

1760 3713 1768 3743 (
1785 3722 1797 3737 e
1812 3712 1825 3739 )
1842 3720 1867 3736 n.
1887 3720 1925 3740 17·
1941 3712 1982 3737 18.
1998 3714 2021 3738 ἃ
2038 3711 2102 3741 seqq.

1455 3744 1469 3771 (
1486 3743 1500 3765 h
1517 3741 1530 3772 )
1547 3742 1636 3771 opusc..
1655 3743 1751 3768 Pathol.
1768 3743 1828 3767 Obs.
1845 3751 1886 3772 49.
