<?xml version="1.0" encoding="UTF-8"?>
<!DOCTYPE html PUBLIC "-//W3C//DTD XHTML 1.0 Transitional//EN"
    "http://www.w3.org/TR/xhtml1/DTD/xhtml1-transitional.dtd">
<html xmlns="http://www.w3.org/1999/xhtml" xml:lang="en" lang="en">
 <head>
  <title>
</title>
<meta http-equiv="Content-Type" content="text/html;charset=utf-8" />
  <meta name='ocr-system' content='tesseract 3.04.00' />
  <meta name='ocr-capabilities' content='ocr_page ocr_carea ocr_par ocr_line ocrx_word'/>
</head>
<body>
  <div class='ocr_page' id='page_1' title='image "./desedibusetcausi00morg_0308.png"; bbox 0 0 2498 4075; ppageno 0'>
   <div class='ocr_carea' id='block_1_1' title="bbox 447 86 541 128">
    <p class='ocr_par' dir='ltr' id='par_1_1' title="bbox 447 86 541 128">
     <span class='ocr_line' id='line_1_1' title="bbox 447 86 541 128; baseline 0.021 -3"><span class='ocrx_word' id='word_1_1' title='bbox 447 86 541 128; x_wconf 78' lang='lat'>210</span> 
     </span>
    </p>
   </div>
   <div class='ocr_carea' id='block_1_2' title="bbox 364 146 1388 3413">
    <p class='ocr_par' dir='ltr' id='par_1_2' title="bbox 364 146 1388 2983">
     <span class='ocr_line' id='line_1_2' title="bbox 376 146 1387 196; baseline -0.006 -9"><span class='ocrx_word' id='word_1_2' title='bbox 376 154 414 190; x_wconf 89' lang='lat' dir='ltr'>T</span> <span class='ocrx_word' id='word_1_3' title='bbox 416 153 507 196; x_wconf 85' lang='lat' dir='ltr'>ulpio</span> <span class='ocrx_word' id='word_1_4' title='bbox 529 155 543 195; x_wconf 69' lang='grc' dir='ltr'>ζ</span> <span class='ocrx_word' id='word_1_5' title='bbox 563 156 620 195; x_wconf 84' lang='lat' dir='ltr'>g)</span> <span class='ocrx_word' id='word_1_6' title='bbox 650 147 813 193; x_wconf 85' lang='lat' dir='ltr'>proposita</span> <span class='ocrx_word' id='word_1_7' title='bbox 835 147 960 184; x_wconf 78' lang='lat' dir='ltr'>fuerant</span> <span class='ocrx_word' id='word_1_8' title='bbox 992 146 1080 194; x_wconf 75' lang='lat' dir='ltr'>quali</span> <span class='ocrx_word' id='word_1_9' title='bbox 1116 148 1259 190; x_wconf 87' lang='lat' dir='ltr'>exempla</span> <span class='ocrx_word' id='word_1_10' title='bbox 1292 146 1387 182; x_wconf 86' lang='lat' dir='ltr'>essent</span> 
     </span>
     <span class='ocr_line' id='line_1_3' title="bbox 379 190 1387 241; baseline -0.007 -11"><span class='ocrx_word' id='word_1_11' title='bbox 379 198 445 230; x_wconf 82' lang='lat' dir='ltr'>veri</span> <span class='ocrx_word' id='word_1_12' title='bbox 471 195 671 241; x_wconf 86' lang='lat' dir='ltr'>pulmonaris</span> <span class='ocrx_word' id='word_1_13' title='bbox 694 192 772 226; x_wconf 80' lang='lat' dir='ltr'>vasis</span> <span class='ocrx_word' id='word_1_14' title='bbox 796 204 851 236; x_wconf 84' lang='lat' dir='ltr'>per</span> <span class='ocrx_word' id='word_1_15' title='bbox 873 191 978 227; x_wconf 83' lang='lat' dir='ltr'>tuffim</span> <span class='ocrx_word' id='word_1_16' title='bbox 1001 190 1109 236; x_wconf 69' lang='lat' dir='ltr'>rejecti</span> <span class='ocrx_word' id='word_1_17' title='bbox 1132 217 1139 224; x_wconf 94' lang='lat'>.</span> <span class='ocrx_word' id='word_1_18' title='bbox 1165 192 1244 228; x_wconf 90' lang='lat' dir='ltr'>Quo</span> <span class='ocrx_word' id='word_1_19' title='bbox 1268 193 1387 234; x_wconf 85' lang='lat' dir='ltr'>pariter</span> 
     </span>
     <span class='ocr_line' id='line_1_4' title="bbox 378 232 1386 274; baseline -0.007 0"><span class='ocrx_word' id='word_1_20' title='bbox 378 239 538 274; x_wconf 85' lang='lat' dir='ltr'>referenda</span> <span class='ocrx_word' id='word_1_21' title='bbox 574 238 670 273; x_wconf 85' lang='lat' dir='ltr'>facile</span> <span class='ocrx_word' id='word_1_22' title='bbox 702 236 807 272; x_wconf 87' lang='lat' dir='ltr'>credes</span> <span class='ocrx_word' id='word_1_23' title='bbox 838 247 903 269; x_wconf 90' lang='lat' dir='ltr'>non</span> <span class='ocrx_word' id='word_1_24' title='bbox 927 233 1029 270; x_wconf 85' lang='lat' dir='ltr'>modo</span> <span class='ocrx_word' id='word_1_25' title='bbox 1063 232 1250 270; x_wconf 76' lang='lat' dir='ltr'>recensitum</span> <span class='ocrx_word' id='word_1_26' title='bbox 1274 247 1290 268; x_wconf 94' lang='lat' dir='ltr'>a</span> <span class='ocrx_word' id='word_1_27' title='bbox 1309 235 1386 268; x_wconf 87' lang='lat' dir='ltr'>Bar-</span> 
     </span>
     <span class='ocr_line' id='line_1_5' title="bbox 378 279 1385 326; baseline -0.009 -7"><span class='ocrx_word' id='word_1_28' title='bbox 378 284 513 319; x_wconf 88' lang='lat' dir='ltr'>tholino</span> <span class='ocrx_word' id='word_1_29' title='bbox 536 282 591 326; x_wconf 85' lang='lat' dir='ltr'>&lt;h</span> <span class='ocrx_word' id='word_1_30' title='bbox 612 286 627 325; x_wconf 91' lang='lat'>)</span> <span class='ocrx_word' id='word_1_31' title='bbox 649 281 707 326; x_wconf 90' lang='lat' dir='ltr'>qui</span> <span class='ocrx_word' id='word_1_32' title='bbox 731 291 796 316; x_wconf 87' lang='lat' dir='ltr'>non</span> <span class='ocrx_word' id='word_1_33' title='bbox 832 280 916 315; x_wconf 88' lang='lat' dir='ltr'>secus</span> <span class='ocrx_word' id='word_1_34' title='bbox 939 289 975 313; x_wconf 85' lang='lat' dir='ltr'>ac</span> <span class='ocrx_word' id='word_1_35' title='bbox 1000 279 1143 319; x_wconf 82' lang='lat' dir='ltr'>Tulpius</span> <span class='ocrx_word' id='word_1_36' title='bbox 1165 302 1176 318; x_wconf 90' lang='lat'>‚</span> <span class='ocrx_word' id='word_1_37' title='bbox 1210 279 1385 320; x_wconf 78' lang='lat' dir='ltr'>imaginem</span> 
     </span>
     <span class='ocr_line' id='line_1_6' title="bbox 376 320 1385 366; baseline -0.007 -5"><span class='ocrx_word' id='word_1_38' title='bbox 376 326 527 364; x_wconf 77' lang='lat' dir='ltr'>addidit,</span> <span class='ocrx_word' id='word_1_39' title='bbox 551 325 604 360; x_wconf 81' lang='lat' dir='ltr'>sed</span> <span class='ocrx_word' id='word_1_40' title='bbox 627 327 659 362; x_wconf 63' lang='grc' dir='ltr'>ὃς</span> <span class='ocrx_word' id='word_1_41' title='bbox 682 333 794 360; x_wconf 74' lang='lat' dir='ltr'>caetera</span> <span class='ocrx_word' id='word_1_42' title='bbox 812 346 825 364; x_wconf 89' lang='lat'>,</span> <span class='ocrx_word' id='word_1_43' title='bbox 858 334 930 366; x_wconf 76' lang='lat' dir='ltr'>quae</span> <span class='ocrx_word' id='word_1_44' title='bbox 963 320 1047 363; x_wconf 83' lang='lat' dir='ltr'>apud</span> <span class='ocrx_word' id='word_1_45' title='bbox 1069 321 1385 356; x_wconf 86' lang='lat' dir='ltr'>Moellenbroccium</span> 
     </span>
     <span class='ocr_line' id='line_1_7' title="bbox 376 363 1385 415; baseline -0.006 -12"><span class='ocrx_word' id='word_1_46' title='bbox 376 374 390 412; x_wconf 94' lang='lat'>(</span> <span class='ocrx_word' id='word_1_47' title='bbox 412 372 426 408; x_wconf 76' lang='lat' dir='ltr'>i</span> <span class='ocrx_word' id='word_1_48' title='bbox 445 374 461 415; x_wconf 91' lang='lat'>)</span> <span class='ocrx_word' id='word_1_49' title='bbox 477 394 485 408; x_wconf 93' lang='lat'>‚</span> <span class='ocrx_word' id='word_1_50' title='bbox 524 371 557 402; x_wconf 73' lang='grc' dir='ltr'>δε</span> <span class='ocrx_word' id='word_1_51' title='bbox 581 368 754 404; x_wconf 78' lang='lat' dir='ltr'>Mackium</span> <span class='ocrx_word' id='word_1_52' title='bbox 777 369 790 406; x_wconf 92' lang='lat'>(</span> <span class='ocrx_word' id='word_1_53' title='bbox 813 365 831 406; x_wconf 66' lang='lat' dir='ltr'>lz</span> <span class='ocrx_word' id='word_1_54' title='bbox 852 369 866 408; x_wconf 92' lang='lat'>)</span> <span class='ocrx_word' id='word_1_55' title='bbox 887 389 899 406; x_wconf 87' lang='lat'><em>,</em></span> <span class='ocrx_word' id='word_1_56' title='bbox 933 367 965 398; x_wconf 71' lang='grc' dir='ltr'>δε</span> <span class='ocrx_word' id='word_1_57' title='bbox 990 365 1070 398; x_wconf 85' lang='lat' dir='ltr'>alios</span> <span class='ocrx_word' id='word_1_58' title='bbox 1104 363 1232 400; x_wconf 77' lang='lat' dir='ltr'>fortasse</span> <span class='ocrx_word' id='word_1_59' title='bbox 1266 366 1350 407; x_wconf 77' lang='lat' dir='ltr'>leges</span> <span class='ocrx_word' id='word_1_60' title='bbox 1372 389 1385 405; x_wconf 84' lang='lat'><em>,</em></span> 
     </span>
     <span class='ocr_line' id='line_1_8' title="bbox 376 405 1386 457; baseline -0.01 -7"><span class='ocrx_word' id='word_1_61' title='bbox 376 423 469 450; x_wconf 81' lang='lat' dir='ltr'>tanto</span> <span class='ocrx_word' id='word_1_62' title='bbox 504 421 611 449; x_wconf 82' lang='lat' dir='ltr'>autem</span> <span class='ocrx_word' id='word_1_63' title='bbox 644 412 747 455; x_wconf 77' lang='lat' dir='ltr'>magis</span> <span class='ocrx_word' id='word_1_64' title='bbox 778 410 858 444; x_wconf 84' lang='lat' dir='ltr'>illud</span> <span class='ocrx_word' id='word_1_65' title='bbox 891 419 976 444; x_wconf 64' lang='lat' dir='ltr'>vente</span> <span class='ocrx_word' id='word_1_66' title='bbox 999 405 1137 451; x_wconf 80' lang='lat' dir='ltr'>frustum</span> <span class='ocrx_word' id='word_1_67' title='bbox 1162 418 1299 457; x_wconf 74' lang='lat' dir='ltr'>parvum</span> <span class='ocrx_word' id='word_1_68' title='bbox 1329 418 1386 449; x_wconf 80' lang='lat' dir='ltr'>per</span> 
     </span>
     <span class='ocr_line' id='line_1_9' title="bbox 376 449 1382 500; baseline -0.01 -6"><span class='ocrx_word' id='word_1_69' title='bbox 376 457 479 500; x_wconf 83' lang='lat' dir='ltr'>tuffim</span> <span class='ocrx_word' id='word_1_70' title='bbox 512 464 692 491; x_wconf 81' lang='lat' dir='ltr'><strong><em>excreatum</em></strong></span> <span class='ocrx_word' id='word_1_71' title='bbox 730 466 745 489; x_wconf 89' lang='lat' dir='ltr'>e</span> <span class='ocrx_word' id='word_1_72' title='bbox 773 452 919 495; x_wconf 82' lang='lat' dir='ltr'><em>pulmone</em></span> <span class='ocrx_word' id='word_1_73' title='bbox 944 476 953 489; x_wconf 86' lang='lat'>,</span> <span class='ocrx_word' id='word_1_74' title='bbox 990 449 1077 495; x_wconf 92' lang='lat' dir='ltr'>quod</span> <span class='ocrx_word' id='word_1_75' title='bbox 1099 463 1138 486; x_wconf 81' lang='lat' dir='ltr'>ex</span> <span class='ocrx_word' id='word_1_76' title='bbox 1159 452 1284 485; x_wconf 82' lang='lat' dir='ltr'>Nicolo</span> <span class='ocrx_word' id='word_1_77' title='bbox 1309 453 1382 487; x_wconf 78' lang='lat' dir='ltr'>Plo-</span> 
     </span>
     <span class='ocr_line' id='line_1_10' title="bbox 376 494 1382 538; baseline -0.009 -2"><span class='ocrx_word' id='word_1_78' title='bbox 376 501 506 536; x_wconf 79' lang='lat' dir='ltr'>rentino</span> <span class='ocrx_word' id='word_1_79' title='bbox 539 508 693 535; x_wconf 86' lang='lat' dir='ltr'>memorat</span> <span class='ocrx_word' id='word_1_80' title='bbox 726 495 896 530; x_wconf 81' lang='lat' dir='ltr'>Marcellus</span> <span class='ocrx_word' id='word_1_81' title='bbox 930 496 1082 529; x_wconf 84' lang='lat' dir='ltr'>Donatus</span> <span class='ocrx_word' id='word_1_82' title='bbox 1113 494 1227 536; x_wconf 89' lang='lat' dir='ltr'>(l),</span> <span class='ocrx_word' id='word_1_83' title='bbox 1259 504 1382 538; x_wconf 86' lang='lat' dir='ltr'>quanto</span> 
     </span>
     <span class='ocr_line' id='line_1_11' title="bbox 375 536 1384 586; baseline -0.006 -9"><span class='ocrx_word' id='word_1_84' title='bbox 375 556 410 579; x_wconf 81' lang='lat' dir='ltr'>ea</span> <span class='ocrx_word' id='word_1_85' title='bbox 432 542 615 586; x_wconf 83' lang='lat' dir='ltr'>tempestate</span> <span class='ocrx_word' id='word_1_86' title='bbox 648 543 755 576; x_wconf 88' lang='lat' dir='ltr'>minus</span> <span class='ocrx_word' id='word_1_87' title='bbox 787 540 919 580; x_wconf 79' lang='lat' dir='ltr'>cognita</span> <span class='ocrx_word' id='word_1_88' title='bbox 954 548 1042 572; x_wconf 84' lang='lat' dir='ltr'>erant</span> <span class='ocrx_word' id='word_1_89' title='bbox 1078 549 1150 580; x_wconf 66' lang='lat' dir='ltr'>quae</span> <span class='ocrx_word' id='word_1_90' title='bbox 1187 536 1246 571; x_wconf 88' lang='lat' dir='ltr'>hac</span> <span class='ocrx_word' id='word_1_91' title='bbox 1280 538 1384 573; x_wconf 83' lang='lat' dir='ltr'>nostra</span> 
     </span>
     <span class='ocr_line' id='line_1_12' title="bbox 375 581 1383 630; baseline -0.005 -10"><span class='ocrx_word' id='word_1_92' title='bbox 375 588 447 625; x_wconf 80' lang='lat' dir='ltr'>sunt</span> <span class='ocrx_word' id='word_1_93' title='bbox 474 599 481 619; x_wconf 57' lang='grc' dir='ltr'>,ν</span> <span class='ocrx_word' id='word_1_94' title='bbox 515 596 696 630; x_wconf 80' lang='lat' dir='ltr'>quanquam</span> <span class='ocrx_word' id='word_1_95' title='bbox 730 584 839 617; x_wconf 88' lang='lat' dir='ltr'>mirari</span> <span class='ocrx_word' id='word_1_96' title='bbox 872 581 956 615; x_wconf 88' lang='lat' dir='ltr'>subit</span> <span class='ocrx_word' id='word_1_97' title='bbox 979 604 991 622; x_wconf 91' lang='lat'><em>‚</em></span> <span class='ocrx_word' id='word_1_98' title='bbox 1024 583 1221 629; x_wconf 48' lang='lat' dir='ltr'>Donatum2</span> <span class='ocrx_word' id='word_1_99' title='bbox 1244 583 1301 624; x_wconf 89' lang='lat' dir='ltr'>qui</span> <span class='ocrx_word' id='word_1_100' title='bbox 1325 582 1383 622; x_wconf 85' lang='lat' dir='ltr'>id,</span> 
     </span>
     <span class='ocr_line' id='line_1_13' title="bbox 376 626 1381 673; baseline -0.005 -8"><span class='ocrx_word' id='word_1_101' title='bbox 376 633 444 671; x_wconf 86' lang='lat' dir='ltr'>ait,</span> <span class='ocrx_word' id='word_1_102' title='bbox 468 638 617 673; x_wconf 83' lang='lat' dir='ltr'>tanquam</span> <span class='ocrx_word' id='word_1_103' title='bbox 641 639 710 661; x_wconf 89' lang='lat' dir='ltr'>raro</span> <span class='ocrx_word' id='word_1_104' title='bbox 733 626 897 662; x_wconf 75' lang='lat' dir='ltr'>admodum</span> <span class='ocrx_word' id='word_1_105' title='bbox 919 626 1101 670; x_wconf 63' lang='lat' dir='ltr'>fontingens</span> <span class='ocrx_word' id='word_1_106' title='bbox 1124 646 1134 662; x_wconf 91' lang='lat'><em>,</em></span> <span class='ocrx_word' id='word_1_107' title='bbox 1158 632 1303 659; x_wconf 69' lang='lat' dir='ltr'>omittere</span> <span class='ocrx_word' id='word_1_108' title='bbox 1326 637 1381 660; x_wconf 92' lang='lat' dir='ltr'>no—</span> 
     </span>
     <span class='ocr_line' id='line_1_14' title="bbox 375 666 1380 719; baseline -0.006 -11"><span class='ocrx_word' id='word_1_109' title='bbox 375 673 463 719; x_wconf 76' lang='lat' dir='ltr'>luiffi’</span> <span class='ocrx_word' id='word_1_110' title='bbox 485 697 498 714; x_wconf 87' lang='lat'>,</span> <span class='ocrx_word' id='word_1_111' title='bbox 538 672 577 708; x_wconf 86' lang='lat' dir='ltr'>de</span> <span class='ocrx_word' id='word_1_112' title='bbox 610 672 738 705; x_wconf 84' lang='lat' dir='ltr'>Galeno</span> <span class='ocrx_word' id='word_1_113' title='bbox 759 691 769 707; x_wconf 90' lang='lat'>‚</span> <span class='ocrx_word' id='word_1_114' title='bbox 807 670 842 701; x_wconf 91' lang='lat' dir='ltr'>in</span> <span class='ocrx_word' id='word_1_115' title='bbox 872 679 963 711; x_wconf 69' lang='lat' dir='ltr'>cujus</span> <span class='ocrx_word' id='word_1_116' title='bbox 1006 666 1099 701; x_wconf 84' lang='lat' dir='ltr'>valde</span> <span class='ocrx_word' id='word_1_117' title='bbox 1135 677 1202 699; x_wconf 85' lang='lat' dir='ltr'>erat</span> <span class='ocrx_word' id='word_1_118' title='bbox 1243 668 1380 702; x_wconf 66' lang='lat' dir='ltr'>lestione</span> 
     </span>
     <span class='ocr_line' id='line_1_15' title="bbox 374 709 1380 754; baseline -0.005 -3"><span class='ocrx_word' id='word_1_119' title='bbox 374 718 515 753; x_wconf 80' lang='lat' dir='ltr'>versatus</span> <span class='ocrx_word' id='word_1_120' title='bbox 538 737 548 754; x_wconf 82' lang='lat'>‚</span> <span class='ocrx_word' id='word_1_121' title='bbox 572 725 637 750; x_wconf 85' lang='lat' dir='ltr'>non</span> <span class='ocrx_word' id='word_1_122' title='bbox 659 714 703 750; x_wconf 83' lang='lat' dir='ltr'>ibi</span> <span class='ocrx_word' id='word_1_123' title='bbox 728 711 835 747; x_wconf 81' lang='lat' dir='ltr'>fecisse</span> <span class='ocrx_word' id='word_1_124' title='bbox 861 713 1079 747; x_wconf 81' lang='lat' dir='ltr'>mentionem,</span> <span class='ocrx_word' id='word_1_125' title='bbox 1104 709 1259 746; x_wconf 86' lang='lat' dir='ltr'>scribente</span> <span class='ocrx_word' id='word_1_126' title='bbox 1281 714 1380 753; x_wconf 83' lang='lat' dir='ltr'>(m),</span> 
     </span>
     <span class='ocr_line' id='line_1_16' title="bbox 374 754 1382 804; baseline -0.01 -9"><span class='ocrx_word' id='word_1_127' title='bbox 374 763 405 795; x_wconf 83' lang='lat' dir='ltr'>se</span> <span class='ocrx_word' id='word_1_128' title='bbox 419 760 559 804; x_wconf 71' lang='lat' dir='ltr'>frustum</span> <span class='ocrx_word' id='word_1_129' title='bbox 594 759 745 800; x_wconf 82' lang='lat' dir='ltr'><em>quoddam</em></span> <span class='ocrx_word' id='word_1_130' title='bbox 777 754 862 799; x_wconf 67' lang='lat' dir='ltr'>*nafis</span> <span class='ocrx_word' id='word_1_131' title='bbox 885 778 898 795; x_wconf 85' lang='lat'>,</span> <span class='ocrx_word' id='word_1_132' title='bbox 928 754 1011 788; x_wconf 86' lang='lat' dir='ltr'>haud</span> <span class='ocrx_word' id='word_1_133' title='bbox 1042 755 1090 789; x_wconf 83' lang='lat' dir='ltr'>ita</span> <span class='ocrx_word' id='word_1_134' title='bbox 1110 764 1247 804; x_wconf 70' lang='lat' dir='ltr'>parvum</span> <span class='ocrx_word' id='word_1_135' title='bbox 1270 777 1282 794; x_wconf 85' lang='lat'>,</span> <span class='ocrx_word' id='word_1_136' title='bbox 1314 756 1382 800; x_wconf 80' lang='lat' dir='ltr'>tus.</span> 
     </span>
     <span class='ocr_line' id='line_1_17' title="bbox 369 795 1382 853; baseline -0.006 -14"><span class='ocrx_word' id='word_1_137' title='bbox 369 804 474 853; x_wconf 82' lang='lat' dir='ltr'>fiendo</span> <span class='ocrx_word' id='word_1_138' title='bbox 508 802 600 840; x_wconf 73' lang='lat' dir='ltr'>reiici</span> <span class='ocrx_word' id='word_1_139' title='bbox 629 798 738 844; x_wconf 70' lang='lat' dir='ltr'>vidzffe</span> <span class='ocrx_word' id='word_1_140' title='bbox 773 822 786 840; x_wconf 88' lang='lat'>,</span> <span class='ocrx_word' id='word_1_141' title='bbox 828 798 978 847; x_wconf 35' lang='lat' dir='ltr'>quod-ex</span> <span class='ocrx_word' id='word_1_142' title='bbox 1007 796 1167 847; x_wconf 67' lang='lat' dir='ltr'>pulmone¹</span> <span class='ocrx_word' id='word_1_143' title='bbox 1182 795 1279 841; x_wconf 74' lang='lat' dir='ltr'>furffe</span> <span class='ocrx_word' id='word_1_144' title='bbox 1310 801 1382 833; x_wconf 86' lang='lat' dir='ltr'>edu-</span> 
     </span>
     <span class='ocr_line' id='line_1_18' title="bbox 374 839 1383 887; baseline -0.004 -7"><span class='ocrx_word' id='word_1_145' title='bbox 374 848 460 885; x_wconf 64' lang='lat' dir='ltr'>ctum</span> <span class='ocrx_word' id='word_1_146' title='bbox 482 869 494 887; x_wconf 89' lang='lat'><em>‚</em></span> <span class='ocrx_word' id='word_1_147' title='bbox 524 844 619 887; x_wconf 90' lang='lat' dir='ltr'>plane</span> <span class='ocrx_word' id='word_1_148' title='bbox 651 840 870 886; x_wconf 83' lang='lat' dir='ltr'>intelligebant</span> <span class='ocrx_word' id='word_1_149' title='bbox 892 839 1071 885; x_wconf 66' lang='lat' dir='ltr'>dissetiorzae</span> <span class='ocrx_word' id='word_1_150' title='bbox 1102 847 1184 874; x_wconf 74' lang='lat' dir='ltr'>artis</span> <span class='ocrx_word' id='word_1_151' title='bbox 1218 839 1303 876; x_wconf 88' lang='lat' dir='ltr'>haud</span> <span class='ocrx_word' id='word_1_152' title='bbox 1324 844 1383 876; x_wconf 86' lang='lat' dir='ltr'>im-</span> 
     </span>
     <span class='ocr_line' id='line_1_19' title="bbox 369 882 1384 933; baseline -0.005 -9"><span class='ocrx_word' id='word_1_153' title='bbox 369 890 471 933; x_wconf 78' lang='lat' dir='ltr'>periti</span> <span class='ocrx_word' id='word_1_154' title='bbox 488 886 694 932; x_wconf 71' lang='lat' dir='ltr'>professores:</span> <span class='ocrx_word' id='word_1_155' title='bbox 718 892 872 928; x_wconf 79' lang='lat' dir='ltr'>quotquot</span> <span class='ocrx_word' id='word_1_156' title='bbox 893 885 976 918; x_wconf 85' lang='lat' dir='ltr'>enim</span> <span class='ocrx_word' id='word_1_157' title='bbox 1000 884 1038 916; x_wconf 86' lang='lat' dir='ltr'>ad</span> <span class='ocrx_word' id='word_1_158' title='bbox 1061 882 1202 933; x_wconf 68' lang='lat' dir='ltr'>asperam</span> <span class='ocrx_word' id='word_1_159' title='bbox 1234 887 1384 921; x_wconf 79' lang='lat' dir='ltr'>arteriam</span> 
     </span>
     <span class='ocr_line' id='line_1_20' title="bbox 375 925 1385 976; baseline -0.009 -10"><span class='ocrx_word' id='word_1_160' title='bbox 375 945 409 967; x_wconf 83' lang='lat' dir='ltr'>m</span> <span class='ocrx_word' id='word_1_161' title='bbox 432 932 510 966; x_wconf 88' lang='lat' dir='ltr'>collo</span> <span class='ocrx_word' id='word_1_162' title='bbox 555 931 720 968; x_wconf 64' lang='lat' dir='ltr'>erveniunt</span> <span class='ocrx_word' id='word_1_163' title='bbox 753 928 828 972; x_wconf 72' lang='lat' dir='ltr'>vasa</span> <span class='ocrx_word' id='word_1_164' title='bbox 851 951 864 969; x_wconf 84' lang='lat'>‚</span> <span class='ocrx_word' id='word_1_165' title='bbox 899 927 1003 960; x_wconf 88' lang='lat' dir='ltr'>omnia</span> <span class='ocrx_word' id='word_1_166' title='bbox 1026 926 1211 976; x_wconf 73' lang='lat' dir='ltr'>capillorum</span> <span class='ocrx_word' id='word_1_167' title='bbox 1225 925 1297 972; x_wconf 85' lang='lat' dir='ltr'>fere</span> <span class='ocrx_word' id='word_1_168' title='bbox 1313 928 1385 972; x_wconf 75' lang='lat' dir='ltr'>spe-</span> 
     </span>
     <span class='ocr_line' id='line_1_21' title="bbox 370 971 1385 1015; baseline -0.013 -1"><span class='ocrx_word' id='word_1_169' title='bbox 370 978 450 1014; x_wconf 78' lang='lat' dir='ltr'>ciem</span> <span class='ocrx_word' id='word_1_170' title='bbox 481 987 513 1011; x_wconf 85' lang='lat' dir='ltr'>re</span> <span class='ocrx_word' id='word_1_171' title='bbox 531 984 595 1012; x_wconf 79' lang='lat' dir='ltr'>erre</span> <span class='ocrx_word' id='word_1_172' title='bbox 619 996 627 1005; x_wconf 91' lang='lat'><strong><em>.</em></strong></span> <span class='ocrx_word' id='word_1_173' title='bbox 662 974 755 1009; x_wconf 87' lang='lat' dir='ltr'>Num</span> <span class='ocrx_word' id='word_1_174' title='bbox 777 982 852 1006; x_wconf 90' lang='lat' dir='ltr'>vero</span> <span class='ocrx_word' id='word_1_175' title='bbox 874 971 1095 1014; x_wconf 81' lang='lat' dir='ltr'>Hippocrates</span> <span class='ocrx_word' id='word_1_176' title='bbox 1129 981 1162 1004; x_wconf 84' lang='lat' dir='ltr'>in</span> <span class='ocrx_word' id='word_1_177' title='bbox 1196 983 1231 1005; x_wconf 86' lang='lat' dir='ltr'>ea</span> <span class='ocrx_word' id='word_1_178' title='bbox 1263 972 1385 1015; x_wconf 83' lang='lat' dir='ltr'>Epide-</span> 
     </span>
     <span class='ocr_line' id='line_1_22' title="bbox 376 1012 1385 1059; baseline -0.006 -3"><span class='ocrx_word' id='word_1_179' title='bbox 376 1022 520 1056; x_wconf 74' lang='lat' dir='ltr'>mierum</span> <span class='ocrx_word' id='word_1_180' title='bbox 551 1020 644 1059; x_wconf 85' lang='lat' dir='ltr'>(n)</span> <span class='ocrx_word' id='word_1_181' title='bbox 679 1016 815 1051; x_wconf 87' lang='lat' dir='ltr'>historia</span> <span class='ocrx_word' id='word_1_182' title='bbox 838 1026 911 1058; x_wconf 79' lang='lat' dir='ltr'>quae</span> <span class='ocrx_word' id='word_1_183' title='bbox 945 1012 987 1047; x_wconf 86' lang='lat' dir='ltr'>fic</span> <span class='ocrx_word' id='word_1_184' title='bbox 1020 1015 1139 1057; x_wconf 84' lang='lat' dir='ltr'>incipit</span> <span class='ocrx_word' id='word_1_185' title='bbox 1164 1026 1172 1047; x_wconf 89' lang='lat'><em>:</em></span> <span class='ocrx_word' id='word_1_186' title='bbox 1208 1014 1385 1050; x_wconf 75' lang='lat' dir='ltr'>‘Pherecidae</span> 
     </span>
     <span class='ocr_line' id='line_1_23' title="bbox 367 1057 1383 1108; baseline -0.005 -11"><span class='ocrx_word' id='word_1_187' title='bbox 367 1062 432 1108; x_wconf 81' lang='lat' dir='ltr'>post</span> <span class='ocrx_word' id='word_1_188' title='bbox 454 1062 625 1105; x_wconf 60' lang='lat' dir='ltr'>solstitium</span> <span class='ocrx_word' id='word_1_189' title='bbox 659 1059 831 1103; x_wconf 82' lang='lat' dir='ltr'>hybernum</span> <span class='ocrx_word' id='word_1_190' title='bbox 867 1057 955 1094; x_wconf 61' lang='lat' dir='ltr'>noiie</span> <span class='ocrx_word' id='word_1_191' title='bbox 991 1057 1102 1107; x_wconf 76' lang='lat' dir='ltr'>lateris</span> <span class='ocrx_word' id='word_1_192' title='bbox 1135 1057 1241 1105; x_wconf 50' lang='lat' dir='ltr'>deutri</span> <span class='ocrx_word' id='word_1_193' title='bbox 1264 1058 1383 1098; x_wconf 79' lang='lat' dir='ltr'>dolor5</span> 
     </span>
     <span class='ocr_line' id='line_1_24' title="bbox 372 1101 1382 1149; baseline -0.006 -8"><span class='ocrx_word' id='word_1_194' title='bbox 372 1107 488 1141; x_wconf 83' lang='lat' dir='ltr'>delinit</span> <span class='ocrx_word' id='word_1_195' title='bbox 526 1114 631 1140; x_wconf 87' lang='lat' dir='ltr'>autern</span> <span class='ocrx_word' id='word_1_196' title='bbox 667 1126 677 1143; x_wconf 83' lang='lat'>‚</span> <span class='ocrx_word' id='word_1_197' title='bbox 721 1113 758 1138; x_wconf 85' lang='lat' dir='ltr'>ut</span> <span class='ocrx_word' id='word_1_198' title='bbox 792 1102 875 1137; x_wconf 60' lang='lat' dir='ltr'>reete</span> <span class='ocrx_word' id='word_1_199' title='bbox 906 1110 1038 1144; x_wconf 75' lang='lat' dir='ltr'>agnovit</span> <span class='ocrx_word' id='word_1_200' title='bbox 1073 1101 1228 1149; x_wconf 82' lang='lat' dir='ltr'>Vallesius</span> <span class='ocrx_word' id='word_1_201' title='bbox 1262 1104 1316 1142; x_wconf 84' lang='lat' dir='ltr'>(o</span> <span class='ocrx_word' id='word_1_202' title='bbox 1336 1105 1350 1143; x_wconf 90' lang='lat'>)</span> <span class='ocrx_word' id='word_1_203' title='bbox 1372 1127 1382 1140; x_wconf 91' lang='lat'>,</span> 
     </span>
     <span class='ocr_line' id='line_1_25' title="bbox 369 1142 1382 1189; baseline -0.003 -5"><span class='ocrx_word' id='word_1_204' title='bbox 369 1151 405 1186; x_wconf 86' lang='lat' dir='ltr'>in</span> <span class='ocrx_word' id='word_1_205' title='bbox 430 1149 480 1187; x_wconf 86' lang='lat' dir='ltr'>his</span> <span class='ocrx_word' id='word_1_206' title='bbox 508 1148 639 1189; x_wconf 84' lang='lat' dir='ltr'>verbis,</span> <span class='ocrx_word' id='word_1_207' title='bbox 664 1155 736 1181; x_wconf 87' lang='lat' dir='ltr'>ante</span> <span class='ocrx_word' id='word_1_208' title='bbox 758 1154 890 1182; x_wconf 84' lang='lat' dir='ltr'>mortem</span> <span class='ocrx_word' id='word_1_209' title='bbox 921 1142 1069 1189; x_wconf 81' lang='lat' dir='ltr'>tuffiendo</span> <span class='ocrx_word' id='word_1_210' title='bbox 1092 1146 1201 1187; x_wconf 80' lang='lat' dir='ltr'>rejecit</span> <span class='ocrx_word' id='word_1_211' title='bbox 1230 1145 1321 1181; x_wconf 71' lang='lat' dir='ltr'>velut</span> <span class='ocrx_word' id='word_1_212' title='bbox 1343 1157 1382 1181; x_wconf 87' lang='lat' dir='ltr'>ex</span> 
     </span>
     <span class='ocr_line' id='line_1_26' title="bbox 370 1189 1380 1236; baseline -0.004 -9"><span class='ocrx_word' id='word_1_213' title='bbox 370 1205 460 1231; x_wconf 86' lang='lat' dir='ltr'>muco</span> <span class='ocrx_word' id='word_1_214' title='bbox 485 1191 605 1236; x_wconf 81' lang='lat' dir='ltr'>fungos</span> <span class='ocrx_word' id='word_1_215' title='bbox 638 1190 840 1233; x_wconf 63' lang='lat' dir='ltr'>compacios:</span> <span class='ocrx_word' id='word_1_216' title='bbox 877 1195 1040 1225; x_wconf 81' lang='lat' dir='ltr'>excrearat</span> <span class='ocrx_word' id='word_1_217' title='bbox 1070 1196 1175 1222; x_wconf 85' lang='lat' dir='ltr'>autem</span> <span class='ocrx_word' id='word_1_218' title='bbox 1216 1189 1259 1222; x_wconf 63' lang='grc' dir='ltr'>(θ’</span> <span class='ocrx_word' id='word_1_219' title='bbox 1288 1197 1380 1223; x_wconf 86' lang='lat' dir='ltr'>antea</span> 
     </span>
     <span class='ocr_line' id='line_1_27' title="bbox 367 1230 1380 1281; baseline -0.004 -11"><span class='ocrx_word' id='word_1_220' title='bbox 367 1247 473 1280; x_wconf 74' lang='lat' dir='ltr'>parva</span> <span class='ocrx_word' id='word_1_221' title='bbox 504 1235 575 1272; x_wconf 82' lang='lat' dir='ltr'>alba</span> <span class='ocrx_word' id='word_1_222' title='bbox 607 1233 706 1270; x_wconf 66' lang='lat' dir='ltr'>lailea</span> <span class='ocrx_word' id='word_1_223' title='bbox 730 1258 741 1274; x_wconf 93' lang='lat'>‚</span> <span class='ocrx_word' id='word_1_224' title='bbox 776 1243 855 1268; x_wconf 88' lang='lat' dir='ltr'>num</span> <span class='ocrx_word' id='word_1_225' title='bbox 877 1255 890 1273; x_wconf 94' lang='lat'><em>,</em></span> <span class='ocrx_word' id='word_1_226' title='bbox 926 1233 1058 1280; x_wconf 73' lang='lat' dir='ltr'>inquam</span> <span class='ocrx_word' id='word_1_227' title='bbox 1082 1254 1095 1271; x_wconf 82' lang='grc'>,</span> <span class='ocrx_word' id='word_1_228' title='bbox 1125 1230 1190 1281; x_wconf 37' lang='lat' dir='ltr'>his·</span> <span class='ocrx_word' id='word_1_229' title='bbox 1213 1230 1289 1275; x_wconf 81' lang='lat' dir='ltr'>ipsis</span> <span class='ocrx_word' id='word_1_230' title='bbox 1311 1244 1380 1266; x_wconf 91' lang='lat' dir='ltr'>ver-</span> 
     </span>
     <span class='ocr_line' id='line_1_28' title="bbox 370 1273 1381 1318; baseline -0.005 -4"><span class='ocrx_word' id='word_1_231' title='bbox 370 1282 420 1317; x_wconf 84' lang='lat' dir='ltr'>bis</span> <span class='ocrx_word' id='word_1_232' title='bbox 453 1280 677 1314; x_wconf 84' lang='lat' dir='ltr'>concretiones</span> <span class='ocrx_word' id='word_1_233' title='bbox 708 1276 747 1311; x_wconf 91' lang='lat' dir='ltr'>de</span> <span class='ocrx_word' id='word_1_234' title='bbox 781 1275 845 1309; x_wconf 85' lang='lat' dir='ltr'>hoc</span> <span class='ocrx_word' id='word_1_235' title='bbox 881 1286 992 1318; x_wconf 82' lang='lat' dir='ltr'>genere</span> <span class='ocrx_word' id='word_1_236' title='bbox 1016 1273 1208 1309; x_wconf 78' lang='lat' dir='ltr'>indicaverit</span> <span class='ocrx_word' id='word_1_237' title='bbox 1230 1299 1243 1316; x_wconf 90' lang='lat'><em>‚</em></span> <span class='ocrx_word' id='word_1_238' title='bbox 1277 1288 1316 1309; x_wconf 85' lang='lat' dir='ltr'>eo</span> <span class='ocrx_word' id='word_1_239' title='bbox 1339 1277 1381 1309; x_wconf 89' lang='lat' dir='ltr'>li-</span> 
     </span>
     <span class='ocr_line' id='line_1_29' title="bbox 368 1317 1382 1364; baseline -0.006 -5"><span class='ocrx_word' id='word_1_240' title='bbox 368 1324 498 1359; x_wconf 85' lang='lat' dir='ltr'>bentius</span> <span class='ocrx_word' id='word_1_241' title='bbox 535 1323 570 1357; x_wconf 92' lang='lat' dir='ltr'>in</span> <span class='ocrx_word' id='word_1_242' title='bbox 601 1320 711 1354; x_wconf 87' lang='lat' dir='ltr'>medio</span> <span class='ocrx_word' id='word_1_243' title='bbox 746 1320 926 1363; x_wconf 84' lang='lat' dir='ltr'>relinquam</span> <span class='ocrx_word' id='word_1_244' title='bbox 959 1342 972 1359; x_wconf 83' lang='lat'><em>,</em></span> <span class='ocrx_word' id='word_1_245' title='bbox 1015 1318 1104 1364; x_wconf 85' lang='lat' dir='ltr'>quod</span> <span class='ocrx_word' id='word_1_246' title='bbox 1136 1317 1306 1353; x_wconf 89' lang='lat' dir='ltr'>historiam</span> <span class='ocrx_word' id='word_1_247' title='bbox 1341 1320 1382 1353; x_wconf 89' lang='lat' dir='ltr'>il-</span> 
     </span>
     <span class='ocr_line' id='line_1_30' title="bbox 369 1362 1382 1408; baseline -0.008 -3"><span class='ocrx_word' id='word_1_248' title='bbox 369 1369 434 1405; x_wconf 83' lang='lat' dir='ltr'>lam</span> <span class='ocrx_word' id='word_1_249' title='bbox 466 1366 552 1402; x_wconf 89' lang='lat' dir='ltr'>idem</span> <span class='ocrx_word' id='word_1_250' title='bbox 585 1363 834 1400; x_wconf 69' lang='lat' dir='ltr'>consultissimus</span> <span class='ocrx_word' id='word_1_251' title='bbox 858 1364 1019 1405; x_wconf 82' lang='lat' dir='ltr'>Interpres</span> <span class='ocrx_word' id='word_1_252' title='bbox 1051 1362 1206 1397; x_wconf 68' lang='lat' dir='ltr'>vitiatam</span> <span class='ocrx_word' id='word_1_253' title='bbox 1229 1362 1284 1408; x_wconf 76' lang='lat' dir='ltr'>effe</span> <span class='ocrx_word' id='word_1_254' title='bbox 1309 1364 1382 1399; x_wconf 62' lang='lat' dir='ltr'>mil-2</span> 
     </span>
     <span class='ocr_line' id='line_1_31' title="bbox 373 1404 1384 1452; baseline -0.006 -6"><span class='ocrx_word' id='word_1_255' title='bbox 373 1412 402 1449; x_wconf 80' lang='lat' dir='ltr'>le</span> <span class='ocrx_word' id='word_1_256' title='bbox 426 1412 526 1448; x_wconf 86' lang='lat' dir='ltr'>modis</span> <span class='ocrx_word' id='word_1_257' title='bbox 549 1434 563 1452; x_wconf 85' lang='lat'><em>,</em></span> <span class='ocrx_word' id='word_1_258' title='bbox 594 1419 659 1444; x_wconf 86' lang='lat' dir='ltr'>non</span> <span class='ocrx_word' id='word_1_259' title='bbox 693 1407 822 1443; x_wconf 86' lang='lat' dir='ltr'>dubitat</span> <span class='ocrx_word' id='word_1_260' title='bbox 846 1430 859 1447; x_wconf 86' lang='lat'><em>,</em></span> <span class='ocrx_word' id='word_1_261' title='bbox 891 1406 987 1450; x_wconf 88' lang='lat' dir='ltr'>idque</span> <span class='ocrx_word' id='word_1_262' title='bbox 1028 1404 1066 1440; x_wconf 90' lang='lat' dir='ltr'>ob</span> <span class='ocrx_word' id='word_1_263' title='bbox 1098 1405 1284 1445; x_wconf 70' lang='lat' dir='ltr'>vetustatem</span> <span class='ocrx_word' id='word_1_264' title='bbox 1306 1430 1319 1447; x_wconf 87' lang='lat'><em>,</em></span> <span class='ocrx_word' id='word_1_265' title='bbox 1352 1410 1384 1440; x_wconf 86' lang='lat'><strong>&amp;</strong></span> 
     </span>
     <span class='ocr_line' id='line_1_32' title="bbox 370 1447 1386 1496; baseline -0.007 -6"><span class='ocrx_word' id='word_1_266' title='bbox 370 1456 512 1491; x_wconf 85' lang='lat' dir='ltr'>codicum</span> <span class='ocrx_word' id='word_1_267' title='bbox 534 1452 764 1495; x_wconf 82' lang='lat' dir='ltr'>corruptionem</span> <span class='ocrx_word' id='word_1_268' title='bbox 789 1475 797 1484; x_wconf 93' lang='lat'><strong>.</strong></span> <span class='ocrx_word' id='word_1_269' title='bbox 832 1449 922 1485; x_wconf 90' lang='lat' dir='ltr'>Illud</span> <span class='ocrx_word' id='word_1_270' title='bbox 955 1449 1031 1485; x_wconf 87' lang='lat' dir='ltr'>satis</span> <span class='ocrx_word' id='word_1_271' title='bbox 1052 1447 1097 1496; x_wconf 78' lang='lat' dir='ltr'>est</span> <span class='ocrx_word' id='word_1_272' title='bbox 1120 1472 1131 1488; x_wconf 89' lang='lat'><em>‚</em></span> <span class='ocrx_word' id='word_1_273' title='bbox 1166 1461 1204 1482; x_wconf 87' lang='lat' dir='ltr'>ex</span> <span class='ocrx_word' id='word_1_274' title='bbox 1238 1452 1278 1482; x_wconf 86' lang='lat' dir='ltr'>iis</span> <span class='ocrx_word' id='word_1_275' title='bbox 1315 1462 1386 1493; x_wconf 77' lang='lat' dir='ltr'>quae</span> 
     </span>
     <span class='ocr_line' id='line_1_33' title="bbox 367 1491 1385 1543; baseline -0.007 -10"><span class='ocrx_word' id='word_1_276' title='bbox 367 1500 439 1533; x_wconf 86' lang='lat' dir='ltr'>dixi</span> <span class='ocrx_word' id='word_1_277' title='bbox 465 1522 474 1537; x_wconf 87' lang='lat'>,</span> <span class='ocrx_word' id='word_1_278' title='bbox 508 1496 652 1539; x_wconf 79' lang='lat' dir='ltr'>intelligi</span> <span class='ocrx_word' id='word_1_279' title='bbox 688 1495 775 1538; x_wconf 86' lang='lat' dir='ltr'>posse</span> <span class='ocrx_word' id='word_1_280' title='bbox 798 1517 811 1536; x_wconf 78' lang='lat'><em>‚</em></span> <span class='ocrx_word' id='word_1_281' title='bbox 842 1505 881 1530; x_wconf 88' lang='lat' dir='ltr'>ex</span> <span class='ocrx_word' id='word_1_282' title='bbox 916 1494 1076 1537; x_wconf 79' lang='lat' dir='ltr'>polypolo</span> <span class='ocrx_word' id='word_1_283' title='bbox 1108 1491 1169 1526; x_wconf 86' lang='lat' dir='ltr'>five</span> <span class='ocrx_word' id='word_1_284' title='bbox 1201 1492 1351 1543; x_wconf 71' lang='lat' dir='ltr'>sanguine</span> <span class='ocrx_word' id='word_1_285' title='bbox 1374 1517 1385 1533; x_wconf 92' lang='lat'>,</span> 
     </span>
     <span class='ocr_line' id='line_1_34' title="bbox 368 1536 1385 1584; baseline -0.008 -7"><span class='ocrx_word' id='word_1_286' title='bbox 368 1552 405 1577; x_wconf 89' lang='lat' dir='ltr'>ut</span> <span class='ocrx_word' id='word_1_287' title='bbox 429 1544 462 1575; x_wconf 88' lang='lat' dir='ltr'>in</span> <span class='ocrx_word' id='word_1_288' title='bbox 487 1551 581 1577; x_wconf 89' lang='lat' dir='ltr'>utero</span> <span class='ocrx_word' id='word_1_289' title='bbox 606 1562 616 1577; x_wconf 93' lang='lat'><em>‚</em></span> <span class='ocrx_word' id='word_1_290' title='bbox 649 1536 710 1572; x_wconf 84' lang='lat' dir='ltr'>five</span> <span class='ocrx_word' id='word_1_291' title='bbox 741 1539 840 1573; x_wconf 89' lang='lat' dir='ltr'>etiam</span> <span class='ocrx_word' id='word_1_292' title='bbox 872 1537 940 1571; x_wconf 90' lang='lat' dir='ltr'>sero</span> <span class='ocrx_word' id='word_1_293' title='bbox 959 1561 968 1576; x_wconf 88' lang='lat'>,</span> <span class='ocrx_word' id='word_1_294' title='bbox 1007 1546 1044 1571; x_wconf 87' lang='lat' dir='ltr'>ut</span> <span class='ocrx_word' id='word_1_295' title='bbox 1068 1537 1102 1569; x_wconf 90' lang='lat' dir='ltr'>in</span> <span class='ocrx_word' id='word_1_296' title='bbox 1124 1536 1283 1584; x_wconf 78' lang='lat' dir='ltr'>intestinis</span> <span class='ocrx_word' id='word_1_297' title='bbox 1305 1560 1317 1577; x_wconf 85' lang='lat'><em>,</em></span> <span class='ocrx_word' id='word_1_298' title='bbox 1350 1539 1385 1570; x_wconf 89' lang='lat' dir='ltr'>in</span> 
     </span>
     <span class='ocr_line' id='line_1_35' title="bbox 367 1580 1384 1626; baseline -0.005 -6"><span class='ocrx_word' id='word_1_299' title='bbox 367 1585 526 1622; x_wconf 84' lang='lat' dir='ltr'>bronchia</span> <span class='ocrx_word' id='word_1_300' title='bbox 552 1583 655 1626; x_wconf 74' lang='lat' dir='ltr'>ejeeto</span> <span class='ocrx_word' id='word_1_301' title='bbox 676 1605 690 1625; x_wconf 86' lang='lat'>‚</span> <span class='ocrx_word' id='word_1_302' title='bbox 721 1593 813 1616; x_wconf 83' lang='lat' dir='ltr'>mora</span> <span class='ocrx_word' id='word_1_303' title='bbox 836 1580 905 1616; x_wconf 85' lang='lat' dir='ltr'>fieri</span> <span class='ocrx_word' id='word_1_304' title='bbox 929 1582 963 1614; x_wconf 89' lang='lat' dir='ltr'>in</span> <span class='ocrx_word' id='word_1_305' title='bbox 985 1591 1096 1614; x_wconf 89' lang='lat' dir='ltr'>eorum</span> <span class='ocrx_word' id='word_1_306' title='bbox 1120 1581 1205 1613; x_wconf 89' lang='lat' dir='ltr'>cavis</span> <span class='ocrx_word' id='word_1_307' title='bbox 1228 1580 1384 1624; x_wconf 61' lang='lat' dir='ltr'>eiusmodi</span> 
     </span>
     <span class='ocr_line' id='line_1_36' title="bbox 367 1621 1385 1669; baseline -0.006 -8"><span class='ocrx_word' id='word_1_308' title='bbox 367 1631 614 1664; x_wconf 73' lang='lat' dir='ltr'>concretiones.</span> <span class='ocrx_word' id='word_1_309' title='bbox 753 1626 834 1668; x_wconf 85' lang='lat' dir='ltr'>Qo</span> <span class='ocrx_word' id='word_1_310' title='bbox 882 1623 966 1658; x_wconf 85' lang='lat' dir='ltr'>ofito</span> <span class='ocrx_word' id='word_1_311' title='bbox 983 1647 996 1665; x_wconf 85' lang='lat'><em>,</em></span> <span class='ocrx_word' id='word_1_312' title='bbox 1020 1621 1109 1657; x_wconf 85' lang='lat' dir='ltr'>aliud</span> <span class='ocrx_word' id='word_1_313' title='bbox 1131 1635 1263 1669; x_wconf 85' lang='lat' dir='ltr'>quoque</span> <span class='ocrx_word' id='word_1_314' title='bbox 1285 1626 1385 1658; x_wconf 86' lang='lat' dir='ltr'>intel-</span> 
     </span>
     <span class='ocr_line' id='line_1_37' title="bbox 367 1665 1386 1717; baseline -0.006 -10"><span class='ocrx_word' id='word_1_315' title='bbox 367 1675 429 1716; x_wconf 80' lang='lat' dir='ltr'>ligi</span> <span class='ocrx_word' id='word_1_316' title='bbox 453 1671 536 1717; x_wconf 81' lang='lat' dir='ltr'>posse</span> <span class='ocrx_word' id='word_1_317' title='bbox 549 1696 561 1713; x_wconf 88' lang='lat'><em>‚</em></span> <span class='ocrx_word' id='word_1_318' title='bbox 584 1668 722 1710; x_wconf 82' lang='lat' dir='ltr'>censeo,</span> <span class='ocrx_word' id='word_1_319' title='bbox 746 1668 810 1704; x_wconf 88' lang='lat' dir='ltr'>hoc</span> <span class='ocrx_word' id='word_1_320' title='bbox 833 1669 862 1701; x_wconf 80' lang='lat' dir='ltr'>ei</span> <span class='ocrx_word' id='word_1_321' title='bbox 898 1666 983 1702; x_wconf 90' lang='lat' dir='ltr'>unde</span> <span class='ocrx_word' id='word_1_322' title='bbox 1006 1665 1063 1716; x_wconf 75' lang='lat' dir='ltr'>fiat</span> <span class='ocrx_word' id='word_1_323' title='bbox 1085 1690 1098 1707; x_wconf 84' lang='lat'><em>,</em></span> <span class='ocrx_word' id='word_1_324' title='bbox 1122 1677 1159 1701; x_wconf 93' lang='lat' dir='ltr'>ut</span> <span class='ocrx_word' id='word_1_325' title='bbox 1183 1669 1310 1710; x_wconf 88' lang='lat' dir='ltr'>penitus</span> <span class='ocrx_word' id='word_1_326' title='bbox 1333 1670 1386 1701; x_wconf 89' lang='lat' dir='ltr'>in-</span> 
     </span>
     <span class='ocr_line' id='line_1_38' title="bbox 369 1710 1384 1758; baseline -0.007 -7"><span class='ocrx_word' id='word_1_327' title='bbox 369 1717 532 1751; x_wconf 80' lang='lat' dir='ltr'>flammati</span> <span class='ocrx_word' id='word_1_328' title='bbox 555 1714 720 1758; x_wconf 73' lang='lat' dir='ltr'>pulmonis</span> <span class='ocrx_word' id='word_1_329' title='bbox 745 1712 917 1748; x_wconf 81' lang='lat' dir='ltr'>substantia</span> <span class='ocrx_word' id='word_1_330' title='bbox 941 1710 1127 1758; x_wconf 75' lang='lat' dir='ltr'>hepaticam</span> <span class='ocrx_word' id='word_1_331' title='bbox 1150 1711 1351 1752; x_wconf 81' lang='lat' dir='ltr'>repraesentet</span> <span class='ocrx_word' id='word_1_332' title='bbox 1375 1736 1384 1744; x_wconf 82' lang='lat'><strong>.</strong></span> 
     </span>
     <span class='ocr_line' id='line_1_39' title="bbox 368 1753 1387 1797; baseline -0.01 -2"><span class='ocrx_word' id='word_1_333' title='bbox 368 1762 500 1796; x_wconf 83' lang='lat' dir='ltr'>Scilicet</span> <span class='ocrx_word' id='word_1_334' title='bbox 524 1759 582 1795; x_wconf 90' lang='lat' dir='ltr'>ubi</span> <span class='ocrx_word' id='word_1_335' title='bbox 605 1768 670 1791; x_wconf 90' lang='lat' dir='ltr'>non</span> <span class='ocrx_word' id='word_1_336' title='bbox 695 1757 797 1792; x_wconf 81' lang='lat' dir='ltr'>solum</span> <span class='ocrx_word' id='word_1_337' title='bbox 821 1755 891 1789; x_wconf 85' lang='lat' dir='ltr'>vasa</span> <span class='ocrx_word' id='word_1_338' title='bbox 917 1754 1098 1797; x_wconf 77' lang='lat' dir='ltr'>sanguisera</span> <span class='ocrx_word' id='word_1_339' title='bbox 1120 1776 1130 1791; x_wconf 89' lang='lat'>‚</span> <span class='ocrx_word' id='word_1_340' title='bbox 1153 1753 1207 1788; x_wconf 85' lang='lat' dir='ltr'>sed</span> <span class='ocrx_word' id='word_1_341' title='bbox 1231 1757 1263 1789; x_wconf 72' lang='grc' dir='ltr'>δε</span> <span class='ocrx_word' id='word_1_342' title='bbox 1287 1754 1387 1789; x_wconf 88' lang='lat' dir='ltr'>bron..</span> 
     </span>
     <span class='ocr_line' id='line_1_40' title="bbox 367 1797 1387 1848; baseline -0.01 -10"><span class='ocrx_word' id='word_1_343' title='bbox 367 1804 523 1840; x_wconf 76' lang='lat' dir='ltr'>chiorum</span> <span class='ocrx_word' id='word_1_344' title='bbox 548 1803 654 1842; x_wconf 86' lang='lat' dir='ltr'>rami,</span> <span class='ocrx_word' id='word_1_345' title='bbox 681 1801 860 1842; x_wconf 83' lang='lat' dir='ltr'>ramulique</span> <span class='ocrx_word' id='word_1_346' title='bbox 884 1810 994 1833; x_wconf 86' lang='lat' dir='ltr'>omnes</span> <span class='ocrx_word' id='word_1_347' title='bbox 1018 1797 1056 1831; x_wconf 86' lang='lat' dir='ltr'>ad</span> <span class='ocrx_word' id='word_1_348' title='bbox 1081 1797 1242 1848; x_wconf 65' lang='lat' dir='ltr'>quandam</span> <span class='ocrx_word' id='word_1_349' title='bbox 1258 1799 1387 1841; x_wconf 84' lang='lat' dir='ltr'>pulmo.</span> 
     </span>
     <span class='ocr_line' id='line_1_41' title="bbox 367 1840 1386 1889; baseline -0.005 -8"><span class='ocrx_word' id='word_1_350' title='bbox 367 1850 416 1883; x_wconf 82' lang='lat' dir='ltr'>nis</span> <span class='ocrx_word' id='word_1_351' title='bbox 441 1847 545 1882; x_wconf 87' lang='lat' dir='ltr'>sedem</span> <span class='ocrx_word' id='word_1_352' title='bbox 569 1853 764 1889; x_wconf 80' lang='lat' dir='ltr'>pertinentes</span> <span class='ocrx_word' id='word_1_353' title='bbox 781 1868 793 1885; x_wconf 88' lang='lat'><em>‚</em></span> <span class='ocrx_word' id='word_1_354' title='bbox 815 1846 848 1878; x_wconf 87' lang='lat'>&amp;</span> <span class='ocrx_word' id='word_1_355' title='bbox 871 1854 946 1877; x_wconf 89' lang='lat' dir='ltr'>curn</span> <span class='ocrx_word' id='word_1_356' title='bbox 970 1840 1022 1876; x_wconf 83' lang='lat' dir='ltr'>his</span> <span class='ocrx_word' id='word_1_357' title='bbox 1045 1852 1321 1876; x_wconf 79' lang='lat' dir='ltr'>communicantes</span> <span class='ocrx_word' id='word_1_358' title='bbox 1333 1854 1386 1876; x_wconf 88' lang='lat' dir='ltr'>ve-</span> 
     </span>
     <span class='ocr_line' id='line_1_42' title="bbox 365 1883 1385 1934; baseline -0.007 -8"><span class='ocrx_word' id='word_1_359' title='bbox 365 1891 471 1928; x_wconf 83' lang='lat' dir='ltr'>ficulae</span> <span class='ocrx_word' id='word_1_360' title='bbox 496 1888 661 1934; x_wconf 84' lang='lat' dir='ltr'>polyposis</span> <span class='ocrx_word' id='word_1_361' title='bbox 683 1885 948 1922; x_wconf 82' lang='lat' dir='ltr'>concretionibus</span> <span class='ocrx_word' id='word_1_362' title='bbox 969 1883 1115 1919; x_wconf 67' lang='lat' dir='ltr'>infaretae</span> <span class='ocrx_word' id='word_1_363' title='bbox 1135 1907 1149 1925; x_wconf 86' lang='lat'>‚</span> <span class='ocrx_word' id='word_1_364' title='bbox 1181 1885 1385 1929; x_wconf 73' lang='lat' dir='ltr'>oppletaeque</span> 
     </span>
     <span class='ocr_line' id='line_1_43' title="bbox 367 1927 1386 1977; baseline -0.01 -5"><span class='ocrx_word' id='word_1_365' title='bbox 367 1936 439 1972; x_wconf 88' lang='lat' dir='ltr'>sunt</span> <span class='ocrx_word' id='word_1_366' title='bbox 458 1958 468 1974; x_wconf 85' lang='lat'>‚</span> <span class='ocrx_word' id='word_1_367' title='bbox 492 1935 538 1969; x_wconf 87' lang='lat' dir='ltr'>ibi</span> <span class='ocrx_word' id='word_1_368' title='bbox 564 1933 712 1977; x_wconf 88' lang='lat' dir='ltr'>pulmoni</span> <span class='ocrx_word' id='word_1_369' title='bbox 739 1929 772 1964; x_wconf 89' lang='lat' dir='ltr'>id</span> <span class='ocrx_word' id='word_1_370' title='bbox 798 1929 945 1969; x_wconf 86' lang='lat' dir='ltr'>accidat,</span> <span class='ocrx_word' id='word_1_371' title='bbox 969 1927 1084 1962; x_wconf 77' lang='lat' dir='ltr'>necesse</span> <span class='ocrx_word' id='word_1_372' title='bbox 1107 1927 1150 1962; x_wconf 89' lang='lat' dir='ltr'>est</span> <span class='ocrx_word' id='word_1_373' title='bbox 1173 1928 1265 1970; x_wconf 89' lang='lat' dir='ltr'>quod</span> <span class='ocrx_word' id='word_1_374' title='bbox 1288 1932 1321 1962; x_wconf 86' lang='lat' dir='ltr'>in</span> <span class='ocrx_word' id='word_1_375' title='bbox 1345 1931 1386 1962; x_wconf 92' lang='lat' dir='ltr'>li-</span> 
     </span>
     <span class='ocr_line' id='line_1_44' title="bbox 367 1972 1385 2015; baseline -0.001 -7"><span class='ocrx_word' id='word_1_376' title='bbox 367 1980 427 2014; x_wconf 67' lang='lat' dir='ltr'>bro</span> <span class='ocrx_word' id='word_1_377' title='bbox 450 1980 486 2015; x_wconf 66' lang='lat' dir='ltr'>cie</span> <span class='ocrx_word' id='word_1_378' title='bbox 511 1978 614 2012; x_wconf 76' lang='lat' dir='ltr'>Veteri</span> <span class='ocrx_word' id='word_1_379' title='bbox 636 1975 796 2010; x_wconf 73' lang='lat' dir='ltr'>Medicina</span> <span class='ocrx_word' id='word_1_380' title='bbox 819 1977 834 2014; x_wconf 92' lang='lat'><strong>(</strong></span> <span class='ocrx_word' id='word_1_381' title='bbox 851 1983 875 2015; x_wconf 89' lang='lat' dir='ltr'>p</span> <span class='ocrx_word' id='word_1_382' title='bbox 897 1976 911 2013; x_wconf 89' lang='lat'>&gt;</span> <span class='ocrx_word' id='word_1_383' title='bbox 934 1972 975 2006; x_wconf 82' lang='lat' dir='ltr'>sic</span> <span class='ocrx_word' id='word_1_384' title='bbox 991 1973 1113 2015; x_wconf 79' lang='lat' dir='ltr'>legitur</span> <span class='ocrx_word' id='word_1_385' title='bbox 1128 1984 1139 2004; x_wconf 91' lang='lat'>:</span> <span class='ocrx_word' id='word_1_386' title='bbox 1162 1981 1257 2013; x_wconf 83' lang='lat' dir='ltr'>quum</span> <span class='ocrx_word' id='word_1_387' title='bbox 1273 1973 1385 2015; x_wconf 84' lang='lat' dir='ltr'>pulmo</span> 
     </span>
     <span class='ocr_line' id='line_1_45' title="bbox 364 2015 1384 2069; baseline -0.01 -13"><span class='ocrx_word' id='word_1_388' title='bbox 364 2022 505 2069; x_wconf 60' lang='lat' dir='ltr'>suscepit</span> <span class='ocrx_word' id='word_1_389' title='bbox 529 2019 591 2064; x_wconf 83' lang='lat' dir='ltr'>ipse</span> <span class='ocrx_word' id='word_1_390' title='bbox 615 2020 648 2052; x_wconf 81' lang='lat' dir='ltr'>in</span> <span class='ocrx_word' id='word_1_391' title='bbox 666 2015 804 2061; x_wconf 82' lang='lat' dir='ltr'>seipsum</span> <span class='ocrx_word' id='word_1_392' title='bbox 828 2015 1009 2055; x_wconf 81' lang='lat' dir='ltr'>humorem3</span> <span class='ocrx_word' id='word_1_393' title='bbox 1032 2015 1210 2052; x_wconf 54' lang='lat' dir='ltr'>&amp;vacum</span> <span class='ocrx_word' id='word_1_394' title='bbox 1234 2017 1278 2050; x_wconf 54' lang='grc' dir='ltr'><strong><em>ὠ</em></strong></span> <span class='ocrx_word' id='word_1_395' title='bbox 1293 2028 1384 2066; x_wconf 66' lang='lat' dir='ltr'>rara,</span> 
     </span>
     <span class='ocr_line' id='line_1_46' title="bbox 367 2058 1385 2110; baseline -0.008 -8"><span class='ocrx_word' id='word_1_396' title='bbox 367 2080 403 2102; x_wconf 88' lang='lat' dir='ltr'>ac</span> <span class='ocrx_word' id='word_1_397' title='bbox 428 2058 531 2109; x_wconf 68' lang='lat' dir='ltr'>parva</span> <span class='ocrx_word' id='word_1_398' title='bbox 553 2064 681 2107; x_wconf 83' lang='lat' dir='ltr'>penitus</span> <span class='ocrx_word' id='word_1_399' title='bbox 704 2061 895 2104; x_wconf 83' lang='lat' dir='ltr'>explentur,</span> <span class='ocrx_word' id='word_1_400' title='bbox 917 2059 960 2095; x_wconf 56' lang='grc' dir='ltr'>Θ·</span> <span class='ocrx_word' id='word_1_401' title='bbox 979 2069 1039 2103; x_wconf 87' lang='lat' dir='ltr'>pro</span> <span class='ocrx_word' id='word_1_402' title='bbox 1063 2069 1133 2095; x_wconf 79' lang='lat' dir='ltr'>raro</span> <span class='ocrx_word' id='word_1_403' title='bbox 1148 2070 1191 2108; x_wconf 38' lang='lat' dir='ltr'>&#39;ae</span> <span class='ocrx_word' id='word_1_404' title='bbox 1212 2059 1303 2094; x_wconf 71' lang='lat' dir='ltr'>molli</span> <span class='ocrx_word' id='word_1_405' title='bbox 1326 2061 1385 2110; x_wconf 76' lang='lat' dir='ltr'>du-</span> 
     </span>
     <span class='ocr_line' id='line_1_47' title="bbox 367 2103 1384 2152; baseline -0.008 -8"><span class='ocrx_word' id='word_1_406' title='bbox 367 2121 447 2150; x_wconf 84' lang='lat' dir='ltr'>rus,</span> <span class='ocrx_word' id='word_1_407' title='bbox 470 2121 506 2143; x_wconf 87' lang='lat' dir='ltr'>ac</span> <span class='ocrx_word' id='word_1_408' title='bbox 530 2105 641 2150; x_wconf 84' lang='lat' dir='ltr'>densus</span> <span class='ocrx_word' id='word_1_409' title='bbox 667 2106 774 2140; x_wconf 72' lang='lat' dir='ltr'>evadit</span> <span class='ocrx_word' id='word_1_410' title='bbox 790 2130 799 2145; x_wconf 93' lang='lat'>,</span> <span class='ocrx_word' id='word_1_411' title='bbox 822 2105 864 2139; x_wconf 57' lang='grc' dir='ltr'>Θ·</span> <span class='ocrx_word' id='word_1_412' title='bbox 888 2113 983 2146; x_wconf 83' lang='lat' dir='ltr'>neque</span> <span class='ocrx_word' id='word_1_413' title='bbox 1006 2110 1192 2152; x_wconf 65' lang='lat' dir='ltr'>concoquit,</span> <span class='ocrx_word' id='word_1_414' title='bbox 1214 2112 1311 2152; x_wconf 80' lang='lat' dir='ltr'>neque</span> <span class='ocrx_word' id='word_1_415' title='bbox 1334 2103 1384 2137; x_wconf 79' lang='lat' dir='ltr'>dz-</span> 
     </span>
     <span class='ocr_line' id='line_1_48' title="bbox 367 2145 1386 2191; baseline -0.003 -8"><span class='ocrx_word' id='word_1_416' title='bbox 367 2153 473 2189; x_wconf 70' lang='lat' dir='ltr'>mittit</span> <span class='ocrx_word' id='word_1_417' title='bbox 499 2175 506 2182; x_wconf 79' lang='grc'><strong>.</strong></span> <span class='ocrx_word' id='word_1_418' title='bbox 544 2149 639 2185; x_wconf 88' lang='lat' dir='ltr'>Unde</span> <span class='ocrx_word' id='word_1_419' title='bbox 665 2148 768 2190; x_wconf 84' lang='lat' dir='ltr'>igitur</span> <span class='ocrx_word' id='word_1_420' title='bbox 798 2145 838 2181; x_wconf 90' lang='lat' dir='ltr'>fit</span> <span class='ocrx_word' id='word_1_421' title='bbox 863 2158 924 2191; x_wconf 91' lang='lat' dir='ltr'>pro</span> <span class='ocrx_word' id='word_1_422' title='bbox 947 2146 1090 2179; x_wconf 84' lang='lat' dir='ltr'>mollitie</span> <span class='ocrx_word' id='word_1_423' title='bbox 1117 2171 1127 2186; x_wconf 95' lang='lat'>‚</span> <span class='ocrx_word' id='word_1_424' title='bbox 1162 2146 1194 2178; x_wconf 66' lang='grc' dir='ltr'><strong>ἃ</strong></span> <span class='ocrx_word' id='word_1_425' title='bbox 1218 2155 1353 2180; x_wconf 84' lang='lat' dir='ltr'>raritate</span> <span class='ocrx_word' id='word_1_426' title='bbox 1377 2171 1386 2186; x_wconf 86' lang='lat'><em>‚</em></span> 
     </span>
     <span class='ocr_line' id='line_1_49' title="bbox 366 2189 1388 2240; baseline -0.01 -9"><span class='ocrx_word' id='word_1_427' title='bbox 366 2208 450 2232; x_wconf 87' lang='lat' dir='ltr'>nova</span> <span class='ocrx_word' id='word_1_428' title='bbox 474 2194 530 2229; x_wconf 86' lang='lat' dir='ltr'>ista</span> <span class='ocrx_word' id='word_1_429' title='bbox 553 2193 690 2228; x_wconf 86' lang='lat' dir='ltr'>durities</span> <span class='ocrx_word' id='word_1_430' title='bbox 713 2215 726 2231; x_wconf 84' lang='lat'><em>‚</em></span> <span class='ocrx_word' id='word_1_431' title='bbox 760 2194 792 2224; x_wconf 89' lang='lat'>&amp;</span> <span class='ocrx_word' id='word_1_432' title='bbox 816 2202 860 2234; x_wconf 88' lang='lat' dir='ltr'>op</span> <span class='ocrx_word' id='word_1_433' title='bbox 885 2189 958 2224; x_wconf 90' lang='lat' dir='ltr'>letis</span> <span class='ocrx_word' id='word_1_434' title='bbox 991 2200 1063 2232; x_wconf 84' lang='lat' dir='ltr'>quae</span> <span class='ocrx_word' id='word_1_435' title='bbox 1087 2197 1199 2223; x_wconf 83' lang='lat' dir='ltr'>natura</span> <span class='ocrx_word' id='word_1_436' title='bbox 1222 2189 1332 2240; x_wconf 70' lang='lat' dir='ltr'>inanes</span> <span class='ocrx_word' id='word_1_437' title='bbox 1354 2202 1388 2223; x_wconf 78' lang='lat' dir='ltr'>e-</span> 
     </span>
     <span class='ocr_line' id='line_1_50' title="bbox 369 2231 1387 2281; baseline -0.008 -8"><span class='ocrx_word' id='word_1_438' title='bbox 369 2250 464 2281; x_wconf 80' lang='lat' dir='ltr'>rant,</span> <span class='ocrx_word' id='word_1_439' title='bbox 487 2237 676 2273; x_wconf 83' lang='lat' dir='ltr'>tenuiffiinis</span> <span class='ocrx_word' id='word_1_440' title='bbox 698 2234 826 2268; x_wconf 62' lang='lat' dir='ltr'>cunetis</span> <span class='ocrx_word' id='word_1_441' title='bbox 874 2234 962 2268; x_wconf 88' lang='lat' dir='ltr'>stulis</span> <span class='ocrx_word' id='word_1_442' title='bbox 988 2254 997 2270; x_wconf 92' lang='lat'><strong>,</strong></span> <span class='ocrx_word' id='word_1_443' title='bbox 1035 2235 1067 2267; x_wconf 88' lang='lat'>&amp;</span> <span class='ocrx_word' id='word_1_444' title='bbox 1100 2231 1245 2267; x_wconf 82' lang='lat' dir='ltr'>veficulis</span> <span class='ocrx_word' id='word_1_445' title='bbox 1263 2256 1276 2273; x_wconf 84' lang='lat'><em>,</em></span> <span class='ocrx_word' id='word_1_446' title='bbox 1298 2232 1387 2276; x_wconf 74' lang='lat' dir='ltr'>qnasi</span> 
     </span>
     <span class='ocr_line' id='line_1_51' title="bbox 373 2276 1385 2327; baseline -0.008 -9"><span class='ocrx_word' id='word_1_447' title='bbox 373 2283 523 2327; x_wconf 81' lang='lat' dir='ltr'>hepatica</span> <span class='ocrx_word' id='word_1_448' title='bbox 546 2280 681 2315; x_wconf 78' lang='lat' dir='ltr'>densitas</span> <span class='ocrx_word' id='word_1_449' title='bbox 696 2306 703 2315; x_wconf 74' lang='grc'>,</span> <span class='ocrx_word' id='word_1_450' title='bbox 731 2279 881 2320; x_wconf 67' lang='lat' dir='ltr'>pra-clare</span> <span class='ocrx_word' id='word_1_451' title='bbox 904 2276 1090 2319; x_wconf 83' lang='lat' dir='ltr'>intelligis,</span> <span class='ocrx_word' id='word_1_452' title='bbox 1114 2279 1147 2310; x_wconf 88' lang='lat'>&amp;</span> <span class='ocrx_word' id='word_1_453' title='bbox 1162 2301 1171 2316; x_wconf 84' lang='lat'><strong>,</strong></span> <span class='ocrx_word' id='word_1_454' title='bbox 1194 2276 1282 2317; x_wconf 85' lang='lat' dir='ltr'>quod</span> <span class='ocrx_word' id='word_1_455' title='bbox 1306 2288 1385 2310; x_wconf 91' lang='lat' dir='ltr'>con-</span> 
     </span>
     <span class='ocr_line' id='line_1_52' title="bbox 369 2317 1384 2371; baseline -0.01 -9"><span class='ocrx_word' id='word_1_456' title='bbox 369 2329 512 2371; x_wconf 86' lang='lat' dir='ltr'>sequitur</span> <span class='ocrx_word' id='word_1_457' title='bbox 529 2348 538 2363; x_wconf 87' lang='lat'><strong>,</strong></span> <span class='ocrx_word' id='word_1_458' title='bbox 563 2335 623 2367; x_wconf 88' lang='lat' dir='ltr'>pro</span> <span class='ocrx_word' id='word_1_459' title='bbox 645 2323 775 2357; x_wconf 84' lang='lat' dir='ltr'>levitate</span> <span class='ocrx_word' id='word_1_460' title='bbox 800 2323 898 2355; x_wconf 85' lang='lat' dir='ltr'>etiam</span> <span class='ocrx_word' id='word_1_461' title='bbox 923 2319 1048 2364; x_wconf 88' lang='lat' dir='ltr'>pondus</span> <span class='ocrx_word' id='word_1_462' title='bbox 1069 2319 1159 2363; x_wconf 87' lang='lat' dir='ltr'>quod</span> <span class='ocrx_word' id='word_1_463' title='bbox 1183 2317 1384 2362; x_wconf 86' lang='lat' dir='ltr'>hepaticon-</span> 
     </span>
     <span class='ocr_line' id='line_1_53' title="bbox 369 2362 1385 2405; baseline -0.008 -1"><span class='ocrx_word' id='word_1_464' title='bbox 369 2372 489 2405; x_wconf 87' lang='lat' dir='ltr'>veniret</span> <span class='ocrx_word' id='word_1_465' title='bbox 511 2394 519 2401; x_wconf 91' lang='lat'>.</span> <span class='ocrx_word' id='word_1_466' title='bbox 559 2367 662 2401; x_wconf 82' lang='lat' dir='ltr'>Color</span> <span class='ocrx_word' id='word_1_467' title='bbox 696 2376 802 2399; x_wconf 86' lang='lat' dir='ltr'>autern</span> <span class='ocrx_word' id='word_1_468' title='bbox 838 2366 914 2399; x_wconf 86' lang='lat' dir='ltr'>alias</span> <span class='ocrx_word' id='word_1_469' title='bbox 948 2362 1160 2397; x_wconf 85' lang='lat' dir='ltr'>rubicundior</span> <span class='ocrx_word' id='word_1_470' title='bbox 1181 2385 1192 2401; x_wconf 89' lang='lat'>,</span> <span class='ocrx_word' id='word_1_471' title='bbox 1229 2373 1283 2397; x_wconf 90' lang='lat' dir='ltr'>aut</span> <span class='ocrx_word' id='word_1_472' title='bbox 1318 2373 1385 2397; x_wconf 87' lang='lat' dir='ltr'>ater</span> 
     </span>
     <span class='ocr_line' id='line_1_54' title="bbox 369 2405 1383 2456; baseline -0.008 -10"><span class='ocrx_word' id='word_1_473' title='bbox 369 2416 448 2456; x_wconf 84' lang='lat' dir='ltr'>est,</span> <span class='ocrx_word' id='word_1_474' title='bbox 481 2413 559 2448; x_wconf 84' lang='lat' dir='ltr'>alias</span> <span class='ocrx_word' id='word_1_475' title='bbox 585 2410 738 2454; x_wconf 83' lang='lat' dir='ltr'>pallidior</span> <span class='ocrx_word' id='word_1_476' title='bbox 762 2432 774 2449; x_wconf 84' lang='lat'>‚</span> <span class='ocrx_word' id='word_1_477' title='bbox 804 2417 841 2442; x_wconf 89' lang='lat' dir='ltr'>ut</span> <span class='ocrx_word' id='word_1_478' title='bbox 876 2408 970 2442; x_wconf 85' lang='lat' dir='ltr'>rubra</span> <span class='ocrx_word' id='word_1_479' title='bbox 1006 2417 1076 2448; x_wconf 90' lang='lat' dir='ltr'>pars</span> <span class='ocrx_word' id='word_1_480' title='bbox 1109 2405 1272 2448; x_wconf 72' lang='lat' dir='ltr'>sanguinis</span> <span class='ocrx_word' id='word_1_481' title='bbox 1305 2408 1383 2441; x_wconf 85' lang='lat' dir='ltr'>alias</span> 
     </span>
     <span class='ocr_line' id='line_1_55' title="bbox 370 2449 1383 2498; baseline -0.014 -4"><span class='ocrx_word' id='word_1_482' title='bbox 370 2461 497 2497; x_wconf 87' lang='lat' dir='ltr'>minus,</span> <span class='ocrx_word' id='word_1_483' title='bbox 523 2455 683 2498; x_wconf 62' lang='lat' dir='ltr'>magisque</span> <span class='ocrx_word' id='word_1_484' title='bbox 706 2450 913 2494; x_wconf 80' lang='lat' dir='ltr'>constipata,</span> <span class='ocrx_word' id='word_1_485' title='bbox 936 2449 1015 2492; x_wconf 66' lang='lat' dir='ltr'>alias</span> <span class='ocrx_word' id='word_1_486' title='bbox 1038 2451 1165 2492; x_wconf 87' lang='lat' dir='ltr'>parcius</span> <span class='ocrx_word' id='word_1_487' title='bbox 1200 2459 1253 2483; x_wconf 85' lang='lat' dir='ltr'>aut</span> <span class='ocrx_word' id='word_1_488' title='bbox 1276 2452 1383 2485; x_wconf 83' lang='lat' dir='ltr'>neuti-</span> 
     </span>
     <span class='ocr_line' id='line_1_56' title="bbox 370 2493 1382 2547; baseline -0.01 -12"><span class='ocrx_word' id='word_1_489' title='bbox 370 2513 469 2547; x_wconf 83' lang='lat' dir='ltr'>quam</span> <span class='ocrx_word' id='word_1_490' title='bbox 502 2493 629 2543; x_wconf 51' lang='lat' dir='ltr'>pror‘sus</span> <span class='ocrx_word' id='word_1_491' title='bbox 665 2507 738 2531; x_wconf 88' lang='lat' dir='ltr'>cum</span> <span class='ocrx_word' id='word_1_492' title='bbox 773 2494 928 2539; x_wconf 87' lang='lat' dir='ltr'>polyposa</span> <span class='ocrx_word' id='word_1_493' title='bbox 963 2494 996 2526; x_wconf 89' lang='lat' dir='ltr'>in</span> <span class='ocrx_word' id='word_1_494' title='bbox 1020 2502 1159 2536; x_wconf 86' lang='lat' dir='ltr'>utroque</span> <span class='ocrx_word' id='word_1_495' title='bbox 1193 2504 1304 2535; x_wconf 77' lang='lat' dir='ltr'>genere</span> <span class='ocrx_word' id='word_1_496' title='bbox 1328 2505 1382 2544; x_wconf 77' lang='lat' dir='ltr'>va-</span> 
     </span>
     <span class='ocr_line' id='line_1_57' title="bbox 370 2536 1380 2587; baseline -0.012 -6"><span class='ocrx_word' id='word_1_497' title='bbox 370 2548 476 2582; x_wconf 86' lang='lat' dir='ltr'>sorum</span> <span class='ocrx_word' id='word_1_498' title='bbox 502 2541 661 2580; x_wconf 82' lang='lat' dir='ltr'>subfistit3</span> <span class='ocrx_word' id='word_1_499' title='bbox 687 2550 787 2582; x_wconf 90' lang='lat' dir='ltr'>neque</span> <span class='ocrx_word' id='word_1_500' title='bbox 811 2549 896 2572; x_wconf 87' lang='lat' dir='ltr'>enim</span> <span class='ocrx_word' id='word_1_501' title='bbox 930 2537 1051 2579; x_wconf 87' lang='lat' dir='ltr'>semper</span> <span class='ocrx_word' id='word_1_502' title='bbox 1073 2536 1116 2570; x_wconf 88' lang='lat' dir='ltr'>est</span> <span class='ocrx_word' id='word_1_503' title='bbox 1150 2536 1276 2578; x_wconf 73' lang='lat' dir='ltr'>sanguis</span> <span class='ocrx_word' id='word_1_504' title='bbox 1298 2548 1380 2587; x_wconf 77' lang='lat' dir='ltr'>qui,</span> 
     </span>
     <span class='ocr_line' id='line_1_58' title="bbox 369 2580 1379 2627; baseline -0.01 -4"><span class='ocrx_word' id='word_1_505' title='bbox 369 2591 403 2623; x_wconf 89' lang='lat' dir='ltr'>vi</span> <span class='ocrx_word' id='word_1_506' title='bbox 438 2588 520 2623; x_wconf 65' lang='lat' dir='ltr'>facta</span> <span class='ocrx_word' id='word_1_507' title='bbox 557 2586 620 2620; x_wconf 85' lang='lat' dir='ltr'>suis</span> <span class='ocrx_word' id='word_1_508' title='bbox 653 2583 788 2617; x_wconf 85' lang='lat' dir='ltr'>vasculis</span> <span class='ocrx_word' id='word_1_509' title='bbox 812 2605 822 2621; x_wconf 93' lang='lat'><em>‚</em></span> <span class='ocrx_word' id='word_1_510' title='bbox 855 2583 889 2615; x_wconf 91' lang='lat' dir='ltr'>in</span> <span class='ocrx_word' id='word_1_511' title='bbox 913 2582 1063 2615; x_wconf 83' lang='lat' dir='ltr'>arteriam</span> <span class='ocrx_word' id='word_1_512' title='bbox 1094 2580 1250 2622; x_wconf 84' lang='lat' dir='ltr'>Asperam</span> <span class='ocrx_word' id='word_1_513' title='bbox 1274 2580 1379 2627; x_wconf 74' lang='lat' dir='ltr'>distil-</span> 
     </span>
     <span class='ocr_line' id='line_1_59' title="bbox 370 2624 1379 2671; baseline -0.01 -4"><span class='ocrx_word' id='word_1_514' title='bbox 370 2635 447 2671; x_wconf 80' lang='lat' dir='ltr'>let3</span> <span class='ocrx_word' id='word_1_515' title='bbox 480 2630 531 2666; x_wconf 84' lang='lat' dir='ltr'>sed</span> <span class='ocrx_word' id='word_1_516' title='bbox 565 2629 614 2662; x_wconf 88' lang='lat' dir='ltr'>vel</span> <span class='ocrx_word' id='word_1_517' title='bbox 651 2628 730 2669; x_wconf 85' lang='lat' dir='ltr'>saepe</span> <span class='ocrx_word' id='word_1_518' title='bbox 753 2637 791 2659; x_wconf 88' lang='lat' dir='ltr'>ex</span> <span class='ocrx_word' id='word_1_519' title='bbox 825 2624 923 2670; x_wconf 82' lang='lat' dir='ltr'>hujus</span> <span class='ocrx_word' id='word_1_520' title='bbox 946 2625 1116 2658; x_wconf 84' lang='lat' dir='ltr'>dumtaxat</span> <span class='ocrx_word' id='word_1_521' title='bbox 1151 2624 1312 2667; x_wconf 67' lang='lat' dir='ltr'>glandulis</span> <span class='ocrx_word' id='word_1_522' title='bbox 1336 2627 1379 2657; x_wconf 87' lang='lat' dir='ltr'>le-</span> 
     </span>
     <span class='ocr_line' id='line_1_60' title="bbox 371 2667 1385 2716; baseline -0.009 -8"><span class='ocrx_word' id='word_1_523' title='bbox 371 2689 442 2713; x_wconf 74' lang='lat' dir='ltr'>rum</span> <span class='ocrx_word' id='word_1_524' title='bbox 469 2700 479 2716; x_wconf 89' lang='lat'><em>,</em></span> <span class='ocrx_word' id='word_1_525' title='bbox 517 2672 638 2708; x_wconf 84' lang='lat' dir='ltr'>soetum</span> <span class='ocrx_word' id='word_1_526' title='bbox 670 2671 831 2705; x_wconf 88' lang='lat' dir='ltr'>uberrime</span> <span class='ocrx_word' id='word_1_527' title='bbox 866 2668 1035 2712; x_wconf 76' lang='lat' dir='ltr'>particulis</span> <span class='ocrx_word' id='word_1_528' title='bbox 1058 2667 1222 2710; x_wconf 84' lang='lat' dir='ltr'>polyposis</span> <span class='ocrx_word' id='word_1_529' title='bbox 1246 2690 1255 2705; x_wconf 91' lang='lat'><strong>,</strong></span> <span class='ocrx_word' id='word_1_530' title='bbox 1289 2669 1385 2710; x_wconf 81' lang='lat' dir='ltr'>quip-</span> 
     </span>
     <span class='ocr_line' id='line_1_61' title="bbox 369 2711 1386 2767; baseline -0.012 -12"><span class='ocrx_word' id='word_1_531' title='bbox 369 2734 407 2767; x_wconf 91' lang='lat' dir='ltr'>pe</span> <span class='ocrx_word' id='word_1_532' title='bbox 440 2731 511 2764; x_wconf 83' lang='lat' dir='ltr'>quae</span> <span class='ocrx_word' id='word_1_533' title='bbox 546 2719 579 2750; x_wconf 87' lang='lat' dir='ltr'>in</span> <span class='ocrx_word' id='word_1_534' title='bbox 610 2714 733 2750; x_wconf 87' lang='lat' dir='ltr'>morbis</span> <span class='ocrx_word' id='word_1_535' title='bbox 778 2712 970 2757; x_wconf 83' lang='lat' dir='ltr'>ejuscemodi</span> <span class='ocrx_word' id='word_1_536' title='bbox 1004 2722 1038 2744; x_wconf 88' lang='lat' dir='ltr'>ea</span> <span class='ocrx_word' id='word_1_537' title='bbox 1072 2712 1166 2754; x_wconf 87' lang='lat' dir='ltr'>copia</span> <span class='ocrx_word' id='word_1_538' title='bbox 1209 2722 1282 2746; x_wconf 90' lang='lat' dir='ltr'>cum</span> <span class='ocrx_word' id='word_1_539' title='bbox 1318 2711 1386 2744; x_wconf 86' lang='lat' dir='ltr'>san-</span> 
     </span>
     <span class='ocr_line' id='line_1_62' title="bbox 369 2754 1387 2809; baseline -0.012 -10"><span class='ocrx_word' id='word_1_540' title='bbox 369 2765 467 2809; x_wconf 78' lang='lat' dir='ltr'>guine</span> <span class='ocrx_word' id='word_1_541' title='bbox 501 2763 703 2796; x_wconf 89' lang='lat' dir='ltr'>circumeunt</span> <span class='ocrx_word' id='word_1_542' title='bbox 727 2782 741 2800; x_wconf 91' lang='lat'><em>,</em></span> <span class='ocrx_word' id='word_1_543' title='bbox 774 2769 873 2800; x_wconf 89' lang='lat' dir='ltr'>quam</span> <span class='ocrx_word' id='word_1_544' title='bbox 914 2754 1054 2790; x_wconf 87' lang='lat' dir='ltr'>ostendit</span> <span class='ocrx_word' id='word_1_545' title='bbox 1088 2754 1242 2798; x_wconf 89' lang='lat' dir='ltr'>polyposa</span> <span class='ocrx_word' id='word_1_546' title='bbox 1286 2754 1387 2788; x_wconf 83' lang='lat' dir='ltr'>crusta</span> 
     </span>
     <span class='ocr_line' id='line_1_63' title="bbox 370 2797 1388 2849; baseline -0.013 -7"><span class='ocrx_word' id='word_1_547' title='bbox 370 2812 406 2843; x_wconf 86' lang='lat' dir='ltr'>in</span> <span class='ocrx_word' id='word_1_548' title='bbox 439 2805 535 2849; x_wconf 87' lang='lat' dir='ltr'>hujus</span> <span class='ocrx_word' id='word_1_549' title='bbox 568 2803 665 2838; x_wconf 85' lang='lat' dir='ltr'>emiffi</span> <span class='ocrx_word' id='word_1_550' title='bbox 698 2826 711 2843; x_wconf 88' lang='lat'><em>‚</em></span> <span class='ocrx_word' id='word_1_551' title='bbox 753 2803 786 2835; x_wconf 88' lang='lat'>&amp;</span> <span class='ocrx_word' id='word_1_552' title='bbox 823 2800 888 2844; x_wconf 84' lang='lat' dir='ltr'>jam</span> <span class='ocrx_word' id='word_1_553' title='bbox 922 2800 1070 2834; x_wconf 88' lang='lat' dir='ltr'>concreti</span> <span class='ocrx_word' id='word_1_554' title='bbox 1106 2797 1229 2848; x_wconf 85' lang='lat' dir='ltr'>summa</span> <span class='ocrx_word' id='word_1_555' title='bbox 1256 2808 1350 2849; x_wconf 69' lang='lat' dir='ltr'>¹parte</span> <span class='ocrx_word' id='word_1_556' title='bbox 1375 2822 1388 2839; x_wconf 90' lang='lat'><em>,</em></span> 
     </span>
     <span class='ocr_line' id='line_1_64' title="bbox 371 2841 1388 2889; baseline -0.012 -3"><span class='ocrx_word' id='word_1_557' title='bbox 371 2863 428 2887; x_wconf 85' lang='lat' dir='ltr'>nec</span> <span class='ocrx_word' id='word_1_558' title='bbox 459 2850 565 2884; x_wconf 86' lang='lat' dir='ltr'>tenuis</span> <span class='ocrx_word' id='word_1_559' title='bbox 589 2871 601 2888; x_wconf 85' lang='lat'><em>‚</em></span> <span class='ocrx_word' id='word_1_560' title='bbox 636 2846 824 2889; x_wconf 89' lang='lat' dir='ltr'>plerumque</span> <span class='ocrx_word' id='word_1_561' title='bbox 860 2842 1028 2887; x_wconf 58' lang='lat' dir='ltr'>speiftanda</span> <span class='ocrx_word' id='word_1_562' title='bbox 1062 2855 1073 2875; x_wconf 86' lang='grc'>.-</span> <span class='ocrx_word' id='word_1_563' title='bbox 1115 2842 1219 2884; x_wconf 82' lang='lat' dir='ltr'>qualis</span> <span class='ocrx_word' id='word_1_564' title='bbox 1251 2853 1285 2874; x_wconf 88' lang='lat' dir='ltr'>1n</span> <span class='ocrx_word' id='word_1_565' title='bbox 1323 2841 1388 2875; x_wconf 88' lang='lat' dir='ltr'>hoc</span> 
     </span>
     <span class='ocr_line' id='line_1_65' title="bbox 371 2884 1387 2939; baseline -0.008 -13"><span class='ocrx_word' id='word_1_566' title='bbox 371 2905 502 2939; x_wconf 84' lang='lat' dir='ltr'>quoque</span> <span class='ocrx_word' id='word_1_567' title='bbox 526 2915 539 2933; x_wconf 87' lang='lat'><em>,</em></span> <span class='ocrx_word' id='word_1_568' title='bbox 561 2890 599 2925; x_wconf 92' lang='lat' dir='ltr'>de</span> <span class='ocrx_word' id='word_1_569' title='bbox 622 2901 688 2933; x_wconf 89' lang='lat' dir='ltr'>quo</span> <span class='ocrx_word' id='word_1_570' title='bbox 713 2889 908 2930; x_wconf 87' lang='lat' dir='ltr'>loquimur,</span> <span class='ocrx_word' id='word_1_571' title='bbox 932 2888 1010 2920; x_wconf 86' lang='lat' dir='ltr'>Sene</span> <span class='ocrx_word' id='word_1_572' title='bbox 1032 2884 1203 2929; x_wconf 66' lang='lat' dir='ltr'>conspe&amp;a</span> <span class='ocrx_word' id='word_1_573' title='bbox 1225 2885 1291 2928; x_wconf 84' lang='lat' dir='ltr'>est,</span> <span class='ocrx_word' id='word_1_574' title='bbox 1314 2896 1387 2919; x_wconf 89' lang='lat' dir='ltr'>curn</span> 
     </span>
     <span class='ocr_line' id='line_1_66' title="bbox 372 2930 1162 2983; baseline -0.016 -11"><span class='ocrx_word' id='word_1_575' title='bbox 372 2939 517 2983; x_wconf 88' lang='lat' dir='ltr'>primum</span> <span class='ocrx_word' id='word_1_576' title='bbox 539 2932 673 2977; x_wconf 85' lang='lat' dir='ltr'>quidem</span> <span class='ocrx_word' id='word_1_577' title='bbox 698 2931 807 2965; x_wconf 70' lang='lat' dir='ltr'>miss‘us</span> <span class='ocrx_word' id='word_1_578' title='bbox 831 2930 873 2964; x_wconf 88' lang='lat' dir='ltr'>est</span> <span class='ocrx_word' id='word_1_579' title='bbox 897 2930 1044 2973; x_wconf 83' lang='lat' dir='ltr'>sanguis.</span> <span class='ocrx_word' id='word_1_580' title='bbox 1156 2973 1162 2979; x_wconf 91' lang='lat'><em>.</em></span> 
     </span>
    </p>

    <p class='ocr_par' dir='ltr' id='par_1_3' title="bbox 372 2972 1388 3413">
     <span class='ocr_line' id='line_1_67' title="bbox 417 2972 1388 3017; baseline -0.008 -4"><span class='ocrx_word' id='word_1_581' title='bbox 417 2991 468 3013; x_wconf 86' lang='lat'>21.</span> <span class='ocrx_word' id='word_1_582' title='bbox 492 2980 562 3013; x_wconf 88' lang='lat' dir='ltr'>Cur</span> <span class='ocrx_word' id='word_1_583' title='bbox 583 2988 659 3011; x_wconf 89' lang='lat' dir='ltr'>vero</span> <span class='ocrx_word' id='word_1_584' title='bbox 681 2977 786 3009; x_wconf 84' lang='lat' dir='ltr'>tenuis</span> <span class='ocrx_word' id='word_1_585' title='bbox 808 2975 891 3008; x_wconf 83' lang='lat' dir='ltr'>in-eo</span> <span class='ocrx_word' id='word_1_586' title='bbox 917 2974 1067 3017; x_wconf 83' lang='lat' dir='ltr'>sanguine</span> <span class='ocrx_word' id='word_1_587' title='bbox 1083 2972 1179 3007; x_wconf 85' lang='lat' dir='ltr'>fuerit</span> <span class='ocrx_word' id='word_1_588' title='bbox 1203 2984 1298 3015; x_wconf 90' lang='lat' dir='ltr'>quem</span> <span class='ocrx_word' id='word_1_589' title='bbox 1317 2975 1388 3016; x_wconf 89' lang='lat' dir='ltr'>post</span> 
     </span>
     <span class='ocr_line' id='line_1_68' title="bbox 372 3016 1385 3060; baseline -0.007 -1"><span class='ocrx_word' id='word_1_590' title='bbox 372 3023 511 3058; x_wconf 87' lang='lat' dir='ltr'>biduum</span> <span class='ocrx_word' id='word_1_591' title='bbox 533 3019 664 3055; x_wconf 88' lang='lat' dir='ltr'>emisere</span> <span class='ocrx_word' id='word_1_592' title='bbox 685 3042 698 3059; x_wconf 89' lang='lat'><em>‚</em></span> <span class='ocrx_word' id='word_1_593' title='bbox 732 3029 809 3051; x_wconf 90' lang='lat' dir='ltr'>num</span> <span class='ocrx_word' id='word_1_594' title='bbox 841 3017 966 3052; x_wconf 85' lang='lat' dir='ltr'>causam</span> <span class='ocrx_word' id='word_1_595' title='bbox 1000 3016 1093 3051; x_wconf 87' lang='lat' dir='ltr'>fuisse</span> <span class='ocrx_word' id='word_1_596' title='bbox 1114 3039 1124 3054; x_wconf 92' lang='lat'>,</span> <span class='ocrx_word' id='word_1_597' title='bbox 1156 3017 1349 3052; x_wconf 77' lang='lat' dir='ltr'>censebimus</span> <span class='ocrx_word' id='word_1_598' title='bbox 1372 3044 1385 3060; x_wconf 88' lang='lat'><em>‚</em></span> 
     </span>
     <span class='ocr_line' id='line_1_69' title="bbox 372 3061 1385 3111; baseline -0.011 -8"><span class='ocrx_word' id='word_1_599' title='bbox 372 3067 463 3111; x_wconf 83' lang='lat' dir='ltr'>quod</span> <span class='ocrx_word' id='word_1_600' title='bbox 486 3063 652 3110; x_wconf 87' lang='lat' dir='ltr'>polyposae</span> <span class='ocrx_word' id='word_1_601' title='bbox 679 3062 820 3096; x_wconf 81' lang='lat' dir='ltr'>materiae</span> <span class='ocrx_word' id='word_1_602' title='bbox 832 3073 904 3105; x_wconf 90' lang='lat' dir='ltr'>pars</span> <span class='ocrx_word' id='word_1_603' title='bbox 926 3063 1170 3103; x_wconf 80' lang='lat' dir='ltr'>magnainterea</span> <span class='ocrx_word' id='word_1_604' title='bbox 1193 3061 1227 3095; x_wconf 88' lang='lat' dir='ltr'>in</span> <span class='ocrx_word' id='word_1_605' title='bbox 1252 3062 1385 3104; x_wconf 79' lang='lat' dir='ltr'>pulmo-</span> 
     </span>
     <span class='ocr_line' id='line_1_70' title="bbox 374 3103 1384 3150; baseline -0.006 -4"><span class='ocrx_word' id='word_1_606' title='bbox 374 3122 412 3145; x_wconf 85' lang='lat' dir='ltr'>ne</span> <span class='ocrx_word' id='word_1_607' title='bbox 437 3109 594 3149; x_wconf 75' lang='lat' dir='ltr'>haefiffet,</span> <span class='ocrx_word' id='word_1_608' title='bbox 617 3106 685 3150; x_wconf 86' lang='lat' dir='ltr'>ejus</span> <span class='ocrx_word' id='word_1_609' title='bbox 708 3103 864 3148; x_wconf 74' lang='lat' dir='ltr'>adaugens</span> <span class='ocrx_word' id='word_1_610' title='bbox 887 3104 1063 3138; x_wconf 66' lang='lat' dir='ltr'>infaretum</span> <span class='ocrx_word' id='word_1_611' title='bbox 1088 3103 1101 3137; x_wconf 90' lang='lat'>?</span> <span class='ocrx_word' id='word_1_612' title='bbox 1129 3105 1239 3147; x_wconf 85' lang='lat' dir='ltr'>Qam</span> <span class='ocrx_word' id='word_1_613' title='bbox 1262 3104 1285 3138; x_wconf 89' lang='lat' dir='ltr'>si</span> <span class='ocrx_word' id='word_1_614' title='bbox 1309 3118 1384 3140; x_wconf 88' lang='lat' dir='ltr'>cau-</span> 
     </span>
     <span class='ocr_line' id='line_1_71' title="bbox 374 3148 1384 3192; baseline -0.011 -4"><span class='ocrx_word' id='word_1_615' title='bbox 374 3155 440 3190; x_wconf 86' lang='lat' dir='ltr'>sam</span> <span class='ocrx_word' id='word_1_616' title='bbox 465 3153 552 3187; x_wconf 88' lang='lat' dir='ltr'>forte</span> <span class='ocrx_word' id='word_1_617' title='bbox 574 3162 638 3185; x_wconf 91' lang='lat' dir='ltr'>non</span> <span class='ocrx_word' id='word_1_618' title='bbox 661 3148 850 3192; x_wconf 85' lang='lat' dir='ltr'>improbas;</span> <span class='ocrx_word' id='word_1_619' title='bbox 874 3148 978 3181; x_wconf 89' lang='lat' dir='ltr'>intelli</span> <span class='ocrx_word' id='word_1_620' title='bbox 1006 3149 1032 3181; x_wconf 88' lang='lat' dir='ltr'>is</span> <span class='ocrx_word' id='word_1_621' title='bbox 1054 3157 1141 3182; x_wconf 89' lang='lat' dir='ltr'>certe</span> <span class='ocrx_word' id='word_1_622' title='bbox 1165 3172 1178 3189; x_wconf 83' lang='lat'><em>,</em></span> <span class='ocrx_word' id='word_1_623' title='bbox 1210 3160 1307 3191; x_wconf 85' lang='lat' dir='ltr'>quam</span> <span class='ocrx_word' id='word_1_624' title='bbox 1331 3152 1384 3183; x_wconf 76' lang='lat' dir='ltr'>jn-</span> 
     </span>
     <span class='ocr_line' id='line_1_72' title="bbox 375 3192 1382 3241; baseline -0.006 -9"><span class='ocrx_word' id='word_1_625' title='bbox 375 3196 564 3241; x_wconf 87' lang='lat' dir='ltr'>tempestive</span> <span class='ocrx_word' id='word_1_626' title='bbox 588 3196 737 3229; x_wconf 85' lang='lat' dir='ltr'>laetentur</span> <span class='ocrx_word' id='word_1_627' title='bbox 759 3192 909 3226; x_wconf 91' lang='lat' dir='ltr'>nonnulli</span> <span class='ocrx_word' id='word_1_628' title='bbox 923 3193 977 3225; x_wconf 88' lang='lat' dir='ltr'>Me</span> <span class='ocrx_word' id='word_1_629' title='bbox 1002 3193 1069 3232; x_wconf 84' lang='lat' dir='ltr'>ici,</span> <span class='ocrx_word' id='word_1_630' title='bbox 1091 3193 1169 3235; x_wconf 90' lang='lat' dir='ltr'>qui,</span> <span class='ocrx_word' id='word_1_631' title='bbox 1192 3203 1304 3226; x_wconf 84' lang='lat' dir='ltr'>caetera</span> <span class='ocrx_word' id='word_1_632' title='bbox 1316 3205 1382 3226; x_wconf 89' lang='lat' dir='ltr'>non</span> 
     </span>
     <span class='ocr_line' id='line_1_73' title="bbox 374 3234 1385 3279; baseline -0.007 -3"><span class='ocrx_word' id='word_1_633' title='bbox 374 3240 573 3276; x_wconf 68' lang='lat' dir='ltr'>attendentes</span> <span class='ocrx_word' id='word_1_634' title='bbox 587 3264 596 3279; x_wconf 94' lang='lat'>‚</span> <span class='ocrx_word' id='word_1_635' title='bbox 619 3237 654 3272; x_wconf 89' lang='lat' dir='ltr'>id</span> <span class='ocrx_word' id='word_1_636' title='bbox 676 3247 779 3271; x_wconf 88' lang='lat' dir='ltr'>unum</span> <span class='ocrx_word' id='word_1_637' title='bbox 802 3234 968 3277; x_wconf 63' lang='lat' dir='ltr'>speetant,</span> <span class='ocrx_word' id='word_1_638' title='bbox 990 3237 1167 3270; x_wconf 88' lang='lat' dir='ltr'>tenuiorem</span> <span class='ocrx_word' id='word_1_639' title='bbox 1193 3260 1201 3276; x_wconf 91' lang='lat'>‚</span> <span class='ocrx_word' id='word_1_640' title='bbox 1232 3246 1285 3271; x_wconf 91' lang='lat' dir='ltr'>aut</span> <span class='ocrx_word' id='word_1_641' title='bbox 1309 3237 1385 3271; x_wconf 91' lang='lat' dir='ltr'>nul-</span> 
     </span>
     <span class='ocr_line' id='line_1_74' title="bbox 374 3278 1382 3325; baseline -0.005 -7"><span class='ocrx_word' id='word_1_642' title='bbox 374 3286 440 3320; x_wconf 86' lang='lat' dir='ltr'>lam</span> <span class='ocrx_word' id='word_1_643' title='bbox 464 3285 498 3317; x_wconf 93' lang='lat' dir='ltr'>in</span> <span class='ocrx_word' id='word_1_644' title='bbox 522 3282 671 3325; x_wconf 82' lang='lat' dir='ltr'>sanguine</span> <span class='ocrx_word' id='word_1_645' title='bbox 693 3280 758 3324; x_wconf 87' lang='lat' dir='ltr'>jam</span> <span class='ocrx_word' id='word_1_646' title='bbox 781 3279 839 3314; x_wconf 85' lang='lat' dir='ltr'>effe</span> <span class='ocrx_word' id='word_1_647' title='bbox 859 3278 994 3312; x_wconf 88' lang='lat' dir='ltr'>crustam</span> <span class='ocrx_word' id='word_1_648' title='bbox 1018 3302 1027 3316; x_wconf 86' lang='lat'>‚</span> <span class='ocrx_word' id='word_1_649' title='bbox 1063 3291 1132 3322; x_wconf 79' lang='lat' dir='ltr'>quae</span> <span class='ocrx_word' id='word_1_650' title='bbox 1157 3289 1245 3313; x_wconf 84' lang='lat' dir='ltr'>antea</span> <span class='ocrx_word' id='word_1_651' title='bbox 1278 3279 1382 3314; x_wconf 88' lang='lat' dir='ltr'>fuerat</span> 
     </span>
     <span class='ocr_line' id='line_1_75' title="bbox 374 3322 1383 3364; baseline -0.005 -1"><span class='ocrx_word' id='word_1_652' title='bbox 374 3326 490 3363; x_wconf 83' lang='lat' dir='ltr'>crassa.</span> <span class='ocrx_word' id='word_1_653' title='bbox 513 3328 601 3360; x_wconf 83' lang='lat' dir='ltr'>Cave</span> <span class='ocrx_word' id='word_1_654' title='bbox 625 3335 733 3358; x_wconf 87' lang='lat' dir='ltr'>tamen</span> <span class='ocrx_word' id='word_1_655' title='bbox 757 3350 766 3364; x_wconf 95' lang='lat'><strong><em>,</em></strong></span> <span class='ocrx_word' id='word_1_656' title='bbox 789 3334 826 3357; x_wconf 89' lang='lat' dir='ltr'>ne</span> <span class='ocrx_word' id='word_1_657' title='bbox 849 3322 982 3356; x_wconf 79' lang='lat' dir='ltr'>viciffim</span> <span class='ocrx_word' id='word_1_658' title='bbox 1006 3323 1047 3356; x_wconf 90' lang='lat' dir='ltr'>iis</span> <span class='ocrx_word' id='word_1_659' title='bbox 1070 3324 1104 3355; x_wconf 86' lang='lat' dir='ltr'>in</span> <span class='ocrx_word' id='word_1_660' title='bbox 1129 3323 1312 3357; x_wconf 88' lang='lat' dir='ltr'>universum</span> <span class='ocrx_word' id='word_1_661' title='bbox 1335 3324 1383 3358; x_wconf 87' lang='lat' dir='ltr'>as-</span> 
     </span>
     <span class='ocr_line' id='line_1_76' title="bbox 376 3365 1385 3413; baseline -0.006 -6"><span class='ocrx_word' id='word_1_662' title='bbox 376 3371 546 3411; x_wconf 85' lang='lat' dir='ltr'>sentiaris,</span> <span class='ocrx_word' id='word_1_663' title='bbox 570 3379 652 3413; x_wconf 79' lang='lat' dir='ltr'>quos</span> <span class='ocrx_word' id='word_1_664' title='bbox 675 3379 734 3412; x_wconf 81' lang='lat' dir='ltr'>ego</span> <span class='ocrx_word' id='word_1_665' title='bbox 766 3365 940 3410; x_wconf 81' lang='lat' dir='ltr'>aliquando</span> <span class='ocrx_word' id='word_1_666' title='bbox 964 3368 1211 3408; x_wconf 83' lang='lat' dir='ltr'>pronunciantes</span> <span class='ocrx_word' id='word_1_667' title='bbox 1243 3367 1351 3401; x_wconf 88' lang='lat' dir='ltr'>audivi</span> <span class='ocrx_word' id='word_1_668' title='bbox 1376 3390 1385 3406; x_wconf 90' lang='lat'><strong>,</strong></span> 
     </span>
    </p>
   </div>
   <div class='ocr_carea' id='block_1_3' title="bbox 966 67 1888 126">
    <p class='ocr_par' dir='ltr' id='par_1_4' title="bbox 966 67 1888 126">
     <span class='ocr_line' id='line_1_77' title="bbox 966 67 1888 126; baseline -0.002 -2"><span class='ocrx_word' id='word_1_669' title='bbox 966 69 1126 124; x_wconf 83' lang='lat' dir='ltr'>Liber</span> <span class='ocrx_word' id='word_1_670' title='bbox 1158 69 1226 121; x_wconf 90' lang='lat' dir='ltr'>II.</span> <span class='ocrx_word' id='word_1_671' title='bbox 1260 67 1346 125; x_wconf 87' lang='lat' dir='ltr'>De</span> <span class='ocrx_word' id='word_1_672' title='bbox 1382 68 1590 123; x_wconf 88' lang='lat' dir='ltr'>Morbis</span> <span class='ocrx_word' id='word_1_673' title='bbox 1625 69 1888 126; x_wconf 87' lang='lat' dir='ltr'>Thoracis</span> 
     </span>
    </p>
   </div>
   <div class='ocr_carea' id='block_1_4' title="bbox 1432 146 2478 3424">
    <p class='ocr_par' dir='ltr' id='par_1_5' title="bbox 1432 146 2447 1797">
     <span class='ocr_line' id='line_1_78' title="bbox 1437 146 2447 197; baseline 0.005 -17"><span class='ocrx_word' id='word_1_674' title='bbox 1437 146 1460 181; x_wconf 83' lang='lat' dir='ltr'>si</span> <span class='ocrx_word' id='word_1_675' title='bbox 1483 151 1518 181; x_wconf 87' lang='lat' dir='ltr'>in</span> <span class='ocrx_word' id='word_1_676' title='bbox 1540 147 1725 191; x_wconf 82' lang='lat' dir='ltr'>hujusmodi</span> <span class='ocrx_word' id='word_1_677' title='bbox 1750 149 1871 183; x_wconf 84' lang='lat' dir='ltr'>morbis</span> <span class='ocrx_word' id='word_1_678' title='bbox 1894 147 2041 197; x_wconf 65' lang='lat' dir='ltr'>sanguis,</span> <span class='ocrx_word' id='word_1_679' title='bbox 2062 150 2203 185; x_wconf 55' lang='lat' dir='ltr'>‘secundo</span> <span class='ocrx_word' id='word_1_680' title='bbox 2217 149 2324 186; x_wconf 89' lang='lat' dir='ltr'>missus</span> <span class='ocrx_word' id='word_1_681' title='bbox 2340 174 2350 190; x_wconf 94' lang='lat'><em>‚</em></span> <span class='ocrx_word' id='word_1_682' title='bbox 2373 161 2447 185; x_wconf 85' lang='lat' dir='ltr'>cru-</span> 
     </span>
     <span class='ocr_line' id='line_1_79' title="bbox 1437 191 2447 232; baseline 0.003 -8"><span class='ocrx_word' id='word_1_683' title='bbox 1437 191 1480 225; x_wconf 87' lang='lat' dir='ltr'>sta</span> <span class='ocrx_word' id='word_1_684' title='bbox 1504 201 1627 232; x_wconf 85' lang='lat' dir='ltr'>careat,</span> <span class='ocrx_word' id='word_1_685' title='bbox 1651 193 1686 226; x_wconf 88' lang='lat' dir='ltr'>id</span> <span class='ocrx_word' id='word_1_686' title='bbox 1708 191 1785 227; x_wconf 84' lang='lat' dir='ltr'>adeo</span> <span class='ocrx_word' id='word_1_687' title='bbox 1807 193 1927 226; x_wconf 86' lang='lat' dir='ltr'>malum</span> <span class='ocrx_word' id='word_1_688' title='bbox 1948 194 2027 232; x_wconf 83' lang='lat' dir='ltr'>esse,</span> <span class='ocrx_word' id='word_1_689' title='bbox 2052 204 2088 228; x_wconf 88' lang='lat' dir='ltr'>ut</span> <span class='ocrx_word' id='word_1_690' title='bbox 2112 195 2133 228; x_wconf 85' lang='lat' dir='ltr'>fi</span> <span class='ocrx_word' id='word_1_691' title='bbox 2146 196 2246 228; x_wconf 87' lang='lat' dir='ltr'>tertio</span> <span class='ocrx_word' id='word_1_692' title='bbox 2270 198 2447 231; x_wconf 88' lang='lat' dir='ltr'>mittatur,</span> 
     </span>
     <span class='ocr_line' id='line_1_80' title="bbox 1437 236 2445 282; baseline 0.003 -15"><span class='ocrx_word' id='word_1_693' title='bbox 1437 236 1595 269; x_wconf 83' lang='lat' dir='ltr'>intereant</span> <span class='ocrx_word' id='word_1_694' title='bbox 1618 245 1830 279; x_wconf 81' lang='lat' dir='ltr'>aegrotantes.</span> <span class='ocrx_word' id='word_1_695' title='bbox 1856 236 1986 269; x_wconf 86' lang='lat' dir='ltr'>Scilicet</span> <span class='ocrx_word' id='word_1_696' title='bbox 1997 238 2088 280; x_wconf 83' lang='lat' dir='ltr'>plura</span> <span class='ocrx_word' id='word_1_697' title='bbox 2111 237 2184 272; x_wconf 88' lang='lat' dir='ltr'>sunt</span> <span class='ocrx_word' id='word_1_698' title='bbox 2194 251 2266 282; x_wconf 84' lang='lat' dir='ltr'>quae</span> <span class='ocrx_word' id='word_1_699' title='bbox 2289 239 2362 273; x_wconf 88' lang='lat' dir='ltr'>casu</span> <span class='ocrx_word' id='word_1_700' title='bbox 2372 237 2445 281; x_wconf 89' lang='lat' dir='ltr'>pos-</span> 
     </span>
     <span class='ocr_line' id='line_1_81' title="bbox 1437 277 2446 326; baseline 0.003 -14"><span class='ocrx_word' id='word_1_701' title='bbox 1437 277 1509 312; x_wconf 89' lang='lat' dir='ltr'>sunt</span> <span class='ocrx_word' id='word_1_702' title='bbox 1532 278 1676 319; x_wconf 73' lang='lat' dir='ltr'>efficeoe,</span> <span class='ocrx_word' id='word_1_703' title='bbox 1698 290 1736 312; x_wconf 87' lang='lat' dir='ltr'>ne</span> <span class='ocrx_word' id='word_1_704' title='bbox 1758 279 1857 314; x_wconf 84' lang='lat' dir='ltr'>crusta</span> <span class='ocrx_word' id='word_1_705' title='bbox 1879 279 2016 321; x_wconf 78' lang='lat' dir='ltr'>existat,</span> <span class='ocrx_word' id='word_1_706' title='bbox 2039 284 2183 316; x_wconf 86' lang='lat' dir='ltr'>extitura</span> <span class='ocrx_word' id='word_1_707' title='bbox 2206 283 2351 326; x_wconf 84' lang='lat' dir='ltr'>alioquin</span> <span class='ocrx_word' id='word_1_708' title='bbox 2375 305 2388 321; x_wconf 86' lang='lat'><em>‚</em></span> <span class='ocrx_word' id='word_1_709' title='bbox 2421 281 2446 315; x_wconf 83' lang='lat' dir='ltr'>fi</span> 
     </span>
     <span class='ocr_line' id='line_1_82' title="bbox 1436 322 2444 366; baseline 0.003 -11"><span class='ocrx_word' id='word_1_710' title='bbox 1436 322 1492 355; x_wconf 87' lang='lat' dir='ltr'>illa</span> <span class='ocrx_word' id='word_1_711' title='bbox 1518 333 1583 355; x_wconf 87' lang='lat' dir='ltr'>non</span> <span class='ocrx_word' id='word_1_712' title='bbox 1607 322 1813 361; x_wconf 80' lang='lat' dir='ltr'>accidissent,</span> <span class='ocrx_word' id='word_1_713' title='bbox 1836 334 1908 366; x_wconf 83' lang='lat' dir='ltr'>quae</span> <span class='ocrx_word' id='word_1_714' title='bbox 1930 322 2147 366; x_wconf 86' lang='lat' dir='ltr'>saepenumero</span> <span class='ocrx_word' id='word_1_715' title='bbox 2178 337 2243 358; x_wconf 90' lang='lat' dir='ltr'>non</span> <span class='ocrx_word' id='word_1_716' title='bbox 2268 327 2444 360; x_wconf 86' lang='lat' dir='ltr'>attendun-</span> 
     </span>
     <span class='ocr_line' id='line_1_83' title="bbox 1437 365 2443 412; baseline 0.002 -12"><span class='ocrx_word' id='word_1_717' title='bbox 1437 376 1491 400; x_wconf 88' lang='lat' dir='ltr'>tur</span> <span class='ocrx_word' id='word_1_718' title='bbox 1516 389 1522 395; x_wconf 89' lang='lat'><em>.</em></span> <span class='ocrx_word' id='word_1_719' title='bbox 1558 365 1789 407; x_wconf 82' lang='lat' dir='ltr'>Sydenhamius</span> <span class='ocrx_word' id='word_1_720' title='bbox 1812 369 1827 405; x_wconf 94' lang='lat'><strong>(</strong></span> <span class='ocrx_word' id='word_1_721' title='bbox 1850 377 1867 408; x_wconf 93' lang='lat' dir='ltr'><em>q</em></span> <span class='ocrx_word' id='word_1_722' title='bbox 1889 369 1927 406; x_wconf 85' lang='lat'>)‚</span> <span class='ocrx_word' id='word_1_723' title='bbox 1950 368 2006 410; x_wconf 90' lang='lat' dir='ltr'>qui</span> <span class='ocrx_word' id='word_1_724' title='bbox 2029 368 2126 411; x_wconf 82' lang='lat' dir='ltr'>longe</span> <span class='ocrx_word' id='word_1_725' title='bbox 2149 369 2215 402; x_wconf 90' lang='lat' dir='ltr'>alio</span> <span class='ocrx_word' id='word_1_726' title='bbox 2238 379 2385 412; x_wconf 88' lang='lat' dir='ltr'>tempore</span> <span class='ocrx_word' id='word_1_727' title='bbox 2408 370 2443 402; x_wconf 88' lang='lat' dir='ltr'>in</span> 
     </span>
     <span class='ocr_line' id='line_1_84' title="bbox 1436 409 2442 457; baseline 0.002 -13"><span class='ocrx_word' id='word_1_728' title='bbox 1436 410 1558 451; x_wconf 80' lang='lat' dir='ltr'>Anglia</span> <span class='ocrx_word' id='word_1_729' title='bbox 1584 409 1721 450; x_wconf 81' lang='lat' dir='ltr'>floruit,</span> <span class='ocrx_word' id='word_1_730' title='bbox 1744 420 1779 442; x_wconf 91' lang='lat' dir='ltr'>ac</span> <span class='ocrx_word' id='word_1_731' title='bbox 1800 420 1869 452; x_wconf 92' lang='lat' dir='ltr'>quo</span> <span class='ocrx_word' id='word_1_732' title='bbox 1893 409 1949 442; x_wconf 90' lang='lat' dir='ltr'>ille</span> <span class='ocrx_word' id='word_1_733' title='bbox 1975 411 2104 445; x_wconf 82' lang='lat' dir='ltr'>vivebat</span> <span class='ocrx_word' id='word_1_734' title='bbox 2125 424 2220 455; x_wconf 86' lang='lat' dir='ltr'>quem</span> <span class='ocrx_word' id='word_1_735' title='bbox 2243 411 2408 447; x_wconf 77' lang='lat' dir='ltr'>tradidisse</span> <span class='ocrx_word' id='word_1_736' title='bbox 2428 435 2442 457; x_wconf 69' lang='lat'><em>7</em></span> 
     </span>
     <span class='ocr_line' id='line_1_85' title="bbox 1434 453 2444 497; baseline 0.003 -10"><span class='ocrx_word' id='word_1_737' title='bbox 1434 454 1526 497; x_wconf 82' lang='lat' dir='ltr'>ajunt</span> <span class='ocrx_word' id='word_1_738' title='bbox 1552 453 1724 487; x_wconf 87' lang='lat' dir='ltr'>Marcellus</span> <span class='ocrx_word' id='word_1_739' title='bbox 1748 455 1895 487; x_wconf 87' lang='lat' dir='ltr'>Donatus</span> <span class='ocrx_word' id='word_1_740' title='bbox 1918 456 1932 492; x_wconf 88' lang='lat'>(</span> <span class='ocrx_word' id='word_1_741' title='bbox 1956 465 1972 486; x_wconf 92' lang='lat' dir='ltr'>r</span> <span class='ocrx_word' id='word_1_742' title='bbox 1992 458 2006 495; x_wconf 91' lang='lat'><em>)</em></span> <span class='ocrx_word' id='word_1_743' title='bbox 2027 478 2037 492; x_wconf 91' lang='lat'>,</span> <span class='ocrx_word' id='word_1_744' title='bbox 2062 458 2095 489; x_wconf 67' lang='grc' dir='ltr'>δι</span> <span class='ocrx_word' id='word_1_745' title='bbox 2119 457 2316 491; x_wconf 86' lang='lat' dir='ltr'>Vincentius</span> <span class='ocrx_word' id='word_1_746' title='bbox 2340 458 2444 490; x_wconf 88' lang='lat' dir='ltr'>Baro-</span> 
     </span>
     <span class='ocr_line' id='line_1_86' title="bbox 1434 495 2444 545; baseline 0.003 -14"><span class='ocrx_word' id='word_1_747' title='bbox 1434 500 1506 531; x_wconf 89' lang='lat' dir='ltr'>nius</span> <span class='ocrx_word' id='word_1_748' title='bbox 1530 500 1544 537; x_wconf 92' lang='lat'>(</span> <span class='ocrx_word' id='word_1_749' title='bbox 1561 496 1587 538; x_wconf 92' lang='lat' dir='ltr'><em>s</em></span> <span class='ocrx_word' id='word_1_750' title='bbox 1600 500 1634 536; x_wconf 89' lang='lat'>),</span> <span class='ocrx_word' id='word_1_751' title='bbox 1661 497 1744 538; x_wconf 87' lang='lat' dir='ltr'>apud</span> <span class='ocrx_word' id='word_1_752' title='bbox 1764 495 1892 545; x_wconf 68' lang='lat' dir='ltr'>Anglos</span> <span class='ocrx_word' id='word_1_753' title='bbox 1909 496 2116 537; x_wconf 83' lang='lat' dir='ltr'>pleuritidem</span> <span class='ocrx_word' id='word_1_754' title='bbox 2148 499 2291 534; x_wconf 87' lang='lat' dir='ltr'>morbum</span> <span class='ocrx_word' id='word_1_755' title='bbox 2387 512 2444 534; x_wconf 90' lang='lat' dir='ltr'>ra-</span> 
     </span>
     <span class='ocr_line' id='line_1_87' title="bbox 1434 538 2442 586; baseline 0.004 -12"><span class='ocrx_word' id='word_1_756' title='bbox 1434 552 1505 575; x_wconf 87' lang='lat' dir='ltr'>rum</span> <span class='ocrx_word' id='word_1_757' title='bbox 1526 540 1690 575; x_wconf 78' lang='lat' dir='ltr'>admodum</span> <span class='ocrx_word' id='word_1_758' title='bbox 1713 538 1870 581; x_wconf 71' lang='lat' dir='ltr'>conspici,</span> <span class='ocrx_word' id='word_1_759' title='bbox 1893 548 1930 572; x_wconf 84' lang='lat' dir='ltr'>ut</span> <span class='ocrx_word' id='word_1_760' title='bbox 1951 550 2067 576; x_wconf 74' lang='lat' dir='ltr'>novum</span> <span class='ocrx_word' id='word_1_761' title='bbox 2086 546 2312 585; x_wconf 82' lang='lat' dir='ltr'>propemodum</span> <span class='ocrx_word' id='word_1_762' title='bbox 2328 544 2374 586; x_wconf 83' lang='lat' dir='ltr'>fit</span> <span class='ocrx_word' id='word_1_763' title='bbox 2395 544 2442 579; x_wconf 85' lang='lat' dir='ltr'>il-</span> 
     </span>
     <span class='ocr_line' id='line_1_88' title="bbox 1432 582 2443 630; baseline 0.006 -13"><span class='ocrx_word' id='word_1_764' title='bbox 1432 585 1475 619; x_wconf 86' lang='lat' dir='ltr'>lis</span> <span class='ocrx_word' id='word_1_765' title='bbox 1498 583 1635 620; x_wconf 86' lang='lat' dir='ltr'>malum;</span> <span class='ocrx_word' id='word_1_766' title='bbox 1658 594 1732 616; x_wconf 89' lang='lat' dir='ltr'>cum</span> <span class='ocrx_word' id='word_1_767' title='bbox 1755 591 1836 615; x_wconf 88' lang='lat' dir='ltr'>certe</span> <span class='ocrx_word' id='word_1_768' title='bbox 1857 582 1923 625; x_wconf 88' lang='lat' dir='ltr'>ipse</span> <span class='ocrx_word' id='word_1_769' title='bbox 1945 593 2005 616; x_wconf 87' lang='lat' dir='ltr'>non</span> <span class='ocrx_word' id='word_1_770' title='bbox 2028 586 2128 620; x_wconf 86' lang='lat' dir='ltr'>alium</span> <span class='ocrx_word' id='word_1_771' title='bbox 2152 584 2215 620; x_wconf 90' lang='lat' dir='ltr'>hoc</span> <span class='ocrx_word' id='word_1_772' title='bbox 2241 584 2443 630; x_wconf 83' lang='lat' dir='ltr'>frequentio-</span> 
     </span>
     <span class='ocr_line' id='line_1_89' title="bbox 1434 625 2442 670; baseline 0.004 -9"><span class='ocrx_word' id='word_1_773' title='bbox 1434 638 1498 661; x_wconf 83' lang='lat' dir='ltr'>rem</span> <span class='ocrx_word' id='word_1_774' title='bbox 1521 625 1700 661; x_wconf 77' lang='lat' dir='ltr'>offendisset</span> <span class='ocrx_word' id='word_1_775' title='bbox 1715 650 1725 665; x_wconf 84' lang='lat'>‚</span> <span class='ocrx_word' id='word_1_776' title='bbox 1749 626 1839 668; x_wconf 70' lang='lat' dir='ltr'>plura</span> <span class='ocrx_word' id='word_1_777' title='bbox 1863 648 1874 665; x_wconf 77' lang='grc'><em>,</em></span> <span class='ocrx_word' id='word_1_778' title='bbox 1897 636 1932 659; x_wconf 90' lang='lat' dir='ltr'>ut</span> <span class='ocrx_word' id='word_1_779' title='bbox 1956 627 2039 662; x_wconf 80' lang='lat' dir='ltr'>nosti</span> <span class='ocrx_word' id='word_1_780' title='bbox 2059 653 2072 670; x_wconf 89' lang='lat'><em>,</em></span> <span class='ocrx_word' id='word_1_781' title='bbox 2106 629 2144 663; x_wconf 89' lang='lat' dir='ltr'>de</span> <span class='ocrx_word' id='word_1_782' title='bbox 2168 629 2280 663; x_wconf 85' lang='lat' dir='ltr'>eodem</span> <span class='ocrx_word' id='word_1_783' title='bbox 2304 630 2442 666; x_wconf 88' lang='lat' dir='ltr'>adnota-</span> 
     </span>
     <span class='ocr_line' id='line_1_90' title="bbox 1432 668 2442 714; baseline 0.006 -12"><span class='ocrx_word' id='word_1_784' title='bbox 1432 673 1503 709; x_wconf 89' lang='lat' dir='ltr'>vit,</span> <span class='ocrx_word' id='word_1_785' title='bbox 1527 681 1667 714; x_wconf 86' lang='lat' dir='ltr'>quorum</span> <span class='ocrx_word' id='word_1_786' title='bbox 1691 671 1796 713; x_wconf 85' lang='lat' dir='ltr'>aliqua</span> <span class='ocrx_word' id='word_1_787' title='bbox 1818 668 1874 702; x_wconf 86' lang='lat' dir='ltr'>etfi</span> <span class='ocrx_word' id='word_1_788' title='bbox 1896 669 2048 705; x_wconf 83' lang='lat' dir='ltr'>nostrates</span> <span class='ocrx_word' id='word_1_789' title='bbox 2071 672 2197 707; x_wconf 87' lang='lat' dir='ltr'>Medici</span> <span class='ocrx_word' id='word_1_790' title='bbox 2221 684 2286 707; x_wconf 92' lang='lat' dir='ltr'>non</span> <span class='ocrx_word' id='word_1_791' title='bbox 2308 675 2442 708; x_wconf 86' lang='lat' dir='ltr'>imitan-</span> 
     </span>
     <span class='ocr_line' id='line_1_91' title="bbox 1433 713 2442 760; baseline 0.005 -12"><span class='ocrx_word' id='word_1_792' title='bbox 1433 723 1510 754; x_wconf 86' lang='lat' dir='ltr'>tur,</span> <span class='ocrx_word' id='word_1_793' title='bbox 1534 715 1672 756; x_wconf 82' lang='lat' dir='ltr'>exempli</span> <span class='ocrx_word' id='word_1_794' title='bbox 1695 713 1806 752; x_wconf 85' lang='lat' dir='ltr'>causa,</span> <span class='ocrx_word' id='word_1_795' title='bbox 1831 721 1867 746; x_wconf 88' lang='lat' dir='ltr'>ut</span> <span class='ocrx_word' id='word_1_796' title='bbox 1890 713 2022 748; x_wconf 83' lang='lat' dir='ltr'>durante</span> <span class='ocrx_word' id='word_1_797' title='bbox 2045 716 2172 756; x_wconf 85' lang='lat' dir='ltr'>morbo,</span> <span class='ocrx_word' id='word_1_798' title='bbox 2265 716 2344 751; x_wconf 61' lang='lat' dir='ltr'>lesio</span> <span class='ocrx_word' id='word_1_799' title='bbox 2365 729 2442 760; x_wconf 87' lang='lat' dir='ltr'>quo-</span> 
     </span>
     <span class='ocr_line' id='line_1_92' title="bbox 1432 756 2441 805; baseline 0.003 -13"><span class='ocrx_word' id='word_1_800' title='bbox 1432 758 1510 792; x_wconf 83' lang='lat' dir='ltr'>tidie</span> <span class='ocrx_word' id='word_1_801' title='bbox 1534 759 1692 792; x_wconf 77' lang='lat' dir='ltr'>eximatur</span> <span class='ocrx_word' id='word_1_802' title='bbox 1714 767 1797 798; x_wconf 67' lang='lat' dir='ltr'>aeger</span> <span class='ocrx_word' id='word_1_803' title='bbox 1817 779 1830 797; x_wconf 82' lang='lat'><em>,</em></span> <span class='ocrx_word' id='word_1_804' title='bbox 1862 756 1952 805; x_wconf 74' lang='lat' dir='ltr'>idque</span> <span class='ocrx_word' id='word_1_805' title='bbox 1974 759 2013 791; x_wconf 86' lang='lat' dir='ltr'>ad</span> <span class='ocrx_word' id='word_1_806' title='bbox 2047 758 2139 793; x_wconf 84' lang='lat' dir='ltr'>horas</span> <span class='ocrx_word' id='word_1_807' title='bbox 2162 759 2284 803; x_wconf 80' lang='lat' dir='ltr'>aliquot</span> <span class='ocrx_word' id='word_1_808' title='bbox 2303 774 2319 803; x_wconf 81' lang='grc'>,-</span> <span class='ocrx_word' id='word_1_809' title='bbox 2358 762 2441 797; x_wconf 79' lang='lat' dir='ltr'>bona</span> 
     </span>
     <span class='ocr_line' id='line_1_93' title="bbox 1433 799 2441 848; baseline 0.007 -14"><span class='ocrx_word' id='word_1_810' title='bbox 1433 811 1540 835; x_wconf 88' lang='lat' dir='ltr'>tamen</span> <span class='ocrx_word' id='word_1_811' title='bbox 1565 801 1636 836; x_wconf 89' lang='lat' dir='ltr'>sunt</span> <span class='ocrx_word' id='word_1_812' title='bbox 1659 800 1805 844; x_wconf 82' lang='lat' dir='ltr'>quaedam</span> <span class='ocrx_word' id='word_1_813' title='bbox 1829 799 1912 839; x_wconf 85' lang='lat' dir='ltr'>alia,</span> <span class='ocrx_word' id='word_1_814' title='bbox 1937 809 2081 845; x_wconf 80' lang='lat' dir='ltr'>interque</span> <span class='ocrx_word' id='word_1_815' title='bbox 2104 802 2193 844; x_wconf 82' lang='lat' dir='ltr'>haec,</span> <span class='ocrx_word' id='word_1_816' title='bbox 2216 815 2287 848; x_wconf 87' lang='lat' dir='ltr'>quae</span> <span class='ocrx_word' id='word_1_817' title='bbox 2311 804 2350 839; x_wconf 88' lang='lat' dir='ltr'>de</span> <span class='ocrx_word' id='word_1_818' title='bbox 2370 816 2441 841; x_wconf 89' lang='lat' dir='ltr'>cru-</span> 
     </span>
     <span class='ocr_line' id='line_1_94' title="bbox 1435 842 2438 890; baseline 0.003 -11"><span class='ocrx_word' id='word_1_819' title='bbox 1435 846 1478 879; x_wconf 88' lang='lat' dir='ltr'>sta</span> <span class='ocrx_word' id='word_1_820' title='bbox 1501 844 1662 887; x_wconf 84' lang='lat' dir='ltr'>sanguinis</span> <span class='ocrx_word' id='word_1_821' title='bbox 1688 843 1937 883; x_wconf 83' lang='lat' dir='ltr'>animadvertit,</span> <span class='ocrx_word' id='word_1_822' title='bbox 1961 842 1985 877; x_wconf 84' lang='lat' dir='ltr'>fi</span> <span class='ocrx_word' id='word_1_823' title='bbox 2008 856 2073 878; x_wconf 88' lang='lat' dir='ltr'>non</span> <span class='ocrx_word' id='word_1_824' title='bbox 2095 845 2243 890; x_wconf 87' lang='lat' dir='ltr'>semper,</span> <span class='ocrx_word' id='word_1_825' title='bbox 2264 857 2300 881; x_wconf 89' lang='lat' dir='ltr'>ut</span> <span class='ocrx_word' id='word_1_826' title='bbox 2327 848 2382 882; x_wconf 85' lang='lat' dir='ltr'>alii</span> <span class='ocrx_word' id='word_1_827' title='bbox 2394 853 2438 890; x_wconf 73' lang='grc' dir='ltr'>(ι’)</span> 
     </span>
     <span class='ocr_line' id='line_1_95' title="bbox 1435 886 2441 935; baseline 0.004 -13"><span class='ocrx_word' id='word_1_828' title='bbox 1435 889 1692 929; x_wconf 87' lang='lat' dir='ltr'>adnotaverunt,</span> <span class='ocrx_word' id='word_1_829' title='bbox 1717 899 1748 921; x_wconf 88' lang='lat' dir='ltr'>at</span> <span class='ocrx_word' id='word_1_830' title='bbox 1774 888 1853 929; x_wconf 79' lang='lat' dir='ltr'>saepe</span> <span class='ocrx_word' id='word_1_831' title='bbox 1875 886 1954 920; x_wconf 89' lang='lat' dir='ltr'>adeo</span> <span class='ocrx_word' id='word_1_832' title='bbox 1977 887 2196 931; x_wconf 88' lang='lat' dir='ltr'>respondentia</span> <span class='ocrx_word' id='word_1_833' title='bbox 2211 914 2220 928; x_wconf 87' lang='lat'><em>,</em></span> <span class='ocrx_word' id='word_1_834' title='bbox 2244 899 2279 925; x_wconf 88' lang='lat' dir='ltr'>ut</span> <span class='ocrx_word' id='word_1_835' title='bbox 2303 902 2364 935; x_wconf 91' lang='lat' dir='ltr'>pro</span> <span class='ocrx_word' id='word_1_836' title='bbox 2388 905 2441 926; x_wconf 91' lang='lat' dir='ltr'>ve-</span> 
     </span>
     <span class='ocr_line' id='line_1_96' title="bbox 1436 931 2440 976; baseline 0.005 -11"><span class='ocrx_word' id='word_1_837' title='bbox 1436 934 1481 966; x_wconf 86' lang='lat' dir='ltr'>ris</span> <span class='ocrx_word' id='word_1_838' title='bbox 1504 933 1660 974; x_wconf 86' lang='lat' dir='ltr'>acceperit</span> <span class='ocrx_word' id='word_1_839' title='bbox 1687 931 1901 965; x_wconf 85' lang='lat' dir='ltr'>Boerhaavius</span> <span class='ocrx_word' id='word_1_840' title='bbox 1925 934 2011 971; x_wconf 88' lang='lat' dir='ltr'>(u).</span> <span class='ocrx_word' id='word_1_841' title='bbox 2037 933 2120 968; x_wconf 82' lang='lat' dir='ltr'>Quae</span> <span class='ocrx_word' id='word_1_842' title='bbox 2144 945 2218 968; x_wconf 90' lang='lat' dir='ltr'>cum</span> <span class='ocrx_word' id='word_1_843' title='bbox 2243 936 2440 976; x_wconf 53' lang='lat' dir='ltr'>attenderim</span> 
     </span>
     <span class='ocr_line' id='line_1_97' title="bbox 1435 973 2440 1019; baseline 0.004 -10"><span class='ocrx_word' id='word_1_844' title='bbox 1435 975 1530 1009; x_wconf 80' lang='lat' dir='ltr'>facile</span> <span class='ocrx_word' id='word_1_845' title='bbox 1554 976 1735 1018; x_wconf 85' lang='lat' dir='ltr'>intelliges,</span> <span class='ocrx_word' id='word_1_846' title='bbox 1757 985 1853 1019; x_wconf 89' lang='lat' dir='ltr'>quam</span> <span class='ocrx_word' id='word_1_847' title='bbox 1878 984 2015 1017; x_wconf 88' lang='lat' dir='ltr'>pronum</span> <span class='ocrx_word' id='word_1_848' title='bbox 2038 973 2077 1008; x_wconf 83' lang='lat' dir='ltr'>sit</span> <span class='ocrx_word' id='word_1_849' title='bbox 2101 975 2194 1018; x_wconf 84' lang='lat' dir='ltr'>falli,</span> <span class='ocrx_word' id='word_1_850' title='bbox 2219 989 2293 1012; x_wconf 91' lang='lat' dir='ltr'>cum</span> <span class='ocrx_word' id='word_1_851' title='bbox 2311 990 2345 1011; x_wconf 86' lang='lat' dir='ltr'>ea</span> <span class='ocrx_word' id='word_1_852' title='bbox 2365 991 2440 1014; x_wconf 88' lang='lat' dir='ltr'>cru-</span> 
     </span>
     <span class='ocr_line' id='line_1_98' title="bbox 1436 1018 2441 1064; baseline 0 -11"><span class='ocrx_word' id='word_1_853' title='bbox 1436 1019 1478 1053; x_wconf 89' lang='lat' dir='ltr'>sta</span> <span class='ocrx_word' id='word_1_854' title='bbox 1503 1028 1557 1054; x_wconf 84' lang='lat' dir='ltr'>aut</span> <span class='ocrx_word' id='word_1_855' title='bbox 1580 1022 1710 1060; x_wconf 86' lang='lat' dir='ltr'>tenuis,</span> <span class='ocrx_word' id='word_1_856' title='bbox 1733 1028 1788 1052; x_wconf 86' lang='lat' dir='ltr'>aut</span> <span class='ocrx_word' id='word_1_857' title='bbox 1812 1018 1899 1052; x_wconf 84' lang='lat' dir='ltr'>nulla</span> <span class='ocrx_word' id='word_1_858' title='bbox 1923 1027 2069 1060; x_wconf 86' lang='lat' dir='ltr'>apparet,</span> <span class='ocrx_word' id='word_1_859' title='bbox 2093 1019 2152 1053; x_wconf 84' lang='lat' dir='ltr'>nifi</span> <span class='ocrx_word' id='word_1_860' title='bbox 2168 1021 2339 1064; x_wconf 81' lang='lat' dir='ltr'>Medicus,</span> <span class='ocrx_word' id='word_1_861' title='bbox 2361 1035 2441 1058; x_wconf 84' lang='lat' dir='ltr'>con-</span> 
     </span>
     <span class='ocr_line' id='line_1_99' title="bbox 1433 1061 2441 1106; baseline 0.004 -9"><span class='ocrx_word' id='word_1_862' title='bbox 1433 1072 1558 1097; x_wconf 88' lang='lat' dir='ltr'>cretum</span> <span class='ocrx_word' id='word_1_863' title='bbox 1582 1062 1753 1106; x_wconf 88' lang='lat' dir='ltr'>inspiciens</span> <span class='ocrx_word' id='word_1_864' title='bbox 1777 1061 1985 1105; x_wconf 80' lang='lat' dir='ltr'>sanguinem,</span> <span class='ocrx_word' id='word_1_865' title='bbox 2009 1062 2105 1103; x_wconf 87' lang='lat' dir='ltr'>sciat,</span> <span class='ocrx_word' id='word_1_866' title='bbox 2129 1073 2206 1098; x_wconf 89' lang='lat' dir='ltr'>tunc</span> <span class='ocrx_word' id='word_1_867' title='bbox 2228 1077 2302 1099; x_wconf 89' lang='lat' dir='ltr'>cum</span> <span class='ocrx_word' id='word_1_868' title='bbox 2327 1068 2441 1101; x_wconf 85' lang='lat' dir='ltr'>mitte-</span> 
     </span>
     <span class='ocr_line' id='line_1_100' title="bbox 1433 1108 2442 1149; baseline 0.006 -9"><span class='ocrx_word' id='word_1_869' title='bbox 1433 1116 1521 1141; x_wconf 88' lang='lat' dir='ltr'>retur</span> <span class='ocrx_word' id='word_1_870' title='bbox 1539 1129 1548 1144; x_wconf 91' lang='lat'>,</span> <span class='ocrx_word' id='word_1_871' title='bbox 1582 1108 1724 1149; x_wconf 90' lang='lat' dir='ltr'>primum</span> <span class='ocrx_word' id='word_1_872' title='bbox 1750 1117 1803 1149; x_wconf 89' lang='lat' dir='ltr'>per</span> <span class='ocrx_word' id='word_1_873' title='bbox 1825 1115 1970 1139; x_wconf 85' lang='lat' dir='ltr'>cutemne</span> <span class='ocrx_word' id='word_1_874' title='bbox 1994 1117 2114 1148; x_wconf 89' lang='lat' dir='ltr'>reperet</span> <span class='ocrx_word' id='word_1_875' title='bbox 2134 1132 2146 1147; x_wconf 90' lang='lat'><em>‚</em></span> <span class='ocrx_word' id='word_1_876' title='bbox 2179 1118 2250 1142; x_wconf 92' lang='lat' dir='ltr'>tum</span> <span class='ocrx_word' id='word_1_877' title='bbox 2274 1121 2311 1143; x_wconf 87' lang='lat' dir='ltr'>an</span> <span class='ocrx_word' id='word_1_878' title='bbox 2335 1113 2442 1146; x_wconf 86' lang='lat' dir='ltr'>minus</span> 
     </span>
     <span class='ocr_line' id='line_1_101' title="bbox 1432 1149 2444 1199; baseline 0.006 -16"><span class='ocrx_word' id='word_1_879' title='bbox 1432 1150 1527 1192; x_wconf 89' lang='lat' dir='ltr'>pleno</span> <span class='ocrx_word' id='word_1_880' title='bbox 1550 1152 1649 1184; x_wconf 88' lang='lat' dir='ltr'>exiret</span> <span class='ocrx_word' id='word_1_881' title='bbox 1673 1149 1751 1190; x_wconf 82' lang='lat' dir='ltr'>filo,</span> <span class='ocrx_word' id='word_1_882' title='bbox 1775 1149 1911 1192; x_wconf 88' lang='lat' dir='ltr'>denique</span> <span class='ocrx_word' id='word_1_883' title='bbox 1936 1161 1973 1182; x_wconf 86' lang='lat' dir='ltr'>an</span> <span class='ocrx_word' id='word_1_884' title='bbox 1997 1151 2101 1184; x_wconf 88' lang='lat' dir='ltr'>calens</span> <span class='ocrx_word' id='word_1_885' title='bbox 2124 1151 2228 1185; x_wconf 88' lang='lat' dir='ltr'>adhuc</span> <span class='ocrx_word' id='word_1_886' title='bbox 2252 1152 2350 1188; x_wconf 89' lang='lat' dir='ltr'>fuerit</span> <span class='ocrx_word' id='word_1_887' title='bbox 2374 1157 2444 1199; x_wconf 79' lang='lat' dir='ltr'>agi—</span> 
     </span>
     <span class='ocr_line' id='line_1_102' title="bbox 1432 1193 2443 1242; baseline 0.001 -16"><span class='ocrx_word' id='word_1_888' title='bbox 1432 1204 1517 1228; x_wconf 86' lang='lat' dir='ltr'>tatus</span> <span class='ocrx_word' id='word_1_889' title='bbox 1542 1220 1548 1227; x_wconf 96' lang='lat'>.</span> <span class='ocrx_word' id='word_1_890' title='bbox 1580 1195 1663 1227; x_wconf 83' lang='lat' dir='ltr'>Haec</span> <span class='ocrx_word' id='word_1_891' title='bbox 1685 1205 1761 1226; x_wconf 89' lang='lat' dir='ltr'>vero</span> <span class='ocrx_word' id='word_1_892' title='bbox 1782 1202 1901 1236; x_wconf 88' lang='lat' dir='ltr'>quotus</span> <span class='ocrx_word' id='word_1_893' title='bbox 1924 1193 2057 1236; x_wconf 87' lang='lat' dir='ltr'>quisque</span> <span class='ocrx_word' id='word_1_894' title='bbox 2092 1196 2125 1228; x_wconf 91' lang='lat' dir='ltr'>in</span> <span class='ocrx_word' id='word_1_895' title='bbox 2148 1195 2339 1239; x_wconf 90' lang='lat' dir='ltr'>quibusdam</span> <span class='ocrx_word' id='word_1_896' title='bbox 2362 1210 2443 1242; x_wconf 81' lang='lat' dir='ltr'>prae-</span> 
     </span>
     <span class='ocr_line' id='line_1_103' title="bbox 1432 1235 2442 1285; baseline 0.004 -13"><span class='ocrx_word' id='word_1_897' title='bbox 1432 1239 1542 1272; x_wconf 88' lang='lat' dir='ltr'>sertim</span> <span class='ocrx_word' id='word_1_898' title='bbox 1568 1238 1670 1277; x_wconf 85' lang='lat' dir='ltr'>locis,</span> <span class='ocrx_word' id='word_1_899' title='bbox 1693 1238 1778 1270; x_wconf 85' lang='lat' dir='ltr'>iuter</span> <span class='ocrx_word' id='word_1_900' title='bbox 1791 1235 2027 1278; x_wconf 87' lang='lat' dir='ltr'>inspiciendum</span> <span class='ocrx_word' id='word_1_901' title='bbox 2039 1238 2243 1281; x_wconf 79' lang='lat' dir='ltr'>sanguinem,</span> <span class='ocrx_word' id='word_1_902' title='bbox 2269 1243 2442 1285; x_wconf 73' lang='lat' dir='ltr'>exquirit?</span> 
     </span>
     <span class='ocr_line' id='line_1_104' title="bbox 1432 1281 2444 1323; baseline 0.004 -7"><span class='ocrx_word' id='word_1_903' title='bbox 1432 1291 1487 1316; x_wconf 83' lang='lat' dir='ltr'>aut</span> <span class='ocrx_word' id='word_1_904' title='bbox 1509 1282 1747 1315; x_wconf 87' lang='lat' dir='ltr'>concreveritne</span> <span class='ocrx_word' id='word_1_905' title='bbox 1770 1281 1803 1313; x_wconf 87' lang='lat' dir='ltr'>in</span> <span class='ocrx_word' id='word_1_906' title='bbox 1828 1291 1894 1312; x_wconf 86' lang='lat' dir='ltr'>aere</span> <span class='ocrx_word' id='word_1_907' title='bbox 1930 1290 2045 1323; x_wconf 78' lang='lat' dir='ltr'>preter</span> <span class='ocrx_word' id='word_1_908' title='bbox 2066 1294 2195 1317; x_wconf 86' lang='lat' dir='ltr'>omnen-1</span> <span class='ocrx_word' id='word_1_909' title='bbox 2227 1284 2360 1318; x_wconf 87' lang='lat' dir='ltr'>modum</span> <span class='ocrx_word' id='word_1_910' title='bbox 2382 1285 2444 1320; x_wconf 84' lang='lat' dir='ltr'>fri-</span> 
     </span>
     <span class='ocr_line' id='line_1_105' title="bbox 1434 1323 2443 1372; baseline 0.006 -14"><span class='ocrx_word' id='word_1_911' title='bbox 1434 1325 1536 1367; x_wconf 86' lang='lat' dir='ltr'>gido,</span> <span class='ocrx_word' id='word_1_912' title='bbox 1560 1336 1598 1358; x_wconf 86' lang='lat' dir='ltr'>an</span> <span class='ocrx_word' id='word_1_913' title='bbox 1621 1323 1754 1358; x_wconf 84' lang='lat' dir='ltr'>calido?</span> <span class='ocrx_word' id='word_1_914' title='bbox 1777 1323 1944 1366; x_wconf 84' lang='lat' dir='ltr'>postquam</span> <span class='ocrx_word' id='word_1_915' title='bbox 1968 1325 2006 1358; x_wconf 91' lang='lat' dir='ltr'>ab</span> <span class='ocrx_word' id='word_1_916' title='bbox 2030 1327 2184 1361; x_wconf 83' lang='lat' dir='ltr'>utrolibet</span> <span class='ocrx_word' id='word_1_917' title='bbox 2208 1327 2265 1360; x_wconf 90' lang='lat' dir='ltr'>seri</span> <span class='ocrx_word' id='word_1_918' title='bbox 2285 1330 2443 1372; x_wconf 79' lang='lat' dir='ltr'>praepedi-</span> 
     </span>
     <span class='ocr_line' id='line_1_106' title="bbox 1436 1367 2440 1417; baseline 0.004 -15"><span class='ocrx_word' id='word_1_919' title='bbox 1436 1370 1462 1402; x_wconf 91' lang='lat' dir='ltr'>ri</span> <span class='ocrx_word' id='word_1_920' title='bbox 1486 1368 1737 1411; x_wconf 86' lang='lat' dir='ltr'>separationem,</span> <span class='ocrx_word' id='word_1_921' title='bbox 1763 1367 1972 1413; x_wconf 19' lang='lat' dir='ltr'>Dotffiffimus</span> <span class='ocrx_word' id='word_1_922' title='bbox 1996 1372 2187 1405; x_wconf 86' lang='lat' dir='ltr'>memoravit</span> <span class='ocrx_word' id='word_1_923' title='bbox 2200 1373 2347 1406; x_wconf 86' lang='lat' dir='ltr'>Senacius</span> <span class='ocrx_word' id='word_1_924' title='bbox 2371 1375 2440 1417; x_wconf 90' lang='lat' dir='ltr'><em>(x).</em></span> 
     </span>
     <span class='ocr_line' id='line_1_107' title="bbox 1436 1410 2443 1460; baseline 0.005 -14"><span class='ocrx_word' id='word_1_925' title='bbox 1436 1412 1494 1446; x_wconf 90' lang='lat' dir='ltr'>Ob</span> <span class='ocrx_word' id='word_1_926' title='bbox 1517 1413 1573 1446; x_wconf 90' lang='lat' dir='ltr'>illa</span> <span class='ocrx_word' id='word_1_927' title='bbox 1596 1414 1723 1454; x_wconf 81' lang='lat' dir='ltr'>igitur,</span> <span class='ocrx_word' id='word_1_928' title='bbox 1746 1410 1783 1444; x_wconf 90' lang='lat' dir='ltr'>de</span> <span class='ocrx_word' id='word_1_929' title='bbox 1807 1412 1958 1454; x_wconf 79' lang='lat' dir='ltr'>{anguine</span> <span class='ocrx_word' id='word_1_930' title='bbox 1983 1425 1998 1446; x_wconf 91' lang='lat' dir='ltr'>a</span> <span class='ocrx_word' id='word_1_931' title='bbox 2022 1424 2073 1445; x_wconf 89' lang='lat' dir='ltr'>me</span> <span class='ocrx_word' id='word_1_932' title='bbox 2095 1413 2258 1458; x_wconf 84' lang='lat' dir='ltr'>descripto</span> <span class='ocrx_word' id='word_1_933' title='bbox 2282 1417 2443 1460; x_wconf 78' lang='lat' dir='ltr'>propositi</span> 
     </span>
     <span class='ocr_line' id='line_1_108' title="bbox 1439 1455 2442 1499; baseline 0.006 -10"><span class='ocrx_word' id='word_1_934' title='bbox 1439 1457 1548 1496; x_wconf 85' lang='lat' dir='ltr'>Senis,</span> <span class='ocrx_word' id='word_1_935' title='bbox 1573 1455 1696 1490; x_wconf 82' lang='lat' dir='ltr'>etiamsi</span> <span class='ocrx_word' id='word_1_936' title='bbox 1719 1455 1805 1489; x_wconf 88' lang='lat' dir='ltr'>forte</span> <span class='ocrx_word' id='word_1_937' title='bbox 1827 1464 1903 1489; x_wconf 93' lang='lat' dir='ltr'>tunc</span> <span class='ocrx_word' id='word_1_938' title='bbox 1928 1455 2171 1499; x_wconf 81' lang='lat' dir='ltr'>exquifivei·im‚</span> <span class='ocrx_word' id='word_1_939' title='bbox 2194 1461 2228 1492; x_wconf 86' lang='lat' dir='ltr'>in</span> <span class='ocrx_word' id='word_1_940' title='bbox 2251 1462 2329 1494; x_wconf 89' lang='lat' dir='ltr'>meis</span> <span class='ocrx_word' id='word_1_941' title='bbox 2352 1460 2442 1495; x_wconf 89' lang='lat' dir='ltr'>sche-</span> 
     </span>
     <span class='ocr_line' id='line_1_109' title="bbox 1437 1498 2442 1544; baseline 0.002 -11"><span class='ocrx_word' id='word_1_942' title='bbox 1437 1499 1487 1533; x_wconf 91' lang='lat' dir='ltr'>dis</span> <span class='ocrx_word' id='word_1_943' title='bbox 1510 1511 1574 1534; x_wconf 84' lang='lat' dir='ltr'>non</span> <span class='ocrx_word' id='word_1_944' title='bbox 1599 1498 1773 1539; x_wconf 79' lang='lat' dir='ltr'>adnotata,</span> <span class='ocrx_word' id='word_1_945' title='bbox 1795 1498 1879 1532; x_wconf 89' lang='lat' dir='ltr'>nihil</span> <span class='ocrx_word' id='word_1_946' title='bbox 1901 1499 1940 1534; x_wconf 88' lang='lat' dir='ltr'>de</span> <span class='ocrx_word' id='word_1_947' title='bbox 1962 1500 2053 1535; x_wconf 81' lang='lat' dir='ltr'>causa</span> <span class='ocrx_word' id='word_1_948' title='bbox 2076 1499 2143 1544; x_wconf 81' lang='lat' dir='ltr'>ejus</span> <span class='ocrx_word' id='word_1_949' title='bbox 2168 1504 2363 1538; x_wconf 89' lang='lat' dir='ltr'>mutationis</span> <span class='ocrx_word' id='word_1_950' title='bbox 2385 1505 2442 1539; x_wconf 89' lang='lat' dir='ltr'>de.</span> 
     </span>
     <span class='ocr_line' id='line_1_110' title="bbox 1437 1542 2443 1587; baseline 0.005 -10"><span class='ocrx_word' id='word_1_951' title='bbox 1437 1543 1529 1577; x_wconf 80' lang='lat' dir='ltr'>finire</span> <span class='ocrx_word' id='word_1_952' title='bbox 1554 1544 1650 1587; x_wconf 85' lang='lat' dir='ltr'>paulo</span> <span class='ocrx_word' id='word_1_953' title='bbox 1673 1552 1748 1576; x_wconf 86' lang='lat' dir='ltr'>ante</span> <span class='ocrx_word' id='word_1_954' title='bbox 1770 1542 1885 1583; x_wconf 81' lang='lat' dir='ltr'>nolui,</span> <span class='ocrx_word' id='word_1_955' title='bbox 1908 1543 2086 1586; x_wconf 76' lang='lat' dir='ltr'>praesertim</span> <span class='ocrx_word' id='word_1_956' title='bbox 2108 1558 2183 1580; x_wconf 90' lang='lat' dir='ltr'>cum</span> <span class='ocrx_word' id='word_1_957' title='bbox 2206 1546 2291 1581; x_wconf 86' lang='lat' dir='ltr'>haud</span> <span class='ocrx_word' id='word_1_958' title='bbox 2315 1559 2376 1581; x_wconf 87' lang='lat' dir='ltr'>una</span> <span class='ocrx_word' id='word_1_959' title='bbox 2401 1548 2443 1582; x_wconf 90' lang='lat' dir='ltr'>il-</span> 
     </span>
     <span class='ocr_line' id='line_1_111' title="bbox 1434 1584 2443 1632; baseline 0.005 -11"><span class='ocrx_word' id='word_1_960' title='bbox 1434 1587 1463 1621; x_wconf 84' lang='lat' dir='ltr'>la</span> <span class='ocrx_word' id='word_1_961' title='bbox 1486 1589 1519 1620; x_wconf 87' lang='lat' dir='ltr'>in</span> <span class='ocrx_word' id='word_1_962' title='bbox 1547 1600 1578 1621; x_wconf 90' lang='lat' dir='ltr'>re</span> <span class='ocrx_word' id='word_1_963' title='bbox 1602 1596 1744 1621; x_wconf 85' lang='lat' dir='ltr'>mutatus</span> <span class='ocrx_word' id='word_1_964' title='bbox 1767 1584 1828 1625; x_wconf 86' lang='lat' dir='ltr'>fit,</span> <span class='ocrx_word' id='word_1_965' title='bbox 1852 1596 1908 1619; x_wconf 84' lang='lat' dir='ltr'>nec</span> <span class='ocrx_word' id='word_1_966' title='bbox 1930 1589 2098 1630; x_wconf 84' lang='lat' dir='ltr'>ignorem,</span> <span class='ocrx_word' id='word_1_967' title='bbox 2121 1602 2194 1632; x_wconf 82' lang='lat' dir='ltr'>quae</span> <span class='ocrx_word' id='word_1_968' title='bbox 2219 1591 2258 1624; x_wconf 90' lang='lat' dir='ltr'>ad</span> <span class='ocrx_word' id='word_1_969' title='bbox 2281 1591 2362 1625; x_wconf 70' lang='lat' dir='ltr'>milii</span> <span class='ocrx_word' id='word_1_970' title='bbox 2374 1591 2443 1626; x_wconf 88' lang='lat' dir='ltr'>san-</span> 
     </span>
     <span class='ocr_line' id='line_1_112' title="bbox 1434 1631 2443 1676; baseline 0.005 -12"><span class='ocrx_word' id='word_1_971' title='bbox 1434 1633 1543 1674; x_wconf 78' lang='lat' dir='ltr'>guinis</span> <span class='ocrx_word' id='word_1_972' title='bbox 1565 1631 1804 1664; x_wconf 84' lang='lat' dir='ltr'>observationes</span> <span class='ocrx_word' id='word_1_973' title='bbox 1825 1652 1833 1667; x_wconf 91' lang='lat'>,</span> <span class='ocrx_word' id='word_1_974' title='bbox 1865 1632 1897 1662; x_wconf 66' lang='grc' dir='ltr'>δι</span> <span class='ocrx_word' id='word_1_975' title='bbox 1919 1631 2084 1665; x_wconf 86' lang='lat' dir='ltr'>causarum</span> <span class='ocrx_word' id='word_1_976' title='bbox 2108 1632 2332 1676; x_wconf 84' lang='lat' dir='ltr'>inquisitiones</span> <span class='ocrx_word' id='word_1_977' title='bbox 2365 1637 2443 1669; x_wconf 88' lang='lat' dir='ltr'>atti-</span> 
     </span>
     <span class='ocr_line' id='line_1_113' title="bbox 1435 1676 2443 1721; baseline 0.005 -14"><span class='ocrx_word' id='word_1_978' title='bbox 1435 1684 1511 1708; x_wconf 88' lang='lat' dir='ltr'>nent</span> <span class='ocrx_word' id='word_1_979' title='bbox 1535 1676 1684 1709; x_wconf 88' lang='lat' dir='ltr'>omnium</span> <span class='ocrx_word' id='word_1_980' title='bbox 1706 1684 1776 1716; x_wconf 83' lang='lat' dir='ltr'>quae</span> <span class='ocrx_word' id='word_1_981' title='bbox 1801 1681 1874 1711; x_wconf 91' lang='lat' dir='ltr'>tot,</span> <span class='ocrx_word' id='word_1_982' title='bbox 1900 1685 1934 1707; x_wconf 91' lang='lat' dir='ltr'>ac</span> <span class='ocrx_word' id='word_1_983' title='bbox 1959 1683 2026 1707; x_wconf 88' lang='lat' dir='ltr'>tarn</span> <span class='ocrx_word' id='word_1_984' title='bbox 2048 1677 2133 1709; x_wconf 86' lang='lat' dir='ltr'>varia</span> <span class='ocrx_word' id='word_1_985' title='bbox 2158 1677 2276 1720; x_wconf 82' lang='lat' dir='ltr'>inipso</span> <span class='ocrx_word' id='word_1_986' title='bbox 2298 1678 2443 1721; x_wconf 70' lang='lat' dir='ltr'>spe&amp;an-</span> 
     </span>
     <span class='ocr_line' id='line_1_114' title="bbox 1436 1716 2443 1762; baseline 0.006 -11"><span class='ocrx_word' id='word_1_987' title='bbox 1436 1727 1513 1759; x_wconf 81' lang='lat' dir='ltr'>tur,</span> <span class='ocrx_word' id='word_1_988' title='bbox 1536 1718 1638 1753; x_wconf 84' lang='lat' dir='ltr'>multa</span> <span class='ocrx_word' id='word_1_989' title='bbox 1661 1717 1745 1762; x_wconf 81' lang='lat' dir='ltr'>apud</span> <span class='ocrx_word' id='word_1_990' title='bbox 1769 1717 1917 1751; x_wconf 88' lang='lat' dir='ltr'>Medicos</span> <span class='ocrx_word' id='word_1_991' title='bbox 1941 1716 2044 1753; x_wconf 84' lang='lat' dir='ltr'>adhuc</span> <span class='ocrx_word' id='word_1_992' title='bbox 2067 1719 2188 1759; x_wconf 85' lang='lat' dir='ltr'>deesse,</span> <span class='ocrx_word' id='word_1_993' title='bbox 2212 1724 2243 1754; x_wconf 73' lang='grc' dir='ltr'>δε</span> <span class='ocrx_word' id='word_1_994' title='bbox 2266 1721 2323 1755; x_wconf 90' lang='lat' dir='ltr'>diu</span> <span class='ocrx_word' id='word_1_995' title='bbox 2347 1721 2443 1756; x_wconf 84' lang='lat' dir='ltr'>facile</span> 
     </span>
     <span class='ocr_line' id='line_1_115' title="bbox 1437 1759 1685 1797; baseline 0 -2"><span class='ocrx_word' id='word_1_996' title='bbox 1437 1759 1495 1796; x_wconf 77' lang='lat' dir='ltr'>ess‘e</span> <span class='ocrx_word' id='word_1_997' title='bbox 1518 1760 1685 1797; x_wconf 84' lang='lat' dir='ltr'>defutura.</span> 
     </span>
    </p>

    <p class='ocr_par' dir='ltr' id='par_1_6' title="bbox 1435 1805 2446 2460">
     <span class='ocr_line' id='line_1_116' title="bbox 1481 1805 2444 1848; baseline 0.005 -10"><span class='ocrx_word' id='word_1_998' title='bbox 1481 1816 1533 1839; x_wconf 84' lang='lat'>22.</span> <span class='ocrx_word' id='word_1_999' title='bbox 1557 1806 1660 1846; x_wconf 82' lang='lat' dir='ltr'>Qod</span> <span class='ocrx_word' id='word_1_1000' title='bbox 1685 1816 1761 1839; x_wconf 89' lang='lat' dir='ltr'>vero</span> <span class='ocrx_word' id='word_1_1001' title='bbox 1782 1805 1820 1839; x_wconf 91' lang='lat' dir='ltr'>ad</span> <span class='ocrx_word' id='word_1_1002' title='bbox 1845 1805 1990 1848; x_wconf 87' lang='lat' dir='ltr'>pleuram</span> <span class='ocrx_word' id='word_1_1003' title='bbox 2011 1807 2152 1846; x_wconf 82' lang='lat' dir='ltr'>attinet,</span> <span class='ocrx_word' id='word_1_1004' title='bbox 2176 1808 2211 1840; x_wconf 86' lang='lat' dir='ltr'>in</span> <span class='ocrx_word' id='word_1_1005' title='bbox 2235 1818 2369 1843; x_wconf 89' lang='lat' dir='ltr'>mortuo</span> <span class='ocrx_word' id='word_1_1006' title='bbox 2392 1808 2444 1843; x_wconf 90' lang='lat' dir='ltr'>o-s-</span> 
     </span>
     <span class='ocr_line' id='line_1_117' title="bbox 1436 1848 2443 1895; baseline 0.004 -12"><span class='ocrx_word' id='word_1_1007' title='bbox 1436 1848 1516 1883; x_wconf 85' lang='lat' dir='ltr'>seam</span> <span class='ocrx_word' id='word_1_1008' title='bbox 1541 1850 1706 1883; x_wconf 80' lang='lat' dir='ltr'>inventam</span> <span class='ocrx_word' id='word_1_1009' title='bbox 1724 1861 1734 1887; x_wconf 80' lang='grc'><strong><em>5</em></strong></span> <span class='ocrx_word' id='word_1_1010' title='bbox 1761 1859 1808 1882; x_wconf 82' lang='lat' dir='ltr'>res</span> <span class='ocrx_word' id='word_1_1011' title='bbox 1831 1849 1901 1882; x_wconf 90' lang='lat' dir='ltr'>sane</span> <span class='ocrx_word' id='word_1_1012' title='bbox 1923 1850 2031 1884; x_wconf 88' lang='lat' dir='ltr'>multo</span> <span class='ocrx_word' id='word_1_1013' title='bbox 2053 1852 2155 1883; x_wconf 83' lang='lat' dir='ltr'>rarior</span> <span class='ocrx_word' id='word_1_1014' title='bbox 2177 1851 2222 1884; x_wconf 86' lang='lat' dir='ltr'>est</span> <span class='ocrx_word' id='word_1_1015' title='bbox 2241 1875 2253 1893; x_wconf 86' lang='lat'>‚</span> <span class='ocrx_word' id='word_1_1016' title='bbox 2286 1864 2382 1895; x_wconf 82' lang='lat' dir='ltr'>quam</span> <span class='ocrx_word' id='word_1_1017' title='bbox 2406 1862 2443 1886; x_wconf 86' lang='lat' dir='ltr'>ut</span> 
     </span>
     <span class='ocr_line' id='line_1_118' title="bbox 1437 1892 2444 1937; baseline 0.005 -12"><span class='ocrx_word' id='word_1_1018' title='bbox 1437 1904 1453 1925; x_wconf 89' lang='lat' dir='ltr'>a</span> <span class='ocrx_word' id='word_1_1019' title='bbox 1477 1892 1543 1925; x_wconf 85' lang='lat' dir='ltr'>sola</span> <span class='ocrx_word' id='word_1_1020' title='bbox 1566 1901 1658 1926; x_wconf 82' lang='lat' dir='ltr'>aetate</span> <span class='ocrx_word' id='word_1_1021' title='bbox 1681 1892 1719 1927; x_wconf 78' lang='lat' dir='ltr'>sit</span> <span class='ocrx_word' id='word_1_1022' title='bbox 1744 1892 1911 1934; x_wconf 84' lang='lat' dir='ltr'>repetenda</span> <span class='ocrx_word' id='word_1_1023' title='bbox 1934 1919 1941 1925; x_wconf 91' lang='lat'><strong>.</strong></span> <span class='ocrx_word' id='word_1_1024' title='bbox 1969 1894 2115 1927; x_wconf 86' lang='lat' dir='ltr'>Seniores</span> <span class='ocrx_word' id='word_1_1025' title='bbox 2138 1893 2201 1928; x_wconf 90' lang='lat' dir='ltr'>hoc</span> <span class='ocrx_word' id='word_1_1026' title='bbox 2225 1896 2329 1937; x_wconf 82' lang='lat' dir='ltr'>plures</span> <span class='ocrx_word' id='word_1_1027' title='bbox 2351 1895 2444 1930; x_wconf 84' lang='lat' dir='ltr'>diffe-</span> 
     </span>
     <span class='ocr_line' id='line_1_119' title="bbox 1437 1935 2445 1984; baseline 0.005 -15"><span class='ocrx_word' id='word_1_1028' title='bbox 1437 1938 1562 1970; x_wconf 86' lang='lat' dir='ltr'>cuimus</span> <span class='ocrx_word' id='word_1_1029' title='bbox 1582 1959 1595 1976; x_wconf 83' lang='lat'>,</span> <span class='ocrx_word' id='word_1_1030' title='bbox 1626 1937 1661 1970; x_wconf 90' lang='lat' dir='ltr'>in</span> <span class='ocrx_word' id='word_1_1031' title='bbox 1683 1935 1734 1970; x_wconf 87' lang='lat' dir='ltr'>his</span> <span class='ocrx_word' id='word_1_1032' title='bbox 1757 1936 1851 1970; x_wconf 87' lang='lat' dir='ltr'>illum</span> <span class='ocrx_word' id='word_1_1033' title='bbox 1885 1936 1923 1970; x_wconf 91' lang='lat' dir='ltr'>de</span> <span class='ocrx_word' id='word_1_1034' title='bbox 1945 1947 2010 1979; x_wconf 86' lang='lat' dir='ltr'>quo</span> <span class='ocrx_word' id='word_1_1035' title='bbox 2035 1936 2179 1984; x_wconf 79' lang='lat' dir='ltr'>superius</span> <span class='ocrx_word' id='word_1_1036' title='bbox 2202 1941 2258 1981; x_wconf 83' lang='lat' dir='ltr'>(y</span> <span class='ocrx_word' id='word_1_1037' title='bbox 2282 1943 2296 1980; x_wconf 83' lang='lat'>&gt;</span> <span class='ocrx_word' id='word_1_1038' title='bbox 2317 1939 2445 1974; x_wconf 65' lang='lat' dir='ltr'>dietum</span> 
     </span>
     <span class='ocr_line' id='line_1_120' title="bbox 1436 1978 2443 2026; baseline 0.007 -15"><span class='ocrx_word' id='word_1_1039' title='bbox 1436 1978 1504 2019; x_wconf 84' lang='lat' dir='ltr'>est,</span> <span class='ocrx_word' id='word_1_1040' title='bbox 1531 1980 1621 2014; x_wconf 85' lang='lat' dir='ltr'>annis</span> <span class='ocrx_word' id='word_1_1041' title='bbox 1645 1980 1775 2013; x_wconf 88' lang='lat' dir='ltr'>circiter</span> <span class='ocrx_word' id='word_1_1042' title='bbox 1799 1979 1969 2014; x_wconf 87' lang='lat' dir='ltr'>duodecim</span> <span class='ocrx_word' id='word_1_1043' title='bbox 1981 1991 2137 2023; x_wconf 68' lang='lat' dir='ltr'>majorem</span> <span class='ocrx_word' id='word_1_1044' title='bbox 2161 1991 2259 2022; x_wconf 81' lang='lat' dir='ltr'>natu,</span> <span class='ocrx_word' id='word_1_1045' title='bbox 2279 1994 2376 2026; x_wconf 82' lang='lat' dir='ltr'>quam</span> <span class='ocrx_word' id='word_1_1046' title='bbox 2388 1983 2443 2017; x_wconf 89' lang='lat' dir='ltr'>hic</span> 
     </span>
     <span class='ocr_line' id='line_1_121' title="bbox 1436 2020 2442 2068; baseline 0.005 -12"><span class='ocrx_word' id='word_1_1047' title='bbox 1436 2020 1509 2056; x_wconf 76' lang='lat' dir='ltr'>esset</span> <span class='ocrx_word' id='word_1_1048' title='bbox 1532 2033 1546 2064; x_wconf 91' lang='lat'><em>;</em></span> <span class='ocrx_word' id='word_1_1049' title='bbox 1577 2034 1632 2057; x_wconf 88' lang='lat' dir='ltr'>nec</span> <span class='ocrx_word' id='word_1_1050' title='bbox 1654 2034 1796 2067; x_wconf 86' lang='lat' dir='ltr'>unquam</span> <span class='ocrx_word' id='word_1_1051' title='bbox 1829 2024 1906 2058; x_wconf 83' lang='lat' dir='ltr'>alias</span> <span class='ocrx_word' id='word_1_1052' title='bbox 1928 2025 1963 2057; x_wconf 90' lang='lat' dir='ltr'>in</span> <span class='ocrx_word' id='word_1_1053' title='bbox 1995 2035 2049 2067; x_wconf 89' lang='lat' dir='ltr'>par</span> <span class='ocrx_word' id='word_1_1054' title='bbox 2073 2025 2290 2068; x_wconf 65' lang='lat' dir='ltr'>speetaculum</span> <span class='ocrx_word' id='word_1_1055' title='bbox 2323 2028 2442 2063; x_wconf 87' lang='lat' dir='ltr'>incidi-</span> 
     </span>
     <span class='ocr_line' id='line_1_122' title="bbox 1435 2066 2445 2113; baseline 0.011 -17"><span class='ocrx_word' id='word_1_1056' title='bbox 1435 2075 1506 2100; x_wconf 79' lang='lat' dir='ltr'>mus</span> <span class='ocrx_word' id='word_1_1057' title='bbox 1523 2090 1531 2097; x_wconf 92' lang='lat'>.</span> <span class='ocrx_word' id='word_1_1058' title='bbox 1571 2067 1642 2101; x_wconf 87' lang='lat' dir='ltr'>Vix</span> <span class='ocrx_word' id='word_1_1059' title='bbox 1666 2069 1708 2101; x_wconf 86' lang='lat' dir='ltr'>A.</span> <span class='ocrx_word' id='word_1_1060' title='bbox 1737 2076 1829 2110; x_wconf 82' lang='lat'>1741.</span> <span class='ocrx_word' id='word_1_1061' title='bbox 1853 2068 1889 2099; x_wconf 89' lang='lat' dir='ltr'>in</span> <span class='ocrx_word' id='word_1_1062' title='bbox 1912 2066 1980 2099; x_wconf 88' lang='lat' dir='ltr'>sene</span> <span class='ocrx_word' id='word_1_1063' title='bbox 2004 2067 2174 2103; x_wconf 78' lang='lat' dir='ltr'>mediocris</span> <span class='ocrx_word' id='word_1_1064' title='bbox 2209 2069 2340 2105; x_wconf 83' lang='lat' dir='ltr'>habitus</span> <span class='ocrx_word' id='word_1_1065' title='bbox 2359 2096 2372 2113; x_wconf 88' lang='lat'><em>,</em></span> <span class='ocrx_word' id='word_1_1066' title='bbox 2404 2083 2445 2107; x_wconf 87' lang='lat' dir='ltr'>ex</span> 
     </span>
     <span class='ocr_line' id='line_1_123' title="bbox 1436 2108 2444 2158; baseline 0.008 -17"><span class='ocrx_word' id='word_1_1067' title='bbox 1436 2108 1598 2143; x_wconf 82' lang='lat' dir='ltr'>diarrhoea</span> <span class='ocrx_word' id='word_1_1068' title='bbox 1622 2117 1776 2151; x_wconf 86' lang='lat' dir='ltr'>mortuo,</span> <span class='ocrx_word' id='word_1_1069' title='bbox 1797 2109 1887 2153; x_wconf 82' lang='lat' dir='ltr'>cujus</span> <span class='ocrx_word' id='word_1_1070' title='bbox 1910 2109 2057 2145; x_wconf 84' lang='lat' dir='ltr'>cadavere</span> <span class='ocrx_word' id='word_1_1071' title='bbox 2080 2112 2125 2146; x_wconf 85' lang='lat' dir='ltr'>usi</span> <span class='ocrx_word' id='word_1_1072' title='bbox 2150 2114 2257 2148; x_wconf 88' lang='lat' dir='ltr'>sumus</span> <span class='ocrx_word' id='word_1_1073' title='bbox 2290 2115 2328 2148; x_wconf 88' lang='lat' dir='ltr'>ad</span> <span class='ocrx_word' id='word_1_1074' title='bbox 2353 2116 2444 2158; x_wconf 85' lang='lat' dir='ltr'>plura</span> 
     </span>
     <span class='ocr_line' id='line_1_124' title="bbox 1439 2152 2444 2199; baseline 0.009 -15"><span class='ocrx_word' id='word_1_1075' title='bbox 1439 2152 1610 2188; x_wconf 80' lang='lat' dir='ltr'>secundum</span> <span class='ocrx_word' id='word_1_1076' title='bbox 1634 2163 1781 2187; x_wconf 87' lang='lat' dir='ltr'>naturam</span> <span class='ocrx_word' id='word_1_1077' title='bbox 1816 2153 1844 2187; x_wconf 84' lang='lat' dir='ltr'>se</span> <span class='ocrx_word' id='word_1_1078' title='bbox 1867 2153 2016 2187; x_wconf 81' lang='lat' dir='ltr'>habentia</span> <span class='ocrx_word' id='word_1_1079' title='bbox 2039 2155 2221 2199; x_wconf 85' lang='lat' dir='ltr'>Discipulis</span> <span class='ocrx_word' id='word_1_1080' title='bbox 2253 2159 2366 2193; x_wconf 84' lang='lat' dir='ltr'>nostris</span> <span class='ocrx_word' id='word_1_1081' title='bbox 2389 2160 2444 2193; x_wconf 93' lang='lat' dir='ltr'>de-</span> 
     </span>
     <span class='ocr_line' id='line_1_125' title="bbox 1439 2195 2443 2241; baseline 0.008 -12"><span class='ocrx_word' id='word_1_1082' title='bbox 1439 2195 1667 2234; x_wconf 85' lang='lat' dir='ltr'>monstranda,</span> <span class='ocrx_word' id='word_1_1083' title='bbox 1689 2208 1764 2231; x_wconf 83' lang='lat' dir='ltr'>curn</span> <span class='ocrx_word' id='word_1_1084' title='bbox 1787 2198 1974 2241; x_wconf 88' lang='lat' dir='ltr'>pulmonem</span> <span class='ocrx_word' id='word_1_1085' title='bbox 1996 2198 2131 2233; x_wconf 87' lang='lat' dir='ltr'>alterum</span> <span class='ocrx_word' id='word_1_1086' title='bbox 2154 2211 2172 2233; x_wconf 89' lang='lat' dir='ltr'>a</span> <span class='ocrx_word' id='word_1_1087' title='bbox 2197 2199 2294 2236; x_wconf 89' lang='lat' dir='ltr'>dorso</span> <span class='ocrx_word' id='word_1_1088' title='bbox 2329 2204 2443 2237; x_wconf 85' lang='lat' dir='ltr'>avelle-</span> 
     </span>
     <span class='ocr_line' id='line_1_126' title="bbox 1437 2238 2446 2283; baseline 0.009 -10"><span class='ocrx_word' id='word_1_1089' title='bbox 1437 2252 1471 2273; x_wconf 88' lang='lat' dir='ltr'>re</span> <span class='ocrx_word' id='word_1_1090' title='bbox 1493 2238 1555 2274; x_wconf 89' lang='lat' dir='ltr'>fine</span> <span class='ocrx_word' id='word_1_1091' title='bbox 1579 2241 1772 2274; x_wconf 87' lang='lat' dir='ltr'>laceratione</span> <span class='ocrx_word' id='word_1_1092' title='bbox 1796 2252 1861 2274; x_wconf 89' lang='lat' dir='ltr'>non</span> <span class='ocrx_word' id='word_1_1093' title='bbox 1886 2241 1996 2274; x_wconf 85' lang='lat' dir='ltr'>liceret</span> <span class='ocrx_word' id='word_1_1094' title='bbox 2017 2266 2031 2283; x_wconf 88' lang='lat'><em>‚</em></span> <span class='ocrx_word' id='word_1_1095' title='bbox 2054 2243 2337 2281; x_wconf 87' lang='lat' dir='ltr'>animadvertimus</span> <span class='ocrx_word' id='word_1_1096' title='bbox 2360 2248 2446 2282; x_wconf 87' lang='lat' dir='ltr'>inter</span> 
     </span>
     <span class='ocr_line' id='line_1_127' title="bbox 1437 2283 2446 2331; baseline 0.009 -15"><span class='ocrx_word' id='word_1_1097' title='bbox 1437 2283 1564 2322; x_wconf 84' lang='lat' dir='ltr'>costas,</span> <span class='ocrx_word' id='word_1_1098' title='bbox 1586 2286 1619 2317; x_wconf 88' lang='lat'>&amp;</span> <span class='ocrx_word' id='word_1_1099' title='bbox 1643 2285 1832 2327; x_wconf 88' lang='lat' dir='ltr'>pulmonem</span> <span class='ocrx_word' id='word_1_1100' title='bbox 1853 2285 2002 2319; x_wconf 84' lang='lat' dir='ltr'>laminam</span> <span class='ocrx_word' id='word_1_1101' title='bbox 2025 2285 2137 2321; x_wconf 84' lang='lat' dir='ltr'>osseam</span> <span class='ocrx_word' id='word_1_1102' title='bbox 2148 2289 2341 2324; x_wconf 85' lang='lat' dir='ltr'>intercedere</span> <span class='ocrx_word' id='word_1_1103' title='bbox 2356 2317 2364 2331; x_wconf 92' lang='lat'>‚</span> <span class='ocrx_word' id='word_1_1104' title='bbox 2387 2303 2446 2326; x_wconf 88' lang='lat' dir='ltr'>cu-</span> 
     </span>
     <span class='ocr_line' id='line_1_128' title="bbox 1436 2325 2446 2370; baseline 0.01 -11"><span class='ocrx_word' id='word_1_1105' title='bbox 1436 2326 1486 2370; x_wconf 83' lang='lat' dir='ltr'>jus</span> <span class='ocrx_word' id='word_1_1106' title='bbox 1510 2325 1614 2360; x_wconf 87' lang='lat' dir='ltr'>adhuc</span> <span class='ocrx_word' id='word_1_1107' title='bbox 1639 2337 1764 2370; x_wconf 86' lang='lat' dir='ltr'>partem</span> <span class='ocrx_word' id='word_1_1108' title='bbox 1778 2327 1984 2363; x_wconf 78' lang='lat' dir='ltr'>asservamus.</span> <span class='ocrx_word' id='word_1_1109' title='bbox 2008 2328 2202 2365; x_wconf 79' lang='lat' dir='ltr'>Adhaerebat</span> <span class='ocrx_word' id='word_1_1110' title='bbox 2214 2343 2248 2365; x_wconf 84' lang='lat' dir='ltr'>ea</span> <span class='ocrx_word' id='word_1_1111' title='bbox 2271 2335 2389 2368; x_wconf 84' lang='lat' dir='ltr'>lamina</span> <span class='ocrx_word' id='word_1_1112' title='bbox 2403 2333 2446 2369; x_wconf 84' lang='lat' dir='ltr'>fic</span> 
     </span>
     <span class='ocr_line' id='line_1_129' title="bbox 1435 2369 2445 2420; baseline 0.008 -16"><span class='ocrx_word' id='word_1_1113' title='bbox 1435 2380 1472 2404; x_wconf 89' lang='lat' dir='ltr'>ut</span> <span class='ocrx_word' id='word_1_1114' title='bbox 1495 2369 1621 2404; x_wconf 80' lang='lat' dir='ltr'>detrahi</span> <span class='ocrx_word' id='word_1_1115' title='bbox 1646 2380 1753 2404; x_wconf 85' lang='lat' dir='ltr'>tamen</span> <span class='ocrx_word' id='word_1_1116' title='bbox 1775 2370 1899 2414; x_wconf 86' lang='lat' dir='ltr'>posset,</span> <span class='ocrx_word' id='word_1_1117' title='bbox 1922 2372 2016 2419; x_wconf 70' lang='lat' dir='ltr'>costis</span> <span class='ocrx_word' id='word_1_1118' title='bbox 2039 2374 2188 2417; x_wconf 89' lang='lat' dir='ltr'>aliquot,</span> <span class='ocrx_word' id='word_1_1119' title='bbox 2211 2378 2245 2409; x_wconf 73' lang='grc' dir='ltr'>δε</span> <span class='ocrx_word' id='word_1_1120' title='bbox 2271 2377 2382 2420; x_wconf 87' lang='lat' dir='ltr'>spatiis</span> <span class='ocrx_word' id='word_1_1121' title='bbox 2405 2379 2445 2412; x_wconf 91' lang='lat' dir='ltr'>il-</span> 
     </span>
     <span class='ocr_line' id='line_1_130' title="bbox 1435 2414 2442 2460; baseline 0.01 -14"><span class='ocrx_word' id='word_1_1122' title='bbox 1435 2415 1475 2446; x_wconf 90' lang='lat' dir='ltr'>lis</span> <span class='ocrx_word' id='word_1_1123' title='bbox 1497 2425 1568 2457; x_wconf 86' lang='lat' dir='ltr'>quae</span> <span class='ocrx_word' id='word_1_1124' title='bbox 1592 2414 1678 2446; x_wconf 87' lang='lat' dir='ltr'>inter</span> <span class='ocrx_word' id='word_1_1125' title='bbox 1701 2425 1751 2447; x_wconf 89' lang='lat' dir='ltr'>eas</span> <span class='ocrx_word' id='word_1_1126' title='bbox 1774 2423 1863 2448; x_wconf 84' lang='lat' dir='ltr'>erant</span> <span class='ocrx_word' id='word_1_1127' title='bbox 1882 2416 2072 2458; x_wconf 53' lang='lat' dir='ltr'>interjeeffl,</span> <span class='ocrx_word' id='word_1_1128' title='bbox 2094 2419 2243 2460; x_wconf 86' lang='lat' dir='ltr'>proxime</span> <span class='ocrx_word' id='word_1_1129' title='bbox 2264 2421 2442 2456; x_wconf 86' lang='lat' dir='ltr'>vertebras:</span> 
     </span>
    </p>

    <p class='ocr_par' dir='ltr' id='par_1_7' title="bbox 1433 2457 2478 3424">
     <span class='ocr_line' id='line_1_131' title="bbox 1460 2457 2445 2502; baseline 0.009 -12"><span class='ocrx_word' id='word_1_1130' title='bbox 1460 2469 1532 2491; x_wconf 89' lang='lat' dir='ltr'>uam</span> <span class='ocrx_word' id='word_1_1131' title='bbox 1556 2458 1759 2491; x_wconf 86' lang='lat' dir='ltr'>vicinitatem</span> <span class='ocrx_word' id='word_1_1132' title='bbox 1782 2459 1815 2491; x_wconf 86' lang='lat' dir='ltr'>in</span> <span class='ocrx_word' id='word_1_1133' title='bbox 1840 2457 1983 2502; x_wconf 88' lang='lat' dir='ltr'>sequenti</span> <span class='ocrx_word' id='word_1_1134' title='bbox 2018 2461 2115 2493; x_wconf 87' lang='lat' dir='ltr'>etiam</span> <span class='ocrx_word' id='word_1_1135' title='bbox 2138 2463 2368 2499; x_wconf 82' lang='lat' dir='ltr'>animadvertes</span> <span class='ocrx_word' id='word_1_1136' title='bbox 2390 2464 2445 2499; x_wconf 90' lang='lat' dir='ltr'>hi-</span> 
     </span>
     <span class='ocr_line' id='line_1_132' title="bbox 1433 2468 2445 2546; baseline 0.009 -12"><span class='ocrx_word' id='word_1_1137' title='bbox 1433 2468 1548 2534; x_wconf 63' lang='lat' dir='ltr'>iioria.</span> <span class='ocrx_word' id='word_1_1138' title='bbox 1574 2500 1635 2535; x_wconf 91' lang='lat' dir='ltr'>Sed</span> <span class='ocrx_word' id='word_1_1139' title='bbox 1658 2511 1870 2544; x_wconf 72' lang='lat' dir='ltr'>praeterquam</span> <span class='ocrx_word' id='word_1_1140' title='bbox 1892 2503 1980 2545; x_wconf 89' lang='lat' dir='ltr'>quod</span> <span class='ocrx_word' id='word_1_1141' title='bbox 2000 2502 2147 2537; x_wconf 82' lang='lat' dir='ltr'>dubitavi</span> <span class='ocrx_word' id='word_1_1142' title='bbox 2165 2529 2179 2546; x_wconf 83' lang='lat'><em>,</em></span> <span class='ocrx_word' id='word_1_1143' title='bbox 2201 2519 2266 2541; x_wconf 89' lang='lat' dir='ltr'>eam</span> <span class='ocrx_word' id='word_1_1144' title='bbox 2291 2508 2445 2543; x_wconf 85' lang='lat' dir='ltr'>laminam</span> 
     </span>
     <span class='ocr_line' id='line_1_133' title="bbox 1434 2544 2447 2590; baseline 0.01 -14"><span class='ocrx_word' id='word_1_1145' title='bbox 1434 2555 1500 2577; x_wconf 89' lang='lat' dir='ltr'>non</span> <span class='ocrx_word' id='word_1_1146' title='bbox 1524 2553 1593 2577; x_wconf 83' lang='lat' dir='ltr'>tarn</span> <span class='ocrx_word' id='word_1_1147' title='bbox 1618 2556 1657 2578; x_wconf 91' lang='lat' dir='ltr'>ex</span> <span class='ocrx_word' id='word_1_1148' title='bbox 1681 2545 1789 2588; x_wconf 86' lang='lat' dir='ltr'>pleura</span> <span class='ocrx_word' id='word_1_1149' title='bbox 1813 2544 1892 2585; x_wconf 84' lang='lat' dir='ltr'>esse,</span> <span class='ocrx_word' id='word_1_1150' title='bbox 1915 2556 2011 2588; x_wconf 86' lang='lat' dir='ltr'>quarn</span> <span class='ocrx_word' id='word_1_1151' title='bbox 2025 2557 2062 2579; x_wconf 87' lang='lat' dir='ltr'>ex</span> <span class='ocrx_word' id='word_1_1152' title='bbox 2086 2549 2278 2590; x_wconf 89' lang='lat' dir='ltr'>pulmonum</span> <span class='ocrx_word' id='word_1_1153' title='bbox 2290 2553 2447 2586; x_wconf 84' lang='lat' dir='ltr'>membra-</span> 
     </span>
     <span class='ocr_line' id='line_1_134' title="bbox 1436 2587 2478 2636; baseline 0.011 -16"><span class='ocrx_word' id='word_1_1154' title='bbox 1436 2598 1476 2621; x_wconf 88' lang='lat' dir='ltr'>na</span> <span class='ocrx_word' id='word_1_1155' title='bbox 1498 2600 1509 2626; x_wconf 80' lang='lat'>3</span> <span class='ocrx_word' id='word_1_1156' title='bbox 1532 2598 1588 2620; x_wconf 87' lang='lat' dir='ltr'>nec</span> <span class='ocrx_word' id='word_1_1157' title='bbox 1612 2587 1784 2622; x_wconf 79' lang='lat' dir='ltr'>latitudine</span> <span class='ocrx_word' id='word_1_1158' title='bbox 1807 2589 1958 2632; x_wconf 90' lang='lat' dir='ltr'>pollicem</span> <span class='ocrx_word' id='word_1_1159' title='bbox 1978 2612 1988 2628; x_wconf 91' lang='lat'>,</span> <span class='ocrx_word' id='word_1_1160' title='bbox 2020 2600 2075 2624; x_wconf 90' lang='lat' dir='ltr'>nec</span> <span class='ocrx_word' id='word_1_1161' title='bbox 2099 2593 2304 2636; x_wconf 85' lang='lat' dir='ltr'>longitudine</span> <span class='ocrx_word' id='word_1_1162' title='bbox 2336 2596 2445 2630; x_wconf 71' lang='lat' dir='ltr'>decem</span> <span class='ocrx_word' id='word_1_1163' title='bbox 2474 2633 2478 2635; x_wconf 8' lang='lat' dir='ltr'>a</span> 
     </span>
     <span class='ocr_line' id='line_1_135' title="bbox 1437 2630 2445 2681; baseline 0.009 -17"><span class='ocrx_word' id='word_1_1164' title='bbox 1437 2630 1629 2666; x_wconf 88' lang='lat' dir='ltr'>transversos</span> <span class='ocrx_word' id='word_1_1165' title='bbox 1660 2631 1784 2674; x_wconf 67' lang='lat' dir='ltr'>digitos</span> <span class='ocrx_word' id='word_1_1166' title='bbox 1824 2633 1930 2666; x_wconf 88' lang='lat' dir='ltr'>multo</span> <span class='ocrx_word' id='word_1_1167' title='bbox 1969 2633 2133 2675; x_wconf 83' lang='lat' dir='ltr'>superabat</span> <span class='ocrx_word' id='word_1_1168' title='bbox 2167 2660 2177 2675; x_wconf 89' lang='lat'><strong>,</strong></span> <span class='ocrx_word' id='word_1_1169' title='bbox 2222 2650 2321 2681; x_wconf 87' lang='lat' dir='ltr'>neque</span> <span class='ocrx_word' id='word_1_1170' title='bbox 2367 2640 2445 2674; x_wconf 86' lang='lat' dir='ltr'>alibi</span> 
     </span>
     <span class='ocr_line' id='line_1_136' title="bbox 1436 2676 2441 2719; baseline 0.008 -12"><span class='ocrx_word' id='word_1_1171' title='bbox 1436 2686 1535 2719; x_wconf 87' lang='lat' dir='ltr'>quam</span> <span class='ocrx_word' id='word_1_1172' title='bbox 1568 2686 1607 2707; x_wconf 90' lang='lat' dir='ltr'>eo</span> <span class='ocrx_word' id='word_1_1173' title='bbox 1637 2677 1670 2708; x_wconf 87' lang='lat' dir='ltr'>in</span> <span class='ocrx_word' id='word_1_1174' title='bbox 1704 2676 1780 2708; x_wconf 88' lang='lat' dir='ltr'>loco</span> <span class='ocrx_word' id='word_1_1175' title='bbox 1811 2698 1821 2714; x_wconf 91' lang='lat'><strong>,</strong></span> <span class='ocrx_word' id='word_1_1176' title='bbox 1866 2676 1944 2719; x_wconf 90' lang='lat' dir='ltr'>quid</span> <span class='ocrx_word' id='word_1_1177' title='bbox 1971 2688 2043 2711; x_wconf 91' lang='lat' dir='ltr'>uam</span> <span class='ocrx_word' id='word_1_1178' title='bbox 2079 2678 2180 2713; x_wconf 84' lang='lat' dir='ltr'>simile</span> <span class='ocrx_word' id='word_1_1179' title='bbox 2222 2684 2408 2717; x_wconf 86' lang='lat' dir='ltr'>occurrebat</span> <span class='ocrx_word' id='word_1_1180' title='bbox 2433 2709 2441 2715; x_wconf 94' lang='lat'>.</span> 
     </span>
     <span class='ocr_line' id='line_1_137' title="bbox 1568 2717 2447 2768; baseline 0.01 -16"><span class='ocrx_word' id='word_1_1181' title='bbox 1568 2721 1730 2753; x_wconf 78' lang='lat' dir='ltr'>Caeterum</span> <span class='ocrx_word' id='word_1_1182' title='bbox 1764 2717 1928 2754; x_wconf 80' lang='lat' dir='ltr'>Praestanti</span> <span class='ocrx_word' id='word_1_1183' title='bbox 1955 2732 2035 2755; x_wconf 85' lang='lat' dir='ltr'>imus</span> <span class='ocrx_word' id='word_1_1184' title='bbox 2075 2723 2225 2759; x_wconf 85' lang='lat' dir='ltr'>Hallerus</span> <span class='ocrx_word' id='word_1_1185' title='bbox 2266 2730 2355 2768; x_wconf 88' lang='lat' dir='ltr'>(a)</span> <span class='ocrx_word' id='word_1_1186' title='bbox 2389 2728 2447 2760; x_wconf 88' lang='lat' dir='ltr'>ali-</span> 
     </span>
     <span class='ocr_line' id='line_1_138' title="bbox 1437 2762 2447 2811; baseline 0.01 -16"><span class='ocrx_word' id='word_1_1187' title='bbox 1437 2764 1566 2808; x_wconf 84' lang='lat' dir='ltr'>quoties</span> <span class='ocrx_word' id='word_1_1188' title='bbox 1600 2762 1683 2797; x_wconf 85' lang='lat' dir='ltr'>vidit</span> <span class='ocrx_word' id='word_1_1189' title='bbox 1719 2762 1835 2806; x_wconf 83' lang='lat' dir='ltr'>pleurae</span> <span class='ocrx_word' id='word_1_1190' title='bbox 1868 2763 2072 2807; x_wconf 73' lang='lat' dir='ltr'>callositatem</span> <span class='ocrx_word' id='word_1_1191' title='bbox 2095 2790 2108 2807; x_wconf 95' lang='lat'><em>,</em></span> <span class='ocrx_word' id='word_1_1192' title='bbox 2152 2769 2326 2811; x_wconf 78' lang='lat' dir='ltr'>praesertim</span> <span class='ocrx_word' id='word_1_1193' title='bbox 2366 2782 2447 2805; x_wconf 87' lang='lat' dir='ltr'>vero</span> 
     </span>
     <span class='ocr_line' id='line_1_139' title="bbox 1438 2805 2446 2859; baseline 0.012 -21"><span class='ocrx_word' id='word_1_1194' title='bbox 1438 2807 1473 2838; x_wconf 89' lang='lat' dir='ltr'>in</span> <span class='ocrx_word' id='word_1_1195' title='bbox 1497 2805 1642 2849; x_wconf 82' lang='lat' dir='ltr'>suspenso</span> <span class='ocrx_word' id='word_1_1196' title='bbox 1667 2805 1738 2840; x_wconf 85' lang='lat' dir='ltr'>fure</span> <span class='ocrx_word' id='word_1_1197' title='bbox 1758 2831 1767 2847; x_wconf 95' lang='lat'><strong><em>,</em></strong></span> <span class='ocrx_word' id='word_1_1198' title='bbox 1791 2815 1828 2839; x_wconf 92' lang='lat' dir='ltr'>ut</span> <span class='ocrx_word' id='word_1_1199' title='bbox 1851 2817 1996 2850; x_wconf 82' lang='lat' dir='ltr'>magnam</span> <span class='ocrx_word' id='word_1_1200' title='bbox 2018 2833 2030 2853; x_wconf 82' lang='lat'><em>,</em></span> <span class='ocrx_word' id='word_1_1201' title='bbox 2063 2813 2229 2855; x_wconf 82' lang='lat' dir='ltr'>manuique</span> <span class='ocrx_word' id='word_1_1202' title='bbox 2255 2823 2366 2856; x_wconf 88' lang='lat' dir='ltr'>parem</span> <span class='ocrx_word' id='word_1_1203' title='bbox 2393 2815 2446 2859; x_wconf 91' lang='lat' dir='ltr'>se-</span> 
     </span>
     <span class='ocr_line' id='line_1_140' title="bbox 1440 2850 2447 2901; baseline 0.011 -19"><span class='ocrx_word' id='word_1_1204' title='bbox 1440 2850 1507 2882; x_wconf 87' lang='lat' dir='ltr'>dem</span> <span class='ocrx_word' id='word_1_1205' title='bbox 1531 2858 1694 2892; x_wconf 83' lang='lat' dir='ltr'>occuparet</span> <span class='ocrx_word' id='word_1_1206' title='bbox 1714 2876 1723 2884; x_wconf 86' lang='lat'><strong>.</strong></span> <span class='ocrx_word' id='word_1_1207' title='bbox 1761 2851 1843 2883; x_wconf 81' lang='lat' dir='ltr'>Erat</span> <span class='ocrx_word' id='word_1_1208' title='bbox 1865 2852 1899 2883; x_wconf 87' lang='lat' dir='ltr'>in</span> <span class='ocrx_word' id='word_1_1209' title='bbox 1922 2850 1985 2885; x_wconf 91' lang='lat' dir='ltr'>hoc</span> <span class='ocrx_word' id='word_1_1210' title='bbox 2009 2854 2127 2895; x_wconf 87' lang='lat' dir='ltr'>pariter</span> <span class='ocrx_word' id='word_1_1211' title='bbox 2159 2867 2217 2898; x_wconf 81' lang='lat' dir='ltr'>qua</span> <span class='ocrx_word' id='word_1_1212' title='bbox 2240 2857 2333 2898; x_wconf 85' lang='lat' dir='ltr'>costas</span> <span class='ocrx_word' id='word_1_1213' title='bbox 2356 2859 2447 2901; x_wconf 86' lang='lat' dir='ltr'>pleu-</span> 
     </span>
     <span class='ocr_line' id='line_1_141' title="bbox 1441 2891 2445 2945; baseline 0.012 -20"><span class='ocrx_word' id='word_1_1214' title='bbox 1441 2904 1472 2925; x_wconf 87' lang='lat' dir='ltr'>ra</span> <span class='ocrx_word' id='word_1_1215' title='bbox 1503 2891 1652 2935; x_wconf 74' lang='lat' dir='ltr'>posterius</span> <span class='ocrx_word' id='word_1_1216' title='bbox 1685 2895 1800 2936; x_wconf 83' lang='lat' dir='ltr'>tegit:</span> <span class='ocrx_word' id='word_1_1217' title='bbox 1834 2905 1933 2937; x_wconf 87' lang='lat' dir='ltr'>neque</span> <span class='ocrx_word' id='word_1_1218' title='bbox 1970 2906 2076 2930; x_wconf 88' lang='lat' dir='ltr'>tamen</span> <span class='ocrx_word' id='word_1_1219' title='bbox 2109 2909 2143 2931; x_wconf 87' lang='lat' dir='ltr'>os</span> <span class='ocrx_word' id='word_1_1220' title='bbox 2165 2908 2235 2934; x_wconf 85' lang='lat' dir='ltr'>erat</span> <span class='ocrx_word' id='word_1_1221' title='bbox 2256 2923 2266 2939; x_wconf 89' lang='lat'>,</span> <span class='ocrx_word' id='word_1_1222' title='bbox 2292 2901 2349 2945; x_wconf 89' lang='lat' dir='ltr'>sed</span> <span class='ocrx_word' id='word_1_1223' title='bbox 2380 2902 2445 2936; x_wconf 80' lang='lat' dir='ltr'>cal-</span> 
     </span>
     <span class='ocr_line' id='line_1_142' title="bbox 1439 2936 2446 2989; baseline 0.004 -20"><span class='ocrx_word' id='word_1_1224' title='bbox 1439 2936 1489 2969; x_wconf 89' lang='lat' dir='ltr'>lus</span> <span class='ocrx_word' id='word_1_1225' title='bbox 1504 2961 1511 2969; x_wconf 89' lang='lat'><strong>.</strong></span> <span class='ocrx_word' id='word_1_1226' title='bbox 1646 2938 1699 2970; x_wconf 83' lang='lat' dir='ltr'>Cl.</span> <span class='ocrx_word' id='word_1_1227' title='bbox 1723 2946 1830 2971; x_wconf 89' lang='lat' dir='ltr'>autem</span> <span class='ocrx_word' id='word_1_1228' title='bbox 1853 2939 2068 2982; x_wconf 80' lang='lat' dir='ltr'>Hottingerus</span> <span class='ocrx_word' id='word_1_1229' title='bbox 2104 2946 2114 2981; x_wconf 91' lang='lat'>(</span> <span class='ocrx_word' id='word_1_1230' title='bbox 2138 2941 2157 2974; x_wconf 90' lang='lat' dir='ltr'>b</span> <span class='ocrx_word' id='word_1_1231' title='bbox 2178 2946 2192 2982; x_wconf 89' lang='lat'>)</span> <span class='ocrx_word' id='word_1_1232' title='bbox 2223 2943 2384 2985; x_wconf 81' lang='lat' dir='ltr'>pulmones</span> <span class='ocrx_word' id='word_1_1233' title='bbox 2401 2947 2446 2989; x_wconf 82' lang='lat' dir='ltr'>fi-</span> 
     </span>
     <span class='ocr_line' id='line_1_143' title="bbox 1437 2978 2446 3031; baseline 0.011 -19"><span class='ocrx_word' id='word_1_1234' title='bbox 1437 2979 1530 3019; x_wconf 78' lang='lat' dir='ltr'>nzstro</span> <span class='ocrx_word' id='word_1_1235' title='bbox 1564 2978 1658 3015; x_wconf 78' lang='lat' dir='ltr'>lateri</span> <span class='ocrx_word' id='word_1_1236' title='bbox 1690 2988 1826 3014; x_wconf 83' lang='lat' dir='ltr'>accretos</span> <span class='ocrx_word' id='word_1_1237' title='bbox 1865 3005 1875 3020; x_wconf 89' lang='lat'>,</span> <span class='ocrx_word' id='word_1_1238' title='bbox 1904 2983 2105 3026; x_wconf 77' lang='lat' dir='ltr'>pleuramque</span> <span class='ocrx_word' id='word_1_1239' title='bbox 2135 2988 2268 3020; x_wconf 80' lang='lat' dir='ltr'>materia</span> <span class='ocrx_word' id='word_1_1240' title='bbox 2311 2990 2446 3031; x_wconf 83' lang='lat' dir='ltr'>quadam</span> 
     </span>
     <span class='ocr_line' id='line_1_144' title="bbox 1438 3022 2446 3075; baseline 0.011 -20"><span class='ocrx_word' id='word_1_1241' title='bbox 1438 3022 1622 3065; x_wconf 79' lang='lat' dir='ltr'>cartilagini</span> <span class='ocrx_word' id='word_1_1242' title='bbox 1655 3024 1739 3059; x_wconf 87' lang='lat' dir='ltr'>haud</span> <span class='ocrx_word' id='word_1_1243' title='bbox 1769 3023 1902 3067; x_wconf 78' lang='lat' dir='ltr'>absimili</span> <span class='ocrx_word' id='word_1_1244' title='bbox 1934 3026 2076 3067; x_wconf 71' lang='lat' dir='ltr'>vestitam</span> <span class='ocrx_word' id='word_1_1245' title='bbox 2109 3030 2232 3063; x_wconf 89' lang='lat' dir='ltr'>invenit</span> <span class='ocrx_word' id='word_1_1246' title='bbox 2256 3053 2266 3068; x_wconf 88' lang='lat'><em>‚</em></span> <span class='ocrx_word' id='word_1_1247' title='bbox 2300 3043 2397 3075; x_wconf 87' lang='lat' dir='ltr'>eaque</span> <span class='ocrx_word' id='word_1_1248' title='bbox 2428 3044 2446 3066; x_wconf 89' lang='lat' dir='ltr'>a</span> 
     </span>
     <span class='ocr_line' id='line_1_145' title="bbox 1437 3066 2442 3114; baseline 0.012 -16"><span class='ocrx_word' id='word_1_1249' title='bbox 1437 3066 1611 3108; x_wconf 86' lang='lat' dir='ltr'>pleuritide</span> <span class='ocrx_word' id='word_1_1250' title='bbox 1634 3079 1694 3111; x_wconf 86' lang='lat' dir='ltr'>qua</span> <span class='ocrx_word' id='word_1_1251' title='bbox 1720 3076 1791 3100; x_wconf 88' lang='lat' dir='ltr'>ante</span> <span class='ocrx_word' id='word_1_1252' title='bbox 1815 3068 1939 3111; x_wconf 84' lang='lat' dir='ltr'>aliquot</span> <span class='ocrx_word' id='word_1_1253' title='bbox 1964 3081 2061 3104; x_wconf 87' lang='lat' dir='ltr'>annos</span> <span class='ocrx_word' id='word_1_1254' title='bbox 2086 3072 2201 3107; x_wconf 85' lang='lat' dir='ltr'>mulier</span> <span class='ocrx_word' id='word_1_1255' title='bbox 2222 3074 2442 3114; x_wconf 83' lang='lat' dir='ltr'>laboraverat,</span> 
     </span>
     <span class='ocr_line' id='line_1_146' title="bbox 1436 3108 2445 3163; baseline 0.012 -21"><span class='ocrx_word' id='word_1_1256' title='bbox 1436 3108 1494 3143; x_wconf 76' lang='lat' dir='ltr'>esse</span> <span class='ocrx_word' id='word_1_1257' title='bbox 1517 3109 1661 3144; x_wconf 86' lang='lat' dir='ltr'>censuit.</span> <span class='ocrx_word' id='word_1_1258' title='bbox 1687 3111 1826 3145; x_wconf 81' lang='lat' dir='ltr'>Fortasse</span> <span class='ocrx_word' id='word_1_1259' title='bbox 1850 3115 1881 3145; x_wconf 87' lang='lat'>&amp;</span> <span class='ocrx_word' id='word_1_1260' title='bbox 1906 3113 1957 3147; x_wconf 87' lang='lat' dir='ltr'>fur</span> <span class='ocrx_word' id='word_1_1261' title='bbox 1980 3114 2036 3148; x_wconf 90' lang='lat' dir='ltr'>ille</span> <span class='ocrx_word' id='word_1_1262' title='bbox 2057 3138 2070 3155; x_wconf 91' lang='lat'><em>,</em></span> <span class='ocrx_word' id='word_1_1263' title='bbox 2102 3119 2134 3149; x_wconf 90' lang='lat'>&amp;</span> <span class='ocrx_word' id='word_1_1264' title='bbox 2159 3117 2242 3151; x_wconf 89' lang='lat' dir='ltr'>senes</span> <span class='ocrx_word' id='word_1_1265' title='bbox 2266 3118 2304 3152; x_wconf 89' lang='lat' dir='ltr'>de</span> <span class='ocrx_word' id='word_1_1266' title='bbox 2327 3119 2445 3163; x_wconf 86' lang='lat' dir='ltr'>quibus</span> 
     </span>
     <span class='ocr_line' id='line_1_147' title="bbox 1434 3152 2446 3198; baseline 0.012 -13"><span class='ocrx_word' id='word_1_1267' title='bbox 1434 3152 1562 3186; x_wconf 54' lang='lat' dir='ltr'>dietum</span> <span class='ocrx_word' id='word_1_1268' title='bbox 1586 3153 1629 3188; x_wconf 88' lang='lat' dir='ltr'>est</span> <span class='ocrx_word' id='word_1_1269' title='bbox 1650 3178 1661 3193; x_wconf 93' lang='lat'><strong><em>,</em></strong></span> <span class='ocrx_word' id='word_1_1270' title='bbox 1696 3165 1734 3188; x_wconf 88' lang='lat' dir='ltr'>ex</span> <span class='ocrx_word' id='word_1_1271' title='bbox 1758 3155 1922 3198; x_wconf 81' lang='lat' dir='ltr'>ptaegressa</span> <span class='ocrx_word' id='word_1_1272' title='bbox 1946 3157 2027 3191; x_wconf 89' lang='lat' dir='ltr'>olim</span> <span class='ocrx_word' id='word_1_1273' title='bbox 2060 3159 2321 3195; x_wconf 84' lang='lat' dir='ltr'>inflammatione</span> <span class='ocrx_word' id='word_1_1274' title='bbox 2345 3163 2446 3197; x_wconf 84' lang='lat' dir='ltr'>callo-</span> 
     </span>
     <span class='ocr_line' id='line_1_148' title="bbox 1434 3196 2442 3242; baseline 0.011 -13"><span class='ocrx_word' id='word_1_1275' title='bbox 1434 3196 1529 3237; x_wconf 86' lang='lat' dir='ltr'>sam,</span> <span class='ocrx_word' id='word_1_1276' title='bbox 1568 3196 1742 3241; x_wconf 81' lang='lat' dir='ltr'>osseamque</span> <span class='ocrx_word' id='word_1_1277' title='bbox 1775 3197 1892 3232; x_wconf 71' lang='lat' dir='ltr'>factam</span> <span class='ocrx_word' id='word_1_1278' title='bbox 1931 3212 1999 3235; x_wconf 81' lang='lat' dir='ltr'>eam</span> <span class='ocrx_word' id='word_1_1279' title='bbox 2038 3204 2253 3238; x_wconf 84' lang='lat' dir='ltr'>membranam</span> <span class='ocrx_word' id='word_1_1280' title='bbox 2278 3206 2411 3242; x_wconf 88' lang='lat' dir='ltr'>habuere</span> <span class='ocrx_word' id='word_1_1281' title='bbox 2434 3233 2442 3240; x_wconf 89' lang='lat'><strong>.</strong></span> 
     </span>
     <span class='ocr_line' id='line_1_149' title="bbox 1569 3242 2447 3293; baseline 0.013 -19"><span class='ocrx_word' id='word_1_1282' title='bbox 1569 3242 1713 3280; x_wconf 86' lang='lat' dir='ltr'>Verum,</span> <span class='ocrx_word' id='word_1_1283' title='bbox 1739 3252 1775 3275; x_wconf 89' lang='lat' dir='ltr'>ut</span> <span class='ocrx_word' id='word_1_1284' title='bbox 1800 3242 1851 3276; x_wconf 83' lang='lat' dir='ltr'>his</span> <span class='ocrx_word' id='word_1_1285' title='bbox 1874 3244 1968 3279; x_wconf 79' lang='lat' dir='ltr'>missis</span> <span class='ocrx_word' id='word_1_1286' title='bbox 1988 3268 2000 3285; x_wconf 84' lang='lat'><em>,</em></span> <span class='ocrx_word' id='word_1_1287' title='bbox 2031 3245 2069 3279; x_wconf 90' lang='lat' dir='ltr'>ad</span> <span class='ocrx_word' id='word_1_1288' title='bbox 2095 3248 2237 3289; x_wconf 90' lang='lat' dir='ltr'>primum</span> <span class='ocrx_word' id='word_1_1289' title='bbox 2261 3250 2346 3284; x_wconf 89' lang='lat' dir='ltr'>illud</span> <span class='ocrx_word' id='word_1_1290' title='bbox 2369 3262 2447 3293; x_wconf 89' lang='lat' dir='ltr'>pro-</span> 
     </span>
     <span class='ocr_line' id='line_1_150' title="bbox 1433 3282 2447 3331; baseline 0.014 -16"><span class='ocrx_word' id='word_1_1291' title='bbox 1433 3282 1575 3326; x_wconf 85' lang='lat' dir='ltr'>positum</span> <span class='ocrx_word' id='word_1_1292' title='bbox 1599 3290 1609 3325; x_wconf 91' lang='lat'>(</span> <span class='ocrx_word' id='word_1_1293' title='bbox 1634 3298 1649 3318; x_wconf 86' lang='lat' dir='ltr'>c</span> <span class='ocrx_word' id='word_1_1294' title='bbox 1670 3289 1684 3325; x_wconf 88' lang='lat'><em>)</em></span> <span class='ocrx_word' id='word_1_1295' title='bbox 1710 3295 1923 3328; x_wconf 43' lang='lat' dir='ltr'>revertamur&amp;</span> <span class='ocrx_word' id='word_1_1296' title='bbox 1946 3289 2052 3331; x_wconf 87' lang='lat' dir='ltr'>pleura</span> <span class='ocrx_word' id='word_1_1297' title='bbox 2086 3301 2151 3324; x_wconf 89' lang='lat' dir='ltr'>non</span> <span class='ocrx_word' id='word_1_1298' title='bbox 2175 3301 2240 3325; x_wconf 84' lang='lat' dir='ltr'>erat</span> <span class='ocrx_word' id='word_1_1299' title='bbox 2265 3294 2447 3328; x_wconf 86' lang='lat' dir='ltr'>inflamma-</span> 
     </span>
     <span class='ocr_line' id='line_1_151' title="bbox 1437 3328 2448 3377; baseline 0.012 -17"><span class='ocrx_word' id='word_1_1300' title='bbox 1437 3337 1469 3360; x_wconf 87' lang='lat' dir='ltr'>ta</span> <span class='ocrx_word' id='word_1_1301' title='bbox 1492 3329 1526 3361; x_wconf 92' lang='lat' dir='ltr'>in</span> <span class='ocrx_word' id='word_1_1302' title='bbox 1552 3339 1586 3361; x_wconf 91' lang='lat' dir='ltr'>ea</span> <span class='ocrx_word' id='word_1_1303' title='bbox 1608 3328 1647 3361; x_wconf 90' lang='lat' dir='ltr'>de</span> <span class='ocrx_word' id='word_1_1304' title='bbox 1669 3340 1731 3371; x_wconf 91' lang='lat' dir='ltr'>qua</span> <span class='ocrx_word' id='word_1_1305' title='bbox 1756 3328 1905 3366; x_wconf 67' lang='lat' dir='ltr'>hauenus</span> <span class='ocrx_word' id='word_1_1306' title='bbox 1930 3332 2031 3366; x_wconf 89' lang='lat' dir='ltr'>locuti</span> <span class='ocrx_word' id='word_1_1307' title='bbox 2052 3334 2155 3368; x_wconf 91' lang='lat' dir='ltr'>sumus</span> <span class='ocrx_word' id='word_1_1308' title='bbox 2177 3359 2190 3377; x_wconf 88' lang='lat'>‚</span> <span class='ocrx_word' id='word_1_1309' title='bbox 2214 3336 2366 3375; x_wconf 85' lang='lat' dir='ltr'>historia,</span> <span class='ocrx_word' id='word_1_1310' title='bbox 2392 3349 2448 3371; x_wconf 80' lang='lat' dir='ltr'>ne-</span> 
     </span>
     <span class='ocr_line' id='line_1_152' title="bbox 1436 3372 2448 3424; baseline 0.013 -21"><span class='ocrx_word' id='word_1_1311' title='bbox 1436 3382 1497 3413; x_wconf 87' lang='lat' dir='ltr'>que</span> <span class='ocrx_word' id='word_1_1312' title='bbox 1539 3372 1652 3415; x_wconf 89' lang='lat' dir='ltr'>pulmo</span> <span class='ocrx_word' id='word_1_1313' title='bbox 1688 3372 1774 3406; x_wconf 88' lang='lat' dir='ltr'>sanie</span> <span class='ocrx_word' id='word_1_1314' title='bbox 1816 3376 1918 3411; x_wconf 88' lang='lat' dir='ltr'>multa</span> <span class='ocrx_word' id='word_1_1315' title='bbox 1963 3376 2102 3410; x_wconf 84' lang='lat' dir='ltr'>scatebat</span> <span class='ocrx_word' id='word_1_1316' title='bbox 2135 3405 2146 3420; x_wconf 87' lang='lat'><em>‚</em></span> <span class='ocrx_word' id='word_1_1317' title='bbox 2190 3390 2292 3424; x_wconf 88' lang='lat' dir='ltr'>neque</span> <span class='ocrx_word' id='word_1_1318' title='bbox 2326 3380 2448 3416; x_wconf 83' lang='lat' dir='ltr'>thorax</span> 
     </span>
    </p>
   </div>
   <div class='ocr_carea' id='block_1_5' title="bbox 2280 3423 2404 3466">
    <p class='ocr_par' dir='ltr' id='par_1_8' title="bbox 2280 3423 2404 3466">
     <span class='ocr_line' id='line_1_153' title="bbox 2280 3423 2404 3466; baseline 0 -9"><span class='ocrx_word' id='word_1_1319' title='bbox 2280 3423 2404 3466; x_wconf 90' lang='lat' dir='ltr'>hydro-</span> 
     </span>
    </p>
   </div>
   <div class='ocr_carea' id='block_1_6' title="bbox 376 3475 2453 3496">
    <p class='ocr_par' dir='ltr' id='par_1_9' title="bbox 376 3475 2453 3496">
     <span class='ocr_line' id='line_1_154' title="bbox 376 3475 2453 3496; baseline 0.003 -6"><span class='ocrx_word' id='word_1_1320' title='bbox 376 3475 2453 3496; x_wconf 49' lang='lat' dir='ltr'>M..—</span> 
     </span>
    </p>
   </div>
   <div class='ocr_carea' id='block_1_7' title="bbox 968 3532 1390 3564">
    <p class='ocr_par' dir='ltr' id='par_1_10' title="bbox 968 3532 1390 3564">
     <span class='ocr_line' id='line_1_155' title="bbox 968 3532 1390 3564; baseline 0.002 -7"><span class='ocrx_word' id='word_1_1321' title='bbox 968 3532 976 3564; x_wconf 95' lang='lat'>(</span> <span class='ocrx_word' id='word_1_1322' title='bbox 995 3533 1010 3557; x_wconf 84' lang='lat' dir='ltr'>b</span> <span class='ocrx_word' id='word_1_1323' title='bbox 1028 3532 1036 3563; x_wconf 95' lang='lat'><em>)</em></span> <span class='ocrx_word' id='word_1_1324' title='bbox 1053 3535 1126 3560; x_wconf 78' lang='lat' dir='ltr'>Cent.</span> <span class='ocrx_word' id='word_1_1325' title='bbox 1143 3542 1165 3564; x_wconf 65' lang='grc' dir='ltr'>ς.</span> <span class='ocrx_word' id='word_1_1326' title='bbox 1182 3534 1242 3558; x_wconf 74' lang='lat' dir='ltr'>nist.</span> <span class='ocrx_word' id='word_1_1327' title='bbox 1260 3534 1333 3559; x_wconf 73' lang='lat' dir='ltr'>Anat.</span> <span class='ocrx_word' id='word_1_1328' title='bbox 1353 3536 1390 3563; x_wconf 83' lang='lat'>98.</span> 
     </span>
    </p>
   </div>
   <div class='ocr_carea' id='block_1_8' title="bbox 1227 3595 1801 3631">
    <p class='ocr_par' dir='ltr' id='par_1_11' title="bbox 1227 3595 1801 3631">
     <span class='ocr_line' id='line_1_156' title="bbox 1227 3595 1801 3631; baseline 0.012 -12"><span class='ocrx_word' id='word_1_1329' title='bbox 1227 3595 1236 3624; x_wconf 91' lang='lat'><strong>(</strong></span> <span class='ocrx_word' id='word_1_1330' title='bbox 1253 3604 1268 3623; x_wconf 84' lang='lat' dir='ltr'><em>q</em></span> <span class='ocrx_word' id='word_1_1331' title='bbox 1286 3597 1295 3625; x_wconf 93' lang='lat'><em>)</em></span> <span class='ocrx_word' id='word_1_1332' title='bbox 1313 3596 1373 3622; x_wconf 67' lang='lat' dir='ltr'>Sest-</span> <span class='ocrx_word' id='word_1_1333' title='bbox 1391 3601 1415 3622; x_wconf 86' lang='lat'>6.</span> <span class='ocrx_word' id='word_1_1334' title='bbox 1432 3598 1475 3622; x_wconf 83' lang='lat' dir='ltr'>cit.</span> <span class='ocrx_word' id='word_1_1335' title='bbox 1493 3598 1560 3628; x_wconf 78' lang='lat' dir='ltr'>supra</span> <span class='ocrx_word' id='word_1_1336' title='bbox 1572 3615 1578 3627; x_wconf 82' lang='grc'>,</span> <span class='ocrx_word' id='word_1_1337' title='bbox 1595 3601 1624 3624; x_wconf 77' lang='lat' dir='ltr'>ad</span> <span class='ocrx_word' id='word_1_1338' title='bbox 1641 3608 1666 3624; x_wconf 89' lang='lat' dir='ltr'>n.</span> <span class='ocrx_word' id='word_1_1339' title='bbox 1685 3608 1723 3630; x_wconf 61' lang='lat'>14.</span> <span class='ocrx_word' id='word_1_1340' title='bbox 1743 3611 1763 3626; x_wconf 88' lang='lat' dir='ltr'>e.</span> <span class='ocrx_word' id='word_1_1341' title='bbox 1781 3612 1801 3631; x_wconf 84' lang='lat'>3·</span> 
     </span>
    </p>
   </div>
   <div class='ocr_carea' id='block_1_9' title="bbox 435 3535 1646 3720">
    <p class='ocr_par' dir='ltr' id='par_1_12' title="bbox 438 3535 1426 3570">
     <span class='ocr_line' id='line_1_157' title="bbox 438 3535 1426 3570; baseline -0.009 -7"><span class='ocrx_word' id='word_1_1342' title='bbox 438 3540 453 3568; x_wconf 84' lang='lat'>(</span> <span class='ocrx_word' id='word_1_1343' title='bbox 499 3535 903 3567; x_wconf 66' lang='lat' dir='ltr'>)0bs.Med.l.².c.t².ia.</span> <span class='ocrx_word' id='word_1_1344' title='bbox 1261 3564 1265 3568; x_wconf 22' lang='grc' dir='ltr'><em>η</em></span> <span class='ocrx_word' id='word_1_1345' title='bbox 1335 3565 1340 3570; x_wconf 44' lang='grc'><em>.</em></span> <span class='ocrx_word' id='word_1_1346' title='bbox 1421 3565 1426 3570; x_wconf 41' lang='lat'><strong>¹</strong></span> 
     </span>
    </p>

    <p class='ocr_par' dir='ltr' id='par_1_13' title="bbox 435 3546 1646 3631">
     <span class='ocr_line' id='line_1_158' title="bbox 438 3546 1646 3598; baseline -0.002 -5"><span class='ocrx_word' id='word_1_1347' title='bbox 438 3570 446 3596; x_wconf 72' lang='grc' dir='ltr'>ι’</span> <span class='ocrx_word' id='word_1_1348' title='bbox 465 3546 513 3598; x_wconf 55' lang='grc' dir='ltr'>ἔ)</span> <span class='ocrx_word' id='word_1_1349' title='bbox 529 3569 635 3594; x_wconf 75' lang='lat' dir='ltr'>Earund.</span> <span class='ocrx_word' id='word_1_1350' title='bbox 652 3569 710 3591; x_wconf 82' lang='lat' dir='ltr'>Dec.</span> <span class='ocrx_word' id='word_1_1351' title='bbox 729 3574 751 3590; x_wconf 84' lang='lat'>2.</span> <span class='ocrx_word' id='word_1_1352' title='bbox 768 3568 797 3590; x_wconf 76' lang='lat' dir='ltr'>A.</span> <span class='ocrx_word' id='word_1_1353' title='bbox 816 3573 854 3590; x_wconf 86' lang='grc' dir='ltr'>ιο.</span> <span class='ocrx_word' id='word_1_1354' title='bbox 873 3564 932 3588; x_wconf 85' lang='lat' dir='ltr'>Obs.</span> <span class='ocrx_word' id='word_1_1355' title='bbox 949 3571 1002 3589; x_wconf 76' lang='grc' dir='ltr'>ιω..</span> <span class='ocrx_word' id='word_1_1356' title='bbox 1064 3566 1078 3594; x_wconf 87' lang='lat'>(</span> <span class='ocrx_word' id='word_1_1357' title='bbox 1093 3566 1104 3589; x_wconf 78' lang='grc' dir='ltr'><em>ι</em></span> <span class='ocrx_word' id='word_1_1358' title='bbox 1120 3566 1130 3596; x_wconf 89' lang='grc'><strong><em>)</em></strong></span> <span class='ocrx_word' id='word_1_1359' title='bbox 1146 3567 1182 3590; x_wconf 84' lang='lat' dir='ltr'>De</span> <span class='ocrx_word' id='word_1_1360' title='bbox 1198 3564 1291 3589; x_wconf 82' lang='lat' dir='ltr'>Medic.</span> <span class='ocrx_word' id='word_1_1361' title='bbox 1309 3565 1368 3590; x_wconf 81' lang='lat' dir='ltr'>Hist.</span> <span class='ocrx_word' id='word_1_1362' title='bbox 1388 3567 1480 3591; x_wconf 75' lang='lat' dir='ltr'>Mirab.</span> <span class='ocrx_word' id='word_1_1363' title='bbox 1499 3569 1515 3592; x_wconf 82' lang='lat'>1.</span> <span class='ocrx_word' id='word_1_1364' title='bbox 1533 3576 1554 3597; x_wconf 84' lang='lat'>3.</span> <span class='ocrx_word' id='word_1_1365' title='bbox 1571 3576 1591 3593; x_wconf 82' lang='lat' dir='ltr'>c.</span> <span class='ocrx_word' id='word_1_1366' title='bbox 1612 3577 1646 3593; x_wconf 78' lang='grc' dir='ltr'>ιο,</span> 
     </span>
     <span class='ocr_line' id='line_1_159' title="bbox 435 3594 1375 3631; baseline -0.003 -8"><span class='ocrx_word' id='word_1_1367' title='bbox 435 3599 450 3628; x_wconf 86' lang='grc'><strong>(</strong></span> <span class='ocrx_word' id='word_1_1368' title='bbox 466 3608 479 3623; x_wconf 83' lang='grc' dir='ltr'><strong><em>ο</em></strong></span> <span class='ocrx_word' id='word_1_1369' title='bbox 494 3600 507 3627; x_wconf 91' lang='grc'>)</span> <span class='ocrx_word' id='word_1_1370' title='bbox 523 3600 672 3631; x_wconf 44' lang='lat' dir='ltr'>comment..</span> <span class='ocrx_word' id='word_1_1371' title='bbox 682 3596 706 3620; x_wconf 91' lang='lat' dir='ltr'>in</span> <span class='ocrx_word' id='word_1_1372' title='bbox 723 3596 796 3620; x_wconf 78' lang='lat' dir='ltr'>eund.</span> <span class='ocrx_word' id='word_1_1373' title='bbox 814 3598 832 3621; x_wconf 86' lang='lat' dir='ltr'>l.</span> <span class='ocrx_word' id='word_1_1374' title='bbox 850 3603 875 3620; x_wconf 93' lang='lat' dir='ltr'>n.</span> <span class='ocrx_word' id='word_1_1375' title='bbox 892 3596 929 3619; x_wconf 81' lang='lat'>8².</span> <span class='ocrx_word' id='word_1_1376' title='bbox 992 3594 1006 3624; x_wconf 84' lang='lat'>(</span> <span class='ocrx_word' id='word_1_1377' title='bbox 1021 3600 1038 3624; x_wconf 79' lang='lat' dir='ltr'>p</span> <span class='ocrx_word' id='word_1_1378' title='bbox 1059 3596 1065 3626; x_wconf 72' lang='lat' dir='ltr'>J</span> <span class='ocrx_word' id='word_1_1379' title='bbox 1082 3603 1107 3620; x_wconf 90' lang='lat' dir='ltr'>n.</span> <span class='ocrx_word' id='word_1_1380' title='bbox 1124 3604 1163 3625; x_wconf 82' lang='grc' dir='ltr'>4ο.</span> <span class='ocrx_word' id='word_1_1381' title='bbox 1371 3627 1375 3630; x_wconf 49' lang='grc'>-</span> 
     </span>
    </p>

    <p class='ocr_par' dir='ltr' id='par_1_14' title="bbox 437 3624 1611 3659">
     <span class='ocr_line' id='line_1_160' title="bbox 437 3624 1611 3659; baseline -0.002 -4"><span class='ocrx_word' id='word_1_1382' title='bbox 437 3633 444 3655; x_wconf 79' lang='grc' dir='ltr'>ί</span> <span class='ocrx_word' id='word_1_1383' title='bbox 492 3629 506 3657; x_wconf 91' lang='grc'>)</span> <span class='ocrx_word' id='word_1_1384' title='bbox 523 3631 558 3653; x_wconf 80' lang='lat' dir='ltr'>De</span> <span class='ocrx_word' id='word_1_1385' title='bbox 574 3629 635 3653; x_wconf 78' lang='lat' dir='ltr'>Hist.</span> <span class='ocrx_word' id='word_1_1386' title='bbox 652 3632 693 3652; x_wconf 80' lang='lat' dir='ltr'>eit.</span> <span class='ocrx_word' id='word_1_1387' title='bbox 710 3626 796 3655; x_wconf 77' lang='lat' dir='ltr'>supra,</span> <span class='ocrx_word' id='word_1_1388' title='bbox 811 3626 842 3650; x_wconf 71' lang='lat' dir='ltr'>ad</span> <span class='ocrx_word' id='word_1_1389' title='bbox 859 3634 884 3650; x_wconf 88' lang='lat' dir='ltr'>n-</span> <span class='ocrx_word' id='word_1_1390' title='bbox 904 3632 943 3649; x_wconf 72' lang='grc' dir='ltr'>ιο.</span> <span class='ocrx_word' id='word_1_1391' title='bbox 960 3624 979 3647; x_wconf 89' lang='lat' dir='ltr'>l·</span> <span class='ocrx_word' id='word_1_1392' title='bbox 994 3627 1015 3649; x_wconf 90' lang='lat'>6.</span> <span class='ocrx_word' id='word_1_1393' title='bbox 1032 3632 1055 3659; x_wconf 65' lang='lat' dir='ltr'>e.</span> <span class='ocrx_word' id='word_1_1394' title='bbox 1072 3635 1095 3653; x_wconf 72' lang='lat'>4·</span> <span class='ocrx_word' id='word_1_1395' title='bbox 1158 3624 1227 3655; x_wconf 82' lang='lat' dir='ltr'>(s)</span> <span class='ocrx_word' id='word_1_1396' title='bbox 1243 3627 1279 3649; x_wconf 81' lang='lat' dir='ltr'>De</span> <span class='ocrx_word' id='word_1_1397' title='bbox 1298 3628 1479 3657; x_wconf 74' lang='lat' dir='ltr'>Pleutipneum.</span> <span class='ocrx_word' id='word_1_1398' title='bbox 1498 3629 1546 3653; x_wconf 82' lang='grc'>1-1.</span> <span class='ocrx_word' id='word_1_1399' title='bbox 1558 3636 1611 3655; x_wconf 83' lang='lat' dir='ltr'>c.2.</span> 
     </span>
    </p>

    <p class='ocr_par' dir='ltr' id='par_1_15' title="bbox 438 3655 1575 3689">
     <span class='ocr_line' id='line_1_161' title="bbox 438 3655 1575 3689; baseline 0 -6"><span class='ocrx_word' id='word_1_1400' title='bbox 438 3660 453 3688; x_wconf 87' lang='lat'>(</span> <span class='ocrx_word' id='word_1_1401' title='bbox 469 3667 486 3683; x_wconf 87' lang='lat' dir='ltr'>u</span> <span class='ocrx_word' id='word_1_1402' title='bbox 502 3665 509 3683; x_wconf 86' lang='lat'><strong>)</strong></span> <span class='ocrx_word' id='word_1_1403' title='bbox 527 3658 591 3687; x_wconf 70' lang='lat' dir='ltr'>Aph.</span> <span class='ocrx_word' id='word_1_1404' title='bbox 613 3659 626 3689; x_wconf 89' lang='lat'><em>§</em></span> <span class='ocrx_word' id='word_1_1405' title='bbox 653 3665 705 3687; x_wconf 69' lang='lat'>3¹⁴·</span> <span class='ocrx_word' id='word_1_1406' title='bbox 722 3657 744 3680; x_wconf 68' lang='grc' dir='ltr'>ἃ</span> <span class='ocrx_word' id='word_1_1407' title='bbox 762 3664 814 3685; x_wconf 84' lang='lat'><em>90¹-</em></span> <span class='ocrx_word' id='word_1_1408' title='bbox 877 3656 891 3684; x_wconf 92' lang='lat'>(</span> <span class='ocrx_word' id='word_1_1409' title='bbox 905 3664 920 3678; x_wconf 70' lang='grc' dir='ltr'><strong><em>κ</em></strong></span> <span class='ocrx_word' id='word_1_1410' title='bbox 938 3655 947 3683; x_wconf 92' lang='grc'>)</span> <span class='ocrx_word' id='word_1_1411' title='bbox 962 3656 1007 3689; x_wconf 43' lang='grc' dir='ltr'><strong>Τι’..</strong></span> <span class='ocrx_word' id='word_1_1412' title='bbox 1026 3661 1060 3678; x_wconf 80' lang='lat' dir='ltr'>eit</span> <span class='ocrx_word' id='word_1_1413' title='bbox 1085 3656 1170 3686; x_wconf 69' lang='lat' dir='ltr'>supra,</span> <span class='ocrx_word' id='word_1_1414' title='bbox 1187 3656 1215 3680; x_wconf 80' lang='lat' dir='ltr'>ad</span> <span class='ocrx_word' id='word_1_1415' title='bbox 1234 3663 1257 3678; x_wconf 90' lang='lat' dir='ltr'>n.</span> <span class='ocrx_word' id='word_1_1416' title='bbox 1278 3665 1314 3680; x_wconf 75' lang='grc' dir='ltr'>ιο.</span> <span class='ocrx_word' id='word_1_1417' title='bbox 1336 3658 1351 3680; x_wconf 88' lang='lat' dir='ltr'>l.</span> <span class='ocrx_word' id='word_1_1418' title='bbox 1371 3666 1393 3686; x_wconf 90' lang='lat'>3.</span> <span class='ocrx_word' id='word_1_1419' title='bbox 1413 3659 1451 3683; x_wconf 77' lang='lat' dir='ltr'>ch.</span> <span class='ocrx_word' id='word_1_1420' title='bbox 1467 3667 1491 3688; x_wconf 69' lang='grc'>4.</span> <span class='ocrx_word' id='word_1_1421' title='bbox 1510 3668 1534 3684; x_wconf 91' lang='lat' dir='ltr'>n.</span> <span class='ocrx_word' id='word_1_1422' title='bbox 1551 3662 1575 3684; x_wconf 81' lang='lat'>8.</span> 
     </span>
    </p>

    <p class='ocr_par' dir='ltr' id='par_1_16' title="bbox 438 3684 1135 3720">
     <span class='ocr_line' id='line_1_162' title="bbox 438 3684 1135 3720; baseline -0.006 -5"><span class='ocrx_word' id='word_1_1423' title='bbox 438 3691 452 3720; x_wconf 92' lang='lat'><strong>(</strong></span> <span class='ocrx_word' id='word_1_1424' title='bbox 467 3697 483 3714; x_wconf 77' lang='lat' dir='ltr'>a</span> <span class='ocrx_word' id='word_1_1425' title='bbox 498 3688 513 3718; x_wconf 86' lang='lat'>)</span> <span class='ocrx_word' id='word_1_1426' title='bbox 531 3691 612 3719; x_wconf 65' lang='lat' dir='ltr'>progr.</span> <span class='ocrx_word' id='word_1_1427' title='bbox 630 3689 660 3713; x_wconf 81' lang='lat' dir='ltr'>de</span> <span class='ocrx_word' id='word_1_1428' title='bbox 675 3686 758 3713; x_wconf 81' lang='lat' dir='ltr'>indur.</span> <span class='ocrx_word' id='word_1_1429' title='bbox 775 3693 834 3717; x_wconf 76' lang='lat' dir='ltr'>corp</span> <span class='ocrx_word' id='word_1_1430' title='bbox 859 3686 926 3711; x_wconf 80' lang='lat' dir='ltr'>hum.</span> <span class='ocrx_word' id='word_1_1431' title='bbox 944 3684 1052 3715; x_wconf 79' lang='lat' dir='ltr'>partibus</span> <span class='ocrx_word' id='word_1_1432' title='bbox 1071 3685 1094 3716; x_wconf 83' lang='lat'>§.</span> <span class='ocrx_word' id='word_1_1433' title='bbox 1111 3693 1135 3711; x_wconf 68' lang='grc' dir='ltr'>ι.</span> 
     </span>
    </p>
   </div>
   <div class='ocr_carea' id='block_1_10' title="bbox 1196 3685 1813 3724">
    <p class='ocr_par' dir='ltr' id='par_1_17' title="bbox 1196 3685 1813 3724">
     <span class='ocr_line' id='line_1_163' title="bbox 1196 3685 1813 3724; baseline 0.015 -14"><span class='ocrx_word' id='word_1_1434' title='bbox 1196 3685 1239 3715; x_wconf 78' lang='lat' dir='ltr'>(b</span> <span class='ocrx_word' id='word_1_1435' title='bbox 1257 3686 1265 3717; x_wconf 74' lang='lat' dir='ltr'>J</span> <span class='ocrx_word' id='word_1_1436' title='bbox 1282 3687 1343 3718; x_wconf 79' lang='lat' dir='ltr'>Eph.</span> <span class='ocrx_word' id='word_1_1437' title='bbox 1363 3691 1396 3713; x_wconf 85' lang='lat' dir='ltr'>N.</span> <span class='ocrx_word' id='word_1_1438' title='bbox 1415 3691 1444 3714; x_wconf 86' lang='lat' dir='ltr'>C.</span> <span class='ocrx_word' id='word_1_1439' title='bbox 1461 3692 1517 3715; x_wconf 85' lang='lat' dir='ltr'>Dec.</span> <span class='ocrx_word' id='word_1_1440' title='bbox 1542 3699 1560 3715; x_wconf 87' lang='lat'>1.</span> <span class='ocrx_word' id='word_1_1441' title='bbox 1578 3693 1607 3715; x_wconf 83' lang='lat' dir='ltr'>A.</span> <span class='ocrx_word' id='word_1_1442' title='bbox 1627 3700 1663 3716; x_wconf 87' lang='lat'>10.</span> <span class='ocrx_word' id='word_1_1443' title='bbox 1682 3693 1741 3718; x_wconf 85' lang='lat' dir='ltr'>Obs.</span> <span class='ocrx_word' id='word_1_1444' title='bbox 1761 3702 1813 3724; x_wconf 76' lang='lat'>²3¹-</span> 
     </span>
    </p>
   </div>
   <div class='ocr_carea' id='block_1_11' title="bbox 1454 3537 2447 3673">
    <p class='ocr_par' dir='ltr' id='par_1_18' title="bbox 1454 3537 2447 3673">
     <span class='ocr_line' id='line_1_164' title="bbox 1454 3537 2038 3573; baseline 0.014 -13"><span class='ocrx_word' id='word_1_1445' title='bbox 1454 3537 1468 3564; x_wconf 89' lang='lat'>(</span> <span class='ocrx_word' id='word_1_1446' title='bbox 1484 3537 1495 3561; x_wconf 76' lang='lat' dir='ltr'>i</span> <span class='ocrx_word' id='word_1_1447' title='bbox 1511 3537 1525 3565; x_wconf 89' lang='lat'>)</span> <span class='ocrx_word' id='word_1_1448' title='bbox 1541 3538 1606 3567; x_wconf 84' lang='lat' dir='ltr'>Eph.</span> <span class='ocrx_word' id='word_1_1449' title='bbox 1621 3541 1656 3563; x_wconf 87' lang='lat' dir='ltr'>N.</span> <span class='ocrx_word' id='word_1_1450' title='bbox 1672 3541 1701 3564; x_wconf 93' lang='lat' dir='ltr'>C.</span> <span class='ocrx_word' id='word_1_1451' title='bbox 1718 3542 1775 3565; x_wconf 81' lang='lat' dir='ltr'>Dee.</span> <span class='ocrx_word' id='word_1_1452' title='bbox 1793 3548 1815 3565; x_wconf 86' lang='lat'>1.</span> <span class='ocrx_word' id='word_1_1453' title='bbox 1833 3545 1863 3568; x_wconf 84' lang='grc' dir='ltr'>Α.</span> <span class='ocrx_word' id='word_1_1454' title='bbox 1879 3550 1903 3566; x_wconf 81' lang='lat'>2.</span> <span class='ocrx_word' id='word_1_1455' title='bbox 1922 3543 1983 3569; x_wconf 86' lang='lat' dir='ltr'>Obs.</span> <span class='ocrx_word' id='word_1_1456' title='bbox 2001 3552 2038 3573; x_wconf 81' lang='lat'>⁹1·</span> 
     </span>
     <span class='ocr_line' id='line_1_165' title="bbox 1708 3572 2315 3607; baseline 0 -7"><span class='ocrx_word' id='word_1_1457' title='bbox 1708 3572 2110 3606; x_wconf 78' lang='lat' dir='ltr'>(m)Deloc.aff.l.1.c.7.</span> <span class='ocrx_word' id='word_1_1458' title='bbox 2172 3577 2315 3607; x_wconf 80' lang='lat' dir='ltr'>(n)l.7.</span> 
     </span>
     <span class='ocr_line' id='line_1_166' title="bbox 1674 3632 2447 3673; baseline 0.017 -17"><span class='ocrx_word' id='word_1_1459' title='bbox 1674 3633 1688 3661; x_wconf 88' lang='lat'>(</span> <span class='ocrx_word' id='word_1_1460' title='bbox 1704 3640 1714 3655; x_wconf 75' lang='grc' dir='ltr'>ι</span> <span class='ocrx_word' id='word_1_1461' title='bbox 1729 3632 1744 3662; x_wconf 80' lang='grc'>)</span> <span class='ocrx_word' id='word_1_1462' title='bbox 1762 3635 1815 3658; x_wconf 83' lang='lat' dir='ltr'>Vid.</span> <span class='ocrx_word' id='word_1_1463' title='bbox 1827 3636 1890 3665; x_wconf 78' lang='lat' dir='ltr'>apud</span> <span class='ocrx_word' id='word_1_1464' title='bbox 1907 3638 2017 3663; x_wconf 85' lang='lat' dir='ltr'>Swieten</span> <span class='ocrx_word' id='word_1_1465' title='bbox 2033 3640 2133 3664; x_wconf 65' lang='lat' dir='ltr'>Comm‘.</span> <span class='ocrx_word' id='word_1_1466' title='bbox 2146 3638 2170 3663; x_wconf 93' lang='lat' dir='ltr'>in</span> <span class='ocrx_word' id='word_1_1467' title='bbox 2189 3640 2343 3670; x_wconf 56' lang='lat' dir='ltr'>noctuam.</span> <span class='ocrx_word' id='word_1_1468' title='bbox 2360 3643 2381 3673; x_wconf 81' lang='lat'>§.</span> <span class='ocrx_word' id='word_1_1469' title='bbox 2392 3646 2447 3673; x_wconf 72' lang='lat' dir='ltr'>Soo-</span> 
     </span>
    </p>
   </div>
   <div class='ocr_carea' id='block_1_12' title="bbox 1639 3663 2051 3727">
    <p class='ocr_par' dir='ltr' id='par_1_19' title="bbox 1639 3663 2051 3727">
     <span class='ocr_line' id='line_1_167' title="bbox 1639 3663 1806 3694; baseline 0.006 -7"><span class='ocrx_word' id='word_1_1470' title='bbox 1639 3663 1806 3694; x_wconf 79' lang='lat' dir='ltr'>(y)n.i5.</span> 
     </span>
     <span class='ocr_line' id='line_1_168' title="bbox 1882 3698 2051 3727; baseline -0.006 -4"><span class='ocrx_word' id='word_1_1471' title='bbox 1882 3698 2051 3727; x_wconf 83' lang='lat' dir='ltr'>(c)n.i8.</span> 
     </span>
    </p>
   </div>
  </div>
 </body>
</html>
