2498 4075
393 121 488 189 375
628 118 786 173 Liber
819 119 914 173 lv.
947 83 1034 171 ne
1071 89 1280 172 Morbis
1313 118 1663 189 Chirurgicis‚
1697 122 1752 175 sc
1786 119 2182 177 Universaubrs

331 202 460 239 versus,
488 197 516 231 se
540 197 769 234 extendentes,
793 199 825 230 &
848 197 914 230 duo
935 196 1064 240 insuper
1078 198 1229 240 angulosa
1252 197 1337 231 fora-

322 246 421 285 ¹,mina
444 240 568 276 villosae
592 242 732 278 tunicae,
755 240 892 273 alterum
916 240 1025 273 eodem
1051 241 1176 279 versus,
1201 242 1336 275 alterum

311 287 439 321 sversus
471 283 683 328 oesophagum
708 308 716 315 .
756 284 877 316 Virum
910 281 996 317 hunc
1027 283 1232 318 confecerant
1264 283 1337 318 bre-

328 330 457 364 vimmo
493 336 638 370 tempore
670 326 953 360 vehementiffimae
998 327 1179 369 cardialgiae
1202 349 1212 366 ‚
1243 327 1337 361 ardo-

326 384 376 413 res
399 396 412 413 ,
443 372 603 406 cruciatus
627 391 637 407 ,
671 368 879 412 lipothymiae
901 391 911 407 ‚
949 370 1146 403 vomitiones
1170 395 1177 402 .
1211 370 1333 405 Mulier

326 427 435 451 autem
469 415 525 447 illa
559 413 684 455 magnis
707 412 961 454 praecordiorum
987 413 1205 448 anxietatibus
1227 425 1334 448 corre-

325 470 384 504 pta
409 480 418 496 ‚
450 460 482 491 δι
514 454 760 490 vehementibus
797 455 891 489 fimul
925 467 959 489 ac
984 456 1111 490 affiduis
1134 457 1332 496 vomitibus,

326 505 360 536 δε
393 499 631 542 dejectionibus
654 520 664 537 ‚
696 498 835 540 denique
867 498 1061 534 convulsivis
1094 500 1261 541 motibus,
1285 513 1336 534 ar-

327 555 380 581 tus
412 542 526 578 misere
557 542 835 585 distorquentibus
857 563 867 580 ‚
903 544 988 576 inter
1021 542 1235 578 acerbissimos
1266 555 1337 578 cru-

324 591 428 624 ciatus
450 587 576 621 obierat
600 587 686 619 intra
710 586 803 619 horas
828 587 884 618 vix
906 585 1015 621 decern
1036 612 1044 620 .
1078 588 1121 623 Et
1144 597 1183 620 ne
1206 587 1336 620 dubita-

326 644 360 667 re
383 630 503 673 poffes,
525 629 609 664 unde
633 630 701 663 haec
736 630 871 667 omnia3
895 630 929 662 in
953 629 1120 673 utriusque
1154 631 1336 664 ventriculo

325 675 502 710 arsenicum
524 672 759 716 deprehensum
783 673 846 707 est.
1199 706 1204 711 ,
1273 692 1277 701 -,

369 722 401 751 6.
436 718 603 753 Hafienus
635 727 707 760 quae
742 726 782 750 ex
805 716 950 750 historiis
972 717 1037 751 five
1067 717 1101 750 in
1126 716 1335 760 Sepulchreto

323 763 529 802 extantibus,
554 760 617 794 five
640 760 764 796 eidem,
792 759 814 793 fi
839 760 1001 800 volueris,
1024 760 1214 803 adjiciendis
1231 784 1242 801 ,
1264 763 1334 796 col-

324 809 423 848 ligere
447 805 544 838 licuit
561 804 710 838 devorati
733 803 910 844 praesertim
935 803 1205 855 arsenicisfigna‚
1228 805 1333 839 multo

325 849 487 892 prolixius
511 846 639 882 fortasse
661 857 760 887 quam
773 846 867 880 velles
882 869 892 885 ‚
918 846 1193 882 hauddnutiliter
1207 856 1334 889 tamen,

324 891 584 927 commemoravi
606 913 617 924 .
648 889 751 923 Nunc
784 901 856 933 quae
888 890 954 933 ipse
986 891 1036 924 bis
1068 891 1159 931 vidi,
1183 890 1277 925 semel
1299 893 1333 925 in

327 947 417 977 uno,
442 937 564 968 iterum
596 934 632 967 in
664 933 770 967 tribus
792 956 805 974 ,
835 934 1006 968 recensebo
1031 946 1040 968 .·
1072 946 1155 977 quos
1189 946 1300 968 omnes
1323 957 1333 972 ‚

324 990 402 1014 cum
425 979 506 1012 bene
539 976 730 1020 pensitarern
760 977 877 1010 cuneta
900 989 972 1020 quae
1005 977 1113 1020 postea
1146 977 1334 1021 vestigando

324 1023 407 1057 {cire
438 1022 534 1065 potui
565 1043 575 1059 ,
608 1032 648 1053 eo
682 1030 807 1054 veneno
840 1019 972 1054 affestos
1006 1020 1101 1055 fuisse
1131 1045 1141 1062 ,
1173 1021 1332 1065 conjeci.

327 1067 457 1100 Primus
488 1066 538 1099 vir
571 1063 635 1097 fuit
679 1062 814 1098 robusto
836 1087 849 1104 ‚
881 1066 911 1096 δι
947 1075 1065 1108 magno
1097 1075 1253 1107 corpore,
1277 1065 1336 1098 ha-

324 1110 464 1153 bituque
498 1108 641 1151 pleniore
673 1118 771 1150 quem
804 1116 987 1149 correptum
1031 1106 1115 1142 febri
1147 1109 1301 1142 curabam
1326 1131 1337 1146 ,

325 1153 393 1197 jam
424 1151 550 1187 remissa
585 1150 664 1185 adeo
689 1174 699 1190 ‚
731 1159 768 1185 ut
791 1162 809 1185 e
841 1150 926 1184 lesto
959 1162 1197 1194 nonnunquam
1228 1153 1336 1195 surge-

325 1207 376 1231 ret
402 1222 410 1230 .
442 1198 474 1230 Is
507 1197 564 1228 vix
596 1193 756 1229 semihora
788 1194 859 1235 post
891 1195 1055 1229 coenulam
1087 1197 1121 1228 in
1154 1207 1219 1238 qua
1253 1195 1337 1228 nihil

325 1239 387 1275 nisi
428 1239 597 1274 concisum
632 1248 747 1281 panem
786 1236 963 1280 sumpserat
996 1239 1030 1271 in
1060 1238 1131 1280 jure
1175 1239 1303 1272 costum
1327 1260 1337 1276 ‚

323 1284 507 1325 improviso
540 1282 670 1315 vomitu
703 1278 878 1323 prehensus
902 1280 944 1314 est
980 1282 1174 1323 permolesto
1194 1302 1203 1318 ‚
1238 1293 1340 1324 eoque

325 1328 427 1369 magis
458 1325 547 1368 quod
582 1323 695 1368 saepius
727 1323 876 1358 redibat.
900 1324 1006 1358 Venit
1031 1325 1068 1359 ad
1101 1337 1152 1358 me
1182 1326 1340 1367 intempe-

325 1372 373 1405 sta
416 1370 512 1403 nocte
550 1379 591 1402 ex
623 1369 692 1410 ejus
727 1365 914 1411 domesticis
946 1378 1027 1402 unus
1072 1379 1139 1402 rem
1172 1379 1304 1401 narrans
1327 1391 1340 1408 ,

326 1418 358 1450 &
380 1412 464 1457 quid
497 1411 654 1456 agendum
679 1432 689 1449 ‚
720 1421 886 1458 quaerens.
911 1410 1018 1445 Ratus
1039 1437 1049 1453 ,
1085 1412 1266 1445 molestiam
1290 1414 1340 1444 in-

324 1459 364 1494 de
389 1457 518 1500 augeri,
541 1457 630 1500 quod
653 1455 743 1488 inani
778 1465 845 1498 Jam
876 1455 1082 1494 ventriculo,
1115 1466 1198 1497 aeger
1233 1467 1343 1489 vome.

326 1514 361 1537 re
384 1510 577 1543 cogeretur,
599 1498 652 1542 jus
675 1497 746 1532 dari
768 1520 780 1537 ,
813 1500 844 1531 &
866 1519 876 1536 ,
907 1495 930 1530 fi
964 1497 1177 1532 nihilominus
1210 1498 1341 1532 molesta

328 1545 473 1580 vomitio
496 1542 556 1578 esse
579 1550 726 1584 pergeret
750 1552 761 1580 3
795 1551 909 1575 enema
932 1541 971 1575 ad
995 1542 1202 1576 avertendum
1236 1544 1342 1584 impe-

327 1602 388 1625 ro.
412 1589 496 1628 Quae
521 1596 595 1620 cum
628 1584 745 1619 frustra
768 1584 888 1625 essent,
912 1585 997 1619 redit
1020 1585 1075 1618 ille
1098 1599 1107 1623 3
1141 1597 1202 1628 ego
1235 1596 1340 1619 autem

327 1633 392 1667 alia
414 1653 427 1672 ‚
462 1633 493 1664 &
524 1631 558 1662 in
593 1628 643 1662 his
685 1627 827 1669 denique
871 1627 1001 1662 laudani
1045 1631 1157 1671 opiati
1203 1640 1342 1671 granum

325 1686 430 1711 unum
454 1672 588 1717 praeberi
604 1693 614 1709 ,
636 1671 733 1714 jubeo
757 1695 766 1711 ,
796 1672 822 1705 fi
846 1681 912 1704 non
946 1670 1104 1713 prodesset
1127 1695 1138 1710 ‚
1171 1673 1238 1713 ipse
1270 1684 1343 1706 ven-

328 1729 423 1754 turus
447 1742 455 1750 .
488 1714 644 1750 Laudano
677 1724 809 1757 quoque
840 1713 909 1756 post
931 1714 1020 1747 horae
1054 1716 1271 1756 quadrantem
1295 1727 1344 1749 re-

331 1763 446 1806 jefito,
471 1758 587 1802 surgo,
610 1760 641 1792 &
664 1768 739 1791 cum
763 1768 802 1791 eo
825 1756 1003 1791 domestico
1040 1757 1079 1791 ad
1114 1769 1237 1801 aegrum
1272 1770 1310 1791 eo
1334 1782 1342 1791 .

330 1807 430 1842 Inter
454 1804 596 1838 eundum
611 1825 621 1841 ,
645 1801 805 1841 miratus,
827 1801 992 1834 vomitum
1017 1800 1082 1834 sine
1094 1801 1260 1836 manifesta
1271 1813 1346 1835 cau-

327 1851 364 1885 sa
384 1859 458 1884 tam*
474 1847 675 1891 pertinacem
698 1866 709 1883 ‚
741 1853 874 1887 tamque
897 1854 1029 1886 gravem
1052 1843 1161 1880 subito
1182 1844 1345 1883 extitisse‚

327 1904 464 1939 quaero‚
490 1901 569 1924 num
593 1888 681 1923 forte
705 1887 829 1930 aliquid
854 1898 937 1929 aeger
971 1890 1154 1931 peccaverit
1170 1911 1180 1926 ,
1200 1890 1231 1921 δε
1254 1889 1348 1931 plus,

330 1946 394 1973 aiut
427 1934 515 1971 aliud
547 1943 648 1977 quam
680 1931 806 1965 dietum
839 1931 915 1965 esset
940 1956 950 1972 ,
982 1933 1016 1965 in
1040 1943 1133 1966 coena
1157 1931 1346 1973 sumpserit.

325 1981 468 2023 Negans
490 1976 681 2012 domesticus
704 1997 714 2013 ‚
745 1976 815 2008 imo
838 1999 850 2022 ‚⁹
883 1975 994 2017 inquit
1011 1997 1020 2012 ,
1045 1974 1128 2009 nihil
1151 1984 1267 2018 praeter
1291 1987 1346 2017 pa-

329 2036 409 2061 :nem
440 2023 536 2057 illum
583 2018 714 2061 sumpfit
760 2019 796 2052 in
832 2029 903 2061 Jure
938 2018 1070 2052 coetum
1095 2044 1105 2058 ‚
1137 2020 1169 2052 δε
1215 2019 1345 2060 pulvere

330 2080 403 2113 quo
435 2076 472 2101 tu
503 2062 632 2109 jusseras
656 2084 667 2100 ‚
701 2061 742 2096 ab
765 2061 813 2094 N.
838 2059 1043 2103 conspersum
1058 2087 1066 2096 .
1090 2062 1166 2105 Ego
1189 2072 1266 2095 vero
1289 2062 1348 2103 qui

330 2113 467 2148 nullutn
498 2108 665 2153 pulverem
699 2104 842 2149 inspergi
874 2103 1020 2148 J'uffissem
1044 2126 1056 2143 ‚
1101 2108 1133 2138 &
1179 2116 1246 2147 quo
1290 2104 1348 2138 effe

338 2153 447 2200 poss'et
481 2155 592 2187 animo
627 2151 654 2184 is
685 2150 743 2192 qui
775 2149 960 2191 insperserat
985 2174 996 2189 ,
1031 2159 1097 2182 non
1130 2148 1314 2190 ignorarem
1337 2158 1352 2187 ,⁴

343 2199 466 2234 tacitus
491 2219 500 2235 ,
532 2194 611 2238 quid
646 2193 729 2227 mihi
752 2195 903 2236 protinus
927 2192 1134 2232 faciendum,
1154 2191 1235 2234 quid
1257 2191 1350 2225 silen-

338 2244 418 2279 dum
440 2264 451 2280 ‚
483 2238 564 2283 quid
609 2239 644 2271 in
678 2236 837 2279 posterum
863 2262 874 2278 ‚
906 2238 938 2271 δέ
970 2235 1140 2278 quomodo
1171 2235 1350 2268 cavendum

341 2285 438 2328 esset,
461 2283 668 2326 cogitabam.
687 2281 828 2326 Jamque
851 2279 888 2314 ad
901 2290 1023 2322 aegrum
1036 2289 1185 2312 veneram
1208 2286 1351 2312 nontam

338 2332 378 2367 de
403 2328 553 2364 vomitu,
577 2336 673 2369 quam
697 2324 735 2358 de
758 2323 983 2366 inexplicabili
1005 2323 1148 2365 quodam
1172 2333 1290 2362 angore
1312 2321 1351 2356 ad

340 2373 472 2413 cordis,
496 2379 532 2404 ut
547 2376 686 2406 vocant,
708 2366 926 2402 scrobiculum
951 2366 1064 2401 misere
1086 2375 1296 2409 querentem,
1318 2368 1350 2398 δε

341 2429 437 2461 opem
470 2413 716 2457 quamprimum
748 2410 979 2452 implorantem
1005 2434 1013 2442 .
1049 2409 1151 2443 Nulla
1175 2410 1259 2449 ibi,
1296 2418 1349 2443 aut

342 2464 379 2498 in
405 2460 528 2502 reliqua
552 2456 727 2498 ventriculi
751 2455 883 2496 regione
914 2454 1019 2488 tensio
1043 2477 1052 2493 ,
1089 2451 1199 2486 nullus
1221 2451 1317 2485 dolor
1342 2476 1350 2485 .

344 2508 394 2541 At
419 2501 578 2544 singultus
599 2510 675 2533 cum
699 2498 842 2531 metibus
876 2498 954 2539 saepe
978 2521 986 2537 ,
1019 2499 1049 2530 &
1087 2495 1168 2539 saepe
1202 2495 1348 2542 quaedam

346 2545 572 2591 respirationis
593 2542 766 2577 difficultas
788 2540 997 2575 molestaerat
1012 2565 1019 2573 .
1045 2539 1159 2573 Pulsus
1181 2539 1272 2572 valde
1286 2539 1350 2571 sre-

344 2601 447 2634 quens
470 2600 482 2628 ,·
515 2586 566 2620 {ed
589 2597 705 2628 parvus
728 2585 857 2626 potius,
879 2586 910 2617 &
940 2583 1055 2617 debilis
1078 2607 1087 2616 .
1124 2584 1217 2629 Bono
1241 2583 1351 2615 animo

345 2635 434 2671 esto,
455 2634 590 2673 inquam
612 2641 624 2669 ;
654 2638 816 2672 quantum
841 2628 931 2669 pravi
955 2626 1098 2660 humoris
1129 2626 1279 2668 ejeceris,
1303 2626 1351 2659 vi·

341 2681 398 2714 des
421 2681 431 2716 (
457 2678 488 2709 &
511 2674 689 2715 plurimum
713 2670 784 2704 sane
805 2679 896 2708 erat,
920 2669 1046 2704 viscido
1069 2680 1136 2711 quo
1159 2668 1225 2711 ipse
1248 2668 1350 2701 abun-

342 2724 466 2760 dabat,
489 2716 673 2760 phlegmate
705 2714 933 2758 supernatante
956 2725 969 2753 ,·
1000 2714 1034 2746 in
1056 2713 1126 2745 imo
1150 2722 1259 2745 autern
1283 2721 1350 2745 erat

339 2766 435 2811 panis
456 2773 552 2805 quern
578 2759 752 2802 sumpserat
776 2783 786 2799 ‚
818 2769 875 2792 nec
907 2757 1022 2801 primis
1055 2755 1234 2789 vomitibus
1257 2779 1266 2794 ‚
1299 2754 1350 2788 sed

344 2810 473 2852 aliquot
497 2804 566 2846 post
599 2804 687 2838 horis
709 2801 893 2836 reddiderat
915 2802 929 2841 )
952 2811 1037 2834 nunc
1070 2799 1199 2843 optimo
1233 2797 1352 2848 humo-

341 2863 379 2887 re
402 2862 434 2885 es
457 2846 647 2882 reficiendus
672 2858 681 2879 :
714 2848 745 2878 δι
768 2846 928 2879 continuo
951 2845 1091 2886 petitum
1127 2855 1165 2877 ex
1200 2853 1349 2883 prOXimo

344 2904 501 2938 magnum
535 2891 660 2925 vaccini
692 2889 781 2923 laetis
802 2888 958 2931 cyathum
982 2886 1106 2931 praebui
1129 2914 1137 2921 .
1173 2886 1252 2925 Qo
1275 2897 1351 2928 epo-

340 2948 405 2976 to,
427 2936 537 2971 statim
566 2946 581 2968 a
615 2945 664 2966 me
699 2933 799 2966 vitam
823 2931 882 2966 fibi
906 2930 965 2965 esse
987 2930 1158 2975 ¹redditam
1184 2952 1193 2967 ,
1232 2928 1350 2963 clama—

345 2984 399 3017 vit
422 3006 433 3015 .
466 2980 511 3013 Et
544 2976 691 3020 profeffito
723 2977 856 3010 meliora
889 2976 1001 3009 omnia
1043 2974 1129 3008 faeta
1173 2973 1281 3012 suntg,
1315 2981 1351 3006 ut

344 3024 455 3070 pulsus
490 3030 564 3056 ante
586 3020 662 3053 duas
684 3019 777 3053 horas
800 3018 837 3052 ad
861 3020 1040 3052 naturalem
1074 3016 1351 3059 magnitudinem,

343 3073 377 3104 ἃ
401 3068 501 3102 robur
524 3063 677 3102 redierit,
701 3073 801 3103 angor
825 3062 983 3096 remiserit
1006 3085 1018 3102 ,
1051 3062 1216 3101 vomitus,
1238 3071 1277 3093 ne
1302 3071 1352 3092 ar-

344 3123 378 3148 te
401 3109 534 3154 quidem
568 3105 803 3153 provocandO,
826 3107 963 3148 amplius
987 3103 1128 3138 reversus
1152 3103 1188 3137 fit
1213 3129 1221 3137 .
1256 3104 1353 3136 La&e

345 3165 454 3192 autem
488 3154 609 3187 iterum
632 3172 642 3189 ‚
677 3151 792 3190 majori
829 3161 925 3192 quam
950 3160 1041 3182 antea
1073 3148 1166 3191 copia
1190 3147 1267 3180 dato
1283 3169 1292 3185 ‚
1318 3155 1353 3180 ut

346 3199 399 3234 vel
422 3208 501 3235 ore,
524 3193 546 3228 fi
570 3205 618 3229 res
642 3194 688 3226 ita
710 3191 809 3226 ferret
832 3215 843 3232 ‚
876 3193 1063 3236 rejiceretur
1086 3214 1096 3229 ,
1131 3191 1180 3224 vel
1205 3190 1351 3223 intestina

348 3243 519 3287 perliniret
547 3263 558 3279 ‚
593 3246 688 3279 atque
714 3237 896 3278 perimeret,
919 3238 979 3270 hoc
1004 3234 1140 3269 alterum
1163 3234 1352 3268 consecutus

349 3289 419 3322 sum
444 3285 517 3318 alvo
545 3281 648 3315 soluta
663 3303 673 3318 ,
700 3279 856 3322 simulque
880 3280 970 3323 pulsu
991 3281 1096 3312 minus
1119 3277 1282 3320 frequenti
1306 3276 1352 3310 fa-

346 3330 406 3364 ἂο
431 3352 441 3369 ,
477 3325 617 3368 spirandi
654 3333 761 3357 autem
783 3323 994 3360 difficultate,
1019 3326 1050 3356 &
1084 3321 1247 3365 singultu,
1270 3331 1353 3363 quo-

349 3383 425 3406 rum
449 3379 624 3410 utrumque
646 3366 711 3409 jam
746 3368 849 3400 rarius
885 3366 1046 3401 accidebat
1071 3387 1080 3402 ,
1118 3365 1251 3399 sublatis
1271 3386 1283 3403 ,
1317 3372 1352 3396 ut

347 3419 403 3450 vix
428 3414 539 3448 diebus
570 3410 813 3453 insequentibus
837 3410 954 3447 semel,
978 3418 1032 3443 aut
1056 3409 1176 3443 iterum
1198 3409 1259 3441 sint
1283 3408 1352 3439 ani-

349 3455 514 3493 madversa
530 3480 537 3487 .
563 3454 668 3487 Pultes
691 3464 823 3496 quoque
845 3465 888 3487 ex·
906 3452 1053 3493 hordeo,
1076 3461 1131 3485 aut
1155 3462 1254 3493 oryza
1278 3460 1351 3482 cum

350 3503 429 3537 laete
453 3500 668 3542 parabantur.
695 3499 761 3530 Seri
787 3505 892 3531 autem
916 3506 1076 3539 quantum
1108 3494 1205 3528 vellet
1237 3493 1352 3526 biben-

349 3547 429 3580 dum
454 3543 610 3577 dabatur3
635 3551 770 3583 namque
804 3550 841 3574 ut
876 3541 964 3574 alvus
1002 3539 1123 3573 fluebat
1144 3563 1153 3579 ‚
1189 3538 1254 3570 sitis
1278 3561 1286 3575 ‚
1320 3538 1351 3568 ἃς

353 3587 444 3620 :estus
468 3583 724 3620 invalescebant,
748 3593 820 3626 quae
843 3583 906 3617 duo
918 3585 1006 3627 epoti
1031 3582 1088 3614 seri
1103 3580 1351 3623 copialevabat.

349 3632 466 3665 Serum
477 3640 629 3672 quoque,
653 3629 763 3663 autlac
778 3627 932 3671 injectum
944 3627 1063 3663 ardoris
1078 3625 1199 3660 sensum
1222 3635 1289 3667 quo
1308 3625 1355 3657 la-

1386 198 1499 231 borare
1521 207 1663 241 coeperat
1688 197 1814 239 podex,
1838 198 2086 232 mulcebat.Ne
2096 200 2229 241 longum
2241 199 2381 237 faciam3

1387 242 1474 274 intra
1499 240 1602 280 duos,
1626 241 1727 275 tresve
1760 242 1824 275 dies
1861 242 1986 285 prorsus
2020 242 2131 274 abacta
2155 252 2244 275 erant
2275 245 2385 276 omnia

1387 295 1459 327 quae
1483 294 1675 318 venenatum
1709 284 1804 318 illum
1831 286 1992 327 pulverem
2018 284 2188 319 consecuta
2221 285 2357 320 fuerant*
2376 307 2386 323 ,

1386 338 1443 361 nec
1484 328 1590 370 quoad
1626 327 1726 361 homo
1758 328 1839 361 vixit
1861 339 1875 368 ;
1909 330 1993 362 vixit
2025 337 2133 362 autem
2164 328 2273 371 postea
2297 341 2388 363 corn-

1388 371 1494 413 plures
1521 381 1619 404 annos
1641 382 1651 409 3
1689 370 1792 404 ullum
1824 381 1917 405 noxae
1947 373 1981 404 in
2005 371 2190 406 ventriculo
2211 394 2222 410 ,
2259 382 2314 406 aut
2337 373 2387 405 in-

1383 414 1508 448 testinis
1540 415 1658 448 reli&ae
1681 414 1854 456 vestigium
1885 412 2026 448 ostendit
2049 438 2058 446 .
2090 415 2141 448 Sic
2174 415 2290 448 viscidi
2314 416 2389 458 qui-

1385 458 1444 491 bus
1467 479 1477 494 ,
1509 467 1546 491 ut
1579 458 1671 495 dixi,
1695 457 1880 492 abundabat
1905 479 1914 495 ‚
1949 457 2100 491 humores
2123 483 2134 498 ,
2165 460 2197 491 &
2218 459 2282 492 cita
2306 482 2317 498 ,
2351 472 2387 492 ac

1389 500 1502 543 saepius
1534 501 1670 544 repetita
1709 500 1850 534 vomitio
1875 524 1884 539 ,
1917 503 1949 534 &
1980 501 2030 534 lac
2061 502 2201 544 denique
2224 527 2235 543 ,
2269 513 2304 535 ac
2341 502 2389 534 se-

1388 555 1461 577 rum
1484 567 1494 584 ‚
1526 555 1666 586 quornm
1690 545 1785 585 copia
1815 543 1972 587 quidquid
1995 545 2132 583 veneni,
2156 554 2212 578 aut
2244 543 2310 586 ejus
2341 544 2390 587 es-

1387 586 1531 621 feuuum
1565 588 1598 620 in
1634 586 1819 620 ventriculo
1841 610 1854 627 ,
1887 591 1918 621 δι
1949 588 2109 622 intestinis
2150 587 2283 622 restabat
2306 610 2315 625 ,
2345 590 2389 620 ir-

1387 629 1535 664 retiendo
1559 652 1569 669 ,
1601 629 1755 663 diluendo
1779 654 1788 670 ,
1820 630 2030 677 abstergendi)
2052 653 2061 669 ,
2105 632 2137 664 δι
2182 642 2237 674 per
2281 632 2390 665 alvum

1386 672 1553 707 educendo
1576 696 1585 711 ,
1619 672 1780 707 sublatum
1804 674 1867 714 est,
1889 673 2054 717 hominem
2077 672 2261 708 servarunt.

1387 717 1463 754 Qua
1498 726 1604 750 autern
1639 718 1764 750 ratione
1797 720 1937 750 caverim
1961 741 1971 758 ,
1998 719 2041 765 sne
2067 717 2172 759 pulvis
2195 719 2272 759 ille,
2294 729 2391 760 quem

1386 761 1499 794 album
1523 758 1638 800 fuisse,
1661 760 1808 794 intellexi
1843 760 1946 801 postea
1973 767 2091 802 ‚tunc
2125 763 2268 802 iterum,
2289 772 2393 803 aegro-

1387 805 1472 837 tanti
1503 802 1632 837 daretur
1653 827 1663 844 ,
1696 813 1803 847 aperte
1837 804 1974 838 scribere
2018 815 2102 838 nunc
2147 803 2301 846 possem3
2334 805 2392 839 diu

1386 848 1472 881 enim
1494 845 1537 881 est
1568 859 1607 880 ex
1637 858 1705 889 quo
1736 847 1787 880 illi
1823 851 1944 881 mortui
1978 846 2072 886 sunt3
2095 846 2251 891 fimulque
2286 848 2393 881 osten-

1385 891 1481 929 dere,
1506 900 1628 932 quauto
1650 892 1684 924 in
1707 891 1851 933 periculo
1884 891 2058 933 aliquando
2091 890 2130 924 fit
2164 892 2335 929 Medicus,
2360 894 2393 924 ni

1388 934 1418 968 se
1462 935 1644 976 intelligere
1677 933 1825 976 quaedam
1849 959 1859 975 ,
1902 933 2074 968 dissimulet
2098 956 2109 972 ,
2143 935 2174 967 &
2206 937 2238 968 in
2270 945 2393 977 quanto

1383 988 1491 1019 aeger,
1515 978 1579 1010 sive
1612 978 1758 1019 quaedam
1790 978 1891 1011 donec
1925 987 2060 1019 aegrotat
2084 999 2094 1015 ,
2125 989 2141 1010 a
2175 979 2306 1013 Medico
2338 989 2394 1011 au-

1385 1021 1455 1056 diat
1477 1045 1487 1062 ,
1523 1020 1586 1053 five
1617 1031 1681 1053 non
1718 1020 1827 1055 audiat
1850 1044 1862 1060 ,
1893 1023 1923 1053 &
1945 1032 2042 1062 quem
2064 1031 2171 1054 tamen
2196 1021 2234 1055 ad
2260 1021 2392 1055 modum

1386 1073 1458 1097 tum
1495 1064 1534 1097 ab
1568 1075 1655 1106 aegro
1687 1075 1787 1098 novas
1821 1063 1948 1106 insidias
1971 1086 1981 1103 ‚
2020 1075 2129 1097 tuma
2154 1076 2205 1098 me
2227 1064 2297 1106 ipso
2331 1065 2396 1098 sce-

1388 1109 1482 1141 lerati
1529 1105 1671 1140 hominis
1692 1131 1705 1147 ‚
1740 1107 1761 1140 si
1786 1119 1841 1148 per
1876 1107 1990 1141 mede
2032 1107 2182 1150 impediri
2229 1108 2358 1141 sentiret
2382 1130 2395 1148 ,

1390 1152 1549 1185 ultionem
1562 1151 1753 1184 averterim.
1779 1152 1904 1184 Verum
1929 1150 1970 1183 ad
1993 1163 2028 1184 ea
2050 1163 2120 1193 quae
2145 1153 2178 1184 in
2197 1152 2300 1184 tribus
2324 1150 2395 1185 aliis

1389 1194 1481 1234 vidi,
1504 1196 1536 1226 in
1561 1193 1678 1236 quibus
1710 1193 1817 1228 eadem
1858 1193 2043 1236 conjectura
2068 1219 2076 1233 ‚
2102 1193 2152 1228 sed
2187 1206 2253 1228 non
2287 1195 2396 1229 eadem

1390 1237 1638 1272 diffiniulatione
1669 1249 1749 1279 opus
1782 1236 1847 1270 fuit
1871 1259 1880 1275 ,
1901 1236 2036 1271 transire
2059 1237 2123 1280 jam
2147 1238 2270 1280 praestat
2286 1262 2294 1270 .

1433 1291 1466 1323 7.
1490 1280 1691 1323 Insequentis
1724 1282 1797 1313 anni
1822 1302 1831 1318 ,
1865 1281 1921 1323 qui
1955 1279 2019 1314 fuit
2054 1291 2146 1324 1711.
2182 1281 2274 1322 Majo
2307 1291 2398 1314 men-

1393 1323 1424 1357 se
1458 1337 1474 1358 a
1509 1323 1592 1358 sacra
1625 1325 1889 1365 peregrinatione
1914 1322 2049 1358 domum
2082 1323 2208 1358 redibat
2253 1327 2400 1365 optimus

1391 1367 1542 1402 Sacerdos
1577 1366 1759 1401 Franciscus
1790 1368 1982 1401 Balduccius
2004 1390 2016 1407 ‚
2049 1379 2124 1401 cum
2155 1367 2293 1400 Caescnae
2327 1378 2400 1402 tan-

1393 1410 1491 1453 tisper
1516 1410 1683 1447 substitit,
1706 1411 1783 1445 dum
1810 1410 1875 1452 ipse
1900 1435 1910 1450 ‚
1945 1413 1976 1443 ἃ
2000 1420 2064 1444 tres
2089 1413 2146 1454 qui
2169 1410 2262 1445 fimul
2285 1420 2401 1450 erant,

1393 1463 1489 1488 aetate
1512 1479 1522 1495 ‚
1557 1453 1681 1488 viribus
1704 1477 1714 1492 ,
1759 1454 1910 1497 prospera
1957 1454 2142 1488 valetudine
2184 1467 2248 1487 non
2295 1457 2400 1488 minus

1393 1509 1490 1540 quam
1525 1497 1591 1540 ipse
1607 1522 1616 1537 ‚
1638 1499 1786 1540 vigentes
1801 1523 1809 1539 ‚
1824 1497 2027 1542 frugaliter,
2050 1500 2082 1531 &
2116 1497 2179 1531 sine
2215 1499 2401 1532 cunetatio-

1392 1552 1432 1575 ne
1469 1541 1657 1585 pranderent
1682 1565 1689 1573 .
1725 1541 1826 1575 Erant
1858 1543 1883 1574 ii
1915 1539 2024 1574 fratris
2061 1552 2165 1579 uxor,
2197 1543 2250 1574 vir—
2283 1541 2365 1575 alter
2388 1563 2402 1580 ,

1393 1587 1426 1617 &
1449 1586 1547 1618 altera
1559 1585 1694 1618 mulier.
1719 1585 1803 1618 Mox
1827 1597 1842 1619 a
1867 1584 2003 1625 prandio
2028 1584 2234 1618 ediversorio
2259 1594 2377 1620 exeunt
2393 1608 2403 1624 ,

1391 1629 1423 1660 &
1455 1631 1490 1661 in
1522 1629 1608 1662 viam
1644 1628 1675 1661 se
1708 1627 1787 1661 dant
1810 1648 1819 1658 ·
1856 1628 2118 1661 Nonffnultum
2152 1628 2364 1671 processerant
2386 1651 2401 1668 ,

1394 1683 1469 1705 cum
1503 1672 1705 1705 Sacerdotem
1737 1679 1844 1705 tantus
1877 1672 1998 1704 ventris
2034 1672 2201 1713 corripuit
2224 1671 2340 1712 dolor,
2365 1681 2402 1704 ut

1395 1726 1436 1747 ex
1471 1726 1556 1757 equo
1591 1715 1709 1756 deponi
1731 1714 1850 1748 necesse
1872 1714 1973 1748 fuerit
1997 1737 2006 1746 .
2040 1714 2213 1756 erositus
2237 1713 2293 1747 etsi
2317 1715 2402 1748 mul-

1395 1765 1451 1794 ta,
1473 1761 1503 1791 ὅ(
1534 1757 1646 1799 saepius
1676 1767 1746 1790 tum
1769 1767 1936 1794 vomeret,
1961 1767 2031 1790 tum
2054 1756 2206 1798 dejiceret
2230 1771 2240 1794 3
2275 1758 2328 1791 ille
2352 1767 2404 1791 ta-

1398 1812 1470 1835 men
1503 1799 1599 1833 dolor
1623 1822 1633 1837 ,
1665 1811 1739 1834 cum
1771 1801 1992 1844 inexplicabili
2027 1810 2145 1841 angore
2177 1799 2369 1842 conjunctus
2392 1823 2403 1838 ,

1398 1845 1538 1878 increvit
1562 1844 1662 1881 adeo,
1687 1853 1724 1877 ut
1750 1846 1890 1883 animam
1914 1854 2006 1886 agere
2028 1844 2214 1878 videretur.
2237 1844 2405 1877 Caesenam

1398 1889 1539 1923 reveftus
1562 1911 1576 1928 ,
1611 1899 1627 1920 a
1650 1887 1786 1921 Medico
1809 1886 1951 1932 creditur
1974 1885 2081 1920 colico
2103 1887 2271 1921 dumtaxat
2292 1887 2405 1922 dolore

1399 1932 1544 1973 torqueri
1579 1939 1749 1973 propterea
1772 1932 1848 1973 quia
1880 1931 2085 1971 druciatuum
2110 1930 2193 1964 sedes
2215 1933 2248 1963 in
2274 1932 2405 1973 regione

1400 1984 1464 2008 erat
1490 1974 1643 2017 epicolica
1674 1973 1826 2008 dextera.
1862 1975 1976 2017 Itaque
2012 1982 2122 2007 totum
2157 1975 2251 2007 illum
2284 1974 2371 2008 diem
2394 1999 2406 2016 ,

1401 2021 1432 2052 &
1456 2029 1606 2060 magnam
1631 2018 1734 2050 noftis
1757 2026 1880 2060 partem
1903 2026 1954 2051 tot
1978 2026 2124 2050 enemata
2146 2038 2157 2054 ‚
2189 2017 2278 2050 fotus
2303 2043 2313 2058 ‚
2346 2029 2407 2060 po—

1401 2062 1529 2101 tiones,
1551 2060 1644 2094 bolos
1663 2070 1733 2094 tum
1745 2060 1933 2103 anodynos‚
1956 2069 2027 2093 tum
2052 2069 2226 2102 purgantes
2249 2061 2382 2095 adhibet
2396 2086 2406 2102 ,

1400 2113 1481 2147 quot
1512 2103 1659 2139 Medicus
1682 2104 1761 2138 alter
1785 2105 1842 2138 vix
1874 2105 1960 2138 intra
1984 2104 2089 2150 plures
2112 2102 2304 2137 adhibuisset
2317 2104 2405 2143 dies3

1401 2145 1558 2181 incassum
1597 2148 1708 2181 omnia
1735 2173 1742 2180 .
1777 2148 1851 2181 Nec
1884 2148 2010 2181 tametsi
2057 2147 2227 2181 mulierum
2273 2148 2406 2181 alteram

1403 2191 1585 2225 vomitibus
1620 2191 1740 2224 interea
1765 2214 1778 2231 ,
1815 2193 1846 2223 &
1878 2188 2112 2233 dejeffionibus
2133 2212 2147 2230 ‚
2179 2192 2212 2223 δε
2256 2191 2407 2234 gravibus

1402 2233 1535 2277 insuper
1567 2235 1667 2268 animi
1702 2235 1856 2278 deliquiis
1890 2242 2072 2275 correptam
2107 2233 2231 2268 videret
2255 2257 2265 2272 ,
2299 2235 2408 2268 virum

1404 2287 1512 2312 autem
1535 2289 1724 2321 querentem
1747 2278 1872 2312 audiret
1895 2278 1933 2312 de
1958 2277 2130 2310 ventriculi
2154 2276 2250 2318 aestu,
2273 2280 2302 2311 ὃ(
2326 2289 2408 2320 pon-

1402 2322 1477 2356 dere
1501 2331 1511 2360 3
1548 2322 1726 2365 quidquam
1751 2322 1790 2356 de
1826 2332 1950 2355 veneno
1985 2320 2207 2363 suspicabatur
2229 2343 2241 2360 ,
2275 2323 2372 2355 credo
2395 2343 2405 2359 2

1401 2366 1478 2407 quia
1510 2365 1645 2399 foemina
1679 2366 1776 2399 altera
1810 2376 1881 2408 quae
1911 2364 2021 2398 eodem
2056 2363 2190 2406 prandio
2222 2364 2274 2397 usa
2308 2374 2376 2409 effi
2397 2388 2408 2404 ,

1401 2408 1483 2442 nihil
1509 2409 1636 2451 prorsus
1659 2409 1736 2442 mali
1759 2416 1942 2451 perceperat
1961 2430 1970 2445 ,
2004 2409 2035 2439 ὅ(
2059 2419 2163 2450 caupo
2198 2409 2326 2450 quoque
2360 2409 2406 2441 nil

1401 2452 1435 2484 in
1469 2462 1506 2484 eo
1531 2452 1667 2492 prandio
1689 2450 1747 2486 effe
1771 2451 1908 2494 potuisse
1932 2451 2020 2493 quod
2044 2458 2195 2491 noceret,
2219 2451 2407 2487 constantis-

1401 2494 1477 2528 fime
1499 2494 1712 2534 asseverabat,
1737 2497 1768 2529 δι
1791 2497 1840 2529 vir
1863 2497 1918 2538 qui
1951 2493 2058 2534 suapte
2092 2494 2206 2537 sponte
2231 2493 2405 2529 theriacam

1404 2537 1530 2572 sumere
1561 2539 1734 2576 voluerat,
1759 2539 1887 2572 auctum
1909 2539 1984 2571 inde
2007 2538 2117 2571 aestum
2142 2539 2311 2571 ventriculi
2335 2538 2406 2572 sen-

1403 2581 1483 2615 serat
1509 2606 1517 2613 .
1553 2581 1624 2624 Ipse
1656 2583 1685 2616 ei
1717 2594 1788 2625 quae
1821 2583 1903 2615 male
1934 2580 2095 2618 habebat,
2122 2581 2249 2614 mulieri
2281 2582 2406 2622 anody-

1402 2636 1477 2659 nam
1501 2626 1637 2667 imperat
1661 2626 1868 2659 emulfionem
1891 2649 1899 2658 .
1935 2623 1994 2658 Sed
2017 2621 2122 2663 hanc,
2145 2627 2176 2656 δέ
2201 2625 2404 2658 Sacerdotem

1402 2669 1535 2703 morbus
1568 2668 1633 2710 ipse
1663 2668 1790 2711 adjuvit
1812 2691 1824 2708 ‚
1857 2667 1948 2710 cujus
1972 2667 2004 2699 vi
2028 2678 2044 2699 e
2068 2668 2250 2701 ventriculo
2267 2690 2275 2705 ,
2299 2672 2330 2701 δι
2353 2670 2405 2702 in-

1400 2713 1524 2745 testinis
1554 2714 1657 2746 multa
1689 2711 1802 2754 ejicere
1846 2718 2054 2754 perrexerunt
2077 2735 2086 2744 .
2123 2710 2252 2746 Quibus
2296 2723 2405 2746 excre-

1401 2757 1548 2790 tionibus
1578 2755 1717 2798 denique
1741 2755 1798 2803 sub
1828 2765 1977 2788 auroram
2014 2754 2340 2796 conquiescentibus,
2364 2755 2404 2789 si-

1401 2801 1469 2833 mul
1493 2809 1603 2833 omnes
1626 2801 1744 2833 Porum
1769 2799 1857 2831 Livii
1879 2796 2125 2834 convehuntur,
2151 2809 2264 2840 meque
2297 2799 2405 2832 confe-

1401 2843 1476 2876 stim
1507 2843 1671 2876 accersunt
1693 2865 1703 2881 ,
1738 2844 1769 2876 &
1792 2853 1873 2884 quai
1911 2841 1971 2874 sibi
2005 2841 2181 2874 acciderint
2206 2866 2216 2881 ‚
2253 2841 2369 2876 docent
2394 2866 2402 2874 .

1401 2888 1477 2929 Ego
1502 2897 1577 2918 vero
1598 2885 1706 2920 statim
1741 2885 1895 2927 quaesivi,
1919 2884 2069 2918 fuissetne
2093 2885 2126 2917 in
2163 2886 2299 2927 prandio
2323 2886 2404 2920 edu-

1402 2932 1484 2965 lium
1518 2930 1648 2972 aliquod
1671 2930 1709 2963 de
1733 2941 1800 2972 quo
1833 2928 1947 2961 mulier
1981 2938 2053 2969 quae
2077 2928 2123 2960 nil
2147 2928 2221 2962 mali
2246 2929 2405 2968 senserat,

1401 2975 1449 3007 nil
1473 2971 1678 3007 comedissetx
1704 2983 1842 3014 cumque
1875 2971 2043 3009 audirem,
2068 2970 2179 3011 fuisse,
2205 2973 2328 3014 pultem
2353 2976 2405 3006 ni-

1402 3019 1522 3051 mirum
1547 3028 1584 3049 ex
1607 3028 1733 3059 oryza,
1758 3026 1828 3058 quae
1864 3016 2006 3054 primum
2040 3016 2187 3049 omniurn
2221 3016 2254 3048 in
2289 3027 2403 3058 magna

1403 3062 1510 3103 patina
1535 3060 1628 3092 allata
1652 3060 1727 3094 esset
1750 3082 1761 3098 ,
1793 3057 1946 3100 fuisseque
1971 3058 2073 3100 igitur
2104 3059 2137 3091 in
2170 3069 2205 3092 ea
2237 3059 2326 3101 pulte
2351 3072 2404 3093 ve-

1403 3115 1521 3137 nenum
1538 3125 1547 3140 ‚
1571 3102 1709 3136 dicerem
1735 3116 1744 3139 ;
1777 3105 1807 3134 &
1830 3112 1886 3133 nos
1915 3100 2110 3135 crederemus
2134 3126 2143 3141 ‚
2180 3103 2355 3144 inquiunt,
2380 3102 2404 3135 si

1404 3149 1461 3189 qui
1493 3147 1531 3180 de
1556 3157 1588 3179 ea
1614 3147 1683 3188 plus
1706 3147 1839 3180 ederunt
1858 3165 1868 3181 ‚
1891 3146 2040 3185 gravius3
2065 3146 2122 3188 qui
2146 3147 2274 3184 minus,
2301 3147 2403 3180 levius

1404 3191 1635 3224 detrimentum
1671 3186 1871 3226 retulissent:
1895 3197 2006 3220 contra
2031 3197 2135 3221 autem
2160 3199 2208 3222 res
2232 3189 2260 3222 se
2283 3188 2402 3228 habet3

1402 3245 1477 3266 nam
1502 3233 1651 3267 Sacerdos
1685 3233 1737 3266 hic
1760 3253 1770 3270 ,
1805 3232 1863 3272 qui
1897 3232 2068 3264 minimum
2093 3257 2102 3271 ‚
2139 3242 2174 3265 ut
2206 3233 2403 3275 reliquorum

1403 3277 1609 3314 eduliorum,
1634 3276 1675 3309 sic
1711 3279 1740 3308 ἃ
1762 3274 1849 3307 illius
1871 3274 2037 3315 comedit,
2060 3274 2260 3317 graviffime3
2286 3277 2403 3309 mulier

1403 3331 1475 3361 quae
1499 3320 1665 3362 aliquanto
1690 3319 1780 3361 plus,
1803 3319 1910 3350 minus
1932 3320 2076 3361 graviter
2099 3329 2112 3357 ‚¹
2142 3319 2192 3351 vir
2214 3319 2270 3361 qui
2296 3320 2403 3362 pluri-

1405 3374 1513 3400 mum,
1539 3363 1689 3395 levissime
1711 3362 1858 3394 omnium
1882 3361 2067 3401 laboravits,
2091 3364 2122 3394 δι
2152 3362 2276 3395 laborat
2301 3386 2310 3394 .
2343 3362 2402 3396 Sed

1403 3417 1502 3446 num,
1525 3407 1680 3449 inquam,
1712 3415 1788 3437 num
1823 3403 1908 3437 forte
1942 3406 2105 3438 contritus
2137 3405 2242 3438 caseus
2277 3406 2398 3448 super,

1404 3459 1440 3482 ut
1464 3449 1563 3489 solet,
1587 3458 1651 3483 erat
1683 3446 1840 3490 inspersus
1864 3446 1877 3480 ?
1901 3449 1986 3481 Cum
2022 3447 2113 3482 fuisse
2134 3470 2146 3487 ,
2177 3448 2344 3487 dicerent,
2368 3448 2400 3480 ἃ

1404 3492 1629 3531 Sacerdotem,
1651 3493 1770 3534 quippe
1794 3490 2029 3528 fastidientem,
2062 3490 2145 3524 nihil
2178 3491 2276 3525 ferme
2298 3515 2310 3532 ,
2339 3489 2397 3524 nisi

1404 3535 1442 3569 de
1476 3537 1535 3568 illo
1558 3558 1568 3575 ‚
1603 3533 1792 3577 sumpsisse3
1827 3535 1993 3567 mulierem
2029 3542 2136 3567 autem
2181 3536 2286 3569 multo
2329 3534 2397 3575 plus

1403 3579 1442 3611 de
1466 3591 1565 3622 oryza
1590 3601 1601 3618 ‚
1633 3590 1727 3620 quam
1761 3577 1798 3611 de
1829 3577 1917 3611 caseo
1941 3590 1951 3616 3
1985 3578 2090 3611 virum
2125 3578 2261 3621 denique
2285 3578 2338 3610 vix
2359 3579 2396 3610 de

1405 3621 1467 3657 hbe
1511 3621 1654 3666 aliquid,
1699 3622 1873 3664 plurimum
1917 3630 2021 3656 autem
2063 3622 2101 3656 de
2145 3622 2202 3656 illa
2247 3620 2362 3656 vorasse
2381 3635 2395 3659 ,-

2298 3673 2354 3699 VOS
