2498 4075
464 231 701 298 Epistola·
730 231 889 283 Anat.
926 228 1148 283 Medica
1184 226 1335 279 XVI.
1368 228 1490 279 Art.
1528 227 1775 289 ²4·&²5-

91 311 205 345 teriam
230 320 328 352 prope
350 320 427 349 cor,
451 317 505 343 aut
527 319 611 340 venre
634 308 731 339 Cavae
756 304 868 339 adhoc
892 306 1030 340 valvulas
1040 306 1092 338 os-

92 354 156 389 seas
179 352 300 393 saetas,
322 362 378 386 aut
400 364 457 386 cor
479 353 576 385 etiarn
599 348 704 392 ipsum
727 360 820 392 aequo
842 348 955 392 majori
977 373 989 389 ,
1020 352 1090 381 imo

93 408 324 439 nonnunquam
355 395 502 439 stupenda
527 392 773 436 magnitudine,
813 402 866 425 aut
900 392 1090 434 pinguedine

92 450 208 484 praeter
230 451 297 472 eam
319 451 380 482 qua
403 440 468 472 vix.
482 447 620 480 unquam
630 445 738 475 caret,
760 435 908 469 onustum
931 436 1033 474 adeo,
1055 445 1091 469 ut

93 484 268 523 auriculae,
290 483 456 525 ipsumque
478 490 586 515 totum
612 479 655 511 nil
680 478 735 511 nisi
751 490 900 521 magnum
925 478 1091 520 pinguedi-

90 528 140 561 nis
165 537 309 560 acervum
333 527 439 565 primo
462 524 592 566 ειῖρεᾶιι
615 521 786 562 referrent,
808 532 861 557 aut
886 520 1057 555 scirrhosos
1081 547 1091 562 ,

90 569 276 615 pessimeque
299 567 426 603 affectos
450 570 635 610 pulmones,
658 575 713 599 aut
738 565 873 608 denique
887 587 895 601 ‚
918 573 974 598 nec
996 565 1029 598 id
1041 576 1091 598 ra-

90 625 153 654 ro,
177 612 355 655 hydropem
378 610 522 653 thoracis
545 621 617 643 cum
650 608 820 651 pericardii
845 608 992 650 hydrope
1015 619 1091 641 con-

89 656 260 701 junctum.-
283 655 422 688 thoracis
447 663 551 687 autem
575 651 753 695 hydropem
780 673 789 688 ‚
826 663 890 684 non
915 651 1012 684 modo
1035 652 1091 685 illa

90 701 151 733 alia
175 711 248 742 quae
271 698 358 732 dieta
383 696 474 734 sunt,
499 697 605 735 vitia,
627 695 787 729 interdum
811 693 993 736 adjunetam
1016 696 1090 737 pol*-

89 743 118 777 se
143 743 255 777 habere
271 741 516 784 palpitationem
531 763 543 780 ,
563 751 600 772 ex
617 737 906 771 Observationibus
930 738 1000 771 aliis
1012 749 1091 770 con-

89 786 173 827 stat,
195 786 311 827 quibus
336 788 366 817 &
390 795 458 817 earn
482 782 576 816 addas
600 783 675 815 licet
699 793 768 825 quae
793 783 826 813 in
850 780 961 815 iisdem
985 780 1091 814 estvo—

90 829 288 868 luminibus(
307 838 329 871 g
350 831 383 868 ).
406 826 451 860 At
474 829 557 860 enim
571 826 641 860 sunt
656 848 665 863 ‚
688 826 837 868 inquies,
860 826 1001 867 exempla
1011 836 1091 865 quo-

91 885 171 917 que,
197 872 277 905 unde
304 871 424 914 liqueat
444 894 456 910 ,
481 870 711 912 palpitationes
735 881 750 902 a
775 868 944 910 pericardii
967 866 1088 912 hydro—

90 928 129 960 pe
152 912 347 959 provenisse,-
368 925 466 957 neque
490 915 576 946 enim
606 913 654 945 vel
678 915 711 946 in
746 912 954 958 Sepulchreto
976 911 1086 943 desunt

90 962 125 992 in
148 958 264 1003 quibus
288 958 351 991 illae
374 969 449 991 curn
473 956 535 990 hoc
548 968 613 990 uno
635 956 750 989 morbo
761 955 940 997 conjunt‘tae
964 965 1086 985 memo-

89 1011 225 1043 rantur,
247 1001 516 1045 quemadmodum
539 1000 627 1042 supra
663 1002 677 1039 (
699 998 719 1032 h
741 1002 755 1039 )
785 1000 930 1039 agnitum
953 996 995 1030 est
1017 1018 1025 1033 ‚
1059 999 1091 1028 &

89 1055 173 1079 certe
195 1047 251 1087 qui
274 1044 345 1087 post
367 1044 423 1078 has
446 1041 671 1078 controversias
703 1041 824 1084 scripfit
853 1039 997 1074 Medicus
1020 1051 1091 1082 gra-

88 1089 227 1122 viffimus
249 1087 463 1122 Boerhaavius
486 1090 499 1125 (
522 1088 533 1120 i
552 1088 567 1128 )
590 1085 707 1118 diserte
729 1085 951 1121 confirmavit,
981 1083 1019 1116 ab
1030 1084 1088 1123 bv-

89 1133 182 1173 drope
201 1132 393 1174 pericardii‚
418 1132 519 1165 cordis
531 1131 628 1163 miras
648 1129 871 1170 palpitationes
877 1127 970 1170 fieri.
997 1125 1088 1167 Qfd

89 1186 168 1217 ergo
189 1173 260 1209 est?
284 1176 368 1208 Vera
401 1185 510 1207 omnes
533 1170 700 1206 observasse
721 1170 870 1204 credendi
893 1170 965 1205 sunt
991 1182 1002 1209 3
1037 1169 1089 1204 sed

89 1218 146 1252 alii
180 1219 212 1251 in
237 1219 329 1251 aliter
366 1216 529 1260 dispositis
563 1215 752 1249 hominibus
773 1238 785 1255 ,
818 1214 945 1258 alioque
982 1214 1087 1249 morbi

88 1271 259 1304 tempore.-
283 1263 391 1304 itaque
414 1261 506 1295 sicuti
531 1272 568 1293 ne
589 1260 652 1292 hoc
676 1258 806 1301 quidem
822 1258 945 1300 signum
970 1260 1088 1299 proin·

90 1304 278 1347 separabili,
304 1307 336 1338 δε
361 1308 496 1339 omnino
520 1303 652 1346 proprio
674 1302 715 1335 est
726 1300 907 1335 habendum
922 1326 933 1341 ,
956 1302 1002 1333 ita
1025 1313 1088 1333 non

87 1348 356 1391 contemnendum
391 1346 433 1382 est
454 1372 465 1389 ,
498 1358 597 1390 eoque
622 1346 728 1380 minus
755 1368 763 1382 ,
796 1356 863 1388 quo
885 1345 985 1386 magis
1015 1355 1090 1377 cum

88 1391 164 1441 aliis
196 1390 405 1435 conjunc‘tum
430 1391 525 1426 fuerit
561 1392 593 1428 in
617 1389 679 1424 hoc
713 1388 857 1432 hydrope
889 1387 968 1431 saepe
993 1387 1091 1421 adno-

89 1443 190 1468 tatis.

131 1490 182 1522 24.
209 1478 284 1515 Qua
308 1488 413 1513 autem
437 1479 583 1514 ratione3
605 1484 640 1510 ut
663 1476 740 1509 illuc
765 1481 900 1509 revertar
924 1486 935 1513 3
970 1474 1007 1507 ab
1030 1472 1092 1515 hy-

87 1521 186 1563 drope
210 1522 354 1556 thoracis
384 1522 467 1555 huuc
491 1520 716 1561 distinguemus
738 1518 751 1552 ?
786 1519 893 1561 Qtam
927 1517 1092 1551 Grcetzius

87 1565 264 1605 indicarit,
285 1565 392 1598 vidisti
415 1568 428 1604 ζ
450 1565 469 1605 l<
490 1568 503 1604 )
522 1576 532 1601 3
556 1575 637 1596 nunc
661 1564 767 1604 accipe
790 1574 885 1604 quarn
899 1563 1092 1595 Reimannus

90 1608 110 1651 (
126 1608 139 1642 l
159 1612 192 1648 ).
215 1608 316 1648 ,Adest
337 1608 387 1643 hic
410 1608 506 1641 etiam
519 1630 532 1647 ,
556 1607 664 1649 inquit
684 1628 694 1643 ,
719 1604 930 1646 respirationis
951 1603 1093 1638 difficul-

86 1660 156 1689 tas,
177 1651 348 1693 praesertim
371 1662 389 1683 a
412 1657 497 1687 mota
511 1646 668 1691 fortiori,
691 1648 743 1682 vel
753 1646 878 1689 ascensu
900 1647 1090 1685 acclivium,

87 1706 121 1729 ea
145 1703 249 1728 tamen
271 1704 341 1727 cum
363 1691 538 1737 differentia
549 1716 562 1733 ,
586 1700 622 1726 at
650 1691 790 1735 oppreffio
803 1690 1016 1733 respirationis
1027 1702 1094 1724 ma-

84 1739 135 1781 gis
153 1737 197 1780 sir
219 1738 340 1777 anxia,
360 1747 454 1779 quam
461 1734 593 1777 sonora,
619 1736 730 1778 adsunt
741 1734 932 1777 lipothymiae
947 1732 1095 1776 frequen-

88 1791 154 1818 tes,
179 1779 318 1822 tussicula
336 1779 419 1822 sicca
451 1802 464 1818 ,
496 1779 537 1812 (fs
560 1780 660 1821 inagis
686 1776 755 1821 fere
779 1789 871 1820 quarn
903 1779 935 1809 in
953 1779 1092 1818 patioris

87 1822 182 1866 ascire
193 1847 206 1863 ,
228 1824 372 1866 lentaque
394 1823 529 1863 corporis
552 1846 565 1862 ,
581 1822 646 1864 fine
668 1822 758 1865 causa
780 1818 939 1863 manifesta
951 1844 963 1861 ,
989 1829 1096 1854 conta-

86 1866 266 1908 bescentia:
299 1877 395 1909 quam
419 1867 518 1901 etiam
541 1866 648 1908 posuit
672 1865 810 1900 Carolus
836 1863 907 1897 Piso
927 1887 939 1903 ,
975 1869 1007 1897 δε
1030 1864 1093 1897 alia

86 1909 239 1943 nonnulla
264 1921 335 1952 quae
360 1909 542 1942 rationibus
579 1909 682 1942 allatis
706 1909 845 1951 explicat
868 1930 877 1946 ‚
912 1915 947 1940 ut
970 1907 1094 1941 videbis

86 1955 121 1986 in
134 1952 344 1995 Sepulchreto
367 1956 381 1992 <
404 1964 435 1986 m
458 1956 492 1993 ).
516 1953 638 1986 Verum
664 1951 686 1985 fi
710 1951 946 1985 observationes
960 1952 1094 1994 potius,

84 2008 183 2040 quam
204 1997 453 2039 auctoritatem,
476 1994 674 2037 rationesque
699 1997 865 2039 requiram
889 2006 988 2038 neque
1012 1994 1096 2037 apud

85 2042 302 2075 Reimannurn
325 2040 488 2076 invenies,
514 2051 584 2083 quae
609 2040 646 2073 ad
671 2038 755 2073 hunc
783 2041 939 2072 attineant
962 2038 1000 2071 de
1025 2049 1093 2082 quo

85 2085 230 2126 agimus,
254 2084 405 2128 morbum
420 2107 431 2123 ‚
454 2094 472 2117 a
487 2084 608 2115 morbis
632 2083 727 2123 aliis,
753 2093 789 2117 ut
801 2081 981 2125 optandum
1003 2090 1091 2118 erat,

86 2127 263 2169 sejunfrum
284 2151 292 2158 .
317 2128 420 2160 Erant
444 2137 549 2160 tamen
571 2125 717 2169 quaedam
750 2136 822 2159 ante
845 2126 969 2167 aliquot
994 2136 1092 2158 annos

86 2181 164 2203 tunc
186 2170 303 2210 editae,
326 2182 397 2213 quae
420 2169 561 2213 proferri
586 2168 731 2211 possent,
755 2180 792 2201 ex
818 2165 1005 2202 Vieuffenio
1022 2191 1040 2207 ὲ
1059 2170 1092 2200 &

87 2225 148 2252 una
171 2213 277 2248 multo
300 2223 390 2246 antea
414 2212 577 2255 proposita
609 2224 625 2244 a
663 2211 840 2252 Stalpartio
870 2215 886 2251 (
909 2221 928 2243 n
949 2214 963 2250 >
984 2234 991 2241 .
1025 2212 1093 2244 Hic

87 2258 174 2290 enim
196 2256 392 2299 persanatarn
423 2255 461 2289 ab
485 2254 513 2288 se
537 2263 641 2287 narrat
676 2252 864 2296 praetumida
889 2265 923 2287 ac
957 2253 1093 2296 pallente

87 2299 171 2333 facie
193 2300 355 2343 puellam,
375 2309 440 2332 nun
465 2309 539 2331 uam
562 2297 732 2331 menstruas
757 2298 961 2339 purgationes
985 2309 1096 2339 exper-

89 2352 180 2383 tam,
202 2343 236 2375 in
258 2354 320 2385 qua
344 2341 432 2382 distin
466 2351 481 2374 e
504 2341 684 2377 admodum,
703 2340 849 2382 pulsante
871 2341 958 2374 corde
981 2339 1094 2382 (cujus

84 2385 296 2429 palpitatione
318 2382 481 2418 laborabat
504 2388 514 2422 )
537 2383 632 2426 ipfius
653 2394 738 2426 aquae
760 2384 964 2425 agitationem
988 2394 1020 2415 zn
1038 2393 1094 2424 pe-

91 2428 225 2462 ricardio
247 2427 354 2461 audire
376 2426 510 2470 licebat.
536 2428 581 2459 Et
607 2427 748 2460 Galenus
772 2425 902 2469 quidem
917 2452 926 2466 ‚
951 2426 1090 2469 utsupra

89 2475 105 2512 (
126 2483 142 2505 o
162 2474 178 2512 )
200 2470 362 2509 vidimus,
388 2468 556 2513 scripserat
570 2494 582 2510 ,
606 2470 851 2513 palpitationem
865 2470 972 2503 cordis
986 2495 994 2509 ,
1017 2482 1089 2513 quse

89 2527 107 2548 a
130 2514 297 2558 pericardii
322 2511 467 2554 hydrope
490 2512 528 2545 fit
539 2536 550 2552 ‚
576 2511 642 2546 fieri
668 2524 738 2552 cnm
755 2511 982 2556 fignificatione
1013 2524 1092 2555 qua-

89 2560 159 2592 dam
177 2578 187 2594 .
209 2557 291 2599 quod
312 2557 344 2589 in
365 2555 492 2589 humore
524 2567 574 2588 cor
590 2556 695 2598 ,ipsam
728 2564 892 2590 moveatur
910 2577 919 2593 ‚
951 2555 1090 2591 liberum

76 2600 181 2635 =nobis
205 2600 384 2643 relinquens
408 2599 640 2642 interpretari,
663 2611 700 2632 an
724 2611 758 2632 ea
780 2598 974 2641 significatio
989 2600 1027 2633 ab
1049 2612 1091 2633 ae-

88 2644 155 2691 gris
176 2642 382 2686 'percipienda
404 2641 444 2676 fit
462 2665 475 2682 ,
506 2651 540 2676 ut
564 2644 661 2685 paulo
695 2652 766 2675 ante
789 2647 844 2685 <p
865 2646 880 2683 )
902 2643 1026 2677 dietum
1050 2643 1092 2676 est

90 2685 233 2722 accidisse
255 2692 504 2729 nonnunquam,
528 2698 566 2719 an
589 2698 606 2720 a
632 2686 791 2727 Medicis,
814 2688 870 2730 qui
895 2686 934 2720 ad
958 2689 1094 2729 pericar-

89 2732 137 2766 dii
159 2731 321 2772 regionem
343 2740 472 2762 manum
492 2752 502 2768 ,
536 2741 681 2764 auremve
705 2728 903 2763 admovendo
922 2753 934 2770 ,
970 2729 1093 2773 aliquid

89 2775 139 2807 ibi
163 2773 385 2808 fluetuationis
409 2772 686 2813 animadvertant,
709 2775 870 2816 egregium
892 2776 1005 2816 utique
1028 2785 1092 2815 pra:

92 2818 213 2851 caeteris
235 2815 357 2864 fignum
379 2815 526 2850 futurum
540 2839 549 2855 ‚
575 2820 606 2850 δε
630 2827 689 2859 pro
712 2816 1012 2860 pathognomonico
1035 2815 1093 2849 ha·

91 2861 230 2908 bendum
245 2882 255 2899 ‚
278 2862 299 2892 11
323 2859 452 2903 quidem
477 2861 621 2903 semper,
644 2861 721 2892 &in
749 2861 790 2893 iis
802 2872 930 2904 quoque
952 2859 1009 2893 esse
1022 2859 1094 2901 pos-

93 2907 159 2941 set,
182 2903 299 2946 quibus
323 2913 376 2936 aut
400 2904 612 2945 pericardium
634 2915 697 2936 non
720 2905 860 2938 multum
884 2916 971 2946 aquae
991 2902 1093 2937 adhuc

90 2947 213 2985 habet,
237 2956 290 2979 aut
312 2957 369 2979 cor
390 2947 424 2979 in
447 2958 524 2990 aqua
548 2959 612 2980 non
635 2947 835 2980 vehementer
859 2948 1019 2989 agitatur,
1044 2945 1094 2980 sed

95 2989 251 3033 languido
274 2992 304 3022 &
328 2989 461 3023 obscuro
483 3001 575 3025 motu
598 2991 652 3023 vix
663 2991 905 3028 contremiscit,
933 2991 1098 3033 siquenul-

95 3035 126 3069 la
156 3034 184 3067 se
208 3035 408 3075 interponere
438 3033 609 3077 aliquando
633 3032 730 3076 posset
763 3034 892 3067 fallacia
916 3044 969 3067 aut
1003 3033 1041 3067 ab
1063 3046 1096 3066 a·

93 3078 167 3121 quis
190 3077 224 3109 in
247 3075 378 3110 thorace
400 3075 613 3123 stagnantibus
633 3100 643 3115 ‚
675 3088 729 3113 aut
752 3078 790 3111 ab
814 3077 884 3119 ipso
909 3078 1098 3120 palpitatio-

95 3122 145 3160 nis
168 3129 280 3158 motu,
306 3129 360 3152 aut
385 3131 401 3150 a
423 3122 511 3154 causa
534 3123 594 3154 alia
620 3121 725 3164 aliqua
746 3120 913 3155 Medicum
938 3119 1099 3154 facilede-

95 3165 234 3206 cipiente
256 3188 262 3195 .
298 3163 405 3198 Quam
427 3162 552 3198 fortasse
575 3163 725 3207 suspicati
748 3165 820 3199 sunt
853 3166 907 3207 qui
932 3164 1098 3206 Stalpartii

98 3206 367 3241 Observationem
389 3208 614 3249 praetermisere
633 3232 645 3248 ,
670 3221 743 3243 curn
767 3207 939 3250 praesertim
963 3219 1026 3240 non
1050 3207 1100 3241 so-

97 3251 165 3284 lum
186 3261 250 3283 non
276 3248 347 3282 esset
372 3260 425 3291 per
447 3249 663 3296 disset-“tionem
686 3251 870 3286 confirmata
884 3275 896 3292 ,
919 3262 1029 3285 verum
1051 3260 1100 3283 et-

98 3296 172 3340 iarn-
187 3293 228 3327 ob
244 3294 406 3340 *integram
429 3294 582 3336 ejusmodi
604 3295 713 3330 morbi
737 3296 933 3331 sanationem
944 3293 1098 3328 nonnihil

98 3335 231 3372 forsitan
254 3336 352 3371 dubia
375 3335 518 3370 reddita.
650 3338 708 3373 Sed
718 3339 918 3373 Vieulsenius
940 3342 953 3378 (
974 3351 993 3382 q
1013 3343 1027 3379 )
1050 3347 1097 3370 et-

96 3380 128 3432 si¹
143 3390 279 3430 quatuor
301 3379 339 3414 de
358 3380 531 3430 *pericardii
563 3382 710 3425 hydrope
732 3382 966 3416 observationes
999 3382 1097 3424 polli-

99 3434 184 3474 citus
198 3447 208 3462 ,
231 3435 265 3473 in
290 3434 385 3458 tertia
408 3436 478 3467 quae
492 3424 529 3458 ad
551 3427 741 3467 pulmonum
753 3425 930 3469 hydropem
956 3427 1072 3459 attinet
1087 3450 1095 3463 ,

100 3467 311 3510 pericardium
334 3479 370 3514 ne
400 3477 554 3501 memorat
576 3470 705 3512 quidem
727 3495 735 3510 ,
768 3471 802 3502 in
827 3469 957 3504 secunda
991 3478 1102 3502 autern

100 3523 171 3558 cum
195 3512 267 3544 aliis
290 3512 500 3553 conjunstum
520 3513 640 3554 morbis
662 3513 841 3557 hydropem
853 3513 1021 3556 pericardii
1045 3512 1098 3546 de-

100 3554 234 3596 (cubit,-
255 3556 290 3587 in
310 3555 411 3599 prima
435 3565 540 3589 tamen
564 3550 737 3598 sej'unftum
761 3557 799 3591 ab
821 3556 969 3601 hydrope
990 3555 1102 3590 thora-

1994 237 2077 287 141

1141 304 1208 341 cis,
1230 301 1366 345 aliisque
1388 302 1505 335 morbis
1528 301 1682 344 proponit
1704 324 1717 340 ‚
1741 309 1776 334 ut
1800 300 1919 341 pariter
1942 300 1975 332 in
1998 307 2108 341 quarta
2130 308 2142 336 ς

1141 345 1199 380 nili
1224 345 1307 378 forte
1346 345 1515 387 polyposas
1538 344 1757 376 concretiones
1779 352 1916 375 mortem
1950 342 2007 376 diu
2030 352 2144 383 praece-

1141 391 1234 429 dere,
1257 398 1293 422 tu
1315 399 1441 430 quoque
1464 388 1569 421 credas
1590 411 1602 426 ,
1637 387 1825 429 pulmonum
1847 396 1953 419 autern
1985 382 2144 426 compres-

1141 433 1258 467 1ionem
1283 443 1340 473 pro
1361 430 1496 470 effectu,-
1518 430 1551 463 id
1576 430 1665 473 quoi
1685 428 1726 461 est
1748 428 2038 465 evidentiliimum3
2064 426 2145 469 peri-

1143 476 1246 509 cardii
1280 475 1418 507 maxime
1440 473 1568 507 distenti
1602 483 1664 505 non
1690 472 1802 504 habeas
1822 495 1829 503 .
1869 474 1973 506 Prima
2006 471 2109 513 igitur
2130 492 2144 508 ,

1142 531 1213 563 quae
1236 519 1269 550 in
1293 528 1391 560 puero
1414 516 1503 557 fuit,
1525 517 1592 550 haec
1616 515 1701 558 figna
1726 515 1843 556 praebet
1867 539 1874 547 .
1918 515 2083 554 Principio
2105 524 2143 545 ex

1141 563 1259 600 hilari,
1284 570 1456 603 prompto,
1477 562 1661 602 optimeque
1682 559 1852 598 colorato,
1875 557 1990 595 tristis,
2017 556 2120 597 segnis
2134 577 2146 594 ‚

1142 608 1248 639 minus
1270 603 1390 637 vividis
1413 603 1539 643 oculis,
1564 602 1725 645 pallidus,
1749 600 1970 644 palbebrisque
1994 624 2005 639 ,
2038 603 2070 632 &
2094 599 2145 631 la-

1141 649 1204 682 bris
1229 648 1267 682 ad
1291 647 1475 690 plumbeum
1498 647 1639 679 colorem
1663 644 1863 687 vergentibus
1887 643 1928 677 est
1950 643 2053 677 fastus
2076 668 2082 673 .
2110 641 2144 675 Si

1143 693 1239 736 paulo
1263 691 1395 725 celerius
1416 689 1604 729 incederet,
1627 698 1680 722 aut
1705 688 1816 721 scalam
1840 686 2014 726 ascenderet
2040 699 2049 722 ·‚
2075 695 2144 726 per-

1142 736 1285 770 difficilis
1309 733 1403 768 fiebat
1417 733 1587 776 respiratio
1602 756 1613 772 ‚
1638 732 1812 773 palpitatio
1834 733 1941 764 autem
1963 728 2145 771 cordisqua

1142 780 1255 813 affidue
1279 778 1471 815 vexabatur,
1493 776 1689 809 violentior.
1713 774 1836 808 Morbo
1859 773 1971 806 deinde
1994 772 2059 816 jam
2081 771 2148 803 val-

1141 823 1179 855 de
1203 820 1390 865 progoeffo,
1414 820 1560 854 ciborum
1584 819 1763 861 appetitum
1787 817 1890 850 amisit
1913 841 1921 854 ,
1947 819 1979 850 &
2001 815 2145 857 corporis

1141 868 1245 906 vires,
1268 865 1357 907 cujus
1384 873 1523 897 extrema
1547 862 1664 905 jugiter
1690 860 1803 894 habuit
1827 859 2004 902 subfrigida
2020 883 2032 898 ,
2055 856 2147 901 pedes

1137 920 1213 941 vero
1245 909 1341 941 etiam
1365 906 1508 941 tumidos
1529 930 1540 946 2
1573 905 1699 947 pulsum
1723 914 1827 938 autem
1861 903 1981 946 semper
2013 901 2146 935 mollem

1135 951 1247 992 valde,
1273 949 1411 984 debilem
1438 976 1446 990 ‚
1480 961 1612 993 parvum
1632 972 1644 988 ,
1676 947 1874 990 frequentem
1895 972 1903 986 ,
1935 949 1967 980 &
1991 942 2144 979 nonnihil

1143 995 1353 1038 inaequalem.
1379 993 1638 1039 Lentaqdenique
1662 1000 1825 1033 correptus
1839 990 1943 1030 febre,
1969 985 2150 1035 confeffus-

1141 1050 1202 1082 que
1225 1037 1284 1071 est.
1419 1036 1614 1070 Observatio
1636 1044 1745 1067 autem
1769 1044 1900 1076 quarta,
1925 1036 1957 1065 in
1981 1045 2041 1076 qui
2067 1040 2152 1074 peri·

1141 1080 1242 1115 cardii
1266 1082 1372 1114 multo
1397 1081 1555 1112 maximus
1578 1077 1721 1119 hydrops
1746 1075 1810 1110 fuit
1831 1101 1843 1116 ,
1869 1080 1974 1110 virum
1997 1074 2150 1118 proponit

1140 1123 1366 1158 melancholici
1391 1122 1632 1164 temperamenti
1661 1142 1670 1157 ‚
1706 1121 1762 1163 qui
1786 1121 1909 1162 egregie
1942 1119 2063 1159 semper
2095 1127 2152 1148 va-

1139 1170 1261 1208 luerat,
1292 1167 1393 1201 donec
1426 1177 1510 1199 anno
1546 1173 1617 1198 ante
1641 1163 1783 1196 laborare
1817 1165 1919 1204 coepit
1961 1159 2153 1195 difficultate

1139 1211 1302 1254 spirandi,
1325 1222 1396 1254 quae
1420 1208 1530 1242 senfim
1554 1216 1692 1241 creverat
1717 1205 1818 1246 adeo,
1840 1215 1876 1238 ut
1900 1204 2028 1239 tandem
2050 1215 2068 1237 a
2090 1204 2154 1236 tri-

1139 1256 1218 1293 bus,
1242 1263 1296 1289 aut
1319 1263 1457 1297 quatuor
1481 1252 1635 1285 mensibus
1660 1249 1824 1282 hominem
1857 1258 1983 1292 cogeret
2006 1248 2071 1281 dies
2095 1258 2154 1279 no-

1141 1299 1264 1341 &esque
1287 1299 1321 1331 in
1344 1298 1453 1335 1εξὶο,
1475 1308 1512 1329 ne
1537 1293 1746 1329 suffocaretur
1772 1316 1783 1332 ‚
1818 1291 1922 1326 sedere
1937 1315 1944 1323 .
1970 1294 2050 1325 Erat
2074 1299 2152 1324 tunc

1141 1342 1356 1381 macilentus,
1379 1340 1472 1373 nullo
1495 1350 1532 1372 ne
1558 1338 1673 1381 pedum
1698 1335 1832 1379 quidem
1852 1359 1862 1374 ,
1887 1345 2077 1369 manuumve
2099 1343 2155 1367 tu-

1142 1396 1253 1422 more,
1279 1384 1429 1428 utrisque,
1448 1392 1552 1416 autem
1576 1382 1761 1424 plerumque
1786 1378 1976 1426 subfrigidis
1995 1405 2002 1418 ,
2038 1388 2151 1420 parum

1143 1429 1261 1463 vividis
1284 1429 1407 1463 oculis,
1432 1426 1513 1459 facie
1538 1435 1664 1459 autem,
1692 1424 1742 1457 led
1766 1424 1861 1456 labris
1884 1423 2089 1466 praelertim3
2114 1431 2155 1453 ne

1145 1472 1228 1506 forte
1253 1472 1307 1505 hic
1330 1471 1426 1504 verba
1451 1470 1606 1503 Austoris
1631 1466 1869 1500 latinereddens
1884 1488 1892 1504 ‚
1918 1466 2074 1507 obscura,
2097 1473 2155 1497 aut

1145 1517 1290 1558 ambigua
1314 1514 1430 1550 faciam
1454 1525 1463 1551 3
1489 1514 1518 1545 d’
1542 1523 1581 1545 un
1601 1513 1670 1554 gris
1694 1511 1729 1543 de
1744 1507 1798 1553 fer
1829 1508 1934 1551 obscur
1954 1534 1962 1544 .
1990 1506 2097 1554 Julsus
2121 1508 2155 1539 in

1145 1561 1334 1598 dexterum,
1359 1560 1390 1590 ὃ(
1417 1568 1493 1590 mox
1518 1556 1550 1587 in
1573 1554 1731 1588 sinistrum
1755 1553 1839 1586 latus
1862 1553 1960 1594 jacere
1982 1574 1991 1589 ‚
2026 1552 2094 1594 pari
2119 1551 2156 1583 in

1145 1603 1338 1637 utrumlibet
1361 1612 1436 1634 curn
1464 1597 1738 1639 molestiajacuit;
1762 1597 1794 1628 in
1806 1596 1936 1629 dorsum
1960 1605 2154 1629 autemcum

1145 1647 1249 1680 multo
1272 1644 1413 1687 majori,
1438 1652 1576 1685 tuncque
1589 1640 1682 1673 faciei
1707 1640 1797 1673 color
1809 1639 2060 1676 obscurabatur,
2083 1638 2156 1681 pul-

1145 1691 1194 1724 sus
1217 1691 1319 1732 magis
1345 1686 1439 1721 fiebat
1464 1688 1497 1718 &
1519 1696 1655 1727 parvus,
1679 1687 1710 1717 &
1735 1682 1903 1726 frequens,
1926 1681 2158 1725 &inaequalis,

1146 1744 1298 1766 extremae
1322 1740 1429 1766 autern
1453 1738 1557 1773 partes
1581 1728 1727 1769 corporis
1762 1727 1860 1769 paulo
1883 1725 2071 1770 frigidiores
2108 1725 2157 1757 vi-

1146 1778 1304 1810 debantur
1319 1801 1326 1807 .
1353 1776 1418 1807 Hic
1442 1783 1623 1816 quanquam
1639 1781 1708 1805 turn
1734 1772 1829 1803 etiam
1852 1782 1867 1803 e
1891 1771 1976 1804 letsto
1988 1769 2029 1803 ad
2051 1771 2158 1813 ignem

1145 1820 1287 1854 accedere
1311 1829 1363 1861 per
1388 1818 1417 1851 se
1441 1824 1565 1860 poterat
1587 1828 1597 1853 3
1633 1813 1784 1857 postridie
1809 1823 1914 1846 tamen
1947 1816 2031 1847 inter
2063 1823 2160 1855 pran-

1146 1863 1286 1898 dendum
1312 1872 1456 1894 mortuus
1492 1868 1617 1902 repente
1639 1858 1681 1892 est
1700 1881 1714 1899 ,
1744 1857 1891 1890 morbum
1911 1881 1924 1897 ,
1957 1859 1989 1889 ἃ
2012 1867 2183 1896 ῐῐιοῑῑεςῐι-μ

1145 1905 1423 1950 praecognoscente
1443 1927 1452 1941 ,
1491 1907 1524 1937 δε
1558 1901 1748 1945 praedicente
1772 1900 1960 1935 Vieulsenio
1982 1926 1988 1933 .
2025 1901 2093 1938 Qui
2116 1900 2158 1933 ad

1146 1951 1296 1985 morbum
1320 1946 1598 1981 internoscendum
1632 1957 1703 1988 quae
1728 1944 1870 1987 potuerit
1902 1956 1940 1977 ex
1965 1945 2068 1987 prima
2100 1944 2159 1976 illa

1146 1995 1236 2038 pueri
1262 1991 1495 2026 Observatione
1520 1989 1639 2023 indicia
1663 1988 1780 2031 sequi,
1811 1986 2007 2021 conferendo
2033 1987 2158 2020 intelli-

1146 2049 1220 2081 ges.
1244 2038 1339 2070 Certe
1364 2035 1403 2068 ad
1426 2033 1560 2068 eundem
1583 2032 1732 2066 morbum
1750 2055 1763 2072 ,
1785 2033 1930 2074 quamvis
1952 2043 2028 2066 cum
2054 2031 2125 2065 aliis
2148 2052 2159 2068 ‚

1144 2085 1177 2115 &
1202 2080 1396 2112 nominatim
1418 2077 1659 2112 cum·thoracis
1682 2074 1829 2119 hydrope
1853 2074 2066 2118 conjunffifflm
2087 2099 2099 2116 ‚
2122 2077 2158 2108 in

1145 2126 1212 2157 alio
1243 2134 1320 2156 mox
1341 2133 1440 2165 puero
1470 2120 1720 2163 dignoscendum
1744 2117 1821 2152 hinc
1853 2118 1989 2155 dueturn
2012 2119 2041 2153 se
2064 2117 2121 2152 esse
2144 2142 2158 2159 ,

1145 2167 1265 2201 fatetur
1289 2168 1322 2198 in
1346 2164 1478 2199 secunda
1490 2165 1527 2198 de
1550 2165 1616 2197 illis
1641 2171 1777 2206 quatuor
1790 2163 2049 2204 observatione,
2070 2162 2159 2207 quod

1144 2212 1178 2244 in
1204 2219 1277 2243 toto
1301 2209 1406 2241 morbi
1431 2207 1612 2251 progressu,
1634 2210 1667 2240 &
1692 2206 1748 2239 sub
1774 2205 1869 2240 finem
1880 2207 2056 2249 palpitatio
2081 2217 2160 2240 cor-

1148 2254 1198 2287 dis
1222 2252 1326 2286 fuerat
1342 2276 1353 2291 ,
1376 2253 1468 2285 color
1493 2250 1648 2294 palpebrae
1673 2250 1836 2293 utriusque
1846 2249 2032 2288 inferioris,
2055 2252 2157 2284 &un-

1147 2299 1261 2339 guium
1283 2296 1474 2338 plumbeus,
1499 2294 1653 2328 moestitia
1678 2293 1778 2326 multa
1800 2315 1809 2330 ‚
1834 2297 1866 2327 &
1890 2293 1951 2327 alia
1976 2295 2082 2337 aliqua
2104 2304 2159 2326 eo-

1147 2352 1217 2374 rum
1242 2339 1358 2372 similia
1380 2350 1449 2380 quae
1475 2339 1507 2370 in
1532 2349 1627 2381 puero
1652 2338 1778 2378 primo:
1794 2339 1836 2382 -&
1859 2336 1930 2370 sane
1952 2337 2036 2370 inter
2058 2338 2158 2371 initia.

1146 2384 1351 2417 adnotaverat
1375 2383 1408 2414 in
1432 2392 1530 2428 puero
1552 2380 1615 2414 hoc
1640 2379 1897 2413 secundofaciem
1922 2381 2160 2422 subpallidam,

1142 2438 1284 2461 extrema
1307 2426 1456 2467 corporis
1475 2427 1542 2457 line
1557 2425 1684 2464 calore,
1711 2433 1774 2455 non
1798 2423 1925 2466 prorsus
1952 2424 2084 2457 liberam
2110 2436 2157 2457 re-

1142 2470 1351 2513 spirationem
1375 2467 1550 2510 praesertim
1575 2478 1648 2500 cum
1673 2466 1767 2499 scalas
1791 2465 1968 2500 ascenderet
1987 2492 1998 2508 ,
2031 2467 2157 2509 pulsum

1144 2524 1253 2547 autem
1275 2511 1367 2544 valde
1391 2511 1545 2557 mollem,
1571 2515 1600 2543 δέ
1627 2511 1723 2542 nimis
1748 2507 1946 2552 frequentem
1968 2536 1975 2543 .
2014 2514 2095 2554 Qae
2119 2524 2157 2544 0-

1143 2558 1231 2589 mnia
1255 2581 1263 2595 ‚
1294 2567 1310 2588 a
1335 2566 1383 2587 me
1407 2555 1491 2586 intra
1522 2552 1744 2588 consideranda
1765 2577 1778 2594 ‚
1817 2564 1853 2587 tu
1876 2556 2007 2588 interim
2036 2554 2057 2589 fi
2081 2566 2155 2589 cum

1143 2600 1322 2645 Grretziiq(
1344 2610 1359 2631 r
1382 2601 1417 2638 >,
1442 2601 1474 2630 δε
1507 2597 1678 2631 Reimanni
1710 2596 1792 2639 (s)
1826 2597 1922 2640 {ignis
1945 2598 2118 2633 contendas
2142 2612 2153 2638 5

1145 2655 1214 2686 quae
1239 2643 1439 2684 discrepent,
1460 2652 1531 2683 quse
1555 2640 1596 2673 fic
1620 2641 1693 2673 satis
1727 2641 1841 2674 similia
1865 2642 1944 2680 sint,
1971 2655 2040 2685 quae
2064 2642 2157 2677 deni.

1144 2699 1205 2730 que
1226 2686 1357 2725 eadem,
1379 2685 1538 2717 continuo
1561 2685 1741 2727 intelliges.

1190 2741 1239 2772 25.
1266 2728 1409 2762 For-fitam
1433 2728 1487 2761 hic
1510 2737 1650 2770 quaeres,
1675 2730 1708 2760 in
1732 2727 1869 2763 secundo
1892 2740 1990 2772 puero
2002 2743 2073 2774 quae
2098 2744 2156 2766 no-

1145 2783 1185 2806 tae
1218 2773 1409 2807 adduxerint
1432 2769 1651 2804 Vieulsenium
1684 2772 1721 2804 ad
1752 2771 1893 2806 thoracis
1940 2773 2119 2818 hydropem
2142 2802 2155 2818 ‚

1146 2826 1262 2859 praeter
1285 2814 1454 2858 pericardii
1478 2813 1661 2856 hydropem
1687 2816 2010 2857 praecognoscendum
2026 2843 2033 2850 .
2058 2820 2156 2862 Qo⁴

1145 2864 1232 2894 niam
1255 2871 1333 2902 puer
1355 2870 1445 2892 crura
1471 2857 1609 2890 habebat
1632 2858 1778 2899 tumida,
1803 2859 1921 2893 humili
1937 2871 2045 2895 autem
2067 2866 2155 2906 capi-

1145 2914 1177 2937 te
1200 2904 1314 2938 cubare
1332 2913 1399 2939 non
1424 2910 1572 2944 poterat,
1595 2905 1626 2933 Rc
1652 2902 1777 2944 quoties
1802 2902 1829 2935 se
1861 2905 1895 2936 in
1919 2903 2001 2939 latus
2023 2917 2154 2940 conver-

1146 2957 1228 2984 teret
1251 2946 1437 2982 dexterum,
1462 2945 1566 2978 multo
1587 2942 1753 2979 difficilius
1777 2944 1915 2987 spirabat
1938 2961 1949 2986 3
1982 2948 2024 2982 ob
2050 2948 2116 2983 haec
2140 2973 2154 2991 3

1146 2992 1279 3034 inquit,
1301 2988 1446 3028 credidi,
1471 2990 1504 3021 in
1528 2986 1652 3021 finistro
1687 2988 1828 3023 thoracis
1850 3001 1929 3023 cavo
1959 2991 2016 3025 esse
2038 3004 2152 3036 aquam

1147 3034 1277 3068 effusam
1298 3045 1305 3065 :
1339 3036 1369 3064 δε
1395 3031 1463 3064 sane
1495 3030 1577 3065 illud
1600 3040 1710 3066 totum
1733 3033 1864 3075 implere
1888 3044 2052 3077 comperta
2075 3036 2117 3071 est
2142 3050 2151 3070 .-

1148 3079 1233 3111 Noli
1259 3085 1362 3109 autem
1377 3075 1497 3121 ,mirari
1518 3098 1530 3114 ,
1563 3074 1649 3117 quod
1673 3078 1708 3109 in
1731 3077 1801 3108 viro
1831 3089 1926 3120 quem
1949 3080 2068 3121 pariter
2091 3079 2158 3114 hu„

1149 3122 1221 3155 mili
1245 3121 1349 3162 capite
1370 3129 1472 3161 jacere
1495 3129 1559 3150 non
1583 3117 1740 3160 potuisse,
1764 3119 1849 3153 dixit
1872 3123 1886 3159 (
1907 3129 1922 3153 τ
1943 3125 1956 3161 )
1976 3145 1989 3161 ,
2011 3122 2116 3157 nullus
2139 3148 2156 3165 ,

1150 3165 1208 3198 nifi
1232 3163 1430 3208 pe1-icardii‚
1452 3161 1593 3204 hydrops
1617 3162 1740 3202 fuerit3
1764 3162 1828 3197 fuit
1850 3165 1935 3196 enim
1957 3163 2013 3197 hic
2036 3175 2151 3208 praeter

1151 3219 1279 3242 omnem
1301 3206 1436 3239 modum
1458 3214 1565 3239 tantus
1588 3229 1601 3246 ,
1634 3215 1669 3240 ut
1690 3218 1799 3240 omnes
1823 3206 2055 3250 propemodum
2078 3210 2153 3253 pul-

1152 3263 1261 3285 mones
1283 3249 1455 3284 distes-itum
1477 3249 1641 3296 pbtegeret
1666 3249 1897 3292 pericardium:
1922 3260 2071 3293 praeterea
2093 3254 2149 3288 illa

1151 3296 1216 3330 duo
1239 3295 1299 3328 alia
1320 3293 1445 3327 deerant
1468 3293 1573 3339 hgna:
1596 3293 1730 3336 denique
1753 3293 1907 3335 hydropis
1930 3305 2058 3338 quoque
2071 3297 2150 3331 tho-

1149 3340 1229 3373 racis
1252 3337 1372 3370 indicia
1394 3336 1479 3369 nulla
1506 3339 1575 3370 lunt
1600 3337 1679 3370 adeo
1702 3337 1873 3379 peculiaria
1898 3360 1911 3377 ,
1944 3348 1980 3371 ut
2002 3350 2068 3373 non
2090 3340 2150 3374 ali-¹

1148 3381 1276 3426 quando
1298 3379 1420 3414 Medici
1445 3380 1497 3426 vel·
1514 3381 1688 3422 peritulimi
1712 3382 1744 3412 in
1767 3391 1804 3412 eo
1826 3380 2043 3423 dignoscendo
2064 3383 2151 3417 deci-

1148 3428 1296 3469 piantur:
1320 3423 1406 3466 quod
1430 3423 1462 3454 in
1486 3434 1596 3465 juvene
1608 3423 1747 3466 quodam
1759 3423 1817 3457 fibi
1832 3449 1841 3464 ,
1865 3424 2032 3459 &summo
2056 3427 2149 3461 alteri

1147 3471 1233 3502 Viro
1245 3466 1409 3506 accidisse,
1433 3466 1546 3500 illustri
1567 3468 1779 3509 ingenuitatis
1790 3469 1937 3510 exemplo
1958 3468 2023 3510 ipse
2033 3469 2152 3505 fatetur

1150 3513 1351 3547 Vieuffenius
1374 3513 1470 3551 (u),
1490 3521 1582 3552 quem
1594 3511 1646 3544 Cl.
1660 3522 1789 3554 quoque
1800 3510 2035 3553 Schreyuscx)
2057 3515 2099 3549 est
2121 3515 2151 3547 i.

1153 3559 1286 3591 mitatus
1300 3581 1307 3588 .
1333 3557 1411 3596 Qo
1430 3556 1534 3596 ¹magis
1557 3555 1617 3588 tibi
1642 3554 1826 3589 attendenda
1846 3553 1917 3588 sunt
1939 3563 2010 3589 tum
2033 3569 2067 3591 ea
2078 3570 2150 3602 quae

2020 3600 2113 3645 supra

161 3780 175 3809 (
188 3788 206 3809 ε
224 3779 232 3808 )
247 3781 330 3815 Temo
345 3780 399 3806 eod.
415 3784 437 3807 6.
455 3780 516 3805 Obs.
533 3789 569 3811 50.
631 3782 645 3811 (
657 3784 672 3807 h
697 3785 703 3809 l
719 3790 744 3807 n.
759 3790 799 3809 2².

162 3811 168 3838 ί
190 3817 213 3833 m
230 3810 244 3838 )
261 3819 285 3835 ιιι
301 3813 342 3837 cit.
359 3812 416 3836 ibidr
437 3812 516 3837 Schol.
533 3813 561 3836 ad
578 3811 635 3838 Obs.
652 3821 689 3839 21.
709 3813 732 3843 §.
748 3822 771 3843 4.

164 3841 178 3869 (
193 3848 204 3865 r
219 3840 232 3870 )
251 3849 274 3865 n.
290 3850 329 3867 22..
392 3847 404 3870 ἔ
417 3842 456 3872 s)
472 3851 496 3866 n.
514 3850 551 3872 ²4·
615 3842 623 3874 (
641 3850 652 3869 ε
670 3844 683 3875 2
700 3844 764 3870 Ibid.
917 3848 954 3872 ch.
970 3849 1012 3873 cit.

861 3787 876 3815 (
891 3787 901 3809 i
917 3790 927 3814 )
945 3786 1049 3811 Praelest.
1066 3786 1093 3810 ad
1113 3786 1189 3812 Instit.
1208 3788 1230 3819 ς.
1246 3794 1299 3816 711.

828 3816 846 3844 ’(
862 3825 878 3840 n
895 3820 905 3842 )
921 3819 994 3842 Cent.
1013 3825 1032 3841 1.
1049 3816 1106 3841 obs.
1124 3822 1161 3847 36.

827 3848 841 3876 (
855 3847 900 3876 a)
1074 3849 1088 3878 c
1103 3857 1118 3873 x
1135 3851 1144 3878 l
1163 3850 1216 3874 Ast.
1236 3851 1270 3874 N.
1289 3851 1318 3874 c.
1334 3851 1408 3874 rom.
1426 3857 1447 3873 2.
1467 3849 1526 3873 0ss.
1544 3856 1579 3877 μ.

1362 3787 1525 3820 (k)n.22.

1224 3819 1391 3852 (o)n.20.
1454 3820 1622 3848 (p)n,23.

1587 3787 1600 3814 (
1617 3788 1626 3811 l
1642 3787 1656 3816 )
1673 3787 1732 3811 Obs.
1752 3786 1792 3811 cit.
1809 3786 1876 3814 supra
1894 3785 1921 3809 nd
1939 3793 1964 3809 τι.
1982 3792 2019 3813 23.

1683 3818 1696 3847 ί
1713 3826 1727 3847 q
1747 3818 1752 3847 )
1769 3817 1853 3842 'fraite
1869 3817 1901 3841 du
1918 3818 1996 3844 Coeur
2012 3814 2047 3838 ch.
2068 3822 2094 3839 1.
