2498 4075
445 167 560 223 3⁷²2

379 225 463 274 unde
489 231 663 272 Valsalva,
686 242 724 264 ex
749 230 917 273 multaque
950 231 1130 267 mesenterii
1154 234 1348 275 pinguedine
1371 261 1382 276 ‚

378 289 432 314 aut
456 278 603 319 cogites,
627 283 719 307 tanto
743 275 814 316 plus
838 276 925 316 puris·
950 286 969 310 a,
988 274 1144 317 pureipso
1166 275 1257 316 fieri,
1280 290 1382 320 quan-

378 332 415 357 to
438 322 541 360 acrius
563 318 625 354 est,
653 326 688 350 ut
713 316 907 359 creberrima
931 317 986 351 ista
1010 318 1175 352 indicabat
1198 320 1284 354 tuffis
1306 326 1316 360 5
1350 325 1400 356 &=

374 373 501 409 quanto
525 361 668 402 longiori
692 368 838 402 tempore
860 383 873 401 ,
910 370 946 393 ut
979 362 1013 394 in
1047 359 1108 394 isto
1132 360 1261 397 videtur
1283 365 1380 406 casu,

373 418 476 451 partes
501 404 619 442 afficit,
644 411 700 436 aut
724 404 857 444 irritat,
881 404 965 436 inter
984 415 1061 446 quas
1084 408 1290 441 continetur.

417 451 450 484 8.
473 449 560 483 VIR.
582 445 717 489 quidam
741 446 837 488 paulo
862 445 931 487 post
953 459 1080 480 coenam
1096 448 1212 482 vulnus
1236 452 1379 494 accipit,

374 503 471 530 acuto
494 490 714 528 instrumento
737 488 948 536 epigastrium
973 491 1194 532 ¹pertundente
1228 495 1378 529 nonnihil

371 538 411 572 ad
434 538 546 570 laevam
570 546 586 567 e
610 534 741 575 regione
765 543 834 574 ejus
856 532 951 566 costae
975 545 1046 576 quae
1071 532 1166 567 te'rtia
1190 533 1234 569 est>
1255 537 1297 571 ab
1329 541 1381 572 in-

371 578 546 620 ferioribus
568 578 777 612 numeranti.
802 576 899 609 Illico
922 580 1026 611 vomit
1050 591 1060 615 2
1096 578 1147 611 sed
1168 582 1305 614 omnino
1330 584 1381 616 in-

369 632 501 663 cruenta
516 636 524 652 ε
547 632 604 655 nec
629 620 942 665 paucumevulnere
965 620 1154 663 sanguinem
1165 621 1276 663 ejicit.
1304 626 1377 659 Ho-

364 664 441 702 'rum
474 675 647 707 utrumque
672 664 754 697 redit
781 663 889 698 eadem
913 665 1026 697 noeie.
1052 665 1151 698 Mane
1175 667 1289 700 vulnus
1324 680 1379 702 ve-

366 711 534 748 hementer
558 707 712 745 dolebat3
736 714 772 740 ut
797 717 836 740 ne
861 706 962 740 levem
976 709 1110 750 quidem
1133 711 1278 751 corporis
1300 723 1378 746 con-

369 753 544 788 torfionem
568 751 666 786 ferret
690 751 753 798 sine
776 750 923 793 querela.
950 750 1109 790 Postridie
1141 752 1288 787 diluculo
1312 754 1378 789 sur-

364 800 438 840 git,
463 800 495 829 &
511 821 520 835 ,
544 796 632 837 quod
644 794 799 828 incassum
812 805 901 827 antea
913 797 1091 829 tentaverat
1107 818 1116 833 ,
1141 797 1250 830 alvum
1274 809 1377 833 recre-

365 840 484 874 mentis
507 847 661 872 exonerat
684 860 697 877 ,
728 835 901 872 secundum
926 846 1074 873 naturam
1099 840 1127 873 se
1151 838 1343 877 habentibus
1367 866 1376 876 .

366 884 426 919 Sed
448 893 522 916 curn
545 882 664 917 leftum
689 879 849 922 repetisset
864 906 873 921 ‚
897 881 1040 924 quodam
1074 884 1174 917 animi
1207 887 1378 926 repentino

363 926 453 969 quafi
476 924 607 960 defefiu
631 923 825 968 prehensus,
848 925 956 957 vivere
980 924 1072 960 defiit
1095 927 1165 969 post
1187 926 1301 961 horam
1336 930 1378 963 ab

365 980 498 1013 accepto
532 969 661 1005 vulnere
692 966 858 1010 trigesima
883 967 992 1002 sexta.
1127 970 1374 1007 ABDOMEN

360 1014 558 1051 incidendo,
584 1011 721 1046 musculi
743 1015 868 1045 circum
883 1014 999 1046 vulnus
1012 1013 1138 1047 inventi
1161 1014 1233 1048 sunt
1256 1014 1295 1049 acl
1308 1027 1374 1050 non

361 1058 458 1097 breve
481 1056 622 1100 spatium
645 1054 788 1098 undique
800 1054 1208 1099 sanguinequodammodo
1230 1059 1377 1098 imbuti3

359 1103 481 1136 ventris
515 1109 623 1134 autem
657 1110 751 1133 cavea
777 1121 786 1136 ‚
821 1098 880 1131 etsi
914 1100 1072 1135 abdomen
1107 1104 1344 1137 contre&atum
1367 1129 1378 1145 ‚

361 1147 453 1180 nullo
478 1143 575 1178 modo
599 1143 726 1178 tensum
747 1142 874 1178 fuerat,
897 1142 998 1178 effuso
1033 1144 1188 1188 sanguine
1211 1146 1342 1188 oppleta
1366 1173 1374 1181 .

360 1189 501 1224 Vulneri
525 1188 675 1221 suberant
697 1196 892 1224 omentum,
917 1190 949 1220 δε
971 1189 1081 1223 Colon
1104 1187 1296 1225 intestinum
1311 1202 1374 1231 qua

359 1233 424 1267 hoc
448 1243 522 1267 cum
546 1230 731 1264 ventriculo
755 1230 952 1272 colligatur.
979 1231 1098 1265 Levem
1121 1243 1290 1267 omentum
1315 1233 1370 1267 lae-

360 1277 502 1313 sionem3
524 1276 647 1311 nullam
660 1274 848 1307 intestinum
863 1272 1002 1307 habebat
1017 1299 1024 1306 .
1050 1274 1108 1309 Sed
1122 1277 1323 1311 ventriculus
1335 1281 1367 1311 in

358 1320 467 1355 medio
478 1327 544 1352 erat
556 1319 688 1352 vulnere
700 1317 856 1360 pertusuS,
870 1316 1044 1352 latitudine
1054 1319 1228 1352 avellanam
1240 1331 1370 1363 aequan-

354 1376 388 1398 re
403 1387 410 1395 .
437 1364 596 1402 Quamvis
608 1371 714 1395 autem
739 1370 853 1402 magna
865 1359 1038 1403 diligentia
1060 1363 1230 1405 quaesltum
1243 1362 1343 1398 fuerit
1358 1387 1368 1402 ‚

356 1419 437 1444 num
460 1406 548 1440 aliud
559 1414 711 1448 praeterea
734 1403 843 1437 laesum
858 1425 867 1441 ,
891 1415 968 1438 num
979 1416 1033 1438 vas
1045 1406 1177 1449 aliquod
1189 1404 1293 1448 maJ'us
1316 1409 1368 1441 in.

356 1452 460 1486 cisum
474 1450 569 1487 essm
586 1449 668 1482 nihil
682 1457 795 1490 praeter
808 1446 863 1480 illa
874 1458 947 1490 quae
956 1448 1098 1484 diximus
1110 1472 1118 1487 ‚
1133 1450 1304 1484 inventum
1314 1452 1367 1486 est.

400 1508 429 1536 ς».
455 1496 548 1533 Cur,
573 1492 630 1526 etsi
656 1493 834 1534 plurimum
858 1489 1022 1534 sanguinis
1044 1494 1079 1526 in
1104 1495 1226 1529 ventris
1250 1505 1366 1530 cavum

355 1539 560 1575 delluxerat3
583 1547 690 1570 tamen
715 1545 781 1568 non
804 1534 889 1567 secus
913 1545 948 1569 ac
971 1535 994 1570 fi
1020 1538 1218 1573 ventriculus
1251 1539 1367 1573 vulne-

355 1596 388 1618 re
413 1581 559 1625 pertusus
581 1590 648 1612 non
670 1577 768 1616 esset,
794 1577 877 1612 nihil
901 1578 1064 1622 sanguinis
1088 1592 1145 1623 per
1177 1583 1365 1622 vomitum,

354 1637 410 1667 aut
435 1637 489 1668 per
513 1622 660 1658 secessum
687 1623 892 1664 apparuerit,
914 1621 1048 1657 docebit
1072 1624 1241 1659 Scholiurn
1273 1627 1365 1667 quod

354 1672 429 1705 satis
453 1668 549 1702 simili
570 1666 804 1708 Observationi
829 1666 978 1700 XXVII.
1001 1668 1089 1710 (g)
1114 1669 1147 1700 in
1173 1669 1364 1711 sepulchre-

352 1717 380 1751 ti
403 1712 462 1747 ista
486 1711 633 1749 Sefflione
658 1708 838 1751 subjecitum
860 1708 904 1758 est
919 1733 927 1747 ‚
952 1710 1233 1754 aliasqueinsuper
1256 1714 1364 1751 causas

351 1757 492 1792 addisces
516 1766 555 1790 ex
578 1753 660 1788 male
683 1752 807 1786 ibidem
830 1751 949 1785 omisso
970 1753 1126 1788 Gliffonii
1148 1757 1163 1793 (
1186 1754 1207 1787 h
1230 1758 1240 1793 )
1264 1756 1360 1790 casu.

352 1804 406 1838 illi
433 1811 509 1841 vero
530 1798 698 1840 sanguinis
723 1797 756 1829 in
780 1804 928 1829 ventrem
951 1806 1077 1838 magnae
1108 1797 1259 1832 effusioni
1294 1801 1361 1835 cita

351 1857 438 1881 mors
460 1841 659 1887 potissimum
682 1839 854 1874 tribuenda
876 1839 937 1876 est,
963 1839 1142 1882 praesertim
1166 1853 1239 1884 quae
1262 1845 1364 1878 animi

351 1889 568 1927 defeffionem
592 1886 771 1926 exceperit.
797 1884 963 1917 Caeterum
989 1884 1038 1917 vel
1063 1884 1126 1917 fine
1148 1884 1209 1920 hac
1232 1885 1362 1920 fortasse

350 1933 529 1974 effusione,
551 1932 636 1963 intra
660 1928 755 1962 breve
779 1936 907 1969 tempus
932 1939 985 1961 eos
1007 1936 1043 1962 ut
1067 1927 1244 1971 plurimum
1277 1931 1362 1964 mori

350 1978 472 2021 ouibus
495 1972 670 2010 ventriculi
694 1973 782 2006 nulla
805 1972 902 2020 etiam
927 1982 998 2014 pars
1021 1969 1060 2004 fit
1083 1981 1200 2015 praeter
1223 1972 1362 2009 fundum

351 2022 518 2061 sauciata,
542 2029 617 2056 eum
641 2015 788 2050 indicant
803 2024 892 2048 nervx
916 2015 1056 2056 quibus,
1080 2026 1138 2049 nec
1148 2018 1281 2059 paucis,
1305 2029 1363 2052 ne-

351 2078 416 2111 que
440 2075 503 2100 una
528 2061 566 2098 ab
589 2061 717 2103 origine
729 2058 1016 2102 provenientibus,
1043 2058 1365 2098 fundusinstruitur,

350 2104 424 2146 tum
447 2106 630 2142 luculenter
654 2102 911 2137 Observationes
935 2103 1158 2142 confirmant,
1182 2105 1239 2138 illa
1264 2107 1363 2139 etiam

351 2166 423 2198 quae
448 2151 547 2186 modo
570 2160 609 2182 ex
632 2145 840 2190 Sepulchreto
863 2150 1116 2181 commemorata
1150 2148 1193 2182 est
1207 2174 1217 2188 ,
1239 2149 1283 2182 ob
1308 2148 1365 2183 ad-

351 2197 501 2243 jun&um
511 2193 654 2227 thoracis
679 2191 797 2225 vulnus
823 2190 956 2233 seposita
972 2211 982 2227 ,
1006 2189 1111 2224 eidem
1123 2191 1274 2226 videlicet
1290 2204 1364 2235 pro-

352 2244 441 2277 xima
465 2239 482 2281 (
501 2238 512 2271 i
534 2241 567 2277 ),
593 2238 624 2274 &
649 2235 741 2274 aliae,
764 2244 837 2277 quae
860 2241 975 2276 praeter
999 2232 1056 2268 has
1079 2247 1096 2269 a
1119 2234 1252 2270 Bohnio
1274 2239 1288 2275 (
1309 2235 1328 2277 l<
1350 2239 1362 2276 )

352 2280 590 2329 proferuntur,
613 2278 652 2314 ad
667 2276 912 2321 Sepulchretum
925 2276 1097 2312 addendae.
1121 2279 1190 2318 Qui
1215 2280 1363 2321 tametsi,

351 2339 389 2365 ut
412 2323 587 2362 Etmiilleri
610 2333 742 2367 quoque
766 2320 870 2355 Filius
894 2325 904 2361 (
929 2320 942 2355 l
962 2323 1000 2362 )‚
1025 2321 1165 2356 recenset
1188 2323 1296 2358 causas
1318 2324 1363 2357 ob

353 2366 432 2416 'quas
456 2378 687 2411 nonnunquam
710 2364 893 2399 ventriculo
917 2363 1046 2400 inflicta
1071 2367 1201 2401 vulnera
1232 2367 1363 2402 lethalia

355 2427 422 2451 non
446 2414 590 2448 suerint;
617 2419 728 2443 neuter
751 2419 860 2443 tamen
885 2410 999 2443 reticet
1022 2411 1198 2446 contrarias
1222 2411 1328 2444 causas
1351 2434 1361 2448 ‚

355 2460 440 2495 unde
463 2456 614 2491 videlicet
638 2453 826 2496 plerumque
848 2463 959 2492 mors,
984 2462 1039 2486 aut
1071 2452 1247 2487 fortunatae
1270 2466 1364 2486 cura-

353 2495 455 2538 tionis
480 2510 595 2542 magna
618 2497 697 2538 saepe
722 2495 894 2530 difficultas
918 2495 1091 2539 sequatur.
1119 2496 1245 2531 Videsis
1276 2499 1362 2537 tria,

355 2559 428 2591 quae
452 2545 569 2586 pariter
594 2539 806 2583 Sepulchreto
830 2538 924 2575 addas
947 2562 958 2577 ,
993 2540 1156 2574 vulnerati
1189 2541 1364 2574 ventriculi

306 2584 312 2597 ¹
355 2590 525 2630 exempla,
548 2595 690 2629 quorum
713 2582 781 2617 duo
803 2594 841 2615 ex
863 2584 1028 2624 Cowpero
1050 2583 1196 2618 indicant
1220 2585 1362 2625 Lipfien-

356 2635 436 2671 sium
461 2633 548 2665 Aeta
571 2627 786 2662 Eruditorum
807 2629 907 2666 (m),
933 2627 1068 2660 tertium
1092 2626 1189 2661 habes
1206 2625 1245 2660 'in
1257 2629 1363 2661 Com-

356 2676 478 2712 mercio
504 2673 683 2707 Litterario
708 2669 978 2711 Norimbergenli
1004 2673 1014 2708 (
1037 2680 1056 2702 n
1081 2673 1091 2708 )
1118 2693 1126 2702 .
1160 2671 1261 2707 Quod
1285 2678 1363 2704 vero

354 2729 446 2757 tanta
471 2717 632 2760 sanguinis
655 2715 749 2757 copia
760 2712 873 2746 subtus
886 2711 984 2747 effusa
999 2739 1008 2752 ,
1029 2712 1156 2747 tensum
1177 2724 1283 2748 tamen
1298 2726 1363 2747 non

352 2764 428 2801 esset
454 2762 634 2797 abdomen,
658 2758 691 2793 id
714 2769 731 2790 a
755 2768 805 2791 me
827 2768 959 2799 quoque
982 2758 1016 2793 in
1049 2757 1177 2792 Sartore
1200 2761 1214 2797 ζ
1236 2759 1287 2800 o)
1311 2758 1364 2792 ad-

355 2816 507 2847 notatum
531 2803 647 2843 fuisse,
671 2802 856 2837 memineris
868 2825 877 2834 .

404 2861 453 2884 10.
475 2847 656 2894 JUVENI
691 2855 849 2879 annorum
882 2844 1004 2886 viginti
1035 2845 1180 2888 quinque
1201 2844 1267 2879 duo
1290 2846 1362 2880 ense

359 2894 493 2928 vulnera
516 2889 668 2933 imposita
692 2888 791 2928 sunt,
815 2888 953 2921 alterum
977 2887 1092 2929 digitis
1125 2889 1257 2923 circiter
1279 2901 1362 2932 qua..

357 2948 434 2976 tuor
459 2932 641 2969 transversis
664 2931 748 2966 infra
773 2930 964 2974 xiphoidem
987 2932 1235 2973 cartilaginem,
1261 2932 1312 2966 sed
1345 2945 1362 2967 a

356 2980 510 3016 finistris,
535 2977 686 3011 videlicet
709 2976 794 3009 circa
806 2985 957 3018 quartam
980 2978 1010 3008 &
1032 2977 1198 3018 qufflrftam
1221 2975 1362 3017 costam,

357 3025 400 3065 ab
423 3021 634 3058 inferioribus
658 3018 881 3055 numerand03
906 3019 1043 3052 alterum
1068 3018 1164 3061 paulo
1185 3019 1269 3053 infra
1302 3020 1363 3063 hy-

356 3066 598 3112 pochondrium
622 3062 935 3107 pariterlinistrum.
964 3064 1022 3096 Per
1046 3071 1221 3105 utrumque
1238 3063 1361 3097 'vulnus

355 3112 464 3154 erupit
485 3118 675 3144 omentum,
700 3106 898 3139 Vulneratus
922 3106 1064 3148 primum
1098 3106 1231 3141 domum
1256 3108 1360 3148 petit:

357 3156 415 3190 ubi
439 3165 512 3187 cum
537 3163 602 3196 prae
625 3151 780 3191 languore
804 3148 859 3183 vix
881 3147 962 3183 stare
985 3147 1079 3192 poffit
1095 3161 1109 3190 ;
1131 3151 1204 3184 inde
1228 3150 1266 3184 ad
1288 3151 1361 3184 No-

355 3199 539 3236 socomium
563 3194 665 3232 fertur
689 3194 718 3226 S.
741 3192 861 3227 Mariae
885 3192 924 3225 de
948 3194 1084 3226 Morte.
1110 3194 1163 3227 Ibi
1186 3194 1207 3227 fi
1230 3194 1361 3228 decum-

353 3246 428 3278 bere
452 3242 549 3276 velit‚
572 3239 742 3272 imminere
767 3234 862 3268 sentit
878 3235 1147 3275 suffocationem;
1173 3239 1282 3280 itaque
1297 3249 1364 3271 ere-

353 3290 404 3321 ἃᾶ
429 3285 553 3320 cervice
577 3282 708 3324 cogitur
733 3279 905 3321 respirare.
930 3281 1050 3313 Vomit
1076 3282 1198 3314 interea
1222 3306 1230 3313 .
1264 3280 1363 3314 Nihil

354 3330 474 3366 sumit.
500 3327 593 3363 Hora
617 3325 739 3358 decima
754 3325 850 3356 tertia
866 3322 905 3356 ab
929 3322 1067 3357 inflictis
1093 3325 1279 3359 vulneribus
1292 3337 1363 3357 mo-

354 3376 458 3409 ritur.
594 3367 821 3404 VENTRE,
846 3365 1041 3409 &Thorace
1063 3369 1203 3409 apertis,
1228 3369 1260 3400 in
1274 3378 1364 3401 utro-

355 3429 417 3460 que
440 3414 557 3449 effusus
582 3411 735 3453 sanguis,
758 3410 808 3442 sed
833 3421 897 3442 non
935 3421 1049 3453 magna
1077 3413 1171 3453 copia
1195 3435 1204 3448 ‚
1238 3411 1362 3444 inveni-

353 3472 425 3495 tur.
451 3458 579 3492 Vulnus
603 3454 739 3489 inferius
762 3456 796 3486 in
819 3464 948 3487 caveam
971 3455 1102 3500 quidem
1116 3455 1236 3490 ventris
1255 3454 1361 3498 ipsum

693 152 851 211 Liber
885 151 977 208 IV·
1011 153 1092 204 De
1124 154 1333 211 Morbis
1368 154 1719 224 ChirurgiciS,
1753 158 1806 210 δι·
1846 155 2236 213 Universalibus

1437 247 1567 278 quoque
1592 244 1803 277 pervenerat3
1828 235 1879 269 sed
1903 235 1990 269 nulla
2015 239 2166 279 attigerat
2191 240 2330 275 viscera.
2355 241 2441 276 Vul-

1438 291 1497 313 nus
1520 289 1628 321 autem
1651 278 1794 320 superius
1818 279 1936 313 viscera
1960 278 2298 321 laeserat&thoracis,
2322 287 2440 320 &ven-

1434 323 1514 359 tris.
1539 322 1628 357 Nam
1651 320 1768 355 sinistri
1793 322 1954 364 pulmonis
1979 321 2168 364 inferiorem
2180 326 2440 372 extremam—par-

1433 376 1500 400 tem
1524 364 1673 399 nonnihil
1699 364 1879 399 inciderat:
1904 376 1995 399 antea
2019 368 2125 400 autem
2135 368 2198 401 late
2220 371 2355 412 pertuso*
2370 364 2440 406 d'ia-

1432 409 1644 453 phragmaoe,
1667 411 1699 441 ὃ(
1722 408 1883 450 superiore
1902 410 2182 455 *ventriculiparte
2193 414 2347 457 utrinque
2358 427 2434 449 con.

1431 454 1616 493 vulnerata,
1643 463 1708 485 non
1732 452 1830 486 modo
1851 451 1946 494 huJus
1968 464 2082 488 cavum
2092 453 2193 489 effuso
2217 456 2440 498 sanguineim.

1430 497 1594 539 pleverat;
1620 494 1670 529 sed
1694 498 1725 527 δε
1748 494 1808 536 ipsi
1833 496 2013 530 ventriculo
2036 499 2122 531 viam
2148 508 2204 539 per
2223 499 2437 544 diaphragma

1432 548 1621 582 aperuerat,
1646 549 1701 585 per
1723 550 1821 580 quam
1844 550 1919 574 cum
1942 541 2068 574 omenti
2101 542 2253 584 portione
2289 543 2319 577 se
2347 545 2437 581 intra

1431 583 1596 617 thoracem
1620 592 1820 624 conjecerat.

1478 637 1521 659 11.
1545 628 1595 660 De
1621 627 1794 659 ventriculi
1816 625 2003 661 vulneribus
2016 626 2113 668 paulo
2138 636 2234 665 ante;
2256 628 2296 663 de
2319 631 2434 671 vulne,-

1431 670 1521 704 ribus
1545 679 1653 703 autern
1675 669 1933 711 diaphragmatis
1967 669 2125 713 scriptum
2148 670 2192 704 est
2214 672 2361 714 Epistola
2383 674 2437 714 su.

1431 715 1559 755 periore
1581 716 1634 754 (p
1656 717 1687 753 ).
1713 714 1752 746 In
1774 724 1837 755 qua
1862 714 1915 749 etfi
1941 714 2057 747 vulnus
2080 711 2340 757 diaphragmatis
2361 729 2437 758 cum

1430 757 1618 790 vulneribus
1642 758 1824 805 autcordi's
1845 759 1859 796 (
1881 767 1899 798 q
1923 759 1954 794 )‚
1979 767 2033 790 aut
2065 756 2218 798 jecinoris
2239 782 2255 799 ‚
2284 763 2315 794 &
2352 764 2437 799 renis

1428 805 1439 840 (
1464 799 1511 841 r)
1536 799 1744 847 conjuntStum
1768 799 1929 836 vidimus,
1954 799 2089 834 necdum
2120 811 2225 835 tamen
2260 803 2399 843 vidimus
2424 831 2437 846 ‚

1428 853 1464 877 ut
1487 842 1563 881 hic,
1587 843 1737 885 Junfium
1760 855 1834 877 cum
1859 844 2031 880 ventriculi
2056 844 2210 878 vulnere.
2237 846 2329 887 Qin
2365 847 2435 888 erat

1430 888 1596 920 vulnerum
1619 887 1750 920 sslorum
1774 887 1909 919 initium
1932 888 1966 919 in
1990 887 2129 921 thoracis
2142 890 2348 932 parietibus3
2371 891 2434 930 hu-

1429 930 1610 973 jus-autem
1633 930 1675 964 est
1698 932 1732 963 in
1756 931 1900 963 ventris:
1923 928 2068 973 fecitque
2091 932 2117 965 is
2128 931 2168 965 de
2180 944 2247 976 quo
2271 935 2304 968 in
2326 944 2435 971 extre-

1427 986 1480 1007 rna
1503 974 1559 1008 illa
1582 974 1728 1016 Epistola
1752 973 1832 1016 (s)
1858 974 1980 1006 mentio
1991 974 2107 1015 injeeta
2119 976 2435 1021 est‚'diaphragma-

1429 1020 1471 1051 tis
1497 1017 1644 1059 positus,
1667 1026 1704 1051 ut
1730 1018 1770 1050 ab
1790 1016 1854 1051 hoc
1878 1018 1979 1050 initio
2003 1017 2186 1060 profeetum
2197 1020 2336 1062 vulnus,
2359 1022 2437 1059 tho-

1429 1062 1510 1095 racis
1533 1070 1662 1104 quoque
1686 1062 1820 1101 visceri,
1842 1061 2117 1103 quemadmodum
2141 1063 2182 1096 ab
2204 1063 2286 1101 illo,
2310 1067 2433 1103 ventris

1428 1117 1557 1148 quoque
1581 1104 1754 1139 visceribus
1777 1115 1896 1138 noxam
1919 1105 2086 1138 intulerit.
2123 1106 2292 1143 Quoniam
2327 1118 2435 1145 autem

1428 1149 1463 1181 id
1488 1148 1648 1191 peculiare
1672 1147 1769 1182 habet
1794 1147 1958 1191 proposita
1969 1147 2192 1188 observatio,
2219 1160 2254 1184 ut
2274 1150 2433 1188 sauciatus

1428 1192 1625 1226 ventriculus
1647 1193 1731 1225 intra
1755 1191 1923 1225 thoracem
1947 1190 2121 1226 ascenderit
2132 1205 2188 1235 per
2202 1193 2434 1238 diaphragma-

1419 1237 1463 1269 tis
1487 1237 1626 1273 vulnu53
1650 1246 1779 1278 aequum
1803 1235 1865 1275 est,
1889 1243 1925 1268 ut
1950 1235 2040 1277 super
2063 1235 2122 1269 hac
2145 1248 2198 1274 re,
2223 1248 2287 1271 non
2312 1239 2434 1272 rarissi-

1420 1291 1472 1314 ma
1495 1279 1627 1322 quidem
1643 1304 1653 1319 ,
1677 1290 1711 1313 ut
1724 1278 1830 1319 nosti,
1854 1277 1904 1312 sed
1916 1286 2022 1312 tamen
2037 1289 2101 1311 non
2114 1280 2332 1321 creberrima,
2357 1293 2432 1316 ver-

1422 1324 1462 1356 ba
1486 1322 1657 1356 faciamus.
1685 1320 1907 1365 Diaphragma
1931 1333 1969 1355 ex
1981 1329 2093 1355 nervea
2108 1344 2118 1359 ‚
2141 1323 2174 1357 id
2197 1323 2242 1357 est
2255 1325 2431 1365 ,tendinea,

1422 1369 1454 1400 &
1479 1378 1517 1400 ex
1539 1378 1650 1400 carnea
1661 1370 1731 1408 qnae
1755 1366 1846 1399 illam
1869 1367 1973 1408 cingit
1988 1388 1998 1404 ‚
2022 1375 2112 1407 parte
2133 1367 2282 1402 constans
2299 1392 2309 1409 ‚
2332 1367 2432 1403 &fo-

1421 1412 1544 1444 ramine
1568 1420 1634 1444 non
1656 1421 1722 1443 uno
1746 1409 1786 1442 ab
1810 1419 1924 1443 natura
1948 1409 2133 1450 pertusum,
2158 1408 2201 1444 fic
2224 1410 2375 1454 thoraci,
2397 1414 2430 1445 &

1420 1455 1527 1488 ventri
1551 1452 1761 1495 interjectum
1785 1452 1852 1490 est,
1876 1461 1913 1486 ut
1937 1452 2074 1486 fornicis
2087 1454 2184 1488 instar
2206 1454 2239 1487 in
2263 1455 2352 1492 illius
2375 1467 2429 1489 ca-

1419 1509 1496 1531 vum
1522 1496 1552 1532 se
1576 1496 1730 1537 attollat,
1752 1497 1908 1539 nusquam
1922 1497 2024 1538 magis
2045 1508 2142 1539 quam
2167 1497 2206 1532 ad
2229 1498 2405 1541 posteriora
2419 1522 2431 1538 ,

1417 1541 1550 1574 declivis
1565 1563 1573 1578 ‚
1598 1550 1756 1584 tantoque
1780 1539 1815 1574 id
1837 1541 1937 1582 magis
1963 1540 1996 1573 in
2033 1540 2186 1574 homine:
2211 1543 2428 1585 quamobrem

1416 1584 1590 1618 Pechlinus
1614 1589 1625 1624 (
1649 1591 1664 1617 t
1685 1587 1699 1624 )
1721 1583 1914 1620 admonuit,
1936 1583 1970 1616 in
1995 1583 2128 1618 vulnere
2159 1585 2249 1627 quod
2284 1584 2429 1622 thoracis

1415 1629 1593 1670 parietibus
1616 1625 1788 1661 inflietum
1812 1626 1851 1660 fit
1875 1627 2008 1669 longius,
2026 1627 2230 1669 aposteriore
2253 1639 2343 1672 parte
2367 1626 2431 1664 dis-

1413 1670 1502 1713 fitis,
1526 1672 1714 1714 sanguinis,
1738 1679 1791 1704 aut
1815 1672 1903 1711 puris
1926 1668 2014 1703 effusi
2040 1672 2164 1704 exitum
2187 1694 2200 1711 ,
2219 1671 2297 1705 'non
2330 1673 2431 1708 modo

1414 1714 1597 1748 inflexione
1621 1716 1769 1756 corporis
1793 1713 1831 1747 ad
1855 1713 1971 1747 vulnus
1986 1739 1996 1753 ,
2020 1712 2070 1747 sed
2094 1713 2309 1757 inspiratione
2343 1728 2429 1759 quo-

1413 1769 1478 1800 que
1502 1758 1563 1792 effe
1586 1756 1825 1800 adjuvandum,
1849 1758 2030 1796 nimirum,
2055 1766 2090 1791 ut
2102 1768 2224 1800 quanto
2246 1760 2347 1801 magis
2358 1760 2430 1793 dia-

1415 1801 1592 1843 phragma,
1615 1811 1692 1834 tunc
1716 1800 1926 1834 contras-lium
1940 1825 1948 1838 ,
1974 1799 2104 1833 accedat
2118 1802 2155 1835 acl
2173 1802 2304 1841 planum
2320 1826 2333 1842 ‚
2355 1812 2429 1836 tan·-
2482 1810 2485 1812 ⁴

1415 1853 1452 1878 to
1477 1847 1585 1878 minor
1607 1845 1780 1880 declivitas
1804 1841 1842 1877 fit
1867 1843 1907 1877 ab
1937 1842 2130 1877 humoribus
2163 1843 2335 1887 superanda
2370 1846 2429 1888 qui

1414 1889 1449 1921 in
1472 1888 1701 1925 declivior-em,
1727 1884 2039 1930 profundioremque
2062 1887 2153 1933 illam
2187 1888 2331 1925 thoracis
2366 1901 2427 1932 po-

1414 1930 1580 1965 steriorem
1604 1941 1729 1974 partem
1753 1928 1972 1965 defluxerint.
1999 1930 2108 1972 Hujus
2131 1932 2351 1974 autemipfius
2374 1934 2430 1966 Se-

1414 1976 1465 2019 pt'i
1487 1976 1617 2009 vulnera
1641 1973 1698 2008 etfi
1725 1975 1764 2008 ab
1788 1975 1995 2017 Hippocrate
2024 1976 2039 2012 (
2062 1984 2083 2005 u
2104 1977 2119 2012 )
2149 1974 2234 2011 dieta
2258 1975 2337 2010 'sunt
2368 1973 2428 2011 effe

1418 2016 1550 2052 lethalia
1573 2031 1584 2058 3
1618 2030 1656 2054 ex
1681 2029 1759 2053 voce
1781 2028 1889 2052 tamen
1913 2029 1976 2060 qua
2000 2017 2217 2060 Hippocrates
2251 2020 2323 2053 usus
2348 2020 2390 2054 est
2412 2042 2424 2057 ,

1419 2062 1565 2096 Galenus
1589 2065 1599 2101 (
1620 2061 1676 2103 x)
1699 2061 1911 2104 intelligenda
1935 2058 2013 2098 effe,
2036 2062 2187 2100 monuit,
2210 2075 2281 2105 quae
2308 2074 2426 2106 magna

1417 2104 1501 2143 sint,
1525 2109 1555 2139 δε
1579 2103 1764 2149 profunda,
1787 2117 1853 2139 non
1877 2116 1950 2147 quae
1974 2115 2089 2146 parva,
2118 2107 2149 2137 Sc
2183 2105 2352 2148 superficie
2378 2117 2427 2140 te-

1418 2159 1477 2182 nus
1500 2147 1653 2189 inflicta,
1675 2160 1715 2182 ne
1737 2148 1761 2182 fi
1785 2150 1818 2182 in
1837 2156 1926 2192 parte
1950 2147 2083 2190 quidem
2099 2147 2187 2190 septi
2200 2150 2327 2190 nervos‘c'z
2342 2149 2429 2189 fint;

1416 2193 1450 2225 in
1475 2192 1535 2226 hac
1560 2193 1647 2226 enim
1672 2193 1738 2234 ipsa
1761 2204 1827 2227 non
1860 2192 1929 2226 haec
1952 2214 1964 2231 ,
1998 2190 2050 2225 sed
2084 2192 2162 2229 illa,
2187 2191 2312 2234 scripsit
2329 2217 2340 2233 ,
2366 2203 2426 2237 nort

1414 2233 1596 2280 coalescere.
1620 2237 1720 2270 Certe
1744 2247 1852 2270 autem
1874 2240 1907 2268 in
1933 2244 2022 2278 parte
2034 2246 2146 2270 carnea
2159 2235 2341 2271 sanatorum
2353 2235 2428 2269 vul-

1413 2289 1527 2313 nerum
1553 2281 1645 2322 plura
1675 2279 1782 2313 afferri
1807 2279 1930 2313 videbis
1953 2279 2117 2320 exempla:
2145 2279 2182 2313 ad
2205 2291 2276 2322 quae
2300 2280 2428 2313 triain-

1413 2322 1506 2366 super
1530 2324 1579 2357 vel
1604 2336 1642 2357 ex
1664 2335 1730 2358 uno
1754 2323 1858 2358 Bosco
1882 2327 1892 2361 (
1912 2334 1936 2363 y
1961 2325 1971 2360 )
1996 2322 2246 2364 adjiciaslicet.
2284 2325 2323 2358 In
2356 2334 2426 2364 ner.

1414 2366 1491 2400 vosa
1516 2378 1592 2400 vero
1615 2376 1706 2410 parte
1731 2367 1837 2401 multo
1858 2365 2024 2402 difficilius
2049 2366 2095 2399 est
2119 2367 2207 2408 paria
2221 2367 2368 2410 exempla
2379 2379 2427 2400 re-

1416 2411 1540 2453 perire.
1565 2411 1722 2444 Attamen
1746 2412 1780 2444 in
1803 2409 1935 2444 historia
1956 2409 1996 2443 ab
2019 2410 2163 2443 Sennerti
2189 2411 2307 2444 Socero
2321 2409 2426 2444 adno-

1416 2463 1510 2493 tata,
1531 2454 1778 2497 diaphragmate
1801 2455 1836 2487 in
1859 2452 1991 2487 nervosa
2015 2462 2106 2495 parte
2128 2452 2320 2494 transfosso,
2341 2453 2425 2488 illud

1417 2496 1527 2531 saltem
1550 2498 1656 2540 leges,
1677 2497 1745 2540 post
1767 2497 1951 2531 bimestrem
1974 2498 2177 2531 curationem
2199 2508 2321 2540 aegrum
2338 2496 2426 2538 satis

1414 2539 1487 2573 bene
1502 2539 1565 2581 filu·
1588 2538 1805 2584 lyaberefuiffe
1817 2540 1919 2583 visum
1931 2539 2049 2574 menses
2059 2541 2204 2583 quinque
2218 2563 2230 2581 ,
2254 2540 2275 2573 fi
2292 2541 2423 2584 quidem

1414 2585 1603 2618 Sennertum
1625 2584 1731 2626 ipsum
1755 2585 1774 2627 (
1794 2595 1818 2627 z
1839 2587 1874 2623 )‚
1898 2594 1962 2616 non
1987 2583 2235 2624 Sepulchretum
2259 2588 2270 2623 (
2294 2595 2312 2616 a
2335 2587 2349 2623 )
2371 2586 2423 2617 in-

1412 2626 1549 2669 spicias,
1572 2629 1606 2661 in
1630 2639 1698 2670 quo
1721 2638 1832 2662 manca
1854 2628 1892 2660 in‘
1909 2627 2075 2660 'nonnullis
2085 2628 2196 2669 eadem
2220 2627 2355 2661 historia
2365 2628 2423 2661 dc-

1412 2670 1531 2712 scripta
1554 2671 1618 2705 est.
1643 2672 1810 2705 Caeterum
1833 2671 1882 2704 vel
1905 2681 2026 2706 carneae
2042 2694 2051 2709 ,
2075 2670 2191 2705 nedum
2223 2671 2385 2705 tendineae
2410 2693 2422 2708 ,

1413 2715 1513 2757 partis
1534 2714 1664 2749 vulnera
1686 2716 1720 2748 in
1743 2714 1835 2756 septo
1847 2711 2049 2747 Transverso
2061 2712 2279 2757 plerumque,
2300 2712 2422 2748 necin-

1415 2768 1467 2792 tra
1492 2759 1626 2800 longum
1650 2766 1798 2800 ternpus,
1821 2755 1952 2790 lethalia
1983 2756 2075 2790 sunt.
2204 2758 2286 2792 Non
2311 2768 2420 2792 tamen

1415 2801 1672 2844 quotiescunque
1695 2813 1749 2843 per
1772 2799 1856 2835 illud
1881 2800 2080 2834 ventriculus
2103 2822 2113 2838 ‚
2147 2801 2421 2844 quemadmodum

1414 2847 1449 2878 in
1475 2846 1622 2878 Sennerti
1646 2845 1743 2879 etiam
1767 2844 1842 2878 casu
1856 2869 1865 2884 ,
1886 2846 1920 2877 in
1942 2845 2109 2877 thoracem
2124 2844 2278 2888 trajeetus
2300 2845 2363 2883 est,
2387 2845 2424 2881 id

1413 2891 1536 2932 semper
1558 2889 1702 2931 contigit
1726 2899 1780 2932 per
1794 2889 1880 2922 viam
1904 2900 1919 2921 a
1933 2888 2320 2923 saucian‘teinstrumento
2331 2900 2421 2932 aper-

1413 2942 1501 2967 tam.
1526 2932 1638 2970 Nam;
1664 2942 1700 2966 ut
1723 2943 1819 2966 ovem
1844 2932 2113 2973 praetermittam,
2136 2934 2170 2966 in
2193 2944 2255 2974 qua
2280 2934 2419 2975 Peyerus

1412 2981 1426 3017 (
1448 2975 1467 3010 b
1489 2979 1503 3016 2
1525 2987 1581 3019 per
1603 2976 1819 3010 transversum
1852 2972 1998 3014 hiatum,
2023 2976 2132 3017 palmo
2164 2975 2317 3017 majorem
2339 2998 2353 3016 ,
2384 2978 2419 3009 in

1412 3030 1525 3054 carnea
1550 3018 1712 3062 superiore
1735 3019 1989 3062 diaphragmatis
2013 3028 2123 3061 parte,
2147 3020 2186 3057 ab
2208 3020 2344 3053 immani
2368 3019 2420 3053 di„

1413 3064 1570 3098 stentione
1594 3063 1846 3097 ventriculorum
1870 3061 2012 3104 disrupta
2033 3084 2044 3101 ,
2077 3061 2195 3106 horum
2231 3064 2367 3097 alterum
2401 3076 2419 3097 e

1414 3116 1525 3141 ventre
1547 3106 1748 3150 compulsum
1780 3107 1866 3140 intra
1890 3106 2218 3145 thoraceminvenit;
2239 3117 2323 3140 certe
2347 3106 2419 3140 loca

1412 3150 1484 3184 sunt
1507 3151 1540 3182 in
1575 3149 1836 3193 diaphragmate,
1861 3161 1916 3192 per
1929 3160 1999 3192 quae
2020 3149 2162 3183 diduffis
2174 3152 2293 3184 carneis
2305 3148 2418 3191 fibris,

1412 3196 1444 3226 δε
1467 3194 1656 3228 cedentibus
1680 3194 1896 3231 membranis,
1921 3193 2118 3227 ventriculus
2139 3216 2150 3233 ,
2184 3203 2239 3227 aut
2273 3194 2418 3227 intestini

1415 3248 1487 3279 pars
1510 3238 1638 3279 aliqua,
1664 3247 1717 3271 aut
1741 3237 1869 3273 alterius
1903 3236 2030 3271 visceris
2061 3249 2077 3270 e
2109 3246 2221 3270 ventre
2245 3235 2350 3279 potest
2382 3238 2417 3270 in

1416 3281 1581 3315 thoracem
1606 3279 1758 3324 transire.
1784 3281 1835 3314 Sic
1856 3283 1870 3320 (
1894 3288 2010 3323 praeter
2032 3280 2201 3325 oesophagi
2226 3283 2311 3314 viam
2337 3306 2346 3319 ‚
2377 3279 2416 3312 de

1413 3336 1477 3366 qua
1522 3324 1591 3367 post
1635 3325 1762 3359 dicetur
1793 3328 1804 3363 )
1836 3335 1900 3364 qua
1933 3334 2049 3356 nervus
2082 3324 2162 3357 alter
2198 3322 2414 3358 Intercostalis

1414 3367 1596 3402 traducitur
1629 3391 1637 3406 ,
1681 3367 1754 3401 illac
1798 3366 1869 3410 post
1912 3365 2205 3401 vehementissimos
2248 3366 2414 3400 intestino-

1415 3423 1487 3450 rum
1534 3411 1662 3445 dolores
1684 3410 1807 3456 ,‚Coli
1852 3411 1996 3452 aliquam
2022 3435 2031 3449 ‚
2064 3413 2188 3444 omenti
2241 3422 2318 3445 vero
2341 3433 2351 3448 ,
2381 3411 2413 3442 δε

1412 3456 1590 3503 pancreatis
1647 3465 1803 3496 majorem
1857 3463 1981 3498 partem
2034 3452 2248 3497 transmissam
2299 3451 2412 3529 referri

2275 3509 2304 3530 Vl
2330 3508 2368 3529 ΕΟ

627 3652 640 3680 (
658 3651 672 3673 h
688 3651 702 3680 )
721 3653 793 3675 Anat.
812 3651 901 3678 Hepat.
918 3656 981 3682 (κιο.
999 3648 1024 3672 in
1040 3649 1082 3674 fin.
1143 3649 1157 3678 (
1174 3648 1184 3670 ἱ
1202 3646 1210 3676 )
1227 3647 1248 3677 5.
1267 3654 1288 3670 2.

532 3685 681 3711 pragi-amm.
699 3681 742 3706 cit.
758 3681 787 3706 ad
806 3688 831 3705 n.
849 3687 886 3709 32.
906 3680 979 3709 Epist.
996 3683 1030 3708 36.

518 3713 568 3740 pist.
587 3722 622 3742 53.
639 3721 663 3737 n.
680 3720 720 3741 40.
782 3712 940 3742 (p)n-4.
959 3710 1021 3733 διό.
1046 3740 1051 3744 ¹
1082 3709 1238 3743 (-q)n.'3.

506 3742 565 3766 Se&
581 3747 603 3766 6.
622 3742 683 3771 Aph.
702 3743 739 3766 18.
799 3743 806 3767 s
825 3750 840 3765 x
855 3742 869 3771 )
886 3743 1027 3767 Comment.
1045 3748 1070 3765 tn
1087 3747 1132 3764 cit.
1146 3740 1211 3769 Aph-

498 3773 514 3796 ι.
532 3781 555 3801 3.
579 3774 602 3797 s.
620 3775 641 3796 a.
660 3772 720 3797 obs.
738 3778 775 3808 ²7·
795 3771 820 3801 §.
838 3781 859 3798 1.

1352 3646 1367 3675 (
1383 3647 1398 3670 k
1415 3646 1429 3675 )
1445 3648 1480 3671 De
1498 3649 1608 3671 Renunc.
1628 3648 1701 3677 Vuln„
1720 3648 1744 3670 S.
1761 3653 1783 3672 ι.
1799 3654 1821 3671 c.
1839 3653 1864 3675 4;

1096 3680 1110 3708 (
1126 3687 1148 3703 m
1167 3680 1179 3707 )
1195 3681 1224 3712 ᾼ.
1242 3681 1311 3707 1699.
1329 3679 1366 3702 M.
1385 3678 1456 3702 Febr.
1473 3679 1498 3702 in
1515 3678 1595 3701 Relat.
1611 3677 1661 3706 ejus
1679 3679 1750 3702 Anat.
1768 3677 1796 3700 ad
1813 3678 1876 3701 Tah.
1895 3684 1934 3708 35.

1273 3738 1280 3766 (
1298 3708 1315 3768 ἕ
1330 3717 1343 3766 3
1356 3708 1506 3763 {32⁴F2gult.
1524 3741 1597 3767 Anat.
1619 3739 1683 3766 Len„
1698 3746 1724 3768 a.

922 3774 930 3801 (
947 3771 960 3796 b
977 3774 985 3800 )
1004 3771 1065 3800 Eph„
1085 3772 1116 3798 N.
1134 3771 1165 3795 C.
1182 3772 1239 3795 Dec.
1257 3775 1280 3794 ι,
1298 3771 1327 3793 Α,
1344 3778 1367 3802 4,
1386 3770 1446 3795 ΟΜ.
1468 3775 1519 3797 too.

1996 3679 2007 3702 (
2025 3685 2040 3700 n
2055 3676 2069 3705 )
2086 3675 2280 3706 A-x735.1‹1ebd.
2291 3680 2329 3699 16.
2348 3684 2370 3700 a.
2383 3682 2409 3708 43

1752 3708 1767 3737 ζ
1783 3714 1793 3731 t
1810 3711 1821 3733 )
1838 3708 1897 3732 Hist.
1918 3707 1990 3732 vul-n.
2007 3708 2112 3731 Thone.
2130 3713 2174 3731 art.
2193 3714 2228 3731 ιι.

1529 3709 1544 3737 (
1556 3708 1595 3736 s)
1612 3715 1637 3731 n.
1652 3715 1690 3733 u.

1786 3739 1794 3768 (
1814 3745 1831 3766 :z
1847 3739 1860 3767 )
1878 3738 1966 3767 Medic.
1986 3738 2063 3765 Prass.
2081 3739 2095 3764 l.
2112 3746 2137 3764 2,
2154 3739 2181 3761 Ρ.
2199 3744 2220 3764 a.
2237 3744 2259 3761 c.
2279 3742 2316 3765 ix.
