<?xml version="1.0" encoding="UTF-8"?>
<!DOCTYPE html PUBLIC "-//W3C//DTD XHTML 1.0 Transitional//EN"
    "http://www.w3.org/TR/xhtml1/DTD/xhtml1-transitional.dtd">
<html xmlns="http://www.w3.org/1999/xhtml" xml:lang="en" lang="en">
 <head>
  <title>
</title>
<meta http-equiv="Content-Type" content="text/html;charset=utf-8" />
  <meta name='ocr-system' content='tesseract 3.04.00' />
  <meta name='ocr-capabilities' content='ocr_page ocr_carea ocr_par ocr_line ocrx_word'/>
</head>
<body>
  <div class='ocr_page' id='page_1' title='image "./desedibusetcausi00morg_0443.png"; bbox 0 0 2498 4075; ppageno 0'>
   <div class='ocr_carea' id='block_1_1' title="bbox 343 224 1864 308">
    <p class='ocr_par' dir='ltr' id='par_1_1' title="bbox 343 224 1864 308">
     <span class='ocr_line' id='line_1_1' title="bbox 343 224 1864 308; baseline 0.001 -14"><span class='ocrx_word' id='word_1_1' title='bbox 343 238 502 308; x_wconf 85' lang='lat' dir='ltr'>Epist.</span> <span class='ocrx_word' id='word_1_2' title='bbox 538 224 702 292; x_wconf 85' lang='lat' dir='ltr'>Anat.</span> <span class='ocrx_word' id='word_1_3' title='bbox 737 238 955 295; x_wconf 79' lang='lat' dir='ltr'>Medica</span> <span class='ocrx_word' id='word_1_4' title='bbox 986 243 1224 299; x_wconf 80' lang='lat' dir='ltr'>XXXIV.</span> <span class='ocrx_word' id='word_1_5' title='bbox 1259 236 1379 291; x_wconf 88' lang='lat' dir='ltr'><strong>Art.</strong></span> <span class='ocrx_word' id='word_1_6' title='bbox 1419 254 1462 308; x_wconf 88' lang='lat'>3.</span> <span class='ocrx_word' id='word_1_7' title='bbox 1490 254 1540 304; x_wconf 77' lang='lat'>4:</span> <span class='ocrx_word' id='word_1_8' title='bbox 1581 254 1618 301; x_wconf 83' lang='grc' dir='ltr'>ς.</span> <span class='ocrx_word' id='word_1_9' title='bbox 1647 237 1696 292; x_wconf 78' lang='grc'>6.</span> <span class='ocrx_word' id='word_1_10' title='bbox 1730 240 1784 293; x_wconf 69' lang='grc' dir='ltr'>ὃ(</span> <span class='ocrx_word' id='word_1_11' title='bbox 1818 258 1864 304; x_wconf 88' lang='lat'>7.</span> 
     </span>
    </p>
   </div>
   <div class='ocr_carea' id='block_1_2' title="bbox 54 306 1090 3552">
    <p class='ocr_par' dir='ltr' id='par_1_2' title="bbox 69 306 1084 841">
     <span class='ocr_line' id='line_1_2' title="bbox 72 306 1079 363; baseline -0.003 -10"><span class='ocrx_word' id='word_1_12' title='bbox 72 319 125 353; x_wconf 84' lang='lat' dir='ltr'>illi</span> <span class='ocrx_word' id='word_1_13' title='bbox 149 320 253 354; x_wconf 83' lang='lat' dir='ltr'>solum</span> <span class='ocrx_word' id='word_1_14' title='bbox 277 327 354 354; x_wconf 88' lang='lat' dir='ltr'>tunc</span> <span class='ocrx_word' id='word_1_15' title='bbox 375 319 579 363; x_wconf 74' lang='lat' dir='ltr'>decipientur</span> <span class='ocrx_word' id='word_1_16' title='bbox 609 306 692 361; x_wconf 70' lang='lat' dir='ltr'>quos</span> <span class='ocrx_word' id='word_1_17' title='bbox 725 318 890 361; x_wconf 80' lang='lat' dir='ltr'>redarguit</span> <span class='ocrx_word' id='word_1_18' title='bbox 914 317 1044 361; x_wconf 77' lang='lat' dir='ltr'>Sylvius</span> <span class='ocrx_word' id='word_1_19' title='bbox 1066 328 1079 357; x_wconf 89' lang='grc'>,-</span> 
     </span>
     <span class='ocr_line' id='line_1_3' title="bbox 72 361 1079 406; baseline -0.005 -9"><span class='ocrx_word' id='word_1_20' title='bbox 72 375 184 397; x_wconf 89' lang='lat' dir='ltr'>verum</span> <span class='ocrx_word' id='word_1_21' title='bbox 208 365 232 396; x_wconf 92' lang='lat' dir='ltr'>ii</span> <span class='ocrx_word' id='word_1_22' title='bbox 258 374 407 406; x_wconf 82' lang='lat' dir='ltr'>praeterea</span> <span class='ocrx_word' id='word_1_23' title='bbox 430 363 487 406; x_wconf 90' lang='lat' dir='ltr'>qui</span> <span class='ocrx_word' id='word_1_24' title='bbox 511 363 529 395; x_wconf 92' lang='lat' dir='ltr'>S</span> <span class='ocrx_word' id='word_1_25' title='bbox 559 362 660 394; x_wconf 89' lang='lat' dir='ltr'>lvium</span> <span class='ocrx_word' id='word_1_26' title='bbox 683 361 857 406; x_wconf 81' lang='lat' dir='ltr'>sequantur</span> <span class='ocrx_word' id='word_1_27' title='bbox 882 387 890 393; x_wconf 86' lang='lat'>.</span> <span class='ocrx_word' id='word_1_28' title='bbox 922 364 1011 395; x_wconf 86' lang='lat' dir='ltr'>Cum</span> <span class='ocrx_word' id='word_1_29' title='bbox 1046 372 1079 393; x_wconf 91' lang='lat' dir='ltr'>e-</span> 
     </span>
     <span class='ocr_line' id='line_1_4' title="bbox 72 373 1076 449; baseline -0.004 -9"><span class='ocrx_word' id='word_1_30' title='bbox 72 409 142 441; x_wconf 90' lang='lat' dir='ltr'>nim</span> <span class='ocrx_word' id='word_1_31' title='bbox 164 420 198 441; x_wconf 83' lang='lat' dir='ltr'>ea</span> <span class='ocrx_word' id='word_1_32' title='bbox 221 407 301 441; x_wconf 87' lang='lat' dir='ltr'>Coli</span> <span class='ocrx_word' id='word_1_33' title='bbox 321 412 396 449; x_wconf 46' lang='lat' dir='ltr'>*pars</span> <span class='ocrx_word' id='word_1_34' title='bbox 419 418 489 449; x_wconf 87' lang='lat' dir='ltr'>quae</span> <span class='ocrx_word' id='word_1_35' title='bbox 523 373 641 438; x_wconf 54' lang='lat' dir='ltr'>fflbeffe</span> <span class='ocrx_word' id='word_1_36' title='bbox 664 407 696 439; x_wconf 90' lang='lat' dir='ltr'>in</span> <span class='ocrx_word' id='word_1_37' title='bbox 721 406 922 440; x_wconf 87' lang='lat' dir='ltr'>tranversum</span> <span class='ocrx_word' id='word_1_38' title='bbox 955 405 1076 438; x_wconf 91' lang='lat' dir='ltr'>ventri-</span> 
     </span>
     <span class='ocr_line' id='line_1_5' title="bbox 69 447 1077 489; baseline -0.004 -5"><span class='ocrx_word' id='word_1_39' title='bbox 69 452 147 484; x_wconf 85' lang='lat' dir='ltr'>culo</span> <span class='ocrx_word' id='word_1_40' title='bbox 172 451 270 489; x_wconf 85' lang='lat' dir='ltr'>solet,</span> <span class='ocrx_word' id='word_1_41' title='bbox 297 462 362 483; x_wconf 91' lang='lat' dir='ltr'>non</span> <span class='ocrx_word' id='word_1_42' title='bbox 387 449 435 483; x_wconf 90' lang='lat' dir='ltr'>ibi</span> <span class='ocrx_word' id='word_1_43' title='bbox 457 448 578 487; x_wconf 89' lang='lat' dir='ltr'>fuerit,</span> <span class='ocrx_word' id='word_1_44' title='bbox 602 447 654 482; x_wconf 88' lang='lat' dir='ltr'>sed</span> <span class='ocrx_word' id='word_1_45' title='bbox 675 450 824 484; x_wconf 89' lang='lat' dir='ltr'>deorsum</span> <span class='ocrx_word' id='word_1_46' title='bbox 857 449 937 484; x_wconf 85' lang='lat' dir='ltr'>adeo</span> <span class='ocrx_word' id='word_1_47' title='bbox 961 448 991 483; x_wconf 89' lang='lat' dir='ltr'>se</span> <span class='ocrx_word' id='word_1_48' title='bbox 1025 448 1077 480; x_wconf 87' lang='lat' dir='ltr'>in-</span> 
     </span>
     <span class='ocr_line' id='line_1_6' title="bbox 71 491 1079 535; baseline -0.004 -9"><span class='ocrx_word' id='word_1_49' title='bbox 71 495 223 528; x_wconf 87' lang='lat' dir='ltr'>curvavit</span> <span class='ocrx_word' id='word_1_50' title='bbox 233 505 246 534; x_wconf 66' lang='lat'>‚,·</span> <span class='ocrx_word' id='word_1_51' title='bbox 272 504 348 528; x_wconf 89' lang='lat' dir='ltr'>tunc</span> <span class='ocrx_word' id='word_1_52' title='bbox 369 494 523 527; x_wconf 91' lang='lat' dir='ltr'>errabunt</span> <span class='ocrx_word' id='word_1_53' title='bbox 546 502 631 526; x_wconf 91' lang='lat' dir='ltr'>certe</span> <span class='ocrx_word' id='word_1_54' title='bbox 653 495 711 535; x_wconf 88' lang='lat' dir='ltr'>qui</span> <span class='ocrx_word' id='word_1_55' title='bbox 734 496 861 528; x_wconf 89' lang='lat' dir='ltr'>idcirco</span> <span class='ocrx_word' id='word_1_56' title='bbox 874 505 943 527; x_wconf 89' lang='lat' dir='ltr'>eam</span> <span class='ocrx_word' id='word_1_57' title='bbox 965 491 1079 525; x_wconf 88' lang='lat' dir='ltr'>dolore</span> 
     </span>
     <span class='ocr_line' id='line_1_7' title="bbox 69 533 1080 581; baseline -0.003 -11"><span class='ocrx_word' id='word_1_58' title='bbox 69 548 255 581; x_wconf 86' lang='lat' dir='ltr'>correptam</span> <span class='ocrx_word' id='word_1_59' title='bbox 278 537 361 578; x_wconf 83' lang='lat' dir='ltr'>effe,</span> <span class='ocrx_word' id='word_1_60' title='bbox 384 545 502 578; x_wconf 80' lang='lat' dir='ltr'>negent</span> <span class='ocrx_word' id='word_1_61' title='bbox 518 561 526 575; x_wconf 94' lang='lat'>,</span> <span class='ocrx_word' id='word_1_62' title='bbox 550 535 638 578; x_wconf 90' lang='lat' dir='ltr'>quod</span> <span class='ocrx_word' id='word_1_63' title='bbox 662 539 783 572; x_wconf 83' lang='lat' dir='ltr'>ventris</span> <span class='ocrx_word' id='word_1_64' title='bbox 806 537 967 580; x_wconf 79' lang='lat' dir='ltr'>superiora</span> <span class='ocrx_word' id='word_1_65' title='bbox 980 533 1080 568; x_wconf 88' lang='lat' dir='ltr'>trans·</span> 
     </span>
     <span class='ocr_line' id='line_1_8' title="bbox 71 578 1083 624; baseline -0.003 -12"><span class='ocrx_word' id='word_1_66' title='bbox 71 579 197 617; x_wconf 76' lang='lat' dir='ltr'>versus,</span> <span class='ocrx_word' id='word_1_67' title='bbox 222 582 345 624; x_wconf 79' lang='lat' dir='ltr'>cinguli</span> <span class='ocrx_word' id='word_1_68' title='bbox 368 581 466 614; x_wconf 80' lang='lat' dir='ltr'>instar</span> <span class='ocrx_word' id='word_1_69' title='bbox 481 606 489 619; x_wconf 82' lang='lat'>‚</span> <span class='ocrx_word' id='word_1_70' title='bbox 513 579 608 612; x_wconf 91' lang='lat' dir='ltr'>dolor</span> <span class='ocrx_word' id='word_1_71' title='bbox 630 591 696 613; x_wconf 91' lang='lat' dir='ltr'>non</span> <span class='ocrx_word' id='word_1_72' title='bbox 720 591 897 623; x_wconf 75' lang='lat' dir='ltr'>torqueat5</span> <span class='ocrx_word' id='word_1_73' title='bbox 923 580 1017 612; x_wconf 84' lang='lat' dir='ltr'>sed&amp;</span> <span class='ocrx_word' id='word_1_74' title='bbox 1041 578 1083 610; x_wconf 91' lang='lat' dir='ltr'>il-</span> 
     </span>
     <span class='ocr_line' id='line_1_9' title="bbox 70 618 1082 665; baseline -0.002 -10"><span class='ocrx_word' id='word_1_75' title='bbox 70 623 95 656; x_wconf 89' lang='lat' dir='ltr'>li</span> <span class='ocrx_word' id='word_1_76' title='bbox 119 623 405 659; x_wconf 79' lang='lat' dir='ltr'>hal‘lucinabuntur</span> <span class='ocrx_word' id='word_1_77' title='bbox 426 624 484 665; x_wconf 88' lang='lat' dir='ltr'>qui</span> <span class='ocrx_word' id='word_1_78' title='bbox 507 623 540 656; x_wconf 93' lang='lat' dir='ltr'>in</span> <span class='ocrx_word' id='word_1_79' title='bbox 566 626 688 658; x_wconf 87' lang='lat' dir='ltr'>ventris</span> <span class='ocrx_word' id='word_1_80' title='bbox 708 624 833 658; x_wconf 69' lang='lat' dir='ltr'>,ambitu</span> <span class='ocrx_word' id='word_1_81' title='bbox 855 636 890 657; x_wconf 87' lang='lat' dir='ltr'>ac</span> <span class='ocrx_word' id='word_1_82' title='bbox 914 618 1082 663; x_wconf 80' lang='lat' dir='ltr'>circumfe-</span> 
     </span>
     <span class='ocr_line' id='line_1_10' title="bbox 72 665 1081 703; baseline -0.001 -5"><span class='ocrx_word' id='word_1_83' title='bbox 72 669 175 701; x_wconf 77' lang='lat' dir='ltr'>rentia</span> <span class='ocrx_word' id='word_1_84' title='bbox 198 676 342 703; x_wconf 80' lang='lat' dir='ltr'>exortum</span> <span class='ocrx_word' id='word_1_85' title='bbox 363 666 496 701; x_wconf 83' lang='lat' dir='ltr'>dolorem</span> <span class='ocrx_word' id='word_1_86' title='bbox 528 676 600 701; x_wconf 68' lang='lat' dir='ltr'>vere</span> <span class='ocrx_word' id='word_1_87' title='bbox 632 667 762 701; x_wconf 77' lang='lat' dir='ltr'>celicum</span> <span class='ocrx_word' id='word_1_88' title='bbox 795 668 954 701; x_wconf 68' lang='lat' dir='ltr'>&lt;licendum</span> <span class='ocrx_word' id='word_1_89' title='bbox 988 665 1046 698; x_wconf 86' lang='lat' dir='ltr'>esle</span> <span class='ocrx_word' id='word_1_90' title='bbox 1070 686 1081 702; x_wconf 94' lang='lat'>,</span> 
     </span>
     <span class='ocr_line' id='line_1_11' title="bbox 70 708 1084 755; baseline -0.003 -12"><span class='ocrx_word' id='word_1_91' title='bbox 70 722 146 744; x_wconf 87' lang='lat' dir='ltr'>cum</span> <span class='ocrx_word' id='word_1_92' title='bbox 171 713 285 755; x_wconf 89' lang='lat' dir='ltr'>Sylvio</span> <span class='ocrx_word' id='word_1_93' title='bbox 307 710 458 750; x_wconf 83' lang='lat' dir='ltr'>credant3</span> <span class='ocrx_word' id='word_1_94' title='bbox 482 720 558 743; x_wconf 89' lang='lat' dir='ltr'>nam</span> <span class='ocrx_word' id='word_1_95' title='bbox 581 710 675 744; x_wconf 91' lang='lat' dir='ltr'>dolor</span> <span class='ocrx_word' id='word_1_96' title='bbox 698 713 755 754; x_wconf 88' lang='lat' dir='ltr'>qui</span> <span class='ocrx_word' id='word_1_97' title='bbox 780 720 857 744; x_wconf 90' lang='lat' dir='ltr'>tunc</span> <span class='ocrx_word' id='word_1_98' title='bbox 881 713 914 743; x_wconf 90' lang='lat' dir='ltr'>in</span> <span class='ocrx_word' id='word_1_99' title='bbox 939 708 1084 751; x_wconf 87' lang='lat' dir='ltr'>superio-</span> 
     </span>
     <span class='ocr_line' id='line_1_12' title="bbox 69 752 1084 798; baseline -0.003 -10"><span class='ocrx_word' id='word_1_100' title='bbox 69 766 105 788; x_wconf 86' lang='lat' dir='ltr'>re</span> <span class='ocrx_word' id='word_1_101' title='bbox 128 757 247 789; x_wconf 83' lang='lat' dir='ltr'>ventris</span> <span class='ocrx_word' id='word_1_102' title='bbox 272 755 395 788; x_wconf 85' lang='lat' dir='ltr'>ambitu</span> <span class='ocrx_word' id='word_1_103' title='bbox 420 755 609 795; x_wconf 84' lang='lat' dir='ltr'>exoriatur,</span> <span class='ocrx_word' id='word_1_104' title='bbox 633 756 667 787; x_wconf 92' lang='lat' dir='ltr'>in</span> <span class='ocrx_word' id='word_1_105' title='bbox 690 755 777 788; x_wconf 89' lang='lat' dir='ltr'>Colo</span> <span class='ocrx_word' id='word_1_106' title='bbox 800 754 889 798; x_wconf 90' lang='lat' dir='ltr'>quod</span> <span class='ocrx_word' id='word_1_107' title='bbox 911 754 1002 787; x_wconf 85' lang='lat' dir='ltr'>illinc</span> <span class='ocrx_word' id='word_1_108' title='bbox 1027 752 1084 785; x_wconf 81' lang='lat' dir='ltr'>ab·</span> 
     </span>
     <span class='ocr_line' id='line_1_13' title="bbox 69 797 468 841; baseline -0.005 -11"><span class='ocrx_word' id='word_1_109' title='bbox 69 797 131 836; x_wconf 79' lang='lat' dir='ltr'>sit,</span> <span class='ocrx_word' id='word_1_110' title='bbox 155 798 213 832; x_wconf 83' lang='lat' dir='ltr'>effe</span> <span class='ocrx_word' id='word_1_111' title='bbox 237 810 300 831; x_wconf 86' lang='lat' dir='ltr'>non</span> <span class='ocrx_word' id='word_1_112' title='bbox 324 799 468 841; x_wconf 85' lang='lat' dir='ltr'>poterit.</span> 
     </span>
    </p>

    <p class='ocr_par' dir='ltr' id='par_1_3' title="bbox 54 838 1090 3552">
     <span class='ocr_line' id='line_1_14' title="bbox 115 838 1083 885; baseline -0.002 -10"><span class='ocrx_word' id='word_1_113' title='bbox 115 853 145 884; x_wconf 89' lang='lat'>3.</span> <span class='ocrx_word' id='word_1_114' title='bbox 171 843 299 875; x_wconf 90' lang='lat' dir='ltr'>Verum</span> <span class='ocrx_word' id='word_1_115' title='bbox 323 851 429 875; x_wconf 89' lang='lat' dir='ltr'>autem</span> <span class='ocrx_word' id='word_1_116' title='bbox 453 839 486 874; x_wconf 92' lang='lat' dir='ltr'>id</span> <span class='ocrx_word' id='word_1_117' title='bbox 509 840 569 875; x_wconf 83' lang='lat' dir='ltr'>esse</span> <span class='ocrx_word' id='word_1_118' title='bbox 592 840 681 885; x_wconf 87' lang='lat' dir='ltr'>quod</span> <span class='ocrx_word' id='word_1_119' title='bbox 702 840 793 873; x_wconf 89' lang='lat' dir='ltr'>Colo</span> <span class='ocrx_word' id='word_1_120' title='bbox 816 841 895 881; x_wconf 77' lang='lat' dir='ltr'>saepe</span> <span class='ocrx_word' id='word_1_121' title='bbox 918 838 1083 876; x_wconf 83' lang='lat' dir='ltr'>accidere,</span> 
     </span>
     <span class='ocr_line' id='line_1_15' title="bbox 75 885 1083 930; baseline -0.003 -12"><span class='ocrx_word' id='word_1_122' title='bbox 75 886 206 928; x_wconf 87' lang='lat' dir='ltr'>Sylvius</span> <span class='ocrx_word' id='word_1_123' title='bbox 232 886 424 930; x_wconf 70' lang='lat' dir='ltr'>admonuit,</span> <span class='ocrx_word' id='word_1_124' title='bbox 451 896 514 917; x_wconf 91' lang='lat' dir='ltr'>non</span> <span class='ocrx_word' id='word_1_125' title='bbox 540 897 648 928; x_wconf 86' lang='lat' dir='ltr'>paucae</span> <span class='ocrx_word' id='word_1_126' title='bbox 672 907 682 922; x_wconf 91' lang='lat'>‚</span> <span class='ocrx_word' id='word_1_127' title='bbox 706 894 777 918; x_wconf 90' lang='lat' dir='ltr'>tum</span> <span class='ocrx_word' id='word_1_128' title='bbox 803 885 987 923; x_wconf 88' lang='lat' dir='ltr'>Valsalvae‚</span> <span class='ocrx_word' id='word_1_129' title='bbox 1011 893 1083 929; x_wconf 88' lang='lat' dir='ltr'>tum</span> 
     </span>
     <span class='ocr_line' id='line_1_16' title="bbox 68 927 1084 971; baseline -0.003 -9"><span class='ocrx_word' id='word_1_130' title='bbox 68 928 207 965; x_wconf 80' lang='lat' dir='ltr'>nostrae‚</span> <span class='ocrx_word' id='word_1_131' title='bbox 231 930 293 963; x_wconf 93' lang='lat' dir='ltr'>tibi</span> <span class='ocrx_word' id='word_1_132' title='bbox 320 938 375 962; x_wconf 87' lang='lat' dir='ltr'>aut</span> <span class='ocrx_word' id='word_1_133' title='bbox 398 939 464 970; x_wconf 80' lang='lat' dir='ltr'>jam</span> <span class='ocrx_word' id='word_1_134' title='bbox 478 927 673 971; x_wconf 69' lang='lat' dir='ltr'>propositae,</span> <span class='ocrx_word' id='word_1_135' title='bbox 698 936 752 961; x_wconf 91' lang='lat' dir='ltr'>aut</span> <span class='ocrx_word' id='word_1_136' title='bbox 776 927 994 970; x_wconf 73' lang='lat' dir='ltr'>proponendae</span> <span class='ocrx_word' id='word_1_137' title='bbox 1009 927 1084 959; x_wconf 90' lang='lat' dir='ltr'>Ob-</span> 
     </span>
     <span class='ocr_line' id='line_1_17' title="bbox 69 970 1080 1015; baseline -0.003 -10"><span class='ocrx_word' id='word_1_138' title='bbox 69 971 264 1006; x_wconf 80' lang='lat' dir='ltr'>servationes</span> <span class='ocrx_word' id='word_1_139' title='bbox 288 970 528 1006; x_wconf 80' lang='lat' dir='ltr'>confirmabunt</span> <span class='ocrx_word' id='word_1_140' title='bbox 556 985 564 1005; x_wconf 89' lang='lat'>:</span> <span class='ocrx_word' id='word_1_141' title='bbox 599 983 787 1015; x_wconf 83' lang='lat' dir='ltr'>quanquam</span> <span class='ocrx_word' id='word_1_142' title='bbox 811 983 875 1005; x_wconf 88' lang='lat' dir='ltr'>non</span> <span class='ocrx_word' id='word_1_143' title='bbox 909 972 1020 1005; x_wconf 91' lang='lat' dir='ltr'>omnia</span> <span class='ocrx_word' id='word_1_144' title='bbox 1045 971 1080 1003; x_wconf 89' lang='lat' dir='ltr'>in</span> 
     </span>
     <span class='ocr_line' id='line_1_18' title="bbox 67 1015 1078 1057; baseline 0 -10"><span class='ocrx_word' id='word_1_145' title='bbox 67 1016 187 1057; x_wconf 87' lang='lat' dir='ltr'>quibus</span> <span class='ocrx_word' id='word_1_146' title='bbox 209 1015 242 1049; x_wconf 92' lang='lat' dir='ltr'>id</span> <span class='ocrx_word' id='word_1_147' title='bbox 269 1018 409 1050; x_wconf 88' lang='lat' dir='ltr'>vidimus</span> <span class='ocrx_word' id='word_1_148' title='bbox 435 1040 443 1055; x_wconf 89' lang='lat'>,</span> <span class='ocrx_word' id='word_1_149' title='bbox 468 1027 603 1057; x_wconf 84' lang='lat' dir='ltr'>corpora</span> <span class='ocrx_word' id='word_1_150' title='bbox 627 1017 660 1049; x_wconf 88' lang='lat' dir='ltr'>in</span> <span class='ocrx_word' id='word_1_151' title='bbox 684 1015 735 1049; x_wconf 86' lang='lat' dir='ltr'>his</span> <span class='ocrx_word' id='word_1_152' title='bbox 759 1015 911 1057; x_wconf 81' lang='lat' dir='ltr'>Epistolis</span> <span class='ocrx_word' id='word_1_153' title='bbox 934 1025 1078 1048; x_wconf 90' lang='lat' dir='ltr'>comme-</span> 
     </span>
     <span class='ocr_line' id='line_1_19' title="bbox 67 1057 1081 1101; baseline 0 -10"><span class='ocrx_word' id='word_1_154' title='bbox 67 1058 218 1092; x_wconf 87' lang='lat' dir='ltr'>morandi</span> <span class='ocrx_word' id='word_1_155' title='bbox 240 1060 440 1094; x_wconf 80' lang='lat' dir='ltr'>occafionem</span> <span class='ocrx_word' id='word_1_156' title='bbox 463 1059 675 1100; x_wconf 89' lang='lat' dir='ltr'>habebimus,·</span> <span class='ocrx_word' id='word_1_157' title='bbox 696 1060 753 1093; x_wconf 89' lang='lat' dir='ltr'>diu</span> <span class='ocrx_word' id='word_1_158' title='bbox 776 1060 862 1092; x_wconf 91' lang='lat' dir='ltr'>enim</span> <span class='ocrx_word' id='word_1_159' title='bbox 885 1057 929 1093; x_wconf 86' lang='lat' dir='ltr'>est</span> <span class='ocrx_word' id='word_1_160' title='bbox 951 1069 990 1092; x_wconf 82' lang='lat' dir='ltr'>ex</span> <span class='ocrx_word' id='word_1_161' title='bbox 1011 1070 1081 1101; x_wconf 90' lang='lat' dir='ltr'>quo</span> 
     </span>
     <span class='ocr_line' id='line_1_20' title="bbox 66 1101 1084 1145; baseline 0 -9"><span class='ocrx_word' id='word_1_162' title='bbox 66 1101 103 1136; x_wconf 83' lang='lat' dir='ltr'>id</span> <span class='ocrx_word' id='word_1_163' title='bbox 126 1105 283 1143; x_wconf 83' lang='lat' dir='ltr'>coepimus</span> <span class='ocrx_word' id='word_1_164' title='bbox 306 1104 563 1137; x_wconf 86' lang='lat' dir='ltr'>animadvertere</span> <span class='ocrx_word' id='word_1_165' title='bbox 587 1104 635 1136; x_wconf 89' lang='lat' dir='ltr'>vel</span> <span class='ocrx_word' id='word_1_166' title='bbox 661 1102 850 1145; x_wconf 80' lang='lat' dir='ltr'>priusquam</span> <span class='ocrx_word' id='word_1_167' title='bbox 872 1103 907 1135; x_wconf 90' lang='lat' dir='ltr'>in</span> <span class='ocrx_word' id='word_1_168' title='bbox 931 1113 1004 1136; x_wconf 86' lang='lat' dir='ltr'>eum</span> <span class='ocrx_word' id='word_1_169' title='bbox 1030 1104 1084 1136; x_wconf 91' lang='lat' dir='ltr'>in-</span> 
     </span>
     <span class='ocr_line' id='line_1_21' title="bbox 66 1145 1084 1189; baseline -0.001 -9"><span class='ocrx_word' id='word_1_170' title='bbox 66 1146 251 1181; x_wconf 73' lang='lat' dir='ltr'>cidissemus</span> <span class='ocrx_word' id='word_1_171' title='bbox 275 1148 379 1189; x_wconf 80' lang='lat' dir='ltr'><strong>Sylvii</strong></span> <span class='ocrx_word' id='word_1_172' title='bbox 403 1148 538 1186; x_wconf 84' lang='lat' dir='ltr'>locum,</span> <span class='ocrx_word' id='word_1_173' title='bbox 563 1156 599 1180; x_wconf 91' lang='lat' dir='ltr'>ut</span> <span class='ocrx_word' id='word_1_174' title='bbox 624 1148 670 1189; x_wconf 84' lang='lat' dir='ltr'>II.</span> <span class='ocrx_word' id='word_1_175' title='bbox 695 1145 798 1179; x_wconf 88' lang='lat' dir='ltr'>nostra</span> <span class='ocrx_word' id='word_1_176' title='bbox 811 1145 1084 1186; x_wconf 78' lang='lat' dir='ltr'>Adversaria(i)</span> 
     </span>
     <span class='ocr_line' id='line_1_22' title="bbox 68 1189 1085 1233; baseline 0.001 -11"><span class='ocrx_word' id='word_1_177' title='bbox 68 1190 276 1224; x_wconf 86' lang='lat' dir='ltr'>ostendunt.</span> <span class='ocrx_word' id='word_1_178' title='bbox 314 1191 373 1224; x_wconf 88' lang='lat' dir='ltr'>Sed</span> <span class='ocrx_word' id='word_1_179' title='bbox 405 1193 439 1224; x_wconf 88' lang='lat' dir='ltr'>in</span> <span class='ocrx_word' id='word_1_180' title='bbox 473 1190 539 1225; x_wconf 86' lang='grc' dir='ltr'><strong>ΙΙΙ.</strong></span> <span class='ocrx_word' id='word_1_181' title='bbox 587 1201 718 1233; x_wconf 86' lang='lat' dir='ltr'>quoque</span> <span class='ocrx_word' id='word_1_182' title='bbox 751 1189 955 1224; x_wconf 82' lang='lat' dir='ltr'>Adversariis</span> <span class='ocrx_word' id='word_1_183' title='bbox 998 1189 1085 1230; x_wconf 69' lang='lat' dir='ltr'>(si)</span> 
     </span>
     <span class='ocr_line' id='line_1_23' title="bbox 67 1232 1084 1274; baseline 0.001 -8"><span class='ocrx_word' id='word_1_184' title='bbox 67 1234 164 1267; x_wconf 79' lang='lat' dir='ltr'>aliam</span> <span class='ocrx_word' id='word_1_185' title='bbox 188 1233 296 1268; x_wconf 90' lang='lat' dir='ltr'>infimi</span> <span class='ocrx_word' id='word_1_186' title='bbox 319 1235 397 1268; x_wconf 87' lang='lat' dir='ltr'>Coli</span> <span class='ocrx_word' id='word_1_187' title='bbox 425 1234 505 1268; x_wconf 89' lang='lat' dir='ltr'>sedis</span> <span class='ocrx_word' id='word_1_188' title='bbox 529 1236 720 1267; x_wconf 88' lang='lat' dir='ltr'>varietatem</span> <span class='ocrx_word' id='word_1_189' title='bbox 754 1234 1003 1274; x_wconf 87' lang='lat' dir='ltr'>adnotavimus,</span> <span class='ocrx_word' id='word_1_190' title='bbox 1027 1232 1084 1268; x_wconf 89' lang='lat' dir='ltr'>hic</span> 
     </span>
     <span class='ocr_line' id='line_1_24' title="bbox 66 1277 1085 1321; baseline 0.003 -12"><span class='ocrx_word' id='word_1_191' title='bbox 66 1278 206 1311; x_wconf 89' lang='lat' dir='ltr'>minime</span> <span class='ocrx_word' id='word_1_192' title='bbox 258 1277 571 1321; x_wconf 77' lang='lat' dir='ltr'>praetermittendam</span> <span class='ocrx_word' id='word_1_193' title='bbox 599 1289 610 1310; x_wconf 90' lang='lat'><strong>:</strong></span> <span class='ocrx_word' id='word_1_194' title='bbox 666 1279 815 1320; x_wconf 84' lang='lat' dir='ltr'>quamvis</span> <span class='ocrx_word' id='word_1_195' title='bbox 868 1278 918 1312; x_wconf 91' lang='lat' dir='ltr'>ibi</span> <span class='ocrx_word' id='word_1_196' title='bbox 961 1279 1085 1321; x_wconf 88' lang='lat' dir='ltr'>pariter</span> 
     </span>
     <span class='ocr_line' id='line_1_25' title="bbox 66 1320 1085 1364; baseline 0.001 -10"><span class='ocrx_word' id='word_1_197' title='bbox 66 1321 112 1354; x_wconf 91' lang='lat' dir='ltr'>ob</span> <span class='ocrx_word' id='word_1_198' title='bbox 133 1321 265 1356; x_wconf 86' lang='lat' dir='ltr'>eandem</span> <span class='ocrx_word' id='word_1_199' title='bbox 288 1320 416 1356; x_wconf 85' lang='lat' dir='ltr'>causam</span> <span class='ocrx_word' id='word_1_200' title='bbox 439 1334 494 1357; x_wconf 88' lang='lat' dir='ltr'>eos</span> <span class='ocrx_word' id='word_1_201' title='bbox 519 1334 607 1356; x_wconf 90' lang='lat' dir='ltr'>more</span> <span class='ocrx_word' id='word_1_202' title='bbox 631 1321 743 1356; x_wconf 87' lang='lat' dir='ltr'>nostro</span> <span class='ocrx_word' id='word_1_203' title='bbox 767 1321 896 1356; x_wconf 85' lang='lat' dir='ltr'>laudare</span> <span class='ocrx_word' id='word_1_204' title='bbox 925 1334 992 1356; x_wconf 89' lang='lat' dir='ltr'>non</span> <span class='ocrx_word' id='word_1_205' title='bbox 1026 1334 1085 1364; x_wconf 91' lang='lat' dir='ltr'>po-</span> 
     </span>
     <span class='ocr_line' id='line_1_26' title="bbox 65 1365 1084 1409; baseline 0.001 -12"><span class='ocrx_word' id='word_1_206' title='bbox 65 1365 191 1399; x_wconf 83' lang='lat' dir='ltr'>tuimus</span> <span class='ocrx_word' id='word_1_207' title='bbox 214 1366 274 1409; x_wconf 88' lang='lat' dir='ltr'>qui</span> <span class='ocrx_word' id='word_1_208' title='bbox 298 1376 372 1399; x_wconf 87' lang='lat' dir='ltr'>ante</span> <span class='ocrx_word' id='word_1_209' title='bbox 397 1378 455 1399; x_wconf 89' lang='lat' dir='ltr'>nos</span> <span class='ocrx_word' id='word_1_210' title='bbox 476 1366 568 1400; x_wconf 86' lang='lat' dir='ltr'>illam</span> <span class='ocrx_word' id='word_1_211' title='bbox 602 1366 900 1400; x_wconf 81' lang='lat' dir='ltr'>animadverterant</span> <span class='ocrx_word' id='word_1_212' title='bbox 926 1389 936 1404; x_wconf 90' lang='lat'>,</span> <span class='ocrx_word' id='word_1_213' title='bbox 971 1367 1084 1408; x_wconf 86' lang='lat' dir='ltr'>Spige-</span> 
     </span>
     <span class='ocr_line' id='line_1_27' title="bbox 65 1408 1084 1453; baseline 0.003 -13"><span class='ocrx_word' id='word_1_214' title='bbox 65 1408 148 1444; x_wconf 88' lang='lat' dir='ltr'>lium</span> <span class='ocrx_word' id='word_1_215' title='bbox 172 1412 186 1448; x_wconf 90' lang='lat'>(</span> <span class='ocrx_word' id='word_1_216' title='bbox 207 1409 219 1443; x_wconf 87' lang='lat' dir='ltr'>l</span> <span class='ocrx_word' id='word_1_217' title='bbox 239 1412 272 1450; x_wconf 59' lang='lat' dir='ltr'>&gt;v</span> <span class='ocrx_word' id='word_1_218' title='bbox 299 1413 332 1443; x_wconf 88' lang='lat'>&amp;</span> <span class='ocrx_word' id='word_1_219' title='bbox 354 1410 534 1444; x_wconf 84' lang='lat' dir='ltr'>Riolauum</span> <span class='ocrx_word' id='word_1_220' title='bbox 558 1414 572 1450; x_wconf 85' lang='lat'><strong>(</strong></span> <span class='ocrx_word' id='word_1_221' title='bbox 594 1420 625 1442; x_wconf 89' lang='lat' dir='ltr'>m</span> <span class='ocrx_word' id='word_1_222' title='bbox 646 1412 662 1449; x_wconf 92' lang='lat'>)</span> <span class='ocrx_word' id='word_1_223' title='bbox 683 1423 693 1447; x_wconf 77' lang='lat'>5</span> <span class='ocrx_word' id='word_1_224' title='bbox 726 1410 846 1453; x_wconf 90' lang='lat' dir='ltr'>quibus</span> <span class='ocrx_word' id='word_1_225' title='bbox 870 1420 980 1444; x_wconf 88' lang='lat' dir='ltr'>tamen</span> <span class='ocrx_word' id='word_1_226' title='bbox 1004 1421 1084 1444; x_wconf 90' lang='lat' dir='ltr'>con-</span> 
     </span>
     <span class='ocr_line' id='line_1_28' title="bbox 65 1453 1084 1496; baseline 0.001 -10"><span class='ocrx_word' id='word_1_227' title='bbox 65 1462 116 1487; x_wconf 85' lang='lat' dir='ltr'>tra</span> <span class='ocrx_word' id='word_1_228' title='bbox 141 1465 176 1487; x_wconf 90' lang='lat' dir='ltr'>ac</span> <span class='ocrx_word' id='word_1_229' title='bbox 200 1453 387 1494; x_wconf 79' lang='lat' dir='ltr'>Valsalvae,</span> <span class='ocrx_word' id='word_1_230' title='bbox 412 1456 444 1486; x_wconf 75' lang='grc' dir='ltr'>δε</span> <span class='ocrx_word' id='word_1_231' title='bbox 468 1454 562 1487; x_wconf 88' lang='lat' dir='ltr'>nobis</span> <span class='ocrx_word' id='word_1_232' title='bbox 586 1453 715 1487; x_wconf 87' lang='lat' dir='ltr'>videtur</span> <span class='ocrx_word' id='word_1_233' title='bbox 740 1454 853 1496; x_wconf 82' lang='lat' dir='ltr'>saepius</span> <span class='ocrx_word' id='word_1_234' title='bbox 877 1453 989 1487; x_wconf 86' lang='lat' dir='ltr'>Colon</span> <span class='ocrx_word' id='word_1_235' title='bbox 1023 1466 1084 1487; x_wconf 90' lang='lat' dir='ltr'>oc-</span> 
     </span>
     <span class='ocr_line' id='line_1_29' title="bbox 66 1495 1086 1540; baseline 0 -9"><span class='ocrx_word' id='word_1_236' title='bbox 66 1496 200 1532; x_wconf 76' lang='lat' dir='ltr'>currisse</span> <span class='ocrx_word' id='word_1_237' title='bbox 224 1497 316 1531; x_wconf 87' lang='lat' dir='ltr'>valde</span> <span class='ocrx_word' id='word_1_238' title='bbox 339 1499 372 1530; x_wconf 91' lang='lat' dir='ltr'>in</span> <span class='ocrx_word' id='word_1_239' title='bbox 397 1495 460 1531; x_wconf 85' lang='lat' dir='ltr'>fine</span> <span class='ocrx_word' id='word_1_240' title='bbox 484 1496 686 1535; x_wconf 85' lang='lat' dir='ltr'>flexuosum,</span> <span class='ocrx_word' id='word_1_241' title='bbox 711 1499 813 1531; x_wconf 85' lang='lat' dir='ltr'>rarius</span> <span class='ocrx_word' id='word_1_242' title='bbox 836 1498 938 1531; x_wconf 66' lang='lat' dir='ltr'>dueta</span> <span class='ocrx_word' id='word_1_243' title='bbox 959 1496 1086 1540; x_wconf 56' lang='lat' dir='ltr'>fimpli„</span> 
     </span>
     <span class='ocr_line' id='line_1_30' title="bbox 65 1540 1086 1583; baseline -0.001 -9"><span class='ocrx_word' id='word_1_244' title='bbox 65 1542 175 1576; x_wconf 84' lang='lat' dir='ltr'>ciore.</span> <span class='ocrx_word' id='word_1_245' title='bbox 204 1542 332 1575; x_wconf 88' lang='lat' dir='ltr'>Verum</span> <span class='ocrx_word' id='word_1_246' title='bbox 356 1550 523 1583; x_wconf 87' lang='lat' dir='ltr'>utcunque</span> <span class='ocrx_word' id='word_1_247' title='bbox 546 1542 579 1575; x_wconf 86' lang='lat' dir='ltr'>id</span> <span class='ocrx_word' id='word_1_248' title='bbox 604 1541 670 1581; x_wconf 83' lang='lat' dir='ltr'>est,</span> <span class='ocrx_word' id='word_1_249' title='bbox 693 1552 770 1575; x_wconf 87' lang='lat' dir='ltr'>cum</span> <span class='ocrx_word' id='word_1_250' title='bbox 791 1543 815 1573; x_wconf 89' lang='lat' dir='ltr'>ii</span> <span class='ocrx_word' id='word_1_251' title='bbox 839 1540 987 1574; x_wconf 84' lang='lat' dir='ltr'>flexusin</span> <span class='ocrx_word' id='word_1_252' title='bbox 1013 1543 1086 1583; x_wconf 87' lang='lat' dir='ltr'>qui-</span> 
     </span>
     <span class='ocr_line' id='line_1_31' title="bbox 65 1584 1087 1626; baseline -0.001 -7"><span class='ocrx_word' id='word_1_253' title='bbox 65 1585 202 1619; x_wconf 88' lang='lat' dir='ltr'>busdam</span> <span class='ocrx_word' id='word_1_254' title='bbox 224 1596 290 1618; x_wconf 88' lang='lat' dir='ltr'>non</span> <span class='ocrx_word' id='word_1_255' title='bbox 314 1585 414 1620; x_wconf 91' lang='lat' dir='ltr'>modo</span> <span class='ocrx_word' id='word_1_256' title='bbox 439 1584 545 1618; x_wconf 88' lang='lat' dir='ltr'>versus</span> <span class='ocrx_word' id='word_1_257' title='bbox 567 1586 689 1626; x_wconf 83' lang='lat' dir='ltr'>inguen</span> <span class='ocrx_word' id='word_1_258' title='bbox 712 1584 883 1618; x_wconf 87' lang='lat' dir='ltr'>dexterum</span> <span class='ocrx_word' id='word_1_259' title='bbox 906 1584 1019 1617; x_wconf 90' lang='lat' dir='ltr'>Colon</span> <span class='ocrx_word' id='word_1_260' title='bbox 1030 1597 1087 1618; x_wconf 77' lang='lat' dir='ltr'>ex-</span> 
     </span>
     <span class='ocr_line' id='line_1_32' title="bbox 65 1627 1083 1666; baseline -0.001 -3"><span class='ocrx_word' id='word_1_261' title='bbox 65 1629 224 1666; x_wconf 78' lang='lat' dir='ltr'>tendant,</span> <span class='ocrx_word' id='word_1_262' title='bbox 249 1628 302 1662; x_wconf 82' lang='lat' dir='ltr'>sed</span> <span class='ocrx_word' id='word_1_263' title='bbox 325 1627 514 1665; x_wconf 85' lang='lat' dir='ltr'>interdum,</span> <span class='ocrx_word' id='word_1_264' title='bbox 541 1637 577 1662; x_wconf 86' lang='lat' dir='ltr'>ut</span> <span class='ocrx_word' id='word_1_265' title='bbox 602 1627 769 1666; x_wconf 85' lang='lat' dir='ltr'>vidimus,</span> <span class='ocrx_word' id='word_1_266' title='bbox 794 1627 833 1662; x_wconf 90' lang='lat' dir='ltr'>ad</span> <span class='ocrx_word' id='word_1_267' title='bbox 857 1628 1083 1662; x_wconf 88' lang='lat' dir='ltr'>umbilicalem</span> 
     </span>
     <span class='ocr_line' id='line_1_33' title="bbox 65 1669 1084 1716; baseline 0 -10"><span class='ocrx_word' id='word_1_268' title='bbox 65 1674 235 1716; x_wconf 81' lang='lat' dir='ltr'>regionem</span> <span class='ocrx_word' id='word_1_269' title='bbox 259 1673 413 1706; x_wconf 83' lang='lat' dir='ltr'>attollant</span> <span class='ocrx_word' id='word_1_270' title='bbox 435 1669 574 1705; x_wconf 86' lang='lat' dir='ltr'>flatibus</span> <span class='ocrx_word' id='word_1_271' title='bbox 599 1671 778 1714; x_wconf 67' lang='lat' dir='ltr'>praesertim</span> <span class='ocrx_word' id='word_1_272' title='bbox 790 1671 981 1714; x_wconf 81' lang='lat' dir='ltr'>turgidum3</span> <span class='ocrx_word' id='word_1_273' title='bbox 1005 1671 1084 1706; x_wconf 90' lang='lat' dir='ltr'>hinc</span> 
     </span>
     <span class='ocr_line' id='line_1_34' title="bbox 65 1714 1085 1758; baseline 0 -8"><span class='ocrx_word' id='word_1_274' title='bbox 65 1726 152 1750; x_wconf 88' lang='lat' dir='ltr'>certe</span> <span class='ocrx_word' id='word_1_275' title='bbox 177 1725 332 1758; x_wconf 86' lang='lat' dir='ltr'>apparet,</span> <span class='ocrx_word' id='word_1_276' title='bbox 355 1726 454 1757; x_wconf 88' lang='lat' dir='ltr'>quarn</span> <span class='ocrx_word' id='word_1_277' title='bbox 479 1715 577 1749; x_wconf 85' lang='lat' dir='ltr'>facile</span> <span class='ocrx_word' id='word_1_278' title='bbox 600 1714 697 1749; x_wconf 80' lang='lat' dir='ltr'>dolor</span> <span class='ocrx_word' id='word_1_279' title='bbox 719 1717 777 1758; x_wconf 89' lang='lat' dir='ltr'>qui</span> <span class='ocrx_word' id='word_1_280' title='bbox 801 1717 835 1749; x_wconf 94' lang='lat' dir='ltr'>in</span> <span class='ocrx_word' id='word_1_281' title='bbox 859 1727 897 1749; x_wconf 89' lang='lat' dir='ltr'>eo</span> <span class='ocrx_word' id='word_1_282' title='bbox 920 1715 960 1749; x_wconf 86' lang='lat' dir='ltr'>fit</span> <span class='ocrx_word' id='word_1_283' title='bbox 989 1742 997 1757; x_wconf 93' lang='lat'><em>‚</em></span> <span class='ocrx_word' id='word_1_284' title='bbox 1034 1726 1085 1750; x_wconf 91' lang='lat' dir='ltr'>te-</span> 
     </span>
     <span class='ocr_line' id='line_1_35' title="bbox 64 1757 1086 1801; baseline -0.001 -7"><span class='ocrx_word' id='word_1_285' title='bbox 64 1771 151 1794; x_wconf 84' lang='lat' dir='ltr'>mere</span> <span class='ocrx_word' id='word_1_286' title='bbox 176 1769 255 1792; x_wconf 89' lang='lat' dir='ltr'>tunc</span> <span class='ocrx_word' id='word_1_287' title='bbox 279 1759 318 1793; x_wconf 92' lang='lat' dir='ltr'>ad</span> <span class='ocrx_word' id='word_1_288' title='bbox 341 1760 459 1792; x_wconf 90' lang='lat' dir='ltr'>Tenue</span> <span class='ocrx_word' id='word_1_289' title='bbox 482 1758 674 1792; x_wconf 87' lang='lat' dir='ltr'>intestinum</span> <span class='ocrx_word' id='word_1_290' title='bbox 701 1784 711 1798; x_wconf 89' lang='lat'><strong>,</strong></span> <span class='ocrx_word' id='word_1_291' title='bbox 735 1757 829 1801; x_wconf 83' lang='lat' dir='ltr'>cujus</span> <span class='ocrx_word' id='word_1_292' title='bbox 851 1760 916 1793; x_wconf 86' lang='lat' dir='ltr'>illae</span> <span class='ocrx_word' id='word_1_293' title='bbox 940 1759 1014 1793; x_wconf 92' lang='lat' dir='ltr'>sunt</span> <span class='ocrx_word' id='word_1_294' title='bbox 1038 1760 1086 1794; x_wconf 88' lang='lat' dir='ltr'>se-</span> 
     </span>
     <span class='ocr_line' id='line_1_36' title="bbox 63 1801 1085 1847; baseline 0 -9"><span class='ocrx_word' id='word_1_295' title='bbox 63 1803 141 1844; x_wconf 87' lang='lat' dir='ltr'>des,</span> <span class='ocrx_word' id='word_1_296' title='bbox 165 1801 277 1837; x_wconf 88' lang='lat' dir='ltr'>referri</span> <span class='ocrx_word' id='word_1_297' title='bbox 303 1801 421 1845; x_wconf 87' lang='lat' dir='ltr'>poffit.</span> <span class='ocrx_word' id='word_1_298' title='bbox 447 1803 525 1837; x_wconf 90' lang='lat' dir='ltr'>Hoc</span> <span class='ocrx_word' id='word_1_299' title='bbox 549 1803 654 1845; x_wconf 85' lang='lat' dir='ltr'>igitur</span> <span class='ocrx_word' id='word_1_300' title='bbox 679 1804 875 1837; x_wconf 87' lang='lat' dir='ltr'>varietatum</span> <span class='ocrx_word' id='word_1_301' title='bbox 910 1812 1085 1847; x_wconf 86' lang='lat' dir='ltr'>utrumque</span> 
     </span>
     <span class='ocr_line' id='line_1_37' title="bbox 64 1845 1088 1891; baseline 0.001 -10"><span class='ocrx_word' id='word_1_302' title='bbox 64 1858 167 1891; x_wconf 81' lang='lat' dir='ltr'>genus</span> <span class='ocrx_word' id='word_1_303' title='bbox 190 1848 325 1880; x_wconf 89' lang='lat' dir='ltr'>minime</span> <span class='ocrx_word' id='word_1_304' title='bbox 350 1845 537 1888; x_wconf 83' lang='lat' dir='ltr'>infrequens</span> <span class='ocrx_word' id='word_1_305' title='bbox 561 1845 605 1879; x_wconf 88' lang='lat' dir='ltr'>est</span> <span class='ocrx_word' id='word_1_306' title='bbox 629 1846 693 1879; x_wconf 88' lang='lat' dir='ltr'>five</span> <span class='ocrx_word' id='word_1_307' title='bbox 718 1858 735 1879; x_wconf 88' lang='lat' dir='ltr'>a</span> <span class='ocrx_word' id='word_1_308' title='bbox 761 1845 971 1888; x_wconf 76' lang='lat' dir='ltr'>primordiis,</span> <span class='ocrx_word' id='word_1_309' title='bbox 995 1846 1088 1882; x_wconf 86' lang='lat' dir='ltr'>fivea</span> 
     </span>
     <span class='ocr_line' id='line_1_38' title="bbox 64 1889 1085 1932; baseline -0.001 -7"><span class='ocrx_word' id='word_1_310' title='bbox 64 1891 187 1925; x_wconf 80' lang='lat' dir='ltr'>morbo</span> <span class='ocrx_word' id='word_1_311' title='bbox 211 1893 332 1928; x_wconf 86' lang='lat' dir='ltr'>etiam,</span> <span class='ocrx_word' id='word_1_312' title='bbox 356 1890 445 1932; x_wconf 88' lang='lat' dir='ltr'>quod</span> <span class='ocrx_word' id='word_1_313' title='bbox 472 1890 612 1923; x_wconf 81' lang='lat' dir='ltr'>Riolani</span> <span class='ocrx_word' id='word_1_314' title='bbox 635 1890 705 1932; x_wconf 86' lang='lat' dir='ltr'>(n)</span> <span class='ocrx_word' id='word_1_315' title='bbox 726 1890 822 1923; x_wconf 89' lang='lat' dir='ltr'>verba</span> <span class='ocrx_word' id='word_1_316' title='bbox 854 1889 1085 1924; x_wconf 81' lang='lat' dir='ltr'>subindicant:</span> 
     </span>
     <span class='ocr_line' id='line_1_39' title="bbox 65 1933 1087 1976; baseline -0.002 -6"><span class='ocrx_word' id='word_1_317' title='bbox 65 1936 136 1970; x_wconf 65' lang='lat' dir='ltr'>vidi</span> <span class='ocrx_word' id='word_1_318' title='bbox 147 1958 161 1975; x_wconf 86' lang='lat'><em>‚</em></span> <span class='ocrx_word' id='word_1_319' title='bbox 184 1934 314 1975; x_wconf 86' lang='lat' dir='ltr'>inquit,</span> <span class='ocrx_word' id='word_1_320' title='bbox 338 1933 446 1966; x_wconf 75' lang='lat' dir='ltr'>Colum</span> <span class='ocrx_word' id='word_1_321' title='bbox 470 1933 650 1972; x_wconf 68' lang='lat' dir='ltr'>intestinum</span> <span class='ocrx_word' id='word_1_322' title='bbox 673 1935 757 1967; x_wconf 70' lang='lat' dir='ltr'>inter</span> <span class='ocrx_word' id='word_1_323' title='bbox 773 1935 864 1975; x_wconf 81' lang='lat' dir='ltr'>jecur</span> <span class='ocrx_word' id='word_1_324' title='bbox 886 1936 928 1968; x_wconf 57' lang='grc' dir='ltr'><em>Θ</em></span> <span class='ocrx_word' id='word_1_325' title='bbox 945 1933 1087 1976; x_wconf 80' lang='lat' dir='ltr'>splenem</span> 
     </span>
     <span class='ocr_line' id='line_1_40' title="bbox 66 1975 1086 2019; baseline 0.001 -8"><span class='ocrx_word' id='word_1_326' title='bbox 66 1988 128 2011; x_wconf 85' lang='lat' dir='ltr'>non</span> <span class='ocrx_word' id='word_1_327' title='bbox 151 1977 265 2012; x_wconf 72' lang='lat' dir='ltr'>direc‘t&#39;e</span> <span class='ocrx_word' id='word_1_328' title='bbox 285 1976 470 2019; x_wconf 75' lang='lat' dir='ltr'>protensum</span> <span class='ocrx_word' id='word_1_329' title='bbox 493 1999 502 2014; x_wconf 90' lang='lat'>‚</span> <span class='ocrx_word' id='word_1_330' title='bbox 529 1975 587 2018; x_wconf 87' lang='lat' dir='ltr'>sed</span> <span class='ocrx_word' id='word_1_331' title='bbox 609 1976 642 2009; x_wconf 86' lang='lat' dir='ltr'>in</span> <span class='ocrx_word' id='word_1_332' title='bbox 676 1979 698 2007; x_wconf 88' lang='lat' dir='ltr'><em>S</em></span> <span class='ocrx_word' id='word_1_333' title='bbox 721 1977 854 2016; x_wconf 76' lang='lat' dir='ltr'>Romani</span> <span class='ocrx_word' id='word_1_334' title='bbox 886 1978 1012 2012; x_wconf 78' lang='lat' dir='ltr'>modum</span> <span class='ocrx_word' id='word_1_335' title='bbox 1035 1980 1086 2012; x_wconf 73' lang='lat' dir='ltr'>in-</span> 
     </span>
     <span class='ocr_line' id='line_1_41' title="bbox 59 2017 1083 2065; baseline -0.001 -10"><span class='ocrx_word' id='word_1_336' title='bbox 59 2020 183 2065; x_wconf 84' lang='lat' dir='ltr'>flexum</span> <span class='ocrx_word' id='word_1_337' title='bbox 197 2045 206 2060; x_wconf 95' lang='lat'><em>‚</em></span> <span class='ocrx_word' id='word_1_338' title='bbox 232 2022 275 2054; x_wconf 64' lang='lat' dir='ltr'>(y</span> <span class='ocrx_word' id='word_1_339' title='bbox 298 2021 338 2053; x_wconf 83' lang='lat' dir='ltr'>ad</span> <span class='ocrx_word' id='word_1_340' title='bbox 360 2018 546 2053; x_wconf 79' lang='lat' dir='ltr'>umbilicum</span> <span class='ocrx_word' id='word_1_341' title='bbox 569 2017 664 2062; x_wconf 84' lang='lat' dir='ltr'>usque</span> <span class='ocrx_word' id='word_1_342' title='bbox 686 2020 981 2058; x_wconf 71' lang='lat' dir='ltr'><em>‘PROL-A‘PSUM:</em></span> <span class='ocrx_word' id='word_1_343' title='bbox 1007 2021 1083 2063; x_wconf 88' lang='lat' dir='ltr'>Spi-</span> 
     </span>
     <span class='ocr_line' id='line_1_42' title="bbox 64 2063 1085 2108; baseline -0.001 -10"><span class='ocrx_word' id='word_1_344' title='bbox 64 2067 172 2108; x_wconf 81' lang='lat' dir='ltr'>gelius</span> <span class='ocrx_word' id='word_1_345' title='bbox 198 2074 304 2099; x_wconf 87' lang='lat' dir='ltr'>autem</span> <span class='ocrx_word' id='word_1_346' title='bbox 328 2063 394 2106; x_wconf 85' lang='lat' dir='ltr'>(o)</span> <span class='ocrx_word' id='word_1_347' title='bbox 416 2063 464 2096; x_wconf 92' lang='lat' dir='ltr'>vel</span> <span class='ocrx_word' id='word_1_348' title='bbox 489 2063 629 2100; x_wconf 86' lang='lat' dir='ltr'>clarius,</span> <span class='ocrx_word' id='word_1_349' title='bbox 653 2065 686 2096; x_wconf 63' lang='grc' dir='ltr'>δέ</span> <span class='ocrx_word' id='word_1_350' title='bbox 709 2064 810 2106; x_wconf 86' lang='lat' dir='ltr'>magis</span> <span class='ocrx_word' id='word_1_351' title='bbox 836 2063 981 2098; x_wconf 83' lang='lat' dir='ltr'>universe</span> <span class='ocrx_word' id='word_1_352' title='bbox 1006 2063 1085 2098; x_wconf 88' lang='lat' dir='ltr'>scri-</span> 
     </span>
     <span class='ocr_line' id='line_1_43' title="bbox 63 2107 1086 2148; baseline -0.002 -5"><span class='ocrx_word' id='word_1_353' title='bbox 63 2110 164 2145; x_wconf 84' lang='lat' dir='ltr'>bens,</span> <span class='ocrx_word' id='word_1_354' title='bbox 189 2110 276 2143; x_wconf 88' lang='lat' dir='ltr'>idem</span> <span class='ocrx_word' id='word_1_355' title='bbox 299 2107 492 2141; x_wconf 88' lang='lat' dir='ltr'>intestinum</span> <span class='ocrx_word' id='word_1_356' title='bbox 507 2129 516 2145; x_wconf 92' lang='lat'>‚</span> <span class='ocrx_word' id='word_1_357' title='bbox 543 2108 588 2139; x_wconf 85' lang='lat' dir='ltr'>ait</span> <span class='ocrx_word' id='word_1_358' title='bbox 613 2130 625 2146; x_wconf 89' lang='lat'><strong><em>,</em></strong></span> <span class='ocrx_word' id='word_1_359' title='bbox 644 2114 757 2148; x_wconf 77' lang='lat' dir='ltr'>praeter</span> <span class='ocrx_word' id='word_1_360' title='bbox 780 2114 928 2140; x_wconf 81' lang='lat' dir='ltr'>naturam</span> <span class='ocrx_word' id='word_1_361' title='bbox 950 2109 983 2141; x_wconf 82' lang='lat' dir='ltr'>in</span> <span class='ocrx_word' id='word_1_362' title='bbox 1007 2108 1086 2141; x_wconf 71' lang='lat' dir='ltr'>coli-</span> 
     </span>
     <span class='ocr_line' id='line_1_44' title="bbox 62 2148 1086 2192; baseline -0.003 -6"><span class='ocrx_word' id='word_1_363' title='bbox 62 2154 112 2187; x_wconf 73' lang='lat' dir='ltr'>tis</span> <span class='ocrx_word' id='word_1_364' title='bbox 133 2151 315 2191; x_wconf 74' lang='lat' dir='ltr'>doloribus,</span> <span class='ocrx_word' id='word_1_365' title='bbox 340 2151 413 2183; x_wconf 82' lang='lat' dir='ltr'>dum</span> <span class='ocrx_word' id='word_1_366' title='bbox 430 2149 565 2192; x_wconf 76' lang='lat' dir='ltr'>flatibus</span> <span class='ocrx_word' id='word_1_367' title='bbox 587 2148 773 2189; x_wconf 59' lang='lat' dir='ltr'>distenditur</span> <span class='ocrx_word' id='word_1_368' title='bbox 796 2174 805 2188; x_wconf 87' lang='lat'><strong>,</strong></span> <span class='ocrx_word' id='word_1_369' title='bbox 828 2160 843 2182; x_wconf 84' lang='lat' dir='ltr'>e</span> <span class='ocrx_word' id='word_1_370' title='bbox 859 2149 918 2191; x_wconf 75' lang='lat' dir='ltr'>sua</span> <span class='ocrx_word' id='word_1_371' title='bbox 933 2150 1008 2191; x_wconf 83' lang='lat' dir='ltr'>sede</span> <span class='ocrx_word' id='word_1_372' title='bbox 1029 2161 1086 2183; x_wconf 86' lang='lat' dir='ltr'>na-</span> 
     </span>
     <span class='ocr_line' id='line_1_45' title="bbox 63 2192 1086 2235; baseline -0.005 -4"><span class='ocrx_word' id='word_1_373' title='bbox 63 2196 166 2231; x_wconf 72' lang='lat' dir='ltr'>rurali</span> <span class='ocrx_word' id='word_1_374' title='bbox 190 2195 293 2230; x_wconf 79' lang='lat' dir='ltr'>abire.</span> <span class='ocrx_word' id='word_1_375' title='bbox 320 2193 421 2235; x_wconf 84' lang='lat' dir='ltr'>Qod</span> <span class='ocrx_word' id='word_1_376' title='bbox 446 2193 469 2226; x_wconf 90' lang='lat' dir='ltr'>s1</span> <span class='ocrx_word' id='word_1_377' title='bbox 494 2194 539 2226; x_wconf 93' lang='lat' dir='ltr'>ob</span> <span class='ocrx_word' id='word_1_378' title='bbox 563 2192 645 2226; x_wconf 92' lang='lat' dir='ltr'>hanc</span> <span class='ocrx_word' id='word_1_379' title='bbox 669 2193 800 2226; x_wconf 87' lang='lat' dir='ltr'>causam</span> <span class='ocrx_word' id='word_1_380' title='bbox 824 2192 971 2226; x_wconf 72' lang='lat' dir='ltr'>accidisse</span> <span class='ocrx_word' id='word_1_381' title='bbox 994 2215 1004 2230; x_wconf 94' lang='lat'>‚</span> <span class='ocrx_word' id='word_1_382' title='bbox 1029 2205 1086 2226; x_wconf 92' lang='lat' dir='ltr'>ve-</span> 
     </span>
     <span class='ocr_line' id='line_1_46' title="bbox 63 2234 1090 2282; baseline -0.004 -8"><span class='ocrx_word' id='word_1_383' title='bbox 63 2240 128 2278; x_wconf 83' lang='lat' dir='ltr'>lis,</span> <span class='ocrx_word' id='word_1_384' title='bbox 152 2249 189 2273; x_wconf 93' lang='lat' dir='ltr'>ut</span> <span class='ocrx_word' id='word_1_385' title='bbox 213 2241 247 2272; x_wconf 93' lang='lat' dir='ltr'>in</span> <span class='ocrx_word' id='word_1_386' title='bbox 270 2237 470 2282; x_wconf 74' lang='lat' dir='ltr'>apople6tica</span> <span class='ocrx_word' id='word_1_387' title='bbox 482 2237 624 2269; x_wconf 86' lang='lat' dir='ltr'>&#39;Muliere</span> <span class='ocrx_word' id='word_1_388' title='bbox 646 2238 715 2277; x_wconf 85' lang='lat' dir='ltr'>(p)</span> <span class='ocrx_word' id='word_1_389' title='bbox 739 2246 810 2278; x_wconf 84' lang='lat' dir='ltr'>quae</span> <span class='ocrx_word' id='word_1_390' title='bbox 833 2236 874 2268; x_wconf 88' lang='lat' dir='ltr'>iis</span> <span class='ocrx_word' id='word_1_391' title='bbox 897 2234 1005 2270; x_wconf 90' lang='lat' dir='ltr'>fuerat</span> <span class='ocrx_word' id='word_1_392' title='bbox 1028 2236 1090 2270; x_wconf 94' lang='lat' dir='ltr'>do-</span> 
     </span>
     <span class='ocr_line' id='line_1_47' title="bbox 63 2279 1088 2319; baseline -0.006 0"><span class='ocrx_word' id='word_1_393' title='bbox 63 2284 192 2319; x_wconf 89' lang='lat' dir='ltr'>loribus</span> <span class='ocrx_word' id='word_1_394' title='bbox 215 2283 359 2316; x_wconf 86' lang='lat' dir='ltr'>obnoxia</span> <span class='ocrx_word' id='word_1_395' title='bbox 383 2302 392 2317; x_wconf 92' lang='lat'>,</span> <span class='ocrx_word' id='word_1_396' title='bbox 428 2279 540 2312; x_wconf 90' lang='lat' dir='ltr'>Colon</span> <span class='ocrx_word' id='word_1_397' title='bbox 576 2281 758 2312; x_wconf 87' lang='lat' dir='ltr'>invenerim</span> <span class='ocrx_word' id='word_1_398' title='bbox 783 2289 849 2312; x_wconf 90' lang='lat' dir='ltr'>non</span> <span class='ocrx_word' id='word_1_399' title='bbox 890 2279 989 2314; x_wconf 88' lang='lat' dir='ltr'>modo</span> <span class='ocrx_word' id='word_1_400' title='bbox 1012 2291 1088 2313; x_wconf 88' lang='lat' dir='ltr'>curn</span> 
     </span>
     <span class='ocr_line' id='line_1_48' title="bbox 64 2321 1088 2371; baseline -0.004 -10"><span class='ocrx_word' id='word_1_401' title='bbox 64 2329 200 2371; x_wconf 84' lang='lat' dir='ltr'>paucis,</span> <span class='ocrx_word' id='word_1_402' title='bbox 223 2324 364 2367; x_wconf 80' lang='lat' dir='ltr'>rarisque</span> <span class='ocrx_word' id='word_1_403' title='bbox 387 2323 512 2357; x_wconf 89' lang='lat' dir='ltr'>cellulis</span> <span class='ocrx_word' id='word_1_404' title='bbox 527 2345 536 2360; x_wconf 90' lang='lat'><strong><em>,</em></strong></span> <span class='ocrx_word' id='word_1_405' title='bbox 564 2321 615 2356; x_wconf 90' lang='lat' dir='ltr'>sed</span> <span class='ocrx_word' id='word_1_406' title='bbox 638 2324 739 2356; x_wconf 89' lang='lat' dir='ltr'>etiam</span> <span class='ocrx_word' id='word_1_407' title='bbox 764 2323 978 2364; x_wconf 81' lang='lat' dir='ltr'>amplioribus</span> <span class='ocrx_word' id='word_1_408' title='bbox 989 2335 1088 2366; x_wconf 87' lang='lat' dir='ltr'>quam</span> 
     </span>
     <span class='ocr_line' id='line_1_49' title="bbox 63 2365 1087 2412; baseline -0.005 -6"><span class='ocrx_word' id='word_1_409' title='bbox 63 2372 186 2410; x_wconf 77' lang='lat' dir='ltr'>soleat,</span> <span class='ocrx_word' id='word_1_410' title='bbox 209 2371 298 2412; x_wconf 87' lang='lat' dir='ltr'>gyris</span> <span class='ocrx_word' id='word_1_411' title='bbox 324 2378 501 2402; x_wconf 82' lang='lat' dir='ltr'>extremam</span> <span class='ocrx_word' id='word_1_412' title='bbox 523 2365 571 2399; x_wconf 91' lang='lat' dir='ltr'>sui</span> <span class='ocrx_word' id='word_1_413' title='bbox 595 2376 722 2409; x_wconf 89' lang='lat' dir='ltr'>partem</span> <span class='ocrx_word' id='word_1_414' title='bbox 745 2365 942 2399; x_wconf 83' lang='lat' dir='ltr'>umbilicum</span> <span class='ocrx_word' id='word_1_415' title='bbox 979 2367 1087 2401; x_wconf 86' lang='lat' dir='ltr'>versus</span> 
     </span>
     <span class='ocr_line' id='line_1_50' title="bbox 65 2408 1082 2457; baseline -0.008 -9"><span class='ocrx_word' id='word_1_416' title='bbox 65 2425 307 2457; x_wconf 82' lang='lat' dir='ltr'>contorquens,</span> <span class='ocrx_word' id='word_1_417' title='bbox 335 2423 400 2444; x_wconf 90' lang='lat' dir='ltr'>non</span> <span class='ocrx_word' id='word_1_418' title='bbox 428 2409 619 2452; x_wconf 81' lang='lat' dir='ltr'>repugnabo</span> <span class='ocrx_word' id='word_1_419' title='bbox 641 2433 654 2450; x_wconf 86' lang='lat'><em>,</em></span> <span class='ocrx_word' id='word_1_420' title='bbox 678 2408 859 2452; x_wconf 84' lang='lat' dir='ltr'>praeserti&#39;m</span> <span class='ocrx_word' id='word_1_421' title='bbox 881 2420 957 2443; x_wconf 89' lang='lat' dir='ltr'>cum</span> <span class='ocrx_word' id='word_1_422' title='bbox 982 2412 1082 2443; x_wconf 81' lang='lat' dir='ltr'>Fran-</span> 
     </span>
     <span class='ocr_line' id='line_1_51' title="bbox 64 2451 1082 2496; baseline -0.006 -3"><span class='ocrx_word' id='word_1_423' title='bbox 64 2459 186 2494; x_wconf 87' lang='lat' dir='ltr'>ciscum</span> <span class='ocrx_word' id='word_1_424' title='bbox 211 2457 360 2496; x_wconf 76' lang='lat' dir='ltr'>Svlvium</span> <span class='ocrx_word' id='word_1_425' title='bbox 385 2455 572 2496; x_wconf 80' lang='lat' dir='ltr'>intelligam</span> <span class='ocrx_word' id='word_1_426' title='bbox 604 2464 643 2486; x_wconf 86' lang='lat' dir='ltr'>ex</span> <span class='ocrx_word' id='word_1_427' title='bbox 666 2451 914 2486; x_wconf 87' lang='lat' dir='ltr'>Observatione</span> <span class='ocrx_word' id='word_1_428' title='bbox 949 2465 1022 2496; x_wconf 84' lang='lat' dir='ltr'>quae</span> <span class='ocrx_word' id='word_1_429' title='bbox 1046 2454 1082 2487; x_wconf 89' lang='lat' dir='ltr'>in</span> 
     </span>
     <span class='ocr_line' id='line_1_52' title="bbox 54 2495 1082 2546; baseline -0.006 -9"><span class='ocrx_word' id='word_1_430' title='bbox 54 2495 266 2546; x_wconf 75' lang='lat' dir='ltr'>Sepulchreti</span> <span class='ocrx_word' id='word_1_431' title='bbox 290 2500 438 2533; x_wconf 65' lang='lat' dir='ltr'>§esnone</span> <span class='ocrx_word' id='word_1_432' title='bbox 462 2496 521 2530; x_wconf 85' lang='lat' dir='ltr'>hac</span> <span class='ocrx_word' id='word_1_433' title='bbox 549 2522 558 2536; x_wconf 92' lang='lat'>,</span> <span class='ocrx_word' id='word_1_434' title='bbox 592 2496 637 2530; x_wconf 89' lang='lat' dir='ltr'>est</span> <span class='ocrx_word' id='word_1_435' title='bbox 659 2497 738 2529; x_wconf 92' lang='lat' dir='ltr'>XV.</span> <span class='ocrx_word' id='word_1_436' title='bbox 764 2495 864 2530; x_wconf 85' lang='lat' dir='ltr'>fusius</span> <span class='ocrx_word' id='word_1_437' title='bbox 890 2506 1000 2531; x_wconf 88' lang='lat' dir='ltr'>autem</span> <span class='ocrx_word' id='word_1_438' title='bbox 1024 2496 1082 2531; x_wconf 89' lang='lat' dir='ltr'>de-</span> 
     </span>
     <span class='ocr_line' id='line_1_53' title="bbox 54 2539 1079 2589; baseline -0.008 -7"><span class='ocrx_word' id='word_1_439' title='bbox 54 2549 179 2589; x_wconf 76' lang='lat' dir='ltr'>{cripta</span> <span class='ocrx_word' id='word_1_440' title='bbox 204 2546 326 2587; x_wconf 88' lang='lat' dir='ltr'>legitur</span> <span class='ocrx_word' id='word_1_441' title='bbox 350 2541 617 2575; x_wconf 70' lang='lat' dir='ltr'>ian.Se6ti0ne</span> <span class='ocrx_word' id='word_1_442' title='bbox 643 2540 720 2573; x_wconf 88' lang='lat' dir='ltr'>libri</span> <span class='ocrx_word' id='word_1_443' title='bbox 736 2541 762 2572; x_wconf 92' lang='lat' dir='ltr'>I.</span> <span class='ocrx_word' id='word_1_444' title='bbox 776 2540 831 2574; x_wconf 91' lang='lat' dir='ltr'>ubi</span> <span class='ocrx_word' id='word_1_445' title='bbox 858 2539 899 2573; x_wconf 91' lang='lat' dir='ltr'>est</span> <span class='ocrx_word' id='word_1_446' title='bbox 913 2541 1079 2574; x_wconf 88' lang='lat' dir='ltr'>XLVIII.</span> 
     </span>
     <span class='ocr_line' id='line_1_54' title="bbox 56 2583 1079 2632; baseline -0.004 -11"><span class='ocrx_word' id='word_1_447' title='bbox 56 2592 243 2632; x_wconf 81' lang='lat' dir='ltr'>intelligam</span> <span class='ocrx_word' id='word_1_448' title='bbox 260 2610 269 2626; x_wconf 86' lang='lat'><strong>,</strong></span> <span class='ocrx_word' id='word_1_449' title='bbox 294 2589 450 2629; x_wconf 89' lang='lat' dir='ltr'>inquam,</span> <span class='ocrx_word' id='word_1_450' title='bbox 473 2583 587 2617; x_wconf 89' lang='lat' dir='ltr'>iisdem</span> <span class='ocrx_word' id='word_1_451' title='bbox 599 2583 968 2618; x_wconf 83' lang='lat' dir='ltr'>cruciatibuslaborasse</span> <span class='ocrx_word' id='word_1_452' title='bbox 981 2585 1079 2617; x_wconf 90' lang='lat' dir='ltr'>aliam</span> 
     </span>
     <span class='ocr_line' id='line_1_55' title="bbox 56 2628 1081 2672; baseline -0.008 -3"><span class='ocrx_word' id='word_1_453' title='bbox 56 2635 231 2672; x_wconf 82' lang='lat' dir='ltr'>foeminam</span> <span class='ocrx_word' id='word_1_454' title='bbox 255 2655 264 2669; x_wconf 89' lang='lat'>‚</span> <span class='ocrx_word' id='word_1_455' title='bbox 299 2628 450 2664; x_wconf 76' lang='lat' dir='ltr'>censuisse</span> <span class='ocrx_word' id='word_1_456' title='bbox 473 2639 539 2662; x_wconf 90' lang='lat' dir='ltr'>non</span> <span class='ocrx_word' id='word_1_457' title='bbox 563 2638 631 2660; x_wconf 91' lang='lat' dir='ltr'>tam</span> <span class='ocrx_word' id='word_1_458' title='bbox 656 2628 733 2670; x_wconf 81' lang='lat' dir='ltr'>quia</span> <span class='ocrx_word' id='word_1_459' title='bbox 756 2636 928 2661; x_wconf 89' lang='lat' dir='ltr'>omentum</span> <span class='ocrx_word' id='word_1_460' title='bbox 962 2639 1021 2661; x_wconf 83' lang='lat' dir='ltr'>non</span> <span class='ocrx_word' id='word_1_461' title='bbox 1045 2639 1081 2661; x_wconf 89' lang='lat' dir='ltr'>o-</span> 
     </span>
     <span class='ocr_line' id='line_1_56' title="bbox 62 2670 1081 2715; baseline -0.01 0"><span class='ocrx_word' id='word_1_462' title='bbox 62 2680 150 2715; x_wconf 81' lang='lat' dir='ltr'>mnia</span> <span class='ocrx_word' id='word_1_463' title='bbox 172 2676 323 2710; x_wconf 87' lang='lat' dir='ltr'>intestina</span> <span class='ocrx_word' id='word_1_464' title='bbox 345 2682 477 2715; x_wconf 86' lang='lat' dir='ltr'>tegens,</span> <span class='ocrx_word' id='word_1_465' title='bbox 501 2681 554 2705; x_wconf 90' lang='lat' dir='ltr'>aut</span> <span class='ocrx_word' id='word_1_466' title='bbox 579 2670 647 2705; x_wconf 85' lang='lat' dir='ltr'>haec</span> <span class='ocrx_word' id='word_1_467' title='bbox 670 2670 895 2705; x_wconf 77' lang='lat' dir='ltr'>nonnihilloco</span> <span class='ocrx_word' id='word_1_468' title='bbox 920 2681 1011 2706; x_wconf 86' lang='lat' dir='ltr'>mota</span> <span class='ocrx_word' id='word_1_469' title='bbox 1023 2671 1081 2705; x_wconf 92' lang='lat' dir='ltr'>ad-</span> 
     </span>
     <span class='ocr_line' id='line_1_57' title="bbox 63 2715 1082 2758; baseline -0.008 -1"><span class='ocrx_word' id='word_1_470' title='bbox 63 2720 226 2758; x_wconf 57' lang='lat' dir='ltr'>notassem</span> <span class='ocrx_word' id='word_1_471' title='bbox 252 2719 314 2753; x_wconf 91' lang='lat' dir='ltr'>hoc</span> <span class='ocrx_word' id='word_1_472' title='bbox 339 2719 429 2751; x_wconf 88' lang='lat' dir='ltr'>enim</span> <span class='ocrx_word' id='word_1_473' title='bbox 454 2715 540 2749; x_wconf 85' lang='lat' dir='ltr'>haud</span> <span class='ocrx_word' id='word_1_474' title='bbox 563 2726 637 2748; x_wconf 86' lang='lat' dir='ltr'>raro</span> <span class='ocrx_word' id='word_1_475' title='bbox 662 2739 671 2754; x_wconf 96' lang='lat'><em>‚</em></span> <span class='ocrx_word' id='word_1_476' title='bbox 706 2715 790 2748; x_wconf 89' lang='lat' dir='ltr'>illud</span> <span class='ocrx_word' id='word_1_477' title='bbox 813 2726 890 2749; x_wconf 91' lang='lat' dir='ltr'>vero</span> <span class='ocrx_word' id='word_1_478' title='bbox 915 2715 1082 2757; x_wconf 79' lang='lat' dir='ltr'>saepiffime</span> 
     </span>
     <span class='ocr_line' id='line_1_58' title="bbox 62 2756 1085 2806; baseline -0.008 -7"><span class='ocrx_word' id='word_1_479' title='bbox 62 2766 230 2802; x_wconf 79' lang='lat' dir='ltr'>occurrit3</span> <span class='ocrx_word' id='word_1_480' title='bbox 253 2774 371 2806; x_wconf 87' lang='lat' dir='ltr'>quam,</span> <span class='ocrx_word' id='word_1_481' title='bbox 399 2758 459 2793; x_wconf 83' lang='lat' dir='ltr'>nisi</span> <span class='ocrx_word' id='word_1_482' title='bbox 484 2759 662 2801; x_wconf 86' lang='lat' dir='ltr'>plurimum</span> <span class='ocrx_word' id='word_1_483' title='bbox 676 2756 794 2795; x_wconf 83' lang='lat' dir='ltr'>fallor,</span> <span class='ocrx_word' id='word_1_484' title='bbox 817 2760 894 2802; x_wconf 89' lang='lat' dir='ltr'>quia</span> <span class='ocrx_word' id='word_1_485' title='bbox 909 2768 1085 2801; x_wconf 87' lang='lat' dir='ltr'>utrumque</span> 
     </span>
     <span class='ocr_line' id='line_1_59' title="bbox 63 2802 1082 2857; baseline -0.008 -13"><span class='ocrx_word' id='word_1_486' title='bbox 63 2811 165 2857; x_wconf 84' lang='lat' dir='ltr'>paulo</span> <span class='ocrx_word' id='word_1_487' title='bbox 188 2818 258 2841; x_wconf 84' lang='lat' dir='ltr'>ante</span> <span class='ocrx_word' id='word_1_488' title='bbox 282 2802 462 2847; x_wconf 77' lang='lat' dir='ltr'>expolitum</span> <span class='ocrx_word' id='word_1_489' title='bbox 486 2805 684 2837; x_wconf 87' lang='lat' dir='ltr'>varietatum</span> <span class='ocrx_word' id='word_1_490' title='bbox 707 2813 808 2845; x_wconf 89' lang='lat' dir='ltr'>genus</span> <span class='ocrx_word' id='word_1_491' title='bbox 831 2806 863 2835; x_wconf 90' lang='lat' dir='ltr'>in</span> <span class='ocrx_word' id='word_1_492' title='bbox 887 2804 997 2836; x_wconf 85' lang='lat' dir='ltr'>eadem</span> <span class='ocrx_word' id='word_1_493' title='bbox 1020 2802 1082 2836; x_wconf 88' lang='lat' dir='ltr'>foe-</span> 
     </span>
     <span class='ocr_line' id='line_1_60' title="bbox 65 2845 1081 2890; baseline -0.007 -3"><span class='ocrx_word' id='word_1_494' title='bbox 65 2857 179 2890; x_wconf 86' lang='lat' dir='ltr'>mina,</span> <span class='ocrx_word' id='word_1_495' title='bbox 204 2862 241 2885; x_wconf 88' lang='lat' dir='ltr'>ut</span> <span class='ocrx_word' id='word_1_496' title='bbox 264 2850 373 2884; x_wconf 88' lang='lat' dir='ltr'>videre</span> <span class='ocrx_word' id='word_1_497' title='bbox 397 2849 542 2890; x_wconf 87' lang='lat' dir='ltr'>poteris,</span> <span class='ocrx_word' id='word_1_498' title='bbox 564 2845 837 2889; x_wconf 81' lang='lat' dir='ltr'>deprehenderat.</span> <span class='ocrx_word' id='word_1_499' title='bbox 863 2845 966 2885; x_wconf 88' lang='lat' dir='ltr'>Quod</span> <span class='ocrx_word' id='word_1_500' title='bbox 990 2846 1012 2879; x_wconf 81' lang='lat' dir='ltr'>si</span> <span class='ocrx_word' id='word_1_501' title='bbox 1037 2848 1081 2880; x_wconf 93' lang='lat' dir='ltr'>ob</span> 
     </span>
     <span class='ocr_line' id='line_1_61' title="bbox 67 2890 1080 2941; baseline -0.009 -9"><span class='ocrx_word' id='word_1_502' title='bbox 67 2895 226 2941; x_wconf 86' lang='lat' dir='ltr'>ejusmodi</span> <span class='ocrx_word' id='word_1_503' title='bbox 251 2904 380 2928; x_wconf 79' lang='lat' dir='ltr'>tantum</span> <span class='ocrx_word' id='word_1_504' title='bbox 416 2891 544 2925; x_wconf 88' lang='lat' dir='ltr'>causam</span> <span class='ocrx_word' id='word_1_505' title='bbox 578 2890 663 2924; x_wconf 86' lang='lat' dir='ltr'>sedes</span> <span class='ocrx_word' id='word_1_506' title='bbox 696 2899 903 2924; x_wconf 83' lang='lat' dir='ltr'>mutarentur</span> <span class='ocrx_word' id='word_1_507' title='bbox 935 2890 1080 2924; x_wconf 87' lang='lat' dir='ltr'>intestini</span> 
     </span>
     <span class='ocr_line' id='line_1_62' title="bbox 65 2933 1081 2978; baseline -0.007 -4"><span class='ocrx_word' id='word_1_508' title='bbox 65 2943 147 2977; x_wconf 88' lang='lat' dir='ltr'>Coli</span> <span class='ocrx_word' id='word_1_509' title='bbox 161 2954 169 2978; x_wconf 69' lang='grc' dir='ltr'>ς</span> <span class='ocrx_word' id='word_1_510' title='bbox 183 2938 257 2972; x_wconf 76' lang='lat' dir='ltr'>effer</span> <span class='ocrx_word' id='word_1_511' title='bbox 268 2947 374 2970; x_wconf 88' lang='lat' dir='ltr'>tamen</span> <span class='ocrx_word' id='word_1_512' title='bbox 387 2935 510 2969; x_wconf 89' lang='lat' dir='ltr'>errandi</span> <span class='ocrx_word' id='word_1_513' title='bbox 524 2935 704 2977; x_wconf 86' lang='lat' dir='ltr'>periculum</span> <span class='ocrx_word' id='word_1_514' title='bbox 716 2945 754 2966; x_wconf 92' lang='lat' dir='ltr'>eo</span> <span class='ocrx_word' id='word_1_515' title='bbox 770 2935 870 2975; x_wconf 82' lang='lat' dir='ltr'>magis</span> <span class='ocrx_word' id='word_1_516' title='bbox 883 2933 1081 2974; x_wconf 81' lang='lat' dir='ltr'>timendum,</span> 
     </span>
     <span class='ocr_line' id='line_1_63' title="bbox 65 2976 1081 3029; baseline -0.009 -10"><span class='ocrx_word' id='word_1_517' title='bbox 65 2984 157 3029; x_wconf 87' lang='lat' dir='ltr'>quod</span> <span class='ocrx_word' id='word_1_518' title='bbox 179 2983 244 3016; x_wconf 83' lang='lat' dir='ltr'>illis</span> <span class='ocrx_word' id='word_1_519' title='bbox 264 2981 303 3015; x_wconf 90' lang='lat' dir='ltr'>de</span> <span class='ocrx_word' id='word_1_520' title='bbox 325 2979 452 3014; x_wconf 89' lang='lat' dir='ltr'>sedibus</span> <span class='ocrx_word' id='word_1_521' title='bbox 463 2981 496 3012; x_wconf 88' lang='lat' dir='ltr'>in</span> <span class='ocrx_word' id='word_1_522' title='bbox 509 2981 548 3013; x_wconf 91' lang='lat' dir='ltr'>iis</span> <span class='ocrx_word' id='word_1_523' title='bbox 561 2977 758 3021; x_wconf 85' lang='lat' dir='ltr'>potiffirnum</span> <span class='ocrx_word' id='word_1_524' title='bbox 781 2976 886 3010; x_wconf 88' lang='lat' dir='ltr'>sermo</span> <span class='ocrx_word' id='word_1_525' title='bbox 909 2977 948 3010; x_wconf 87' lang='lat' dir='ltr'>sit</span> <span class='ocrx_word' id='word_1_526' title='bbox 971 2979 1028 3020; x_wconf 90' lang='lat' dir='ltr'>qui</span> <span class='ocrx_word' id='word_1_527' title='bbox 1052 2980 1081 3011; x_wconf 88' lang='lat' dir='ltr'>ei</span> 
     </span>
     <span class='ocr_line' id='line_1_64' title="bbox 64 3020 1085 3065; baseline -0.008 -2"><span class='ocrx_word' id='word_1_528' title='bbox 64 3029 172 3065; x_wconf 88' lang='lat' dir='ltr'>:solent</span> <span class='ocrx_word' id='word_1_529' title='bbox 186 3025 245 3060; x_wconf 82' lang='lat' dir='ltr'>effe</span> <span class='ocrx_word' id='word_1_530' title='bbox 256 3024 356 3060; x_wconf 82' lang='lat' dir='ltr'>causae</span> <span class='ocrx_word' id='word_1_531' title='bbox 369 3023 506 3056; x_wconf 88' lang='lat' dir='ltr'>obnoxii</span> <span class='ocrx_word' id='word_1_532' title='bbox 519 3048 525 3055; x_wconf 90' lang='lat'>.</span> <span class='ocrx_word' id='word_1_533' title='bbox 539 3023 667 3056; x_wconf 88' lang='lat' dir='ltr'>Verum</span> <span class='ocrx_word' id='word_1_534' title='bbox 678 3023 711 3054; x_wconf 88' lang='lat' dir='ltr'>in</span> <span class='ocrx_word' id='word_1_535' title='bbox 726 3022 766 3054; x_wconf 90' lang='lat' dir='ltr'>iis</span> <span class='ocrx_word' id='word_1_536' title='bbox 777 3024 878 3055; x_wconf 87' lang='lat' dir='ltr'>etiarn</span> <span class='ocrx_word' id='word_1_537' title='bbox 889 3032 1029 3062; x_wconf 90' lang='lat' dir='ltr'>quorum</span> <span class='ocrx_word' id='word_1_538' title='bbox 1041 3020 1085 3056; x_wconf 87' lang='lat' dir='ltr'>est</span> 
     </span>
     <span class='ocr_line' id='line_1_65' title="bbox 65 3064 1083 3109; baseline -0.008 -2"><span class='ocrx_word' id='word_1_539' title='bbox 65 3071 259 3107; x_wconf 88' lang='lat' dir='ltr'>ventriculis</span> <span class='ocrx_word' id='word_1_540' title='bbox 284 3067 444 3109; x_wconf 87' lang='lat' dir='ltr'>amplior,</span> <span class='ocrx_word' id='word_1_541' title='bbox 468 3075 519 3099; x_wconf 90' lang='lat' dir='ltr'>aut</span> <span class='ocrx_word' id='word_1_542' title='bbox 530 3065 621 3108; x_wconf 79' lang='lat' dir='ltr'>jecur</span> <span class='ocrx_word' id='word_1_543' title='bbox 634 3065 810 3107; x_wconf 81' lang='lat' dir='ltr'>grandius,</span> <span class='ocrx_word' id='word_1_544' title='bbox 829 3064 1005 3098; x_wconf 87' lang='lat' dir='ltr'>transversa</span> <span class='ocrx_word' id='word_1_545' title='bbox 1026 3065 1083 3099; x_wconf 87' lang='lat' dir='ltr'>illa</span> 
     </span>
     <span class='ocr_line' id='line_1_66' title="bbox 67 3108 1084 3158; baseline -0.008 -7"><span class='ocrx_word' id='word_1_546' title='bbox 67 3118 148 3151; x_wconf 92' lang='lat' dir='ltr'>Coli</span> <span class='ocrx_word' id='word_1_547' title='bbox 173 3126 244 3158; x_wconf 88' lang='lat' dir='ltr'>pars</span> <span class='ocrx_word' id='word_1_548' title='bbox 266 3123 338 3156; x_wconf 78' lang='lat' dir='ltr'>quae</span> <span class='ocrx_word' id='word_1_549' title='bbox 362 3110 411 3144; x_wconf 86' lang='lat' dir='ltr'>his</span> <span class='ocrx_word' id='word_1_550' title='bbox 423 3108 594 3152; x_wconf 87' lang='lat' dir='ltr'>subjicitur</span> <span class='ocrx_word' id='word_1_551' title='bbox 607 3108 806 3146; x_wconf 87' lang='lat' dir='ltr'>visceribus,</span> <span class='ocrx_word' id='word_1_552' title='bbox 830 3118 925 3144; x_wconf 77' lang='lat' dir='ltr'>tanto</span> <span class='ocrx_word' id='word_1_553' title='bbox 946 3108 1084 3143; x_wconf 90' lang='lat' dir='ltr'>inferior</span> 
     </span>
     <span class='ocr_line' id='line_1_67' title="bbox 67 3153 1081 3203; baseline -0.007 -10"><span class='ocrx_word' id='word_1_554' title='bbox 67 3162 270 3203; x_wconf 84' lang='lat' dir='ltr'>est,quanto</span> <span class='ocrx_word' id='word_1_555' title='bbox 294 3155 360 3189; x_wconf 87' lang='lat' dir='ltr'>haec</span> <span class='ocrx_word' id='word_1_556' title='bbox 385 3153 510 3196; x_wconf 79' lang='lat' dir='ltr'>majora</span> <span class='ocrx_word' id='word_1_557' title='bbox 524 3177 531 3185; x_wconf 96' lang='lat'>.</span> <span class='ocrx_word' id='word_1_558' title='bbox 552 3154 629 3187; x_wconf 88' lang='lat' dir='ltr'>Huc</span> <span class='ocrx_word' id='word_1_559' title='bbox 641 3153 742 3187; x_wconf 85' lang='lat' dir='ltr'>causae</span> <span class='ocrx_word' id='word_1_560' title='bbox 754 3155 909 3187; x_wconf 86' lang='lat' dir='ltr'>accedunt</span> <span class='ocrx_word' id='word_1_561' title='bbox 919 3164 991 3194; x_wconf 88' lang='lat' dir='ltr'>quae</span> <span class='ocrx_word' id='word_1_562' title='bbox 1007 3164 1081 3186; x_wconf 87' lang='lat' dir='ltr'>ven-</span> 
     </span>
     <span class='ocr_line' id='line_1_68' title="bbox 64 3197 1079 3242; baseline -0.009 -3"><span class='ocrx_word' id='word_1_563' title='bbox 64 3205 224 3240; x_wconf 86' lang='lat' dir='ltr'>triculum</span> <span class='ocrx_word' id='word_1_564' title='bbox 246 3200 435 3242; x_wconf 88' lang='lat' dir='ltr'>deprimunt</span> <span class='ocrx_word' id='word_1_565' title='bbox 450 3224 458 3236; x_wconf 85' lang='lat'>,</span> <span class='ocrx_word' id='word_1_566' title='bbox 482 3200 512 3230; x_wconf 84' lang='lat'><strong>&amp;</strong></span> <span class='ocrx_word' id='word_1_567' title='bbox 534 3208 608 3230; x_wconf 90' lang='lat' dir='ltr'>cum</span> <span class='ocrx_word' id='word_1_568' title='bbox 633 3209 670 3230; x_wconf 91' lang='lat' dir='ltr'>eo</span> <span class='ocrx_word' id='word_1_569' title='bbox 692 3197 803 3230; x_wconf 85' lang='lat' dir='ltr'>Colon</span> <span class='ocrx_word' id='word_1_570' title='bbox 817 3221 824 3233; x_wconf 88' lang='lat'>,</span> <span class='ocrx_word' id='word_1_571' title='bbox 848 3206 883 3230; x_wconf 91' lang='lat' dir='ltr'>ut</span> <span class='ocrx_word' id='word_1_572' title='bbox 909 3197 941 3229; x_wconf 91' lang='lat' dir='ltr'>in</span> <span class='ocrx_word' id='word_1_573' title='bbox 967 3197 1079 3230; x_wconf 90' lang='lat' dir='ltr'>Vene-</span> 
     </span>
     <span class='ocr_line' id='line_1_69' title="bbox 62 3239 1080 3292; baseline -0.008 -10"><span class='ocrx_word' id='word_1_574' title='bbox 62 3259 103 3283; x_wconf 86' lang='lat' dir='ltr'>to</span> <span class='ocrx_word' id='word_1_575' title='bbox 121 3248 247 3292; x_wconf 88' lang='lat' dir='ltr'>Juvene</span> <span class='ocrx_word' id='word_1_576' title='bbox 271 3239 418 3278; x_wconf 75' lang='lat' dir='ltr'>accidisse</span> <span class='ocrx_word' id='word_1_577' title='bbox 440 3240 578 3275; x_wconf 85' lang='lat' dir='ltr'>vidimus</span> <span class='ocrx_word' id='word_1_578' title='bbox 600 3242 616 3284; x_wconf 94' lang='lat'><em>(</em></span> <span class='ocrx_word' id='word_1_579' title='bbox 637 3239 690 3283; x_wconf 87' lang='lat' dir='ltr'>q)</span> <span class='ocrx_word' id='word_1_580' title='bbox 727 3251 767 3274; x_wconf 86' lang='lat' dir='ltr'>ex</span> <span class='ocrx_word' id='word_1_581' title='bbox 799 3239 951 3273; x_wconf 81' lang='lat' dir='ltr'>abnormi</span> <span class='ocrx_word' id='word_1_582' title='bbox 973 3241 1080 3283; x_wconf 82' lang='lat' dir='ltr'>Spinae</span> 
     </span>
     <span class='ocr_line' id='line_1_70' title="bbox 65 3284 1081 3328; baseline -0.007 -2"><span class='ocrx_word' id='word_1_583' title='bbox 65 3292 270 3328; x_wconf 82' lang='lat' dir='ltr'>inflexione.</span> <span class='ocrx_word' id='word_1_584' title='bbox 295 3285 354 3321; x_wconf 87' lang='lat' dir='ltr'>Sed</span> <span class='ocrx_word' id='word_1_585' title='bbox 378 3294 492 3328; x_wconf 84' lang='lat' dir='ltr'>praeter</span> <span class='ocrx_word' id='word_1_586' title='bbox 516 3285 648 3318; x_wconf 88' lang='lat' dir='ltr'>morbos</span> <span class='ocrx_word' id='word_1_587' title='bbox 671 3308 684 3325; x_wconf 87' lang='lat'><em>,</em></span> <span class='ocrx_word' id='word_1_588' title='bbox 718 3284 972 3318; x_wconf 87' lang='lat' dir='ltr'>constitutiones</span> <span class='ocrx_word' id='word_1_589' title='bbox 995 3297 1081 3327; x_wconf 87' lang='lat' dir='ltr'>quo-</span> 
     </span>
     <span class='ocr_line' id='line_1_71' title="bbox 67 3327 1079 3382; baseline -0.006 -13"><span class='ocrx_word' id='word_1_590' title='bbox 67 3349 132 3382; x_wconf 84' lang='lat' dir='ltr'>que</span> <span class='ocrx_word' id='word_1_591' title='bbox 156 3334 227 3368; x_wconf 88' lang='lat' dir='ltr'>sunt</span> <span class='ocrx_word' id='word_1_592' title='bbox 251 3341 429 3374; x_wconf 84' lang='lat' dir='ltr'>corporum</span> <span class='ocrx_word' id='word_1_593' title='bbox 464 3327 640 3361; x_wconf 87' lang='lat' dir='ltr'>secundum</span> <span class='ocrx_word' id='word_1_594' title='bbox 663 3338 814 3362; x_wconf 86' lang='lat' dir='ltr'>naturam</span> <span class='ocrx_word' id='word_1_595' title='bbox 841 3350 851 3366; x_wconf 89' lang='lat'>‚</span> <span class='ocrx_word' id='word_1_596' title='bbox 882 3330 915 3361; x_wconf 90' lang='lat' dir='ltr'>in</span> <span class='ocrx_word' id='word_1_597' title='bbox 938 3340 1079 3371; x_wconf 89' lang='lat' dir='ltr'>quorum</span> 
     </span>
     <span class='ocr_line' id='line_1_72' title="bbox 66 3371 1078 3417; baseline -0.009 -1"><span class='ocrx_word' id='word_1_598' title='bbox 66 3382 143 3417; x_wconf 72' lang='lat' dir='ltr'>aliis</span> <span class='ocrx_word' id='word_1_599' title='bbox 167 3379 237 3413; x_wconf 81' lang='lat' dir='ltr'>aliae</span> <span class='ocrx_word' id='word_1_600' title='bbox 262 3376 333 3410; x_wconf 90' lang='lat' dir='ltr'>sunt</span> <span class='ocrx_word' id='word_1_601' title='bbox 357 3373 435 3407; x_wconf 90' lang='lat' dir='ltr'>Coli</span> <span class='ocrx_word' id='word_1_602' title='bbox 461 3371 563 3405; x_wconf 83' lang='lat' dir='ltr'>sedes.</span> <span class='ocrx_word' id='word_1_603' title='bbox 589 3372 678 3406; x_wconf 89' lang='lat' dir='ltr'>Nam</span> <span class='ocrx_word' id='word_1_604' title='bbox 703 3373 804 3405; x_wconf 86' lang='lat' dir='ltr'>etiam</span> <span class='ocrx_word' id='word_1_605' title='bbox 828 3372 869 3405; x_wconf 89' lang='lat' dir='ltr'>ab</span> <span class='ocrx_word' id='word_1_606' title='bbox 891 3381 968 3405; x_wconf 87' lang='lat' dir='ltr'>ortu</span> <span class='ocrx_word' id='word_1_607' title='bbox 995 3395 1004 3410; x_wconf 91' lang='lat'>,</span> <span class='ocrx_word' id='word_1_608' title='bbox 1042 3383 1078 3408; x_wconf 90' lang='lat' dir='ltr'>ut</span> 
     </span>
     <span class='ocr_line' id='line_1_73' title="bbox 67 3414 1078 3471; baseline -0.008 -14"><span class='ocrx_word' id='word_1_609' title='bbox 67 3425 171 3471; x_wconf 82' lang='lat' dir='ltr'>paulo</span> <span class='ocrx_word' id='word_1_610' title='bbox 194 3430 267 3455; x_wconf 89' lang='lat' dir='ltr'>ante</span> <span class='ocrx_word' id='word_1_611' title='bbox 291 3417 473 3452; x_wconf 87' lang='lat' dir='ltr'>indicatum</span> <span class='ocrx_word' id='word_1_612' title='bbox 498 3414 559 3452; x_wconf 86' lang='lat' dir='ltr'>est,</span> <span class='ocrx_word' id='word_1_613' title='bbox 583 3416 676 3449; x_wconf 87' lang='lat' dir='ltr'>aliter</span> <span class='ocrx_word' id='word_1_614' title='bbox 702 3418 801 3458; x_wconf 84' lang='lat' dir='ltr'>potest</span> <span class='ocrx_word' id='word_1_615' title='bbox 825 3415 886 3450; x_wconf 83' lang='lat' dir='ltr'>effe</span> <span class='ocrx_word' id='word_1_616' title='bbox 909 3416 1053 3450; x_wconf 89' lang='lat' dir='ltr'>locatum</span> <span class='ocrx_word' id='word_1_617' title='bbox 1069 3442 1078 3455; x_wconf 89' lang='lat'><em>‚</em></span> 
     </span>
     <span class='ocr_line' id='line_1_74' title="bbox 69 3459 1078 3511; baseline -0.012 -10"><span class='ocrx_word' id='word_1_618' title='bbox 69 3473 102 3504; x_wconf 85' lang='lat'>&amp;</span> <span class='ocrx_word' id='word_1_619' title='bbox 127 3465 269 3511; x_wconf 87' lang='lat' dir='ltr'>gravidis</span> <span class='ocrx_word' id='word_1_620' title='bbox 301 3462 398 3496; x_wconf 64' lang='lat' dir='ltr'>austo</span> <span class='ocrx_word' id='word_1_621' title='bbox 431 3469 523 3494; x_wconf 83' lang='lat' dir='ltr'>utero</span> <span class='ocrx_word' id='word_1_622' title='bbox 554 3459 680 3493; x_wconf 86' lang='lat' dir='ltr'>ultimis</span> <span class='ocrx_word' id='word_1_623' title='bbox 703 3459 863 3494; x_wconf 86' lang='lat' dir='ltr'>mensibus</span> <span class='ocrx_word' id='word_1_624' title='bbox 895 3460 1078 3496; x_wconf 64' lang='lat' dir='ltr'>transversa</span> 
     </span>
     <span class='ocr_line' id='line_1_75' title="bbox 69 3501 1079 3552; baseline -0.008 -4"><span class='ocrx_word' id='word_1_625' title='bbox 69 3514 128 3547; x_wconf 81' lang='lat' dir='ltr'>illa</span> <span class='ocrx_word' id='word_1_626' title='bbox 153 3510 234 3546; x_wconf 82' lang='lat' dir='ltr'>Goli</span> <span class='ocrx_word' id='word_1_627' title='bbox 258 3518 331 3552; x_wconf 86' lang='lat' dir='ltr'>pars</span> <span class='ocrx_word' id='word_1_628' title='bbox 356 3505 456 3539; x_wconf 90' lang='lat' dir='ltr'>altior</span> <span class='ocrx_word' id='word_1_629' title='bbox 479 3502 544 3541; x_wconf 87' lang='lat' dir='ltr'>est,</span> <span class='ocrx_word' id='word_1_630' title='bbox 571 3501 665 3537; x_wconf 77' lang='lat' dir='ltr'>ficuti</span> <span class='ocrx_word' id='word_1_631' title='bbox 679 3503 836 3547; x_wconf 88' lang='lat' dir='ltr'>Spigelius</span> <span class='ocrx_word' id='word_1_632' title='bbox 861 3506 1079 3543; x_wconf 62' lang='lat' dir='ltr'>(7⁸)animad-</span> 
     </span>
    </p>
   </div>
   <div class='ocr_carea' id='block_1_3' title="bbox 70 3564 1078 3644">
    <p class='ocr_par' dir='ltr' id='par_1_4' title="bbox 70 3564 1078 3644">
     <span class='ocr_line' id='line_1_76' title="bbox 70 3564 1078 3644; baseline 0.038 -51"><span class='ocrx_word' id='word_1_633' title='bbox 70 3564 256 3644; x_wconf 47' lang='lat' dir='ltr'>vessffQae</span> <span class='ocrx_word' id='word_1_634' title='bbox 279 3604 354 3629; x_wconf 71' lang='lat' dir='ltr'>cum</span> <span class='ocrx_word' id='word_1_635' title='bbox 379 3593 425 3627; x_wconf 89' lang='lat' dir='ltr'>ita</span> <span class='ocrx_word' id='word_1_636' title='bbox 436 3592 497 3626; x_wconf 59' lang='grc' dir='ltr'>ΗΜ</span> <span class='ocrx_word' id='word_1_637' title='bbox 512 3617 522 3632; x_wconf 58' lang='grc'><strong>,</strong></span> <span class='ocrx_word' id='word_1_638' title='bbox 544 3601 684 3634; x_wconf 66' lang='lat' dir='ltr'>cumque</span> <span class='ocrx_word' id='word_1_639' title='bbox 706 3602 745 3626; x_wconf 74' lang='lat' dir='ltr'>ex</span> <span class='ocrx_word' id='word_1_640' title='bbox 766 3589 817 3625; x_wconf 86' lang='lat' dir='ltr'>his</span> <span class='ocrx_word' id='word_1_641' title='bbox 839 3591 915 3626; x_wconf 82' lang='lat' dir='ltr'>satis</span> <span class='ocrx_word' id='word_1_642' title='bbox 927 3603 1078 3637; x_wconf 85' lang='lat' dir='ltr'>appareat</span> 
     </span>
    </p>
   </div>
   <div class='ocr_carea' id='block_1_4' title="bbox 74 3728 851 3745">
    <p class='ocr_par' dir='ltr' id='par_1_5' title="bbox 74 3728 851 3745">
     <span class='ocr_line' id='line_1_77' title="bbox 74 3728 851 3745; baseline 0 330"><span class='ocrx_word' id='word_1_643' title='bbox 74 3728 851 3745; x_wconf 95' lang='lat' dir='ltr'> </span> 
     </span>
    </p>
   </div>
   <div class='ocr_carea' id='block_1_5' title="bbox 128 3789 658 3883">
    <p class='ocr_par' dir='ltr' id='par_1_6' title="bbox 128 3789 658 3883">
     <span class='ocr_line' id='line_1_78' title="bbox 132 3789 658 3822; baseline -0.004 -5"><span class='ocrx_word' id='word_1_644' title='bbox 132 3793 149 3822; x_wconf 85' lang='grc'>(</span> <span class='ocrx_word' id='word_1_645' title='bbox 163 3793 173 3816; x_wconf 78' lang='grc' dir='ltr'>ι’</span> <span class='ocrx_word' id='word_1_646' title='bbox 187 3793 202 3822; x_wconf 83' lang='grc'>)</span> <span class='ocrx_word' id='word_1_647' title='bbox 220 3791 335 3817; x_wconf 73' lang='lat' dir='ltr'>Animad.</span> <span class='ocrx_word' id='word_1_648' title='bbox 352 3799 375 3815; x_wconf 82' lang='lat'>2.</span> <span class='ocrx_word' id='word_1_649' title='bbox 438 3789 482 3820; x_wconf 73' lang='lat' dir='ltr'>(k</span> <span class='ocrx_word' id='word_1_650' title='bbox 498 3790 512 3818; x_wconf 88' lang='lat'>)</span> <span class='ocrx_word' id='word_1_651' title='bbox 528 3789 613 3815; x_wconf 77' lang='lat' dir='ltr'>Anim.</span> <span class='ocrx_word' id='word_1_652' title='bbox 631 3792 658 3815; x_wconf 83' lang='lat'>6.</span> 
     </span>
     <span class='ocr_line' id='line_1_79' title="bbox 128 3820 648 3883; baseline -0.004 -36"><span class='ocrx_word' id='word_1_653' title='bbox 128 3825 202 3883; x_wconf 52' lang='lat'>{⁸03</span> <span class='ocrx_word' id='word_1_654' title='bbox 217 3830 238 3846; x_wconf 83' lang='lat' dir='ltr'>c.</span> <span class='ocrx_word' id='word_1_655' title='bbox 254 3823 298 3846; x_wconf 82' lang='lat' dir='ltr'>cit.</span> <span class='ocrx_word' id='word_1_656' title='bbox 358 3826 400 3853; x_wconf 74' lang='lat' dir='ltr'>(p</span> <span class='ocrx_word' id='word_1_657' title='bbox 416 3820 431 3849; x_wconf 89' lang='lat'><strong>)</strong></span> <span class='ocrx_word' id='word_1_658' title='bbox 448 3821 520 3849; x_wconf 80' lang='lat' dir='ltr'>Epist.</span> <span class='ocrx_word' id='word_1_659' title='bbox 538 3829 562 3850; x_wconf 84' lang='lat'>3-</span> <span class='ocrx_word' id='word_1_660' title='bbox 583 3828 606 3847; x_wconf 83' lang='lat' dir='ltr'>n.</span> <span class='ocrx_word' id='word_1_661' title='bbox 623 3828 648 3845; x_wconf 83' lang='lat'>2.</span> 
     </span>
    </p>
   </div>
   <div class='ocr_carea' id='block_1_6' title="bbox 217 3819 1009 3884">
    <p class='ocr_par' dir='ltr' id='par_1_7' title="bbox 217 3819 1009 3884">
     <span class='ocr_line' id='line_1_80' title="bbox 254 3819 1009 3857; baseline -0.009 0"><span class='ocrx_word' id='word_1_662' title='bbox 254 3853 258 3857; x_wconf 91' lang='lat'>.</span> <span class='ocrx_word' id='word_1_663' title='bbox 710 3819 721 3852; x_wconf 89' lang='lat' dir='ltr'>s</span> <span class='ocrx_word' id='word_1_664' title='bbox 737 3829 752 3852; x_wconf 70' lang='lat' dir='ltr'>r</span> <span class='ocrx_word' id='word_1_665' title='bbox 768 3821 782 3851; x_wconf 88' lang='lat'>)</span> <span class='ocrx_word' id='word_1_666' title='bbox 797 3821 872 3852; x_wconf 70' lang='lat' dir='ltr'>Erist-</span> <span class='ocrx_word' id='word_1_667' title='bbox 889 3830 911 3851; x_wconf 70' lang='grc' dir='ltr'>ο·</span> <span class='ocrx_word' id='word_1_668' title='bbox 929 3829 954 3848; x_wconf 80' lang='grc' dir='ltr'>η.</span> <span class='ocrx_word' id='word_1_669' title='bbox 972 3827 1009 3850; x_wconf 82' lang='lat'>¹⁶.</span> 
     </span>
     <span class='ocr_line' id='line_1_81' title="bbox 217 3851 563 3884; baseline -0.009 -5"><span class='ocrx_word' id='word_1_670' title='bbox 217 3853 287 3884; x_wconf 55' lang='lat' dir='ltr'>Episti</span> <span class='ocrx_word' id='word_1_671' title='bbox 306 3860 341 3884; x_wconf 74' lang='lat'>35·</span> <span class='ocrx_word' id='word_1_672' title='bbox 359 3860 385 3879; x_wconf 85' lang='lat' dir='ltr'>n.</span> <span class='ocrx_word' id='word_1_673' title='bbox 404 3859 440 3884; x_wconf 86' lang='lat'>¹9·</span> <span class='ocrx_word' id='word_1_674' title='bbox 459 3852 483 3876; x_wconf 71' lang='grc' dir='ltr'>δι</span> <span class='ocrx_word' id='word_1_675' title='bbox 499 3851 563 3882; x_wconf 69' lang='lat' dir='ltr'>seqq.</span> 
     </span>
    </p>
   </div>
   <div class='ocr_carea' id='block_1_7' title="bbox 854 3730 1651 3743">
    <p class='ocr_par' dir='ltr' id='par_1_8' title="bbox 854 3730 1651 3743">
     <span class='ocr_line' id='line_1_82' title="bbox 854 3730 1651 3743; baseline 0 332"><span class='ocrx_word' id='word_1_676' title='bbox 854 3730 1651 3743; x_wconf 95' lang='lat' dir='ltr'> </span> 
     </span>
    </p>
   </div>
   <div class='ocr_carea' id='block_1_8' title="bbox 719 3789 1248 3853">
    <p class='ocr_par' dir='ltr' id='par_1_9' title="bbox 719 3789 1248 3853">
     <span class='ocr_line' id='line_1_83' title="bbox 719 3789 1248 3853; baseline 0.004 -38"><span class='ocrx_word' id='word_1_677' title='bbox 719 3789 728 3817; x_wconf 88' lang='lat'>(</span> <span class='ocrx_word' id='word_1_678' title='bbox 746 3791 755 3815; x_wconf 80' lang='lat' dir='ltr'>l</span> <span class='ocrx_word' id='word_1_679' title='bbox 771 3790 785 3819; x_wconf 85' lang='lat'>)</span> <span class='ocrx_word' id='word_1_680' title='bbox 800 3792 837 3815; x_wconf 86' lang='lat' dir='ltr'>De</span> <span class='ocrx_word' id='word_1_681' title='bbox 852 3790 922 3815; x_wconf 90' lang='lat' dir='ltr'>hum.</span> <span class='ocrx_word' id='word_1_682' title='bbox 939 3797 1008 3821; x_wconf 83' lang='lat' dir='ltr'>corp.</span> <span class='ocrx_word' id='word_1_683' title='bbox 1025 3791 1087 3853; x_wconf 58' lang='grc' dir='ltr'><em>ἰεὼιὲ.</em></span> <span class='ocrx_word' id='word_1_684' title='bbox 1105 3791 1125 3816; x_wconf 91' lang='lat'>1.</span> <span class='ocrx_word' id='word_1_685' title='bbox 1143 3793 1166 3816; x_wconf 83' lang='lat'>8.</span> <span class='ocrx_word' id='word_1_686' title='bbox 1184 3799 1205 3818; x_wconf 86' lang='lat' dir='ltr'>e.</span> <span class='ocrx_word' id='word_1_687' title='bbox 1224 3800 1248 3823; x_wconf 83' lang='grc' dir='ltr'>ς.</span> 
     </span>
     <span class='ocr_line' id='line_1_84' title="bbox 1100 3831 1112 3849; baseline 0 0"><span class='ocrx_word' id='word_1_688' title='bbox 1100 3831 1112 3849; x_wconf 81' lang='lat' dir='ltr'>r</span> 
     </span>
    </p>
   </div>
   <div class='ocr_carea' id='block_1_9' title="bbox 2000 254 2065 305">
    <p class='ocr_par' dir='ltr' id='par_1_10' title="bbox 2000 254 2065 305">
     <span class='ocr_line' id='line_1_85' title="bbox 2000 254 2065 305; baseline -0.077 0"><span class='ocrx_word' id='word_1_689' title='bbox 2000 254 2065 305; x_wconf 79' lang='lat'>45</span> 
     </span>
    </p>
   </div>
   <div class='ocr_carea' id='block_1_10' title="bbox 1128 316 2166 3645">
    <p class='ocr_par' dir='ltr' id='par_1_11' title="bbox 1128 316 2144 665">
     <span class='ocr_line' id='line_1_86' title="bbox 1128 316 2141 362; baseline 0.002 -12"><span class='ocrx_word' id='word_1_690' title='bbox 1128 316 1340 359; x_wconf 89' lang='lat' dir='ltr'>quamobrem</span> <span class='ocrx_word' id='word_1_691' title='bbox 1363 318 1513 351; x_wconf 70' lang='lat' dir='ltr'>dolosum</span> <span class='ocrx_word' id='word_1_692' title='bbox 1524 316 1801 359; x_wconf 83' lang='lat' dir='ltr'>quibusintestina</span> <span class='ocrx_word' id='word_1_693' title='bbox 1823 327 2039 362; x_wconf 84' lang='lat' dir='ltr'>torquentur,</span> <span class='ocrx_word' id='word_1_694' title='bbox 2065 319 2141 353; x_wconf 69' lang='lat' dir='ltr'>Ob:</span> 
     </span>
     <span class='ocr_line' id='line_1_87' title="bbox 1129 360 2140 400; baseline 0.003 -7"><span class='ocrx_word' id='word_1_695' title='bbox 1129 361 1323 395; x_wconf 88' lang='lat' dir='ltr'>servationes</span> <span class='ocrx_word' id='word_1_696' title='bbox 1347 371 1411 394; x_wconf 85' lang='lat' dir='ltr'>non</span> <span class='ocrx_word' id='word_1_697' title='bbox 1436 364 1480 394; x_wconf 85' lang='lat' dir='ltr'>ira</span> <span class='ocrx_word' id='word_1_698' title='bbox 1495 360 1662 397; x_wconf 83' lang='lat' dir='ltr'>dividam,</span> <span class='ocrx_word' id='word_1_699' title='bbox 1689 371 1724 393; x_wconf 88' lang='lat' dir='ltr'>ut</span> <span class='ocrx_word' id='word_1_700' title='bbox 1749 363 1823 395; x_wconf 87' lang='lat' dir='ltr'>alias</span> <span class='ocrx_word' id='word_1_701' title='bbox 1844 366 1882 395; x_wconf 68' lang='lat' dir='ltr'>ad</span> <span class='ocrx_word' id='word_1_702' title='bbox 1901 363 2037 400; x_wconf 88' lang='lat' dir='ltr'>Iliacos,</span> <span class='ocrx_word' id='word_1_703' title='bbox 2064 363 2140 396; x_wconf 81' lang='lat' dir='ltr'>alias</span> 
     </span>
     <span class='ocr_line' id='line_1_88' title="bbox 1131 403 2142 448; baseline 0.001 -12"><span class='ocrx_word' id='word_1_704' title='bbox 1131 404 1170 437; x_wconf 86' lang='lat' dir='ltr'>ad</span> <span class='ocrx_word' id='word_1_705' title='bbox 1195 404 1331 437; x_wconf 89' lang='lat' dir='ltr'>Colicos</span> <span class='ocrx_word' id='word_1_706' title='bbox 1352 403 1511 445; x_wconf 85' lang='lat' dir='ltr'>referam;</span> <span class='ocrx_word' id='word_1_707' title='bbox 1533 416 1596 448; x_wconf 87' lang='lat' dir='ltr'>qua</span> <span class='ocrx_word' id='word_1_708' title='bbox 1620 405 1732 437; x_wconf 83' lang='lat' dir='ltr'>malim</span> <span class='ocrx_word' id='word_1_709' title='bbox 1754 406 1914 439; x_wconf 79' lang='lat' dir='ltr'>divifione</span> <span class='ocrx_word' id='word_1_710' title='bbox 1937 408 1988 439; x_wconf 85' lang='lat' dir='ltr'>uti</span> <span class='ocrx_word' id='word_1_711' title='bbox 2013 431 2021 443; x_wconf 82' lang='grc'>,</span> <span class='ocrx_word' id='word_1_712' title='bbox 2055 405 2142 438; x_wconf 88' lang='lat' dir='ltr'>indi-</span> 
     </span>
     <span class='ocr_line' id='line_1_89' title="bbox 1128 447 2142 492; baseline 0.001 -12"><span class='ocrx_word' id='word_1_713' title='bbox 1128 447 1270 481; x_wconf 85' lang='lat' dir='ltr'>candum</span> <span class='ocrx_word' id='word_1_714' title='bbox 1293 447 1336 481; x_wconf 89' lang='lat' dir='ltr'>est</span> <span class='ocrx_word' id='word_1_715' title='bbox 1352 472 1359 479; x_wconf 92' lang='lat'>.</span> <span class='ocrx_word' id='word_1_716' title='bbox 1386 450 1529 482; x_wconf 87' lang='lat' dir='ltr'>Primum</span> <span class='ocrx_word' id='word_1_717' title='bbox 1556 450 1656 491; x_wconf 86' lang='lat' dir='ltr'>igitur</span> <span class='ocrx_word' id='word_1_718' title='bbox 1680 460 1729 480; x_wconf 89' lang='lat' dir='ltr'>eas</span> <span class='ocrx_word' id='word_1_719' title='bbox 1740 448 1869 482; x_wconf 86' lang='lat' dir='ltr'>afferam</span> <span class='ocrx_word' id='word_1_720' title='bbox 1893 453 1926 482; x_wconf 87' lang='lat' dir='ltr'>in</span> <span class='ocrx_word' id='word_1_721' title='bbox 1951 450 2142 492; x_wconf 82' lang='lat' dir='ltr'>quibusdo-</span> 
     </span>
     <span class='ocr_line' id='line_1_90' title="bbox 1133 490 2141 534; baseline -0.001 -9"><span class='ocrx_word' id='word_1_722' title='bbox 1133 492 1215 525; x_wconf 87' lang='lat' dir='ltr'>lores</span> <span class='ocrx_word' id='word_1_723' title='bbox 1237 501 1327 525; x_wconf 87' lang='lat' dir='ltr'>erant</span> <span class='ocrx_word' id='word_1_724' title='bbox 1348 503 1367 524; x_wconf 74' lang='lat' dir='ltr'>va</span> <span class='ocrx_word' id='word_1_725' title='bbox 1390 491 1480 526; x_wconf 86' lang='lat' dir='ltr'>causa</span> <span class='ocrx_word' id='word_1_726' title='bbox 1504 503 1569 525; x_wconf 88' lang='lat' dir='ltr'>non</span> <span class='ocrx_word' id='word_1_727' title='bbox 1594 490 1792 525; x_wconf 82' lang='lat' dir='ltr'>extrinsecus</span> <span class='ocrx_word' id='word_1_728' title='bbox 1814 493 1944 534; x_wconf 87' lang='lat' dir='ltr'>quidem</span> <span class='ocrx_word' id='word_1_729' title='bbox 1968 492 2141 527; x_wconf 81' lang='lat' dir='ltr'>advenien-</span> 
     </span>
     <span class='ocr_line' id='line_1_91' title="bbox 1132 534 2143 575; baseline 0 -7"><span class='ocrx_word' id='word_1_730' title='bbox 1132 545 1184 575; x_wconf 89' lang='lat' dir='ltr'>te,</span> <span class='ocrx_word' id='word_1_731' title='bbox 1208 534 1257 568; x_wconf 83' lang='lat' dir='ltr'>sed</span> <span class='ocrx_word' id='word_1_732' title='bbox 1284 546 1389 568; x_wconf 88' lang='lat' dir='ltr'>tamen</span> <span class='ocrx_word' id='word_1_733' title='bbox 1415 535 1473 569; x_wconf 87' lang='lat' dir='ltr'>sub</span> <span class='ocrx_word' id='word_1_734' title='bbox 1496 536 1608 570; x_wconf 90' lang='lat' dir='ltr'>oculos</span> <span class='ocrx_word' id='word_1_735' title='bbox 1631 536 1764 568; x_wconf 89' lang='lat' dir='ltr'>cadente</span> <span class='ocrx_word' id='word_1_736' title='bbox 1788 549 1798 572; x_wconf 70' lang='lat'>3</span> <span class='ocrx_word' id='word_1_737' title='bbox 1831 536 1945 570; x_wconf 83' lang='lat' dir='ltr'>deinde</span> <span class='ocrx_word' id='word_1_738' title='bbox 1970 547 2052 569; x_wconf 70' lang='lat' dir='ltr'>vero</span> <span class='ocrx_word' id='word_1_739' title='bbox 2072 535 2143 569; x_wconf 88' lang='lat' dir='ltr'>illas</span> 
     </span>
     <span class='ocr_line' id='line_1_92' title="bbox 1133 578 2144 621; baseline 0.001 -11"><span class='ocrx_word' id='word_1_740' title='bbox 1133 580 1167 610; x_wconf 90' lang='lat' dir='ltr'>in</span> <span class='ocrx_word' id='word_1_741' title='bbox 1191 579 1309 621; x_wconf 81' lang='lat' dir='ltr'>quibus</span> <span class='ocrx_word' id='word_1_742' title='bbox 1332 578 1424 612; x_wconf 86' lang='lat' dir='ltr'>causa</span> <span class='ocrx_word' id='word_1_743' title='bbox 1445 580 1583 613; x_wconf 87' lang='lat' dir='ltr'>omnino</span> <span class='ocrx_word' id='word_1_744' title='bbox 1608 580 1693 612; x_wconf 90' lang='lat' dir='ltr'>intra</span> <span class='ocrx_word' id='word_1_745' title='bbox 1716 590 1833 621; x_wconf 82' lang='lat' dir='ltr'>corpus</span> <span class='ocrx_word' id='word_1_746' title='bbox 1858 580 1997 613; x_wconf 77' lang='lat' dir='ltr'>latebat.</span> <span class='ocrx_word' id='word_1_747' title='bbox 2023 580 2144 613; x_wconf 87' lang='lat' dir='ltr'>Prioris</span> 
     </span>
     <span class='ocr_line' id='line_1_93' title="bbox 1129 621 1956 665; baseline -0.002 -9"><span class='ocrx_word' id='word_1_748' title='bbox 1129 632 1241 657; x_wconf 86' lang='lat' dir='ltr'>autem</span> <span class='ocrx_word' id='word_1_749' title='bbox 1264 624 1389 665; x_wconf 81' lang='lat' dir='ltr'>generis</span> <span class='ocrx_word' id='word_1_750' title='bbox 1410 621 1467 657; x_wconf 88' lang='lat' dir='ltr'>has</span> <span class='ocrx_word' id='word_1_751' title='bbox 1489 623 1567 656; x_wconf 86' lang='lat' dir='ltr'>duas</span> <span class='ocrx_word' id='word_1_752' title='bbox 1590 634 1629 657; x_wconf 88' lang='lat' dir='ltr'>ex</span> <span class='ocrx_word' id='word_1_753' title='bbox 1653 622 1803 656; x_wconf 81' lang='lat' dir='ltr'>Valsalva</span> <span class='ocrx_word' id='word_1_754' title='bbox 1827 624 1956 664; x_wconf 80' lang='lat' dir='ltr'>accipe.</span> 
     </span>
    </p>

    <p class='ocr_par' dir='ltr' id='par_1_12' title="bbox 1129 665 2165 2059">
     <span class='ocr_line' id='line_1_94' title="bbox 1177 665 2145 709; baseline 0 -11"><span class='ocrx_word' id='word_1_755' title='bbox 1177 676 1207 709; x_wconf 84' lang='lat'>5.</span> <span class='ocrx_word' id='word_1_756' title='bbox 1232 668 1320 700; x_wconf 80' lang='lat' dir='ltr'>VIR</span> <span class='ocrx_word' id='word_1_757' title='bbox 1343 666 1558 708; x_wconf 85' lang='lat' dir='ltr'>quadraginta</span> <span class='ocrx_word' id='word_1_758' title='bbox 1583 677 1680 700; x_wconf 87' lang='lat' dir='ltr'>annos</span> <span class='ocrx_word' id='word_1_759' title='bbox 1700 675 1796 700; x_wconf 88' lang='lat' dir='ltr'>natus</span> <span class='ocrx_word' id='word_1_760' title='bbox 1812 691 1820 705; x_wconf 93' lang='lat'>,</span> <span class='ocrx_word' id='word_1_761' title='bbox 1841 665 2145 706; x_wconf 77' lang='lat' dir='ltr'>sanguineo-biliosi</span> 
     </span>
     <span class='ocr_line' id='line_1_95' title="bbox 1133 709 2148 754; baseline -0.003 -9"><span class='ocrx_word' id='word_1_762' title='bbox 1133 712 1406 753; x_wconf 82' lang='lat' dir='ltr'>temperamenti,</span> <span class='ocrx_word' id='word_1_763' title='bbox 1430 711 1484 753; x_wconf 92' lang='lat' dir='ltr'>qui</span> <span class='ocrx_word' id='word_1_764' title='bbox 1509 710 1612 743; x_wconf 86' lang='lat' dir='ltr'>levem</span> <span class='ocrx_word' id='word_1_765' title='bbox 1639 709 1814 752; x_wconf 87' lang='lat' dir='ltr'>aliquando</span> <span class='ocrx_word' id='word_1_766' title='bbox 1840 710 1877 742; x_wconf 84' lang='lat' dir='ltr'>ad</span> <span class='ocrx_word' id='word_1_767' title='bbox 1905 711 2037 754; x_wconf 80' lang='lat' dir='ltr'>inguina</span> <span class='ocrx_word' id='word_1_768' title='bbox 2072 709 2148 742; x_wconf 91' lang='lat' dir='ltr'>her-</span> 
     </span>
     <span class='ocr_line' id='line_1_96' title="bbox 1133 753 2142 797; baseline -0.005 -8"><span class='ocrx_word' id='word_1_769' title='bbox 1133 757 1223 789; x_wconf 85' lang='lat' dir='ltr'>niam</span> <span class='ocrx_word' id='word_1_770' title='bbox 1247 754 1452 797; x_wconf 85' lang='lat' dir='ltr'>patiebatur,</span> <span class='ocrx_word' id='word_1_771' title='bbox 1478 766 1493 786; x_wconf 88' lang='lat' dir='ltr'>a</span> <span class='ocrx_word' id='word_1_772' title='bbox 1515 753 1711 787; x_wconf 86' lang='lat' dir='ltr'>carduorum</span> <span class='ocrx_word' id='word_1_773' title='bbox 1736 753 1787 787; x_wconf 90' lang='lat' dir='ltr'>esu</span> <span class='ocrx_word' id='word_1_774' title='bbox 1812 755 1845 787; x_wconf 88' lang='lat' dir='ltr'>in</span> <span class='ocrx_word' id='word_1_775' title='bbox 1862 753 1995 793; x_wconf 78' lang='lat' dir='ltr'>Iliacam</span> <span class='ocrx_word' id='word_1_776' title='bbox 2020 754 2142 786; x_wconf 88' lang='lat' dir='ltr'>incidit.</span> 
     </span>
     <span class='ocr_line' id='line_1_97' title="bbox 1135 796 2149 840; baseline -0.004 -8"><span class='ocrx_word' id='word_1_777' title='bbox 1135 798 1313 832; x_wconf 84' lang='lat' dir='ltr'>Paffionem</span> <span class='ocrx_word' id='word_1_778' title='bbox 1327 823 1334 832; x_wconf 87' lang='lat'>.</span> <span class='ocrx_word' id='word_1_779' title='bbox 1360 799 1458 831; x_wconf 89' lang='lat' dir='ltr'>Levis</span> <span class='ocrx_word' id='word_1_780' title='bbox 1478 798 1614 840; x_wconf 88' lang='lat' dir='ltr'>quidem</span> <span class='ocrx_word' id='word_1_781' title='bbox 1639 796 1677 830; x_wconf 87' lang='lat' dir='ltr'>ad</span> <span class='ocrx_word' id='word_1_782' title='bbox 1701 798 1834 839; x_wconf 84' lang='lat' dir='ltr'>inguina</span> <span class='ocrx_word' id='word_1_783' title='bbox 1861 806 1990 839; x_wconf 82' lang='lat' dir='ltr'>apparet</span> <span class='ocrx_word' id='word_1_784' title='bbox 2011 805 2120 829; x_wconf 89' lang='lat' dir='ltr'>tumor</span> <span class='ocrx_word' id='word_1_785' title='bbox 2135 808 2149 828; x_wconf 56' lang='lat' dir='ltr'>:t</span> 
     </span>
     <span class='ocr_line' id='line_1_98' title="bbox 1133 840 2150 883; baseline -0.004 -7"><span class='ocrx_word' id='word_1_786' title='bbox 1133 842 1182 876; x_wconf 92' lang='lat' dir='ltr'>ibi</span> <span class='ocrx_word' id='word_1_787' title='bbox 1207 851 1315 875; x_wconf 88' lang='lat' dir='ltr'>tamen</span> <span class='ocrx_word' id='word_1_788' title='bbox 1338 842 1407 875; x_wconf 91' lang='lat' dir='ltr'>ullo</span> <span class='ocrx_word' id='word_1_789' title='bbox 1433 841 1461 875; x_wconf 89' lang='lat' dir='ltr'>se</span> <span class='ocrx_word' id='word_1_790' title='bbox 1484 841 1631 883; x_wconf 86' lang='lat' dir='ltr'>torqueri</span> <span class='ocrx_word' id='word_1_791' title='bbox 1656 840 1767 874; x_wconf 85' lang='lat' dir='ltr'>dolore</span> <span class='ocrx_word' id='word_1_792' title='bbox 1791 863 1803 880; x_wconf 87' lang='lat'><strong><em>,</em></strong></span> <span class='ocrx_word' id='word_1_793' title='bbox 1834 852 1917 883; x_wconf 83' lang='lat' dir='ltr'>aeger</span> <span class='ocrx_word' id='word_1_794' title='bbox 1950 850 2045 882; x_wconf 83' lang='lat' dir='ltr'>negat</span> <span class='ocrx_word' id='word_1_795' title='bbox 2070 853 2079 877; x_wconf 76' lang='lat'>3</span> <span class='ocrx_word' id='word_1_796' title='bbox 2114 840 2150 872; x_wconf 83' lang='lat' dir='ltr'>in</span> 
     </span>
     <span class='ocr_line' id='line_1_99' title="bbox 1134 882 2150 922; baseline -0.003 -3"><span class='ocrx_word' id='word_1_797' title='bbox 1134 896 1246 919; x_wconf 88' lang='lat' dir='ltr'>ventre</span> <span class='ocrx_word' id='word_1_798' title='bbox 1268 882 1408 922; x_wconf 85' lang='lat' dir='ltr'>fatetur,</span> <span class='ocrx_word' id='word_1_799' title='bbox 1432 884 1476 917; x_wconf 92' lang='lat' dir='ltr'>ob</span> <span class='ocrx_word' id='word_1_800' title='bbox 1500 882 1616 920; x_wconf 84' lang='lat' dir='ltr'>faecum</span> <span class='ocrx_word' id='word_1_801' title='bbox 1639 886 1854 917; x_wconf 86' lang='lat' dir='ltr'>retentionem</span> <span class='ocrx_word' id='word_1_802' title='bbox 1891 886 1982 918; x_wconf 83' lang='lat' dir='ltr'>valde</span> <span class='ocrx_word' id='word_1_803' title='bbox 2014 883 2150 917; x_wconf 64' lang='lat' dir='ltr'>indula-</span> 
     </span>
     <span class='ocr_line' id='line_1_100' title="bbox 1133 927 2150 969; baseline -0.003 -6"><span class='ocrx_word' id='word_1_804' title='bbox 1133 939 1188 963; x_wconf 90' lang='lat' dir='ltr'>to.</span> <span class='ocrx_word' id='word_1_805' title='bbox 1214 929 1382 963; x_wconf 88' lang='lat' dir='ltr'>Remediis</span> <span class='ocrx_word' id='word_1_806' title='bbox 1404 929 1510 962; x_wconf 86' lang='lat' dir='ltr'>irritis</span> <span class='ocrx_word' id='word_1_807' title='bbox 1533 950 1544 967; x_wconf 91' lang='lat'>‚</span> <span class='ocrx_word' id='word_1_808' title='bbox 1577 928 1630 962; x_wconf 88' lang='lat' dir='ltr'>die</span> <span class='ocrx_word' id='word_1_809' title='bbox 1656 929 1762 961; x_wconf 88' lang='lat' dir='ltr'>morbi</span> <span class='ocrx_word' id='word_1_810' title='bbox 1788 927 1927 969; x_wconf 81' lang='lat' dir='ltr'>septimo</span> <span class='ocrx_word' id='word_1_811' title='bbox 1950 927 2063 962; x_wconf 85' lang='lat' dir='ltr'>lethali</span> <span class='ocrx_word' id='word_1_812' title='bbox 2090 939 2150 960; x_wconf 87' lang='lat' dir='ltr'>vo·-</span> 
     </span>
     <span class='ocr_line' id='line_1_101' title="bbox 1131 970 2152 1015; baseline -0.003 -9"><span class='ocrx_word' id='word_1_813' title='bbox 1131 974 1266 1007; x_wconf 71' lang='lat' dir='ltr'>micioni</span> <span class='ocrx_word' id='word_1_814' title='bbox 1291 972 1494 1006; x_wconf 85' lang='lat' dir='ltr'>succumbit.</span> <span class='ocrx_word' id='word_1_815' title='bbox 1628 972 1838 1005; x_wconf 78' lang='lat' dir='ltr'>&#39;VENTRE</span> <span class='ocrx_word' id='word_1_816' title='bbox 1860 981 1993 1015; x_wconf 87' lang='lat' dir='ltr'>aperto,</span> <span class='ocrx_word' id='word_1_817' title='bbox 2019 970 2152 1005; x_wconf 85' lang='lat' dir='ltr'>intesti-</span> 
     </span>
     <span class='ocr_line' id='line_1_102' title="bbox 1129 1014 2153 1058; baseline -0.005 -7"><span class='ocrx_word' id='word_1_818' title='bbox 1129 1030 1170 1053; x_wconf 87' lang='lat' dir='ltr'>na</span> <span class='ocrx_word' id='word_1_819' title='bbox 1193 1027 1263 1050; x_wconf 88' lang='lat' dir='ltr'>aere</span> <span class='ocrx_word' id='word_1_820' title='bbox 1285 1014 1416 1058; x_wconf 86' lang='lat' dir='ltr'>turgida</span> <span class='ocrx_word' id='word_1_821' title='bbox 1439 1014 1610 1057; x_wconf 71' lang='lat' dir='ltr'>conspeeta</span> <span class='ocrx_word' id='word_1_822' title='bbox 1632 1014 1726 1054; x_wconf 82' lang='lat' dir='ltr'>sunt,</span> <span class='ocrx_word' id='word_1_823' title='bbox 1751 1018 1782 1048; x_wconf 93' lang='lat'>&amp;</span> <span class='ocrx_word' id='word_1_824' title='bbox 1806 1015 1844 1050; x_wconf 90' lang='lat' dir='ltr'>ad</span> <span class='ocrx_word' id='word_1_825' title='bbox 1868 1028 1938 1050; x_wconf 90' lang='lat' dir='ltr'>eam</span> <span class='ocrx_word' id='word_1_826' title='bbox 1961 1025 2085 1058; x_wconf 84' lang='lat' dir='ltr'>partem</span> <span class='ocrx_word' id='word_1_827' title='bbox 2107 1015 2153 1047; x_wconf 83' lang='lat' dir='ltr'>li-</span> 
     </span>
     <span class='ocr_line' id='line_1_103' title="bbox 1132 1058 2152 1101; baseline -0.005 -6"><span class='ocrx_word' id='word_1_828' title='bbox 1132 1062 1213 1095; x_wconf 81' lang='lat' dir='ltr'>vida</span> <span class='ocrx_word' id='word_1_829' title='bbox 1237 1072 1272 1094; x_wconf 89' lang='lat' dir='ltr'>ac</span> <span class='ocrx_word' id='word_1_830' title='bbox 1296 1062 1389 1101; x_wconf 82' lang='lat' dir='ltr'>nigra</span> <span class='ocrx_word' id='word_1_831' title='bbox 1413 1070 1477 1101; x_wconf 87' lang='lat' dir='ltr'>qua</span> <span class='ocrx_word' id='word_1_832' title='bbox 1499 1060 1529 1091; x_wconf 83' lang='lat' dir='ltr'>se</span> <span class='ocrx_word' id='word_1_833' title='bbox 1554 1058 1641 1092; x_wconf 89' lang='lat' dir='ltr'>haud</span> <span class='ocrx_word' id='word_1_834' title='bbox 1665 1062 1711 1092; x_wconf 89' lang='lat' dir='ltr'>ita</span> <span class='ocrx_word' id='word_1_835' title='bbox 1736 1060 1849 1101; x_wconf 89' lang='lat' dir='ltr'>procul</span> <span class='ocrx_word' id='word_1_836' title='bbox 1874 1071 1892 1092; x_wconf 82' lang='lat' dir='ltr'>a</span> <span class='ocrx_word' id='word_1_837' title='bbox 1917 1062 2018 1092; x_wconf 86' lang='lat' dir='ltr'>Caeco</span> <span class='ocrx_word' id='word_1_838' title='bbox 2041 1058 2152 1101; x_wconf 89' lang='lat' dir='ltr'>dupli-</span> 
     </span>
     <span class='ocr_line' id='line_1_104' title="bbox 1135 1102 2153 1144; baseline -0.004 -5"><span class='ocrx_word' id='word_1_839' title='bbox 1135 1106 1251 1140; x_wconf 83' lang='lat' dir='ltr'>cabant</span> <span class='ocrx_word' id='word_1_840' title='bbox 1274 1126 1284 1142; x_wconf 88' lang='lat'><em>,</em></span> <span class='ocrx_word' id='word_1_841' title='bbox 1317 1106 1348 1136; x_wconf 71' lang='grc' dir='ltr'>δε</span> <span class='ocrx_word' id='word_1_842' title='bbox 1370 1113 1446 1137; x_wconf 92' lang='lat' dir='ltr'>cum</span> <span class='ocrx_word' id='word_1_843' title='bbox 1470 1113 1594 1135; x_wconf 84' lang='lat' dir='ltr'>annexa</span> <span class='ocrx_word' id='word_1_844' title='bbox 1625 1102 1812 1136; x_wconf 86' lang='lat' dir='ltr'>mesenterii</span> <span class='ocrx_word' id='word_1_845' title='bbox 1846 1104 1998 1144; x_wconf 87' lang='lat' dir='ltr'>portione</span> <span class='ocrx_word' id='word_1_846' title='bbox 2024 1128 2033 1142; x_wconf 92' lang='lat'>‚</span> <span class='ocrx_word' id='word_1_847' title='bbox 2076 1113 2153 1144; x_wconf 76' lang='lat' dir='ltr'>quae</span> 
     </span>
     <span class='ocr_line' id='line_1_105' title="bbox 1135 1144 2153 1193; baseline -0.005 -11"><span class='ocrx_word' id='word_1_848' title='bbox 1135 1148 1225 1193; x_wconf 88' lang='lat' dir='ltr'>quasi</span> <span class='ocrx_word' id='word_1_849' title='bbox 1248 1158 1361 1181; x_wconf 90' lang='lat' dir='ltr'>carnea</span> <span class='ocrx_word' id='word_1_850' title='bbox 1389 1145 1582 1183; x_wconf 86' lang='lat' dir='ltr'>videbatur,</span> <span class='ocrx_word' id='word_1_851' title='bbox 1608 1146 1641 1178; x_wconf 89' lang='lat' dir='ltr'>in</span> <span class='ocrx_word' id='word_1_852' title='bbox 1666 1145 1787 1179; x_wconf 84' lang='lat' dir='ltr'>herniae</span> <span class='ocrx_word' id='word_1_853' title='bbox 1812 1144 2153 1180; x_wconf 87' lang='lat' dir='ltr'>sacculumirnmitte-</span> 
     </span>
     <span class='ocr_line' id='line_1_106' title="bbox 1136 1188 2156 1233; baseline -0.006 -5"><span class='ocrx_word' id='word_1_854' title='bbox 1136 1194 1237 1232; x_wconf 85' lang='lat' dir='ltr'>bant,</span> <span class='ocrx_word' id='word_1_855' title='bbox 1259 1191 1381 1233; x_wconf 89' lang='lat' dir='ltr'>digitos</span> <span class='ocrx_word' id='word_1_856' title='bbox 1406 1199 1548 1233; x_wconf 86' lang='lat' dir='ltr'>quatuor</span> <span class='ocrx_word' id='word_1_857' title='bbox 1571 1190 1729 1232; x_wconf 86' lang='lat' dir='ltr'>longum,</span> <span class='ocrx_word' id='word_1_858' title='bbox 1754 1188 1886 1222; x_wconf 88' lang='lat' dir='ltr'>orificio</span> <span class='ocrx_word' id='word_1_859' title='bbox 1911 1201 2017 1223; x_wconf 87' lang='lat' dir='ltr'>autem</span> <span class='ocrx_word' id='word_1_860' title='bbox 2052 1199 2156 1231; x_wconf 86' lang='lat' dir='ltr'>angu-</span> 
     </span>
     <span class='ocr_line' id='line_1_107' title="bbox 1136 1231 2158 1276; baseline -0.006 -6"><span class='ocrx_word' id='word_1_861' title='bbox 1136 1238 1233 1271; x_wconf 84' lang='lat' dir='ltr'>stiore</span> <span class='ocrx_word' id='word_1_862' title='bbox 1248 1261 1258 1276; x_wconf 86' lang='lat'>‚</span> <span class='ocrx_word' id='word_1_863' title='bbox 1277 1245 1313 1269; x_wconf 84' lang='lat' dir='ltr'>ut</span> <span class='ocrx_word' id='word_1_864' title='bbox 1338 1246 1392 1276; x_wconf 89' lang='lat' dir='ltr'>per</span> <span class='ocrx_word' id='word_1_865' title='bbox 1415 1234 1478 1268; x_wconf 89' lang='lat' dir='ltr'>hoc</span> <span class='ocrx_word' id='word_1_866' title='bbox 1503 1232 1608 1267; x_wconf 90' lang='lat' dir='ltr'>redire</span> <span class='ocrx_word' id='word_1_867' title='bbox 1632 1244 1696 1266; x_wconf 83' lang='lat' dir='ltr'>non</span> <span class='ocrx_word' id='word_1_868' title='bbox 1709 1231 1880 1275; x_wconf 80' lang='lat' dir='ltr'>possentin</span> <span class='ocrx_word' id='word_1_869' title='bbox 1905 1243 2052 1267; x_wconf 87' lang='lat' dir='ltr'>ventrem</span> <span class='ocrx_word' id='word_1_870' title='bbox 2066 1231 2158 1275; x_wconf 75' lang='lat' dir='ltr'>post-</span> 
     </span>
     <span class='ocr_line' id='line_1_108' title="bbox 1134 1275 2156 1324; baseline -0.006 -9"><span class='ocrx_word' id='word_1_871' title='bbox 1134 1292 1236 1324; x_wconf 84' lang='lat' dir='ltr'>quam</span> <span class='ocrx_word' id='word_1_872' title='bbox 1260 1280 1300 1312; x_wconf 88' lang='lat' dir='ltr'>ab</span> <span class='ocrx_word' id='word_1_873' title='bbox 1323 1276 1433 1321; x_wconf 88' lang='lat' dir='ltr'>illapsa</span> <span class='ocrx_word' id='word_1_874' title='bbox 1458 1279 1595 1312; x_wconf 84' lang='lat' dir='ltr'>materia</span> <span class='ocrx_word' id='word_1_875' title='bbox 1616 1276 1752 1311; x_wconf 86' lang='lat' dir='ltr'>distenta</span> <span class='ocrx_word' id='word_1_876' title='bbox 1786 1275 1914 1311; x_wconf 85' lang='lat' dir='ltr'>fuerant</span> <span class='ocrx_word' id='word_1_877' title='bbox 1939 1303 1947 1310; x_wconf 92' lang='lat'>.</span> <span class='ocrx_word' id='word_1_878' title='bbox 1982 1278 2064 1311; x_wconf 88' lang='lat' dir='ltr'>Erat</span> <span class='ocrx_word' id='word_1_879' title='bbox 2099 1276 2156 1310; x_wconf 82' lang='lat' dir='ltr'>hic</span> 
     </span>
     <span class='ocr_line' id='line_1_109' title="bbox 1136 1320 2156 1363; baseline -0.005 -5"><span class='ocrx_word' id='word_1_880' title='bbox 1136 1325 1282 1359; x_wconf 84' lang='lat' dir='ltr'>sacculus</span> <span class='ocrx_word' id='word_1_881' title='bbox 1306 1323 1340 1355; x_wconf 84' lang='lat' dir='ltr'>in</span> <span class='ocrx_word' id='word_1_882' title='bbox 1363 1322 1499 1356; x_wconf 86' lang='lat' dir='ltr'>dextero</span> <span class='ocrx_word' id='word_1_883' title='bbox 1532 1322 1666 1362; x_wconf 86' lang='lat' dir='ltr'>inguine</span> <span class='ocrx_word' id='word_1_884' title='bbox 1692 1347 1702 1361; x_wconf 92' lang='lat'><strong><em>,</em></strong></span> <span class='ocrx_word' id='word_1_885' title='bbox 1737 1331 1777 1353; x_wconf 87' lang='lat' dir='ltr'>ex</span> <span class='ocrx_word' id='word_1_886' title='bbox 1810 1323 1988 1363; x_wconf 83' lang='lat' dir='ltr'>peritonaeo</span> <span class='ocrx_word' id='word_1_887' title='bbox 2021 1320 2156 1363; x_wconf 83' lang='lat' dir='ltr'>quidem</span> 
     </span>
     <span class='ocr_line' id='line_1_110' title="bbox 1136 1363 2157 1409; baseline -0.006 -7"><span class='ocrx_word' id='word_1_888' title='bbox 1136 1369 1243 1403; x_wconf 73' lang='lat' dir='ltr'>faetus</span> <span class='ocrx_word' id='word_1_889' title='bbox 1268 1365 1448 1409; x_wconf 65' lang='lat' dir='ltr'>producffto,</span> <span class='ocrx_word' id='word_1_890' title='bbox 1469 1369 1501 1400; x_wconf 89' lang='lat'>&amp;</span> <span class='ocrx_word' id='word_1_891' title='bbox 1525 1365 1687 1403; x_wconf 84' lang='lat' dir='ltr'>dilatato,</span> <span class='ocrx_word' id='word_1_892' title='bbox 1714 1363 1767 1398; x_wconf 82' lang='lat' dir='ltr'>sed</span> <span class='ocrx_word' id='word_1_893' title='bbox 1791 1375 1857 1397; x_wconf 90' lang='lat' dir='ltr'>non</span> <span class='ocrx_word' id='word_1_894' title='bbox 1882 1377 1920 1399; x_wconf 83' lang='lat' dir='ltr'>ex</span> <span class='ocrx_word' id='word_1_895' title='bbox 1957 1363 2053 1406; x_wconf 79' lang='lat' dir='ltr'>hujus</span> <span class='ocrx_word' id='word_1_896' title='bbox 2078 1375 2157 1407; x_wconf 88' lang='lat' dir='ltr'>pro-</span> 
     </span>
     <span class='ocr_line' id='line_1_111' title="bbox 1133 1405 2158 1452; baseline -0.008 -5"><span class='ocrx_word' id='word_1_897' title='bbox 1133 1413 1241 1449; x_wconf 80' lang='lat' dir='ltr'>ceffu3</span> <span class='ocrx_word' id='word_1_898' title='bbox 1265 1421 1301 1445; x_wconf 87' lang='lat' dir='ltr'>ut</span> <span class='ocrx_word' id='word_1_899' title='bbox 1325 1411 1430 1452; x_wconf 89' lang='lat' dir='ltr'>plures</span> <span class='ocrx_word' id='word_1_900' title='bbox 1452 1411 1535 1443; x_wconf 91' lang='lat' dir='ltr'>olim</span> <span class='ocrx_word' id='word_1_901' title='bbox 1559 1409 1790 1447; x_wconf 81' lang='lat' dir='ltr'>crediderunt3</span> <span class='ocrx_word' id='word_1_902' title='bbox 1813 1409 1872 1450; x_wconf 88' lang='lat' dir='ltr'>qui</span> <span class='ocrx_word' id='word_1_903' title='bbox 1896 1420 1951 1442; x_wconf 84' lang='lat' dir='ltr'>vas</span> <span class='ocrx_word' id='word_1_904' title='bbox 1974 1408 2079 1442; x_wconf 83' lang='lat' dir='ltr'>semen</span> <span class='ocrx_word' id='word_1_905' title='bbox 2101 1405 2158 1441; x_wconf 87' lang='lat' dir='ltr'>de-</span> 
     </span>
     <span class='ocr_line' id='line_1_112' title="bbox 1136 1451 2161 1495; baseline -0.005 -5"><span class='ocrx_word' id='word_1_906' title='bbox 1136 1455 1264 1495; x_wconf 84' lang='lat' dir='ltr'>ferens,</span> <span class='ocrx_word' id='word_1_907' title='bbox 1287 1454 1425 1495; x_wconf 88' lang='lat' dir='ltr'>vasaque</span> <span class='ocrx_word' id='word_1_908' title='bbox 1448 1453 1647 1494; x_wconf 84' lang='lat' dir='ltr'>Spermatica</span> <span class='ocrx_word' id='word_1_909' title='bbox 1672 1453 1872 1486; x_wconf 87' lang='lat' dir='ltr'>comitatur:</span> <span class='ocrx_word' id='word_1_910' title='bbox 1897 1454 1967 1485; x_wconf 85' lang='lat' dir='ltr'>imo</span> <span class='ocrx_word' id='word_1_911' title='bbox 1991 1451 2067 1485; x_wconf 90' lang='lat' dir='ltr'>huic</span> <span class='ocrx_word' id='word_1_912' title='bbox 2080 1462 2161 1495; x_wconf 86' lang='lat' dir='ltr'>pro-</span> 
     </span>
     <span class='ocr_line' id='line_1_113' title="bbox 1138 1495 2159 1538; baseline -0.006 -3"><span class='ocrx_word' id='word_1_913' title='bbox 1138 1499 1263 1538; x_wconf 78' lang='lat' dir='ltr'>cessui,</span> <span class='ocrx_word' id='word_1_914' title='bbox 1286 1501 1317 1532; x_wconf 87' lang='lat'>&amp;</span> <span class='ocrx_word' id='word_1_915' title='bbox 1341 1496 1391 1533; x_wconf 87' lang='lat' dir='ltr'>his</span> <span class='ocrx_word' id='word_1_916' title='bbox 1416 1496 1515 1534; x_wconf 82' lang='lat' dir='ltr'>vasis,</span> <span class='ocrx_word' id='word_1_917' title='bbox 1539 1496 1694 1538; x_wconf 89' lang='lat' dir='ltr'>sanguine</span> <span class='ocrx_word' id='word_1_918' title='bbox 1720 1495 1812 1528; x_wconf 84' lang='lat' dir='ltr'>valde</span> <span class='ocrx_word' id='word_1_919' title='bbox 1844 1496 2048 1529; x_wconf 87' lang='lat' dir='ltr'>tumentibus</span> <span class='ocrx_word' id='word_1_920' title='bbox 2069 1521 2077 1534; x_wconf 88' lang='lat'>‚</span> <span class='ocrx_word' id='word_1_921' title='bbox 2116 1495 2159 1529; x_wconf 79' lang='lat' dir='ltr'>ab</span> 
     </span>
     <span class='ocr_line' id='line_1_114' title="bbox 1141 1540 2159 1584; baseline -0.007 -6"><span class='ocrx_word' id='word_1_922' title='bbox 1141 1544 1305 1578; x_wconf 86' lang='lat' dir='ltr'>anteriore</span> <span class='ocrx_word' id='word_1_923' title='bbox 1329 1551 1421 1584; x_wconf 85' lang='lat' dir='ltr'>parte</span> <span class='ocrx_word' id='word_1_924' title='bbox 1444 1541 1676 1574; x_wconf 82' lang='lat' dir='ltr'>incumbebat:</span> <span class='ocrx_word' id='word_1_925' title='bbox 1701 1549 1831 1581; x_wconf 85' lang='lat' dir='ltr'>eratque</span> <span class='ocrx_word' id='word_1_926' title='bbox 1854 1540 1967 1576; x_wconf 78' lang='lat' dir='ltr'>intus,</span> <span class='ocrx_word' id='word_1_927' title='bbox 1991 1548 2028 1572; x_wconf 88' lang='lat' dir='ltr'>ut</span> <span class='ocrx_word' id='word_1_928' title='bbox 2055 1540 2159 1572; x_wconf 82' lang='lat' dir='ltr'>inter-</span> 
     </span>
     <span class='ocr_line' id='line_1_115' title="bbox 1139 1581 2161 1630; baseline -0.008 -11"><span class='ocrx_word' id='word_1_929' title='bbox 1139 1597 1233 1630; x_wconf 83' lang='lat' dir='ltr'>cepta</span> <span class='ocrx_word' id='word_1_930' title='bbox 1255 1586 1401 1618; x_wconf 88' lang='lat' dir='ltr'>intestini</span> <span class='ocrx_word' id='word_1_931' title='bbox 1426 1586 1559 1627; x_wconf 89' lang='lat' dir='ltr'>portio,</span> <span class='ocrx_word' id='word_1_932' title='bbox 1580 1584 1691 1620; x_wconf 83' lang='lat' dir='ltr'>colore</span> <span class='ocrx_word' id='word_1_933' title='bbox 1716 1583 1899 1624; x_wconf 82' lang='lat' dir='ltr'>nigricante</span> <span class='ocrx_word' id='word_1_934' title='bbox 1923 1605 1935 1622; x_wconf 84' lang='lat'>‚</span> <span class='ocrx_word' id='word_1_935' title='bbox 1960 1581 2022 1615; x_wconf 85' lang='lat' dir='ltr'>five</span> <span class='ocrx_word' id='word_1_936' title='bbox 2047 1593 2161 1625; x_wconf 68' lang='lat' dir='ltr'>potius</span> 
     </span>
     <span class='ocr_line' id='line_1_116' title="bbox 1134 1625 2165 1668; baseline -0.008 -2"><span class='ocrx_word' id='word_1_937' title='bbox 1134 1644 1177 1666; x_wconf 82' lang='lat' dir='ltr'>ex</span> <span class='ocrx_word' id='word_1_938' title='bbox 1201 1640 1273 1663; x_wconf 88' lang='lat' dir='ltr'>atro</span> <span class='ocrx_word' id='word_1_939' title='bbox 1297 1628 1395 1662; x_wconf 91' lang='lat' dir='ltr'>viridi</span> <span class='ocrx_word' id='word_1_940' title='bbox 1420 1628 1580 1666; x_wconf 68' lang='lat' dir='ltr'>infestus,</span> <span class='ocrx_word' id='word_1_941' title='bbox 1603 1625 1691 1668; x_wconf 87' lang='lat' dir='ltr'>quasi</span> <span class='ocrx_word' id='word_1_942' title='bbox 1716 1637 1733 1658; x_wconf 87' lang='lat' dir='ltr'>a</span> <span class='ocrx_word' id='word_1_943' title='bbox 1758 1626 1894 1660; x_wconf 90' lang='lat' dir='ltr'>vitriolo</span> <span class='ocrx_word' id='word_1_944' title='bbox 1917 1627 2039 1659; x_wconf 65' lang='lat' dir='ltr'>tinetas</span> <span class='ocrx_word' id='word_1_945' title='bbox 2064 1625 2165 1660; x_wconf 79' lang='lat' dir='ltr'>esset..</span> 
     </span>
     <span class='ocr_line' id='line_1_117' title="bbox 1138 1668 2161 1713; baseline -0.006 -4"><span class='ocrx_word' id='word_1_946' title='bbox 1138 1678 1177 1709; x_wconf 87' lang='lat' dir='ltr'>In</span> <span class='ocrx_word' id='word_1_947' title='bbox 1203 1673 1331 1707; x_wconf 86' lang='lat' dir='ltr'>finistro</span> <span class='ocrx_word' id='word_1_948' title='bbox 1365 1682 1474 1706; x_wconf 87' lang='lat' dir='ltr'>autem</span> <span class='ocrx_word' id='word_1_949' title='bbox 1509 1671 1645 1713; x_wconf 89' lang='lat' dir='ltr'>inguine</span> <span class='ocrx_word' id='word_1_950' title='bbox 1683 1670 1763 1703; x_wconf 84' lang='lat' dir='ltr'>alter</span> <span class='ocrx_word' id='word_1_951' title='bbox 1787 1679 1854 1702; x_wconf 85' lang='lat' dir='ltr'>erat</span> <span class='ocrx_word' id='word_1_952' title='bbox 1880 1668 2023 1704; x_wconf 82' lang='lat' dir='ltr'>sacculus</span> <span class='ocrx_word' id='word_1_953' title='bbox 2046 1693 2059 1709; x_wconf 86' lang='grc'>,</span> <span class='ocrx_word' id='word_1_954' title='bbox 2092 1669 2161 1712; x_wconf 78' lang='lat' dir='ltr'>ejus</span> 
     </span>
     <span class='ocr_line' id='line_1_118' title="bbox 1138 1712 2161 1761; baseline -0.004 -9"><span class='ocrx_word' id='word_1_955' title='bbox 1138 1729 1235 1761; x_wconf 87' lang='lat' dir='ltr'>quem</span> <span class='ocrx_word' id='word_1_956' title='bbox 1259 1714 1410 1758; x_wconf 79' lang='lat' dir='ltr'>descripsi</span> <span class='ocrx_word' id='word_1_957' title='bbox 1435 1739 1447 1756; x_wconf 84' lang='grc'>,</span> <span class='ocrx_word' id='word_1_958' title='bbox 1484 1714 1669 1749; x_wconf 83' lang='lat' dir='ltr'>simillimus</span> <span class='ocrx_word' id='word_1_959' title='bbox 1692 1736 1704 1752; x_wconf 92' lang='lat'>,</span> <span class='ocrx_word' id='word_1_960' title='bbox 1742 1712 1800 1747; x_wconf 79' lang='lat' dir='ltr'>nisi</span> <span class='ocrx_word' id='word_1_961' title='bbox 1824 1713 1914 1757; x_wconf 88' lang='lat' dir='ltr'>quod</span> <span class='ocrx_word' id='word_1_962' title='bbox 1938 1726 2007 1747; x_wconf 87' lang='lat' dir='ltr'>eam</span> <span class='ocrx_word' id='word_1_963' title='bbox 2031 1725 2070 1746; x_wconf 87' lang='lat' dir='ltr'>ex</span> <span class='ocrx_word' id='word_1_964' title='bbox 2093 1725 2161 1756; x_wconf 81' lang='lat' dir='ltr'>qua.</span> 
     </span>
     <span class='ocr_line' id='line_1_119' title="bbox 1138 1757 2160 1800; baseline -0.005 -4"><span class='ocrx_word' id='word_1_965' title='bbox 1138 1763 1239 1798; x_wconf 84' lang='lat' dir='ltr'>fiebat</span> <span class='ocrx_word' id='word_1_966' title='bbox 1264 1786 1273 1800; x_wconf 84' lang='lat'><strong><em>‚</em></strong></span> <span class='ocrx_word' id='word_1_967' title='bbox 1309 1760 1533 1794; x_wconf 88' lang='lat' dir='ltr'>membranam</span> <span class='ocrx_word' id='word_1_968' title='bbox 1559 1783 1567 1797; x_wconf 94' lang='lat'>‚</span> <span class='ocrx_word' id='word_1_969' title='bbox 1599 1760 1631 1789; x_wconf 65' lang='grc' dir='ltr'>δέ</span> <span class='ocrx_word' id='word_1_970' title='bbox 1654 1757 1752 1790; x_wconf 85' lang='lat' dir='ltr'>fibras</span> <span class='ocrx_word' id='word_1_971' title='bbox 1775 1779 1784 1795; x_wconf 90' lang='lat'>‚</span> <span class='ocrx_word' id='word_1_972' title='bbox 1810 1759 1841 1790; x_wconf 72' lang='grc' dir='ltr'>δε</span> <span class='ocrx_word' id='word_1_973' title='bbox 1865 1758 1937 1790; x_wconf 88' lang='lat' dir='ltr'>vasa</span> <span class='ocrx_word' id='word_1_974' title='bbox 1962 1759 2095 1797; x_wconf 88' lang='lat' dir='ltr'>colore,</span> <span class='ocrx_word' id='word_1_975' title='bbox 2121 1769 2160 1791; x_wconf 90' lang='lat' dir='ltr'>ac</span> 
     </span>
     <span class='ocr_line' id='line_1_120' title="bbox 1140 1800 2162 1840; baseline -0.01 0"><span class='ocrx_word' id='word_1_976' title='bbox 1140 1806 1270 1840; x_wconf 81' lang='lat' dir='ltr'>caeteris</span> <span class='ocrx_word' id='word_1_977' title='bbox 1291 1802 1541 1839; x_wconf 87' lang='lat' dir='ltr'>conditionibus</span> <span class='ocrx_word' id='word_1_978' title='bbox 1565 1800 1706 1834; x_wconf 88' lang='lat' dir='ltr'>habebat</span> <span class='ocrx_word' id='word_1_979' title='bbox 1731 1812 1747 1833; x_wconf 83' lang='lat' dir='ltr'>a</span> <span class='ocrx_word' id='word_1_980' title='bbox 1780 1801 1983 1835; x_wconf 83' lang='lat' dir='ltr'>naturalibus</span> <span class='ocrx_word' id='word_1_981' title='bbox 2017 1812 2082 1834; x_wconf 91' lang='lat' dir='ltr'>non</span> <span class='ocrx_word' id='word_1_982' title='bbox 2107 1801 2162 1835; x_wconf 89' lang='lat' dir='ltr'>di-</span> 
     </span>
     <span class='ocr_line' id='line_1_121' title="bbox 1140 1842 2160 1892; baseline -0.007 -7"><span class='ocrx_word' id='word_1_983' title='bbox 1140 1848 1339 1892; x_wconf 70' lang='lat' dir='ltr'>[crepantia.</span> <span class='ocrx_word' id='word_1_984' title='bbox 1474 1848 1512 1880; x_wconf 89' lang='lat' dir='ltr'>In</span> <span class='ocrx_word' id='word_1_985' title='bbox 1539 1844 1688 1878; x_wconf 77' lang='lat' dir='ltr'>Thorace</span> <span class='ocrx_word' id='word_1_986' title='bbox 1713 1842 1786 1877; x_wconf 84' lang='lat' dir='ltr'>sana</span> <span class='ocrx_word' id='word_1_987' title='bbox 1810 1846 1921 1878; x_wconf 89' lang='lat' dir='ltr'>omnia</span> <span class='ocrx_word' id='word_1_988' title='bbox 1942 1870 1949 1876; x_wconf 93' lang='lat'>.</span> <span class='ocrx_word' id='word_1_989' title='bbox 1976 1847 2082 1879; x_wconf 83' lang='lat' dir='ltr'>Erant</span> <span class='ocrx_word' id='word_1_990' title='bbox 2106 1855 2160 1879; x_wconf 87' lang='lat' dir='ltr'>ta-</span> 
     </span>
     <span class='ocr_line' id='line_1_122' title="bbox 1142 1887 2161 1934; baseline -0.005 -7"><span class='ocrx_word' id='word_1_991' title='bbox 1142 1904 1217 1928; x_wconf 86' lang='lat' dir='ltr'>men</span> <span class='ocrx_word' id='word_1_992' title='bbox 1241 1903 1315 1925; x_wconf 90' lang='lat' dir='ltr'>cum</span> <span class='ocrx_word' id='word_1_993' title='bbox 1350 1889 1507 1934; x_wconf 88' lang='lat' dir='ltr'>grumoso</span> <span class='ocrx_word' id='word_1_994' title='bbox 1539 1888 1693 1930; x_wconf 80' lang='lat' dir='ltr'>sanguine</span> <span class='ocrx_word' id='word_1_995' title='bbox 1725 1887 1896 1930; x_wconf 83' lang='lat' dir='ltr'>polyposae</span> <span class='ocrx_word' id='word_1_996' title='bbox 1933 1891 2161 1923; x_wconf 78' lang='lat' dir='ltr'>concretiones</span> 
     </span>
     <span class='ocr_line' id='line_1_123' title="bbox 1138 1932 2163 1976; baseline -0.005 -4"><span class='ocrx_word' id='word_1_997' title='bbox 1138 1938 1316 1973; x_wconf 82' lang='lat' dir='ltr'>subluteae,</span> <span class='ocrx_word' id='word_1_998' title='bbox 1346 1934 1449 1976; x_wconf 72' lang='lat' dir='ltr'>maior</span> <span class='ocrx_word' id='word_1_999' title='bbox 1474 1935 1510 1967; x_wconf 91' lang='lat' dir='ltr'>in</span> <span class='ocrx_word' id='word_1_1000' title='bbox 1532 1932 1665 1966; x_wconf 80' lang='lat' dir='ltr'>dextero</span> <span class='ocrx_word' id='word_1_1001' title='bbox 1681 1958 1689 1972; x_wconf 90' lang='lat'><em>‚</em></span> <span class='ocrx_word' id='word_1_1002' title='bbox 1714 1933 1821 1965; x_wconf 87' lang='lat' dir='ltr'>minor</span> <span class='ocrx_word' id='word_1_1003' title='bbox 1845 1934 1880 1965; x_wconf 86' lang='lat' dir='ltr'>in</span> <span class='ocrx_word' id='word_1_1004' title='bbox 1904 1932 2029 1967; x_wconf 83' lang='lat' dir='ltr'>finistro</span> <span class='ocrx_word' id='word_1_1005' title='bbox 2053 1935 2163 1968; x_wconf 84' lang='lat' dir='ltr'>cordis</span> 
     </span>
     <span class='ocr_line' id='line_1_124' title="bbox 1139 1976 2163 2023; baseline -0.001 -9"><span class='ocrx_word' id='word_1_1006' title='bbox 1139 1979 1329 2014; x_wconf 85' lang='lat' dir='ltr'>ventriculo</span> <span class='ocrx_word' id='word_1_1007' title='bbox 1343 1989 1356 2020; x_wconf 76' lang='lat'>5</span> <span class='ocrx_word' id='word_1_1008' title='bbox 1381 1977 1433 2013; x_wconf 87' lang='lat' dir='ltr'>sed</span> <span class='ocrx_word' id='word_1_1009' title='bbox 1458 1985 1572 2012; x_wconf 86' lang='lat' dir='ltr'>neutra</span> <span class='ocrx_word' id='word_1_1010' title='bbox 1597 1985 1686 2012; x_wconf 81' lang='lat' dir='ltr'>extra</span> <span class='ocrx_word' id='word_1_1011' title='bbox 1710 1976 1910 2011; x_wconf 86' lang='lat' dir='ltr'>ventriculos</span> <span class='ocrx_word' id='word_1_1012' title='bbox 1945 1977 1976 2011; x_wconf 79' lang='lat' dir='ltr'>se</span> <span class='ocrx_word' id='word_1_1013' title='bbox 1999 1978 2163 2023; x_wconf 53' lang='lat' dir='ltr'>produceq</span> 
     </span>
     <span class='ocr_line' id='line_1_125' title="bbox 1138 2025 1217 2059; baseline -0.013 0"><span class='ocrx_word' id='word_1_1014' title='bbox 1138 2025 1217 2059; x_wconf 88' lang='lat' dir='ltr'>bat.</span> 
     </span>
    </p>

    <p class='ocr_par' dir='ltr' id='par_1_13' title="bbox 1132 2064 2166 3237">
     <span class='ocr_line' id='line_1_126' title="bbox 1180 2064 2162 2111; baseline 0.005 -12"><span class='ocrx_word' id='word_1_1015' title='bbox 1180 2071 1212 2099; x_wconf 85' lang='lat'>6.</span> <span class='ocrx_word' id='word_1_1016' title='bbox 1239 2065 1414 2101; x_wconf 84' lang='lat' dir='ltr'>Manifesta</span> <span class='ocrx_word' id='word_1_1017' title='bbox 1439 2077 1508 2101; x_wconf 89' lang='lat' dir='ltr'>erat</span> <span class='ocrx_word' id='word_1_1018' title='bbox 1529 2065 1622 2101; x_wconf 86' lang='lat' dir='ltr'>causa</span> <span class='ocrx_word' id='word_1_1019' title='bbox 1644 2064 1769 2100; x_wconf 87' lang='lat' dir='ltr'>doloris</span> <span class='ocrx_word' id='word_1_1020' title='bbox 1793 2067 1911 2111; x_wconf 80' lang='lat' dir='ltr'>hujus,</span> <span class='ocrx_word' id='word_1_1021' title='bbox 1936 2071 2089 2107; x_wconf 84' lang='lat' dir='ltr'>videlicet</span> <span class='ocrx_word' id='word_1_1022' title='bbox 2112 2074 2162 2107; x_wconf 58' lang='lat' dir='ltr'>ina</span> 
     </span>
     <span class='ocr_line' id='line_1_127' title="bbox 1137 2110 2163 2157; baseline -0.001 -14"><span class='ocrx_word' id='word_1_1023' title='bbox 1137 2118 1322 2151; x_wconf 71' lang='lat' dir='ltr'>carcerata,</span> <span class='ocrx_word' id='word_1_1024' title='bbox 1344 2119 1381 2144; x_wconf 91' lang='lat' dir='ltr'>ut</span> <span class='ocrx_word' id='word_1_1025' title='bbox 1403 2110 1609 2153; x_wconf 89' lang='lat' dir='ltr'>loquuntur,</span> <span class='ocrx_word' id='word_1_1026' title='bbox 1634 2110 1764 2144; x_wconf 82' lang='lat' dir='ltr'>hernia.</span> <span class='ocrx_word' id='word_1_1027' title='bbox 1794 2114 1843 2146; x_wconf 77' lang='lat' dir='ltr'>De</span> <span class='ocrx_word' id='word_1_1028' title='bbox 1867 2126 1930 2157; x_wconf 70' lang='lat' dir='ltr'>qua</span> <span class='ocrx_word' id='word_1_1029' title='bbox 1955 2118 1988 2149; x_wconf 73' lang='lat' dir='ltr'>in</span> <span class='ocrx_word' id='word_1_1030' title='bbox 2013 2116 2061 2150; x_wconf 67' lang='lat' dir='ltr'>his</span> <span class='ocrx_word' id='word_1_1031' title='bbox 2088 2119 2163 2151; x_wconf 63' lang='grc' dir='ltr'>[ὴ-</span> 
     </span>
     <span class='ocr_line' id='line_1_128' title="bbox 1137 2154 2162 2196; baseline 0.006 -8"><span class='ocrx_word' id='word_1_1032' title='bbox 1137 2157 1217 2188; x_wconf 86' lang='lat' dir='ltr'>teris</span> <span class='ocrx_word' id='word_1_1033' title='bbox 1240 2154 1350 2188; x_wconf 91' lang='lat' dir='ltr'>crebra</span> <span class='ocrx_word' id='word_1_1034' title='bbox 1374 2154 1508 2196; x_wconf 89' lang='lat' dir='ltr'>quidem</span> <span class='ocrx_word' id='word_1_1035' title='bbox 1533 2155 1595 2188; x_wconf 89' lang='lat' dir='ltr'>erit</span> <span class='ocrx_word' id='word_1_1036' title='bbox 1618 2160 1889 2190; x_wconf 78' lang='lat' dir='ltr'>commemoratio</span> <span class='ocrx_word' id='word_1_1037' title='bbox 1913 2171 1922 2196; x_wconf 70' lang='grc' dir='ltr'>ς</span> <span class='ocrx_word' id='word_1_1038' title='bbox 1955 2158 2005 2194; x_wconf 86' lang='lat' dir='ltr'>sed</span> <span class='ocrx_word' id='word_1_1039' title='bbox 2031 2170 2162 2196; x_wconf 85' lang='lat' dir='ltr'>tanturn</span> 
     </span>
     <span class='ocr_line' id='line_1_129' title="bbox 1140 2198 2162 2246; baseline 0.002 -15"><span class='ocrx_word' id='word_1_1040' title='bbox 1140 2207 1300 2240; x_wconf 82' lang='lat' dir='ltr'>quatenus</span> <span class='ocrx_word' id='word_1_1041' title='bbox 1324 2198 1502 2239; x_wconf 78' lang='lat' dir='ltr'>compressa</span> <span class='ocrx_word' id='word_1_1042' title='bbox 1526 2198 1671 2232; x_wconf 88' lang='lat' dir='ltr'>intestini</span> <span class='ocrx_word' id='word_1_1043' title='bbox 1696 2210 1809 2241; x_wconf 84' lang='lat' dir='ltr'>parte,</span> <span class='ocrx_word' id='word_1_1044' title='bbox 1835 2200 1933 2245; x_wconf 76' lang='lat' dir='ltr'>hujus</span> <span class='ocrx_word' id='word_1_1045' title='bbox 1949 2228 1957 2243; x_wconf 89' lang='lat'><em>‚</em></span> <span class='ocrx_word' id='word_1_1046' title='bbox 1991 2207 2022 2237; x_wconf 64' lang='grc' dir='ltr'><strong>ἆ</strong></span> <span class='ocrx_word' id='word_1_1047' title='bbox 2048 2207 2162 2246; x_wconf 74' lang='lat' dir='ltr'>proxi-</span> 
     </span>
     <span class='ocr_line' id='line_1_130' title="bbox 1141 2238 2164 2285; baseline 0.009 -12"><span class='ocrx_word' id='word_1_1048' title='bbox 1141 2253 1202 2275; x_wconf 84' lang='lat' dir='ltr'>mae</span> <span class='ocrx_word' id='word_1_1049' title='bbox 1227 2238 1412 2282; x_wconf 86' lang='lat' dir='ltr'>sanguifera</span> <span class='ocrx_word' id='word_1_1050' title='bbox 1437 2240 1506 2274; x_wconf 87' lang='lat' dir='ltr'>vasa</span> <span class='ocrx_word' id='word_1_1051' title='bbox 1529 2241 1726 2284; x_wconf 87' lang='lat' dir='ltr'>strangulat:</span> <span class='ocrx_word' id='word_1_1052' title='bbox 1752 2255 1789 2276; x_wconf 87' lang='lat' dir='ltr'>ex</span> <span class='ocrx_word' id='word_1_1053' title='bbox 1813 2255 1881 2285; x_wconf 91' lang='lat' dir='ltr'>quo</span> <span class='ocrx_word' id='word_1_1054' title='bbox 1906 2256 1942 2279; x_wconf 90' lang='lat' dir='ltr'>ut</span> <span class='ocrx_word' id='word_1_1055' title='bbox 1966 2247 2083 2285; x_wconf 90' lang='lat' dir='ltr'>dolor,</span> <span class='ocrx_word' id='word_1_1056' title='bbox 2108 2252 2164 2282; x_wconf 88' lang='lat' dir='ltr'>in-</span> 
     </span>
     <span class='ocr_line' id='line_1_131' title="bbox 1141 2283 2161 2333; baseline 0.009 -15"><span class='ocrx_word' id='word_1_1057' title='bbox 1141 2283 1350 2321; x_wconf 86' lang='lat' dir='ltr'>flammatio,</span> <span class='ocrx_word' id='word_1_1058' title='bbox 1373 2283 1538 2327; x_wconf 84' lang='lat' dir='ltr'>sphacelus</span> <span class='ocrx_word' id='word_1_1059' title='bbox 1557 2284 1638 2319; x_wconf 87' lang='lat' dir='ltr'>fiant</span> <span class='ocrx_word' id='word_1_1060' title='bbox 1654 2310 1663 2324; x_wconf 94' lang='lat'><em>,</em></span> <span class='ocrx_word' id='word_1_1061' title='bbox 1687 2297 1751 2319; x_wconf 89' lang='lat' dir='ltr'>non</span> <span class='ocrx_word' id='word_1_1062' title='bbox 1773 2286 1891 2321; x_wconf 78' lang='lat' dir='ltr'>necesse</span> <span class='ocrx_word' id='word_1_1063' title='bbox 1906 2289 1949 2323; x_wconf 86' lang='lat' dir='ltr'>est</span> <span class='ocrx_word' id='word_1_1064' title='bbox 1974 2292 2161 2333; x_wconf 78' lang='lat' dir='ltr'>explicare.</span> 
     </span>
     <span class='ocr_line' id='line_1_132' title="bbox 1141 2327 2162 2376; baseline 0.004 -14"><span class='ocrx_word' id='word_1_1065' title='bbox 1141 2331 1260 2362; x_wconf 84' lang='lat' dir='ltr'>Cetera</span> <span class='ocrx_word' id='word_1_1066' title='bbox 1282 2328 1321 2361; x_wconf 91' lang='lat' dir='ltr'>de</span> <span class='ocrx_word' id='word_1_1067' title='bbox 1345 2327 1467 2361; x_wconf 87' lang='lat' dir='ltr'>herniis</span> <span class='ocrx_word' id='word_1_1068' title='bbox 1481 2350 1491 2365; x_wconf 85' lang='lat'>‚</span> <span class='ocrx_word' id='word_1_1069' title='bbox 1513 2328 1596 2362; x_wconf 83' lang='lat' dir='ltr'>&amp;de</span> <span class='ocrx_word' id='word_1_1070' title='bbox 1612 2330 1765 2370; x_wconf 88' lang='lat' dir='ltr'>portione</span> <span class='ocrx_word' id='word_1_1071' title='bbox 1778 2333 1946 2372; x_wconf 79' lang='lat' dir='ltr'>peritonaei</span> <span class='ocrx_word' id='word_1_1072' title='bbox 1972 2347 2042 2376; x_wconf 81' lang='lat' dir='ltr'>quae</span> <span class='ocrx_word' id='word_1_1073' title='bbox 2055 2339 2162 2370; x_wconf 86' lang='lat' dir='ltr'>comi-</span> 
     </span>
     <span class='ocr_line' id='line_1_133' title="bbox 1140 2371 2163 2418; baseline 0.002 -13"><span class='ocrx_word' id='word_1_1074' title='bbox 1140 2382 1233 2406; x_wconf 87' lang='lat' dir='ltr'>tatur</span> <span class='ocrx_word' id='word_1_1075' title='bbox 1257 2371 1328 2404; x_wconf 82' lang='lat' dir='ltr'>vasa</span> <span class='ocrx_word' id='word_1_1076' title='bbox 1356 2372 1573 2413; x_wconf 81' lang='lat' dir='ltr'>Spermatica,</span> <span class='ocrx_word' id='word_1_1077' title='bbox 1597 2372 1754 2415; x_wconf 88' lang='lat' dir='ltr'>alibi(s)</span> <span class='ocrx_word' id='word_1_1078' title='bbox 1777 2376 1995 2418; x_wconf 84' lang='lat' dir='ltr'>attingemus.</span> <span class='ocrx_word' id='word_1_1079' title='bbox 2021 2381 2070 2412; x_wconf 86' lang='lat' dir='ltr'>De</span> <span class='ocrx_word' id='word_1_1080' title='bbox 2082 2382 2163 2413; x_wconf 85' lang='lat' dir='ltr'>Ilia-</span> 
     </span>
     <span class='ocr_line' id='line_1_134' title="bbox 1138 2415 2159 2464; baseline 0.008 -15"><span class='ocrx_word' id='word_1_1081' title='bbox 1138 2428 1176 2450; x_wconf 90' lang='lat' dir='ltr'>ca</span> <span class='ocrx_word' id='word_1_1082' title='bbox 1199 2425 1309 2450; x_wconf 87' lang='lat' dir='ltr'>autem</span> <span class='ocrx_word' id='word_1_1083' title='bbox 1335 2415 1477 2449; x_wconf 81' lang='lat' dir='ltr'>Paffione</span> <span class='ocrx_word' id='word_1_1084' title='bbox 1501 2415 1658 2449; x_wconf 85' lang='lat' dir='ltr'>scribetur</span> <span class='ocrx_word' id='word_1_1085' title='bbox 1694 2417 1830 2451; x_wconf 87' lang='lat' dir='ltr'>subinde</span> <span class='ocrx_word' id='word_1_1086' title='bbox 1864 2422 1898 2452; x_wconf 88' lang='lat' dir='ltr'>in</span> <span class='ocrx_word' id='word_1_1087' title='bbox 1925 2422 1982 2455; x_wconf 86' lang='lat' dir='ltr'>hac</span> <span class='ocrx_word' id='word_1_1088' title='bbox 2007 2423 2159 2464; x_wconf 84' lang='lat' dir='ltr'>Epistola.</span> 
     </span>
     <span class='ocr_line' id='line_1_135' title="bbox 1135 2459 2161 2503; baseline 0.004 -10"><span class='ocrx_word' id='word_1_1089' title='bbox 1135 2470 1298 2501; x_wconf 87' lang='lat' dir='ltr'>quantum</span> <span class='ocrx_word' id='word_1_1090' title='bbox 1324 2459 1494 2501; x_wconf 83' lang='lat' dir='ltr'>proposito</span> <span class='ocrx_word' id='word_1_1091' title='bbox 1520 2462 1582 2491; x_wconf 86' lang='lat' dir='ltr'>erit</span> <span class='ocrx_word' id='word_1_1092' title='bbox 1608 2459 1703 2493; x_wconf 85' lang='lat' dir='ltr'>satis.</span> <span class='ocrx_word' id='word_1_1093' title='bbox 1726 2461 1802 2503; x_wconf 88' lang='lat' dir='ltr'>Jam</span> <span class='ocrx_word' id='word_1_1094' title='bbox 1827 2473 1904 2496; x_wconf 85' lang='lat' dir='ltr'>vero</span> <span class='ocrx_word' id='word_1_1095' title='bbox 1929 2463 2024 2499; x_wconf 82' lang='lat' dir='ltr'>facile</span> <span class='ocrx_word' id='word_1_1096' title='bbox 2058 2468 2161 2500; x_wconf 88' lang='lat' dir='ltr'>intel-</span> 
     </span>
     <span class='ocr_line' id='line_1_136' title="bbox 1136 2503 2159 2554; baseline 0.007 -18"><span class='ocrx_word' id='word_1_1097' title='bbox 1136 2504 1212 2546; x_wconf 82' lang='lat' dir='ltr'>ligis</span> <span class='ocrx_word' id='word_1_1098' title='bbox 1228 2527 1236 2542; x_wconf 82' lang='grc'><strong>,</strong></span> <span class='ocrx_word' id='word_1_1099' title='bbox 1260 2514 1334 2536; x_wconf 90' lang='lat' dir='ltr'>cum</span> <span class='ocrx_word' id='word_1_1100' title='bbox 1358 2512 1394 2534; x_wconf 81' lang='lat' dir='ltr'>ea</span> <span class='ocrx_word' id='word_1_1101' title='bbox 1419 2503 1550 2541; x_wconf 82' lang='lat' dir='ltr'>oritur,</span> <span class='ocrx_word' id='word_1_1102' title='bbox 1572 2511 1610 2536; x_wconf 84' lang='lat' dir='ltr'>ut</span> <span class='ocrx_word' id='word_1_1103' title='bbox 1635 2503 1846 2547; x_wconf 82' lang='lat' dir='ltr'>plerumque,</span> <span class='ocrx_word' id='word_1_1104' title='bbox 1871 2507 1915 2539; x_wconf 90' lang='lat' dir='ltr'>ob</span> <span class='ocrx_word' id='word_1_1105' title='bbox 1939 2510 2159 2554; x_wconf 87' lang='lat' dir='ltr'>interceptum</span> 
     </span>
     <span class='ocr_line' id='line_1_137' title="bbox 1134 2547 2161 2592; baseline 0.009 -12"><span class='ocrx_word' id='word_1_1106' title='bbox 1134 2547 1348 2583; x_wconf 86' lang='lat' dir='ltr'>intestinum,</span> <span class='ocrx_word' id='word_1_1107' title='bbox 1375 2555 1452 2578; x_wconf 87' lang='lat' dir='ltr'>tunc</span> <span class='ocrx_word' id='word_1_1108' title='bbox 1479 2556 1624 2579; x_wconf 85' lang='lat' dir='ltr'>acervata</span> <span class='ocrx_word' id='word_1_1109' title='bbox 1650 2548 1743 2589; x_wconf 85' lang='lat' dir='ltr'>supra</span> <span class='ocrx_word' id='word_1_1110' title='bbox 1766 2549 2041 2592; x_wconf 85' lang='lat' dir='ltr'>interceptionem</span> <span class='ocrx_word' id='word_1_1111' title='bbox 2058 2565 2161 2589; x_wconf 83' lang='lat' dir='ltr'>mate-</span> 
     </span>
     <span class='ocr_line' id='line_1_138' title="bbox 1132 2586 2162 2633; baseline 0.006 -10"><span class='ocrx_word' id='word_1_1112' title='bbox 1132 2591 1179 2624; x_wconf 81' lang='lat' dir='ltr'>ria</span> <span class='ocrx_word' id='word_1_1113' title='bbox 1204 2589 1340 2623; x_wconf 81' lang='lat' dir='ltr'>distendi</span> <span class='ocrx_word' id='word_1_1114' title='bbox 1365 2588 1518 2622; x_wconf 84' lang='lat' dir='ltr'>intestina</span> <span class='ocrx_word' id='word_1_1115' title='bbox 1543 2586 1730 2631; x_wconf 85' lang='lat' dir='ltr'>superiora,</span> <span class='ocrx_word' id='word_1_1116' title='bbox 1755 2591 1794 2625; x_wconf 90' lang='lat' dir='ltr'>ab</span> <span class='ocrx_word' id='word_1_1117' title='bbox 1819 2591 1878 2627; x_wconf 87' lang='lat' dir='ltr'>hac</span> <span class='ocrx_word' id='word_1_1118' title='bbox 1904 2605 2011 2630; x_wconf 89' lang='lat' dir='ltr'>autem</span> <span class='ocrx_word' id='word_1_1119' title='bbox 2042 2597 2162 2633; x_wconf 88' lang='lat' dir='ltr'>disten.</span> 
     </span>
     <span class='ocr_line' id='line_1_139' title="bbox 1134 2633 2163 2684; baseline 0.008 -17"><span class='ocrx_word' id='word_1_1120' title='bbox 1134 2636 1227 2668; x_wconf 86' lang='lat' dir='ltr'>tione</span> <span class='ocrx_word' id='word_1_1121' title='bbox 1252 2634 1386 2666; x_wconf 88' lang='lat' dir='ltr'>alteram</span> <span class='ocrx_word' id='word_1_1122' title='bbox 1409 2633 1539 2666; x_wconf 85' lang='lat' dir='ltr'>existere</span> <span class='ocrx_word' id='word_1_1123' title='bbox 1562 2633 1687 2667; x_wconf 90' lang='lat' dir='ltr'>doloris</span> <span class='ocrx_word' id='word_1_1124' title='bbox 1710 2636 1861 2674; x_wconf 83' lang='lat' dir='ltr'>causam,</span> <span class='ocrx_word' id='word_1_1125' title='bbox 1886 2651 1983 2682; x_wconf 88' lang='lat' dir='ltr'>quam</span> <span class='ocrx_word' id='word_1_1126' title='bbox 2010 2652 2105 2684; x_wconf 86' lang='lat' dir='ltr'>auget</span> <span class='ocrx_word' id='word_1_1127' title='bbox 2129 2645 2163 2677; x_wconf 85' lang='lat' dir='ltr'>i-</span> 
     </span>
     <span class='ocr_line' id='line_1_140' title="bbox 1135 2677 2166 2721; baseline 0.006 -11"><span class='ocrx_word' id='word_1_1128' title='bbox 1135 2677 1191 2721; x_wconf 86' lang='lat' dir='ltr'>psa</span> <span class='ocrx_word' id='word_1_1129' title='bbox 1204 2689 1335 2720; x_wconf 89' lang='lat' dir='ltr'>quoque</span> <span class='ocrx_word' id='word_1_1130' title='bbox 1347 2686 1501 2710; x_wconf 78' lang='lat' dir='ltr'>acervatae</span> <span class='ocrx_word' id='word_1_1131' title='bbox 1517 2678 1659 2711; x_wconf 81' lang='lat' dir='ltr'>materiae</span> <span class='ocrx_word' id='word_1_1132' title='bbox 1671 2681 1844 2721; x_wconf 88' lang='lat' dir='ltr'>corruptio</span> <span class='ocrx_word' id='word_1_1133' title='bbox 1854 2694 1894 2715; x_wconf 79' lang='lat' dir='ltr'>ex</span> <span class='ocrx_word' id='word_1_1134' title='bbox 1914 2696 2001 2718; x_wconf 88' lang='lat' dir='ltr'>mora</span> <span class='ocrx_word' id='word_1_1135' title='bbox 2017 2709 2023 2716; x_wconf 89' lang='lat'>.</span> <span class='ocrx_word' id='word_1_1136' title='bbox 2164 2680 2166 2683; x_wconf 65' lang='grc'><strong>’</strong></span> 
     </span>
     <span class='ocr_line' id='line_1_141' title="bbox 1141 2718 2166 2772; baseline 0.001 -18"><span class='ocrx_word' id='word_1_1137' title='bbox 1141 2723 1269 2755; x_wconf 90' lang='lat' dir='ltr'>Verum</span> <span class='ocrx_word' id='word_1_1138' title='bbox 1293 2722 1377 2754; x_wconf 90' lang='lat' dir='ltr'>unde</span> <span class='ocrx_word' id='word_1_1139' title='bbox 1401 2718 1523 2754; x_wconf 66' lang='lat' dir='ltr'>faetum</span> <span class='ocrx_word' id='word_1_1140' title='bbox 1551 2719 1631 2760; x_wconf 78' lang='lat' dir='ltr'>esse,</span> <span class='ocrx_word' id='word_1_1141' title='bbox 1657 2721 1802 2756; x_wconf 85' lang='lat' dir='ltr'>dicemus</span> <span class='ocrx_word' id='word_1_1142' title='bbox 1824 2749 1835 2764; x_wconf 87' lang='lat'><em>‚</em></span> <span class='ocrx_word' id='word_1_1143' title='bbox 1873 2735 1909 2759; x_wconf 83' lang='lat' dir='ltr'>ut</span> <span class='ocrx_word' id='word_1_1144' title='bbox 1932 2729 1966 2760; x_wconf 72' lang='lat' dir='ltr'>in</span> <span class='ocrx_word' id='word_1_1145' title='bbox 1990 2731 2166 2772; x_wconf 49' lang='lat' dir='ltr'>propofitav</span> 
     </span>
     <span class='ocr_line' id='line_1_142' title="bbox 1138 2764 2158 2810; baseline 0.003 -13"><span class='ocrx_word' id='word_1_1146' title='bbox 1138 2764 1272 2800; x_wconf 88' lang='lat' dir='ltr'>historia</span> <span class='ocrx_word' id='word_1_1147' title='bbox 1296 2765 1344 2798; x_wconf 89' lang='lat' dir='ltr'>ibi</span> <span class='ocrx_word' id='word_1_1148' title='bbox 1368 2775 1453 2806; x_wconf 83' lang='lat' dir='ltr'>aeger</span> <span class='ocrx_word' id='word_1_1149' title='bbox 1476 2765 1625 2798; x_wconf 86' lang='lat' dir='ltr'>dolorem</span> <span class='ocrx_word' id='word_1_1150' title='bbox 1648 2765 1729 2805; x_wconf 75' lang='lat' dir='ltr'>esse,</span> <span class='ocrx_word' id='word_1_1151' title='bbox 1754 2778 1883 2808; x_wconf 85' lang='lat' dir='ltr'>negaret</span> <span class='ocrx_word' id='word_1_1152' title='bbox 1906 2794 1919 2810; x_wconf 88' lang='lat'><em>‚</em></span> <span class='ocrx_word' id='word_1_1153' title='bbox 1954 2771 2010 2804; x_wconf 87' lang='lat' dir='ltr'>ubi</span> <span class='ocrx_word' id='word_1_1154' title='bbox 2035 2776 2158 2809; x_wconf 61' lang='lat' dir='ltr'>vitium</span> 
     </span>
     <span class='ocr_line' id='line_1_143' title="bbox 1137 2807 2159 2859; baseline 0.01 -17"><span class='ocrx_word' id='word_1_1155' title='bbox 1137 2818 1203 2842; x_wconf 89' lang='lat' dir='ltr'>erat</span> <span class='ocrx_word' id='word_1_1156' title='bbox 1215 2807 1424 2842; x_wconf 73' lang='lat' dir='ltr'>maximum?</span> <span class='ocrx_word' id='word_1_1157' title='bbox 1446 2809 1500 2841; x_wconf 92' lang='lat' dir='ltr'>An</span> <span class='ocrx_word' id='word_1_1158' title='bbox 1513 2807 1602 2850; x_wconf 87' lang='lat' dir='ltr'>quod</span> <span class='ocrx_word' id='word_1_1159' title='bbox 1627 2808 1714 2841; x_wconf 86' lang='lat' dir='ltr'>nulla</span> <span class='ocrx_word' id='word_1_1160' title='bbox 1738 2807 1999 2848; x_wconf 86' lang='lat' dir='ltr'>inflammatione</span> <span class='ocrx_word' id='word_1_1161' title='bbox 2024 2821 2159 2859; x_wconf 66' lang='lat' dir='ltr'>praevia,</span> 
     </span>
     <span class='ocr_line' id='line_1_144' title="bbox 1134 2850 2160 2897; baseline 0.01 -11"><span class='ocrx_word' id='word_1_1162' title='bbox 1134 2852 1299 2895; x_wconf 85' lang='lat' dir='ltr'>sphacelus</span> <span class='ocrx_word' id='word_1_1163' title='bbox 1323 2855 1541 2892; x_wconf 84' lang='lat' dir='ltr'>interceptum</span> <span class='ocrx_word' id='word_1_1164' title='bbox 1565 2850 1749 2894; x_wconf 76' lang='lat' dir='ltr'>occupasset</span> <span class='ocrx_word' id='word_1_1165' title='bbox 1774 2855 1962 2892; x_wconf 85' lang='lat' dir='ltr'>intestinum</span> <span class='ocrx_word' id='word_1_1166' title='bbox 1988 2858 2002 2891; x_wconf 86' lang='lat'>?</span> <span class='ocrx_word' id='word_1_1167' title='bbox 2037 2861 2074 2894; x_wconf 92' lang='lat' dir='ltr'>Id</span> <span class='ocrx_word' id='word_1_1168' title='bbox 2101 2875 2160 2897; x_wconf 89' lang='lat' dir='ltr'>au-</span> 
     </span>
     <span class='ocr_line' id='line_1_145' title="bbox 1136 2895 2157 2947; baseline 0.01 -18"><span class='ocrx_word' id='word_1_1169' title='bbox 1136 2905 1202 2930; x_wconf 91' lang='lat' dir='ltr'>tem</span> <span class='ocrx_word' id='word_1_1170' title='bbox 1228 2908 1266 2929; x_wconf 87' lang='lat' dir='ltr'>an</span> <span class='ocrx_word' id='word_1_1171' title='bbox 1292 2896 1361 2930; x_wconf 87' lang='lat' dir='ltr'>fieri</span> <span class='ocrx_word' id='word_1_1172' title='bbox 1388 2895 1503 2938; x_wconf 82' lang='lat' dir='ltr'>poffit‚</span> <span class='ocrx_word' id='word_1_1173' title='bbox 1528 2896 1605 2928; x_wconf 85' lang='lat' dir='ltr'>alias</span> <span class='ocrx_word' id='word_1_1174' title='bbox 1629 2899 1639 2934; x_wconf 93' lang='lat'>(</span> <span class='ocrx_word' id='word_1_1175' title='bbox 1666 2903 1680 2927; x_wconf 80' lang='lat' dir='ltr'>t</span> <span class='ocrx_word' id='word_1_1176' title='bbox 1703 2899 1713 2934; x_wconf 93' lang='lat'>)</span> <span class='ocrx_word' id='word_1_1177' title='bbox 1737 2898 1939 2935; x_wconf 79' lang='lat' dir='ltr'>videbimus.</span> <span class='ocrx_word' id='word_1_1178' title='bbox 1966 2904 2018 2936; x_wconf 84' lang='lat' dir='ltr'>An</span> <span class='ocrx_word' id='word_1_1179' title='bbox 2044 2910 2157 2947; x_wconf 82' lang='lat' dir='ltr'>potius</span> 
     </span>
     <span class='ocr_line' id='line_1_146' title="bbox 1135 2937 2157 2993; baseline 0.005 -19"><span class='ocrx_word' id='word_1_1180' title='bbox 1135 2942 1213 2983; x_wconf 90' lang='lat' dir='ltr'>quia</span> <span class='ocrx_word' id='word_1_1181' title='bbox 1238 2951 1312 2973; x_wconf 91' lang='lat' dir='ltr'>cum</span> <span class='ocrx_word' id='word_1_1182' title='bbox 1337 2950 1419 2981; x_wconf 72' lang='lat' dir='ltr'>aeger</span> <span class='ocrx_word' id='word_1_1183' title='bbox 1443 2937 1523 2972; x_wconf 89' lang='lat' dir='ltr'>illud</span> <span class='ocrx_word' id='word_1_1184' title='bbox 1549 2939 1708 2980; x_wconf 87' lang='lat' dir='ltr'>negabat,</span> <span class='ocrx_word' id='word_1_1185' title='bbox 1733 2939 2036 2980; x_wconf 81' lang='lat' dir='ltr'>jaminflammatio</span> <span class='ocrx_word' id='word_1_1186' title='bbox 2059 2950 2157 2993; x_wconf 82' lang='lat' dir='ltr'>dege-</span> 
     </span>
     <span class='ocr_line' id='line_1_147' title="bbox 1137 2980 2156 3033; baseline 0.01 -16"><span class='ocrx_word' id='word_1_1187' title='bbox 1137 2982 1268 3018; x_wconf 82' lang='lat' dir='ltr'>neraffet</span> <span class='ocrx_word' id='word_1_1188' title='bbox 1292 2985 1325 3017; x_wconf 89' lang='lat' dir='ltr'>in</span> <span class='ocrx_word' id='word_1_1189' title='bbox 1350 2980 1565 3025; x_wconf 70' lang='lat' dir='ltr'>sphacelurn?</span> <span class='ocrx_word' id='word_1_1190' title='bbox 1587 2983 1671 3016; x_wconf 90' lang='lat' dir='ltr'>Sunt</span> <span class='ocrx_word' id='word_1_1191' title='bbox 1694 2986 1782 3018; x_wconf 90' lang='lat' dir='ltr'>enim</span> <span class='ocrx_word' id='word_1_1192' title='bbox 1807 2987 1867 3022; x_wconf 84' lang='lat' dir='ltr'>alia</span> <span class='ocrx_word' id='word_1_1193' title='bbox 1902 3002 2036 3033; x_wconf 86' lang='lat' dir='ltr'>quoque</span> <span class='ocrx_word' id='word_1_1194' title='bbox 2059 2994 2094 3026; x_wconf 90' lang='lat' dir='ltr'>in</span> <span class='ocrx_word' id='word_1_1195' title='bbox 2118 3007 2156 3030; x_wconf 81' lang='lat' dir='ltr'>ea</span> 
     </span>
     <span class='ocr_line' id='line_1_148' title="bbox 1138 3025 2155 3075; baseline 0.012 -15"><span class='ocrx_word' id='word_1_1196' title='bbox 1138 3027 1294 3067; x_wconf 87' lang='lat' dir='ltr'>historia,</span> <span class='ocrx_word' id='word_1_1197' title='bbox 1318 3038 1354 3060; x_wconf 89' lang='lat' dir='ltr'>ut</span> <span class='ocrx_word' id='word_1_1198' title='bbox 1381 3038 1397 3059; x_wconf 89' lang='lat' dir='ltr'>a</span> <span class='ocrx_word' id='word_1_1199' title='bbox 1422 3025 1573 3059; x_wconf 87' lang='lat' dir='ltr'>Valsalva</span> <span class='ocrx_word' id='word_1_1200' title='bbox 1601 3026 1718 3069; x_wconf 89' lang='lat' dir='ltr'>scripta</span> <span class='ocrx_word' id='word_1_1201' title='bbox 1742 3028 1805 3068; x_wconf 85' lang='lat' dir='ltr'>est,</span> <span class='ocrx_word' id='word_1_1202' title='bbox 1829 3044 1902 3075; x_wconf 69' lang='lat' dir='ltr'>quae</span> <span class='ocrx_word' id='word_1_1203' title='bbox 1927 3044 1993 3067; x_wconf 83' lang='lat' dir='ltr'>non</span> <span class='ocrx_word' id='word_1_1204' title='bbox 2019 3047 2155 3072; x_wconf 87' lang='lat' dir='ltr'>accura-</span> 
     </span>
     <span class='ocr_line' id='line_1_149' title="bbox 1138 3068 2156 3120; baseline 0 -15"><span class='ocrx_word' id='word_1_1205' title='bbox 1138 3071 1253 3105; x_wconf 85' lang='lat' dir='ltr'>tiffime</span> <span class='ocrx_word' id='word_1_1206' title='bbox 1277 3069 1466 3104; x_wconf 83' lang='lat' dir='ltr'>mandatam</span> <span class='ocrx_word' id='word_1_1207' title='bbox 1491 3068 1613 3104; x_wconf 86' lang='lat' dir='ltr'>chartis</span> <span class='ocrx_word' id='word_1_1208' title='bbox 1637 3068 1752 3112; x_wconf 78' lang='lat' dir='ltr'>fuisse,</span> <span class='ocrx_word' id='word_1_1209' title='bbox 1787 3076 1954 3111; x_wconf 70' lang='lat' dir='ltr'>indicent,</span> <span class='ocrx_word' id='word_1_1210' title='bbox 2093 3083 2156 3120; x_wconf 65' lang='lat' dir='ltr'>Sed</span> 
     </span>
     <span class='ocr_line' id='line_1_150' title="bbox 1138 3113 2118 3166; baseline 0.006 -17"><span class='ocrx_word' id='word_1_1211' title='bbox 1138 3125 1241 3157; x_wconf 87' lang='lat' dir='ltr'>neque</span> <span class='ocrx_word' id='word_1_1212' title='bbox 1264 3116 1297 3147; x_wconf 90' lang='lat' dir='ltr'>in</span> <span class='ocrx_word' id='word_1_1213' title='bbox 1320 3114 1468 3158; x_wconf 84' lang='lat' dir='ltr'>proxima</span> <span class='ocrx_word' id='word_1_1214' title='bbox 1493 3115 1592 3146; x_wconf 89' lang='lat' dir='ltr'>ullam</span> <span class='ocrx_word' id='word_1_1215' title='bbox 1616 3113 1741 3150; x_wconf 83' lang='lat' dir='ltr'>doloris</span> <span class='ocrx_word' id='word_1_1216' title='bbox 1767 3124 1967 3155; x_wconf 85' lang='lat' dir='ltr'>mentionem</span> <span class='ocrx_word' id='word_1_1217' title='bbox 2002 3123 2118 3166; x_wconf 69' lang='lat' dir='ltr'>injecit</span> 
     </span>
     <span class='ocr_line' id='line_1_151' title="bbox 1136 3153 2153 3211; baseline 0.006 -19"><span class='ocrx_word' id='word_1_1218' title='bbox 1136 3161 1195 3201; x_wconf 88' lang='lat' dir='ltr'>qui</span> <span class='ocrx_word' id='word_1_1219' title='bbox 1228 3170 1335 3193; x_wconf 85' lang='lat' dir='ltr'>tamen</span> <span class='ocrx_word' id='word_1_1220' title='bbox 1368 3168 1446 3191; x_wconf 87' lang='lat' dir='ltr'>num</span> <span class='ocrx_word' id='word_1_1221' title='bbox 1481 3155 1582 3191; x_wconf 81' lang='lat' dir='ltr'>abeffe</span> <span class='ocrx_word' id='word_1_1222' title='bbox 1607 3162 1754 3200; x_wconf 87' lang='lat' dir='ltr'>potuerit</span> <span class='ocrx_word' id='word_1_1223' title='bbox 1775 3186 1786 3203; x_wconf 81' lang='lat'><em>,</em></span> <span class='ocrx_word' id='word_1_1224' title='bbox 1823 3164 1899 3198; x_wconf 84' lang='lat' dir='ltr'>satis</span> <span class='ocrx_word' id='word_1_1225' title='bbox 1933 3166 1997 3209; x_wconf 88' lang='lat' dir='ltr'>ipsa</span> <span class='ocrx_word' id='word_1_1226' title='bbox 2029 3179 2085 3211; x_wconf 76' lang='lat' dir='ltr'>per</span> <span class='ocrx_word' id='word_1_1227' title='bbox 2121 3153 2153 3206; x_wconf 68' lang='grc' dir='ltr'>[ἔ</span> 
     </span>
     <span class='ocr_line' id='line_1_152' title="bbox 1132 3204 1345 3237; baseline 0.005 -2"><span class='ocrx_word' id='word_1_1228' title='bbox 1132 3204 1325 3237; x_wconf 79' lang='lat' dir='ltr'>monstrabit</span> <span class='ocrx_word' id='word_1_1229' title='bbox 1336 3227 1345 3236; x_wconf 89' lang='lat'>.</span> 
     </span>
    </p>

    <p class='ocr_par' dir='ltr' id='par_1_14' title="bbox 1129 3248 2151 3645">
     <span class='ocr_line' id='line_1_153' title="bbox 1175 3248 2151 3295; baseline 0.012 -14"><span class='ocrx_word' id='word_1_1230' title='bbox 1175 3258 1205 3288; x_wconf 91' lang='lat'>7.</span> <span class='ocrx_word' id='word_1_1231' title='bbox 1235 3248 1325 3281; x_wconf 83' lang='lat' dir='ltr'>VIR</span> <span class='ocrx_word' id='word_1_1232' title='bbox 1348 3257 1467 3279; x_wconf 89' lang='lat' dir='ltr'>annum</span> <span class='ocrx_word' id='word_1_1233' title='bbox 1502 3258 1597 3290; x_wconf 84' lang='lat' dir='ltr'>agens</span> <span class='ocrx_word' id='word_1_1234' title='bbox 1629 3249 1930 3293; x_wconf 84' lang='lat' dir='ltr'>quinquagesimum</span> <span class='ocrx_word' id='word_1_1235' title='bbox 1956 3277 1966 3293; x_wconf 95' lang='lat'>,</span> <span class='ocrx_word' id='word_1_1236' title='bbox 2002 3255 2151 3295; x_wconf 83' lang='lat' dir='ltr'>laborans</span> 
     </span>
     <span class='ocr_line' id='line_1_154' title="bbox 1133 3291 2151 3344; baseline 0.01 -21"><span class='ocrx_word' id='word_1_1237' title='bbox 1133 3291 1334 3330; x_wconf 82' lang='lat' dir='ltr'>enterocele,</span> <span class='ocrx_word' id='word_1_1238' title='bbox 1360 3291 1484 3323; x_wconf 86' lang='lat' dir='ltr'>ardenti</span> <span class='ocrx_word' id='word_1_1239' title='bbox 1510 3291 1599 3325; x_wconf 87' lang='lat' dir='ltr'>febre</span> <span class='ocrx_word' id='word_1_1240' title='bbox 1621 3297 1822 3334; x_wconf 83' lang='lat' dir='ltr'>corripitur.</span> <span class='ocrx_word' id='word_1_1241' title='bbox 1849 3298 1879 3328; x_wconf 85' lang='lat'><strong>&amp;</strong></span> <span class='ocrx_word' id='word_1_1242' title='bbox 1893 3299 2066 3333; x_wconf 73' lang='lat' dir='ltr'>nonnullos</span> <span class='ocrx_word' id='word_1_1243' title='bbox 2080 3304 2151 3344; x_wconf 83' lang='lat' dir='ltr'>post</span> 
     </span>
     <span class='ocr_line' id='line_1_155' title="bbox 1131 3332 2150 3381; baseline 0.005 -13"><span class='ocrx_word' id='word_1_1244' title='bbox 1131 3333 1198 3368; x_wconf 85' lang='lat' dir='ltr'>dies</span> <span class='ocrx_word' id='word_1_1245' title='bbox 1224 3335 1404 3368; x_wconf 86' lang='lat' dir='ltr'>vomitione</span> <span class='ocrx_word' id='word_1_1246' title='bbox 1428 3332 1607 3368; x_wconf 90' lang='lat' dir='ltr'>humorum</span> <span class='ocrx_word' id='word_1_1247' title='bbox 1633 3360 1640 3373; x_wconf 87' lang='lat'><em>,</em></span> <span class='ocrx_word' id='word_1_1248' title='bbox 1674 3338 1729 3376; x_wconf 75' lang='lat' dir='ltr'>qui</span> <span class='ocrx_word' id='word_1_1249' title='bbox 1757 3338 1894 3379; x_wconf 83' lang='lat' dir='ltr'>fuligine</span> <span class='ocrx_word' id='word_1_1250' title='bbox 1917 3341 2030 3376; x_wconf 74' lang='lat' dir='ltr'>infeffi</span> <span class='ocrx_word' id='word_1_1251' title='bbox 2059 3347 2150 3381; x_wconf 61' lang='lat' dir='ltr'>vide-</span> 
     </span>
     <span class='ocr_line' id='line_1_156' title="bbox 1131 3378 2149 3425; baseline 0.01 -14"><span class='ocrx_word' id='word_1_1252' title='bbox 1131 3378 1275 3412; x_wconf 89' lang='lat' dir='ltr'>bantur.</span> <span class='ocrx_word' id='word_1_1253' title='bbox 1298 3379 1438 3411; x_wconf 78' lang='lat' dir='ltr'>Urinarn</span> <span class='ocrx_word' id='word_1_1254' title='bbox 1463 3381 1604 3421; x_wconf 87' lang='lat' dir='ltr'>primurn</span> <span class='ocrx_word' id='word_1_1255' title='bbox 1629 3378 1782 3420; x_wconf 83' lang='lat' dir='ltr'>difficile,</span> <span class='ocrx_word' id='word_1_1256' title='bbox 1805 3384 1919 3416; x_wconf 86' lang='lat' dir='ltr'>deinde</span> <span class='ocrx_word' id='word_1_1257' title='bbox 1931 3387 2020 3419; x_wconf 89' lang='lat' dir='ltr'>nullo</span> <span class='ocrx_word' id='word_1_1258' title='bbox 2046 3391 2149 3425; x_wconf 51' lang='lat' dir='ltr'>mado</span> 
     </span>
     <span class='ocr_line' id='line_1_157' title="bbox 1131 3421 2149 3466; baseline 0.002 -12"><span class='ocrx_word' id='word_1_1259' title='bbox 1131 3422 1238 3455; x_wconf 92' lang='lat' dir='ltr'>reddit</span> <span class='ocrx_word' id='word_1_1260' title='bbox 1262 3447 1269 3453; x_wconf 92' lang='lat'>.</span> <span class='ocrx_word' id='word_1_1261' title='bbox 1303 3421 1464 3455; x_wconf 80' lang='lat' dir='ltr'>Catherer</span> <span class='ocrx_word' id='word_1_1262' title='bbox 1496 3436 1510 3456; x_wconf 90' lang='lat' dir='ltr'>a</span> <span class='ocrx_word' id='word_1_1263' title='bbox 1539 3423 1706 3464; x_wconf 84' lang='lat' dir='ltr'>Chirurgo</span> <span class='ocrx_word' id='word_1_1264' title='bbox 1738 3425 1894 3460; x_wconf 78' lang='lat' dir='ltr'>incassum</span> <span class='ocrx_word' id='word_1_1265' title='bbox 1919 3430 2110 3466; x_wconf 84' lang='lat' dir='ltr'>immittitur</span> <span class='ocrx_word' id='word_1_1266' title='bbox 2137 3449 2149 3456; x_wconf 90' lang='lat'>.</span> 
     </span>
     <span class='ocr_line' id='line_1_158' title="bbox 1133 3459 2149 3511; baseline 0.007 -13"><span class='ocrx_word' id='word_1_1267' title='bbox 1133 3476 1271 3508; x_wconf 88' lang='lat' dir='ltr'>namque</span> <span class='ocrx_word' id='word_1_1268' title='bbox 1294 3467 1349 3499; x_wconf 89' lang='lat' dir='ltr'>ubi</span> <span class='ocrx_word' id='word_1_1269' title='bbox 1377 3477 1476 3508; x_wconf 88' lang='lat' dir='ltr'>prope</span> <span class='ocrx_word' id='word_1_1270' title='bbox 1501 3467 1634 3500; x_wconf 71' lang='lat' dir='ltr'>vesicam</span> <span class='ocrx_word' id='word_1_1271' title='bbox 1660 3470 1831 3509; x_wconf 84' lang='lat' dir='ltr'>pervenit,</span> <span class='ocrx_word' id='word_1_1272' title='bbox 1854 3473 1887 3503; x_wconf 90' lang='lat' dir='ltr'>in</span> <span class='ocrx_word' id='word_1_1273' title='bbox 1910 3472 2038 3507; x_wconf 86' lang='lat' dir='ltr'>obicem</span> <span class='ocrx_word' id='word_1_1274' title='bbox 2064 3459 2149 3511; x_wconf 61' lang='lat' dir='ltr'>inci:</span> 
     </span>
     <span class='ocr_line' id='line_1_159' title="bbox 1131 3508 2148 3558; baseline 0.01 -15"><span class='ocrx_word' id='word_1_1275' title='bbox 1131 3510 1202 3543; x_wconf 93' lang='lat' dir='ltr'>dit.</span> <span class='ocrx_word' id='word_1_1276' title='bbox 1229 3511 1341 3552; x_wconf 86' lang='lat' dir='ltr'>Itaque</span> <span class='ocrx_word' id='word_1_1277' title='bbox 1367 3508 1415 3542; x_wconf 87' lang='lat' dir='ltr'>his</span> <span class='ocrx_word' id='word_1_1278' title='bbox 1440 3510 1631 3543; x_wconf 85' lang='lat' dir='ltr'>vexantibus</span> <span class='ocrx_word' id='word_1_1279' title='bbox 1655 3512 1868 3546; x_wconf 87' lang='lat' dir='ltr'>incommodis</span> <span class='ocrx_word' id='word_1_1280' title='bbox 1893 3537 1900 3548; x_wconf 77' lang='lat'>‚</span> <span class='ocrx_word' id='word_1_1281' title='bbox 1936 3528 2019 3558; x_wconf 78' lang='lat' dir='ltr'>aeger</span> <span class='ocrx_word' id='word_1_1282' title='bbox 2044 3523 2148 3555; x_wconf 78' lang='lat' dir='ltr'>mori-</span> 
     </span>
     <span class='ocr_line' id='line_1_160' title="bbox 1131 3552 2145 3601; baseline 0.011 -14"><span class='ocrx_word' id='word_1_1283' title='bbox 1131 3562 1204 3586; x_wconf 87' lang='lat' dir='ltr'>tur,</span> <span class='ocrx_word' id='word_1_1284' title='bbox 1346 3552 1568 3592; x_wconf 79' lang='lat' dir='ltr'>VENTRE,</span> <span class='ocrx_word' id='word_1_1285' title='bbox 1594 3565 1628 3587; x_wconf 87' lang='lat' dir='ltr'>ac</span> <span class='ocrx_word' id='word_1_1286' title='bbox 1653 3553 1761 3588; x_wconf 79' lang='lat' dir='ltr'>scroto</span> <span class='ocrx_word' id='word_1_1287' title='bbox 1786 3556 1924 3592; x_wconf 73' lang='lat' dir='ltr'>diffeffis</span> <span class='ocrx_word' id='word_1_1288' title='bbox 1948 3583 1956 3596; x_wconf 91' lang='lat'>,</span> <span class='ocrx_word' id='word_1_1289' title='bbox 1990 3563 2145 3601; x_wconf 80' lang='lat' dir='ltr'>intestina</span> 
     </span>
     <span class='ocr_line' id='line_1_161' title="bbox 1129 3594 2145 3645; baseline 0.008 -16"><span class='ocrx_word' id='word_1_1290' title='bbox 1129 3597 1166 3630; x_wconf 89' lang='lat' dir='ltr'>in</span> <span class='ocrx_word' id='word_1_1291' title='bbox 1191 3596 1254 3631; x_wconf 92' lang='lat' dir='ltr'>hoc</span> <span class='ocrx_word' id='word_1_1292' title='bbox 1279 3595 1411 3640; x_wconf 86' lang='lat' dir='ltr'>illapsa,</span> <span class='ocrx_word' id='word_1_1293' title='bbox 1436 3594 1701 3632; x_wconf 87' lang='lat' dir='ltr'>inflammatione</span> <span class='ocrx_word' id='word_1_1294' title='bbox 1725 3599 1837 3634; x_wconf 58' lang='lat' dir='ltr'>affetta</span> <span class='ocrx_word' id='word_1_1295' title='bbox 1862 3602 2145 3645; x_wconf 53' lang='lat' dir='ltr'>inveniunrum&amp;</span> 
     </span>
    </p>
   </div>
   <div class='ocr_carea' id='block_1_11' title="bbox 2001 3660 2103 3692">
    <p class='ocr_par' dir='ltr' id='par_1_15' title="bbox 2001 3660 2103 3692">
     <span class='ocr_line' id='line_1_162' title="bbox 2001 3660 2103 3692; baseline -0.02 -9"><span class='ocrx_word' id='word_1_1296' title='bbox 2001 3660 2103 3692; x_wconf 90' lang='lat' dir='ltr'>quan-</span> 
     </span>
    </p>
   </div>
   <div class='ocr_carea' id='block_1_12' title="bbox 1658 3736 2096 3751">
    <p class='ocr_par' dir='ltr' id='par_1_16' title="bbox 1658 3736 2096 3751">
     <span class='ocr_line' id='line_1_163' title="bbox 1658 3736 2096 3751; baseline 0 -1"><span class='ocrx_word' id='word_1_1297' title='bbox 1658 3736 2096 3751; x_wconf 50' lang='grc' dir='ltr'>Ἣ</span> 
     </span>
    </p>
   </div>
   <div class='ocr_carea' id='block_1_13' title="bbox 1315 3789 1972 3827">
    <p class='ocr_par' dir='ltr' id='par_1_17' title="bbox 1315 3789 1972 3827">
     <span class='ocr_line' id='line_1_164' title="bbox 1315 3789 1972 3827; baseline 0.015 -12"><span class='ocrx_word' id='word_1_1298' title='bbox 1315 3789 1325 3819; x_wconf 91' lang='grc'><strong><em>(</em></strong></span> <span class='ocrx_word' id='word_1_1299' title='bbox 1342 3799 1365 3816; x_wconf 88' lang='lat' dir='ltr'>m</span> <span class='ocrx_word' id='word_1_1300' title='bbox 1381 3791 1396 3821; x_wconf 83' lang='lat'>)</span> <span class='ocrx_word' id='word_1_1301' title='bbox 1411 3793 1574 3824; x_wconf 75' lang='lat' dir='ltr'>Anthropogr.</span> <span class='ocrx_word' id='word_1_1302' title='bbox 1592 3795 1609 3817; x_wconf 90' lang='lat'>1.</span> <span class='ocrx_word' id='word_1_1303' title='bbox 1629 3800 1652 3817; x_wconf 88' lang='lat'>2.</span> <span class='ocrx_word' id='word_1_1304' title='bbox 1671 3800 1694 3818; x_wconf 83' lang='lat' dir='ltr'>c.</span> <span class='ocrx_word' id='word_1_1305' title='bbox 1712 3803 1751 3827; x_wconf 83' lang='lat'>14.</span> <span class='ocrx_word' id='word_1_1306' title='bbox 1811 3796 1827 3826; x_wconf 85' lang='lat'><strong>(</strong></span> <span class='ocrx_word' id='word_1_1307' title='bbox 1842 3804 1859 3822; x_wconf 81' lang='lat' dir='ltr'>n</span> <span class='ocrx_word' id='word_1_1308' title='bbox 1875 3796 1889 3826; x_wconf 80' lang='lat'>2</span> <span class='ocrx_word' id='word_1_1309' title='bbox 1908 3797 1972 3825; x_wconf 73' lang='lat' dir='ltr'>ibid.</span> 
     </span>
    </p>
   </div>
   <div class='ocr_carea' id='block_1_14' title="bbox 1127 3822 1726 3856">
    <p class='ocr_par' dir='ltr' id='par_1_18' title="bbox 1127 3822 1726 3856">
     <span class='ocr_line' id='line_1_165' title="bbox 1127 3822 1726 3856; baseline 0.005 -7"><span class='ocrx_word' id='word_1_1310' title='bbox 1127 3822 1142 3853; x_wconf 87' lang='lat'><em>)</em></span> <span class='ocrx_word' id='word_1_1311' title='bbox 1166 3829 1188 3850; x_wconf 79' lang='grc' dir='ltr'>ο.</span> <span class='ocrx_word' id='word_1_1312' title='bbox 1204 3823 1248 3850; x_wconf 85' lang='lat' dir='ltr'>cit.</span> <span class='ocrx_word' id='word_1_1313' title='bbox 1311 3822 1381 3854; x_wconf 80' lang='lat' dir='ltr'>(s)</span> <span class='ocrx_word' id='word_1_1314' title='bbox 1403 3824 1477 3855; x_wconf 74' lang='lat' dir='ltr'>Epist.</span> <span class='ocrx_word' id='word_1_1315' title='bbox 1493 3832 1532 3856; x_wconf 79' lang='lat'>43·</span> <span class='ocrx_word' id='word_1_1316' title='bbox 1558 3833 1582 3850; x_wconf 93' lang='lat' dir='ltr'>n.</span> <span class='ocrx_word' id='word_1_1317' title='bbox 1599 3826 1621 3849; x_wconf 84' lang='lat'>6.</span> <span class='ocrx_word' id='word_1_1318' title='bbox 1647 3824 1671 3850; x_wconf 72' lang='grc' dir='ltr'>δε</span> <span class='ocrx_word' id='word_1_1319' title='bbox 1699 3834 1726 3855; x_wconf 88' lang='lat'>7.</span> 
     </span>
    </p>
   </div>
  </div>
 </body>
</html>
