2498 4075
394 236 493 304 428

329 311 605 362 quemadmodum
628 308 666 346 ad
687 306 981 355 hypochondrium
1004 302 1163 340 sinistrum
1194 305 1334 351 pertine-

331 363 414 399 bunt
438 359 502 395 illae
525 362 597 399 quae
620 354 767 396 protinus
790 351 984 393 sequuntur.

382 416 430 439 10,
457 403 599 440 Magnus
621 397 730 434 certe,
755 394 931 440 praesertim
955 401 991 440 ut
1015 392 1049 426 in
1073 392 1213 425 novenni
1228 402 1337 433 puero,

333 449 428 484 lienis
452 452 561 481 tumor
585 439 672 478 suit,
707 448 802 480 quem
834 436 998 478 descripsit
1032 435 1086 469 Cl.
1122 434 1334 470 Kaltschmie.

334 492 407 526 dius
431 491 515 530 (c),
536 496 604 527 quo
623 483 656 518 in
682 490 829 517 tumore,
853 478 884 518 si
901 479 1045 513 manibus
1067 478 1335 514 tentaretur,do-

335 529 440 569 locem*
461 539 541 572 puer
563 525 785 572 percipiebat;
806 521 865 557 nifi
890 522 972 559 forte
996 522 1139 559 tribuere
1163 520 1247 558 hunc
1281 533 1335 555 ve-

335 579 374 613 lis
402 573 535 617 subjeffl
559 571 643 603 renis
665 566 782 605 sinistri
817 567 924 609 amplo
947 567 1032 609 pelvi
1054 589 1065 609 ‚
1096 575 1193 606 quem
1230 565 1336 598 inclu-

336 621 386 655 sus
408 617 497 661 asper
520 613 683 653 calculus,
706 620 784 646 tunc
809 609 1338 653 appreffus‚c0mpungeret.A11-

335 661 466 709 quando
490 664 600 694 autem
625 668 640 690 e
662 653 829 693 contrario
854 664 918 687 non
942 653 977 686 in
998 652 1089 689 lienis
1122 660 1248 691 tumore
1281 663 1337 685 oc-

335 707 439 744 currit
462 705 557 741 dolor
574 723 583 741 ,
611 698 663 736 sed
687 699 721 732 in
745 697 851 733 lateris
874 694 991 731 sinistri
1013 696 1077 729 ima
1100 704 1188 737 parte
1211 695 1249 731 acl
1260 694 1337 731 dor-

338 750 409 788 sum
431 755 605 790 vergente,
628 751 665 776 ut
687 743 720 774 in
747 743 820 774 viro
855 740 910 783 qui
941 750 1016 773 cum
1052 747 1203 780 praeterea
1238 739 1339 781 pluri-

337 795 397 831 bus
423 792 493 828 aliis
528 784 807 833 symptomatibus
830 807 840 823 ‚
875 780 1031 825 phthisim
1063 782 1295 817 mentientibus
1325 804 1336 820 ‚

341 835 451 875 fuisset
490 831 705 869 conflictatus
727 852 737 867 ,
771 826 856 863 nihil
891 825 1030 868 denique
1063 825 1097 859 in
1130 825 1339 866 pulmonibus

338 878 426 923 quod
450 875 608 912 vitiosum
631 871 730 911 esset,
753 871 823 913 post
846 879 984 904 mortem
1008 866 1147 904 ostendit
1164 892 1172 908 2
1197 867 1247 903 sed
1282 870 1339 905 lie.

339 934 415 961 nem
440 919 647 963 grandiorem
668 939 677 955 ,
708 913 909 949 duriffimum
928 934 938 950 ‚
975 915 1008 947 ἅτ
1041 910 1133 946 valde
1166 922 1297 953 gravem
1330 935 1341 954 ,

341 968 458 1009 quippe
491 975 530 999 ex
564 959 655 999 densa
688 958 892 1000 compafitum
924 956 1097 991 substantia
1130 966 1226 999 quam
1258 955 1339 990 Abs.

344 1011 480 1045 vaterus
503 1007 568 1045 (d)
591 1014 664 1038 cum
686 999 819 1038 diffesto
838 999 980 1042 petasone
998 1000 1147 1042 porcino,
1174 997 1268 1043 fumo
1301 998 1345 1032 le-

340 1053 425 1090 viter
448 1051 593 1087 indurato
616 1044 838 1087 comparavitv
864 1044 999 1086 Decipit
1028 1043 1127 1076 etiam
1162 1042 1256 1077 lienis
1291 1051 1346 1078 tu-

342 1106 441 1136 mor,
462 1104 539 1130 cum
562 1092 654 1129 valde
677 1088 707 1124 se
731 1085 876 1121 extendit
891 1110 904 1128 ‚
938 1096 992 1122 aut
1026 1097 1101 1120 cum
1136 1097 1170 1121 ea
1201 1088 1346 1121 continee

342 1150 414 1187 quae
439 1135 592 1173 rarissime
616 1132 694 1168 solet
709 1159 716 1163 .
741 1129 847 1173 Cujus
860 1131 1028 1174 utriusque
1051 1129 1291 1163 constitutionis
1313 1132 1347 1165 in

344 1193 411 1219 uno
434 1180 613 1222 eodemque
637 1176 769 1211 homine
793 1174 978 1215 exemplum
1002 1174 1112 1215 Regiae
1135 1173 1349 1208 scientiarum

344 1222 530 1261 Parmensis
553 1220 740 1259 Academiae
764 1217 921 1262 praebebit
934 1216 1082 1253 Historia
1099 1216 1185 1258 (e).
1210 1218 1240 1249 Is
1262 1218 1349 1253 enim

344 1268 453 1305 ascitis
476 1273 644 1307 correptus
669 1264 765 1305 signis
781 1287 790 1301 ,
812 1262 845 1295 in
868 1260 989 1305 quibus
1012 1258 1258 1295 manifestissima
1281 1270 1349 1295 erat

347 1311 494 1352 humoris
516 1309 550 1345 in
573 1316 683 1344 ventre
701 1305 907 1342 'flufftuatim
929 1302 1151 1347 paracentefim
1175 1303 1224 1338 bis
1237 1315 1349 1346 exper-

345 1367 397 1392 tus
414 1376 423 1393 ,
446 1356 476 1388 &
500 1363 560 1396 pro
583 1361 665 1394 aqua
690 1348 807 1386 educto
831 1358 933 1393 pure,
956 1360 972 1381 a
996 1347 1129 1383 secunda
1153 1346 1247 1390 hujus
1270 1348 1348 1382 edu„

348 1401 458 1436 &ione
482 1394 633 1440 postridie
658 1401 805 1428 mortuus
826 1416 834 1429 ‚
880 1391 997 1428 lienem
1022 1400 1108 1425 tanta
1131 1390 1246 1427 habuit
1282 1403 1349 1425 ma-

349 1440 545 1487 gnitudine‚
568 1447 605 1476 ut
630 1436 668 1471 ab
692 1434 747 1472 sua.
770 1433 841 1472 sede
865 1434 903 1469 ad
927 1435 1019 1478 pubis
1043 1433 1108 1467 ossa
1132 1435 1317 1477 perveniens
1342 1459 1352 1475 ‚

347 1485 468 1523 viscera
492 1494 509 1517 a
531 1481 664 1520 fronte,
690 1482 721 1516 &
745 1478 787 1514 ab
809 1478 961 1514 lateribus
983 1478 1125 1520 operiret
1139 1487 1352 1521 ‚atqueeom

345 1531 499 1576 primeret
525 1552 535 1567 ‚
566 1527 690 1568 quippe
724 1521 930 1558 tantumdem
975 1521 1212 1565 propemodum
1245 1523 1355 1555 conti-

346 1583 423 1610 nens
445 1571 557 1615 puris,
581 1577 741 1611 quantum
765 1577 783 1600 e
806 1568 935 1603 vivente
958 1565 1136 1603 extradum
1147 1563 1355 1608 fuerat;plu-

349 1619 473 1653 timum
496 1623 605 1649 autem
628 1610 732 1649 suerat
755 1609 935 1645 extractum
958 1634 966 1644 .
999 1609 1063 1645 Pus
1100 1607 1253 1651 quidem,
1289 1620 1355 1644 non

311 1662 314 1665 “
350 1659 450 1697 modo
475 1667 612 1699 aquam,
639 1656 674 1689 in
697 1654 779 1688 liene
802 1652 970 1689 inventurn
993 1662 1225 1694 nonnunquam
1250 1651 1355 1693 fuisse,

351 1705 432 1740 alias
453 1699 518 1744 (f)
542 1699 607 1733 tibi
629 1698 957 1735 commemoravimus
980 1709 990 1735 3
1025 1695 1078 1731 sed
1109 1696 1244 1730 immani
1278 1695 1357 1729 adeo

349 1748 445 1792 copia
468 1750 633 1785 repertum
656 1738 718 1779 esse
734 1765 742 1779 ,
766 1750 832 1775 non
856 1741 1082 1775 meminimus.
1106 1739 1146 1774 In
1170 1748 1257 1773 tanta
1291 1749 1358 1774 non

350 1790 462 1834 magni
486 1787 616 1823 visceris.
639 1783 843 1823 extensione,
867 1785 898 1818 δι
921 1783 1111 1817 fluctuantis
1134 1781 1279 1819 humoris
1291 1781 1359 1816 sen-

352 1836 389 1870 su
413 1833 486 1877 quis
511 1830 628 1865 lienem
650 1825 851 1871 potissimum
875 1824 1051 1870 culpasset?
1074 1826 1207 1861 Doloris
1242 1825 1326 1862 sedes
1349 1847 1359 1863 ,

350 1878 410 1914 ni?
436 1875 520 1911 forte
544 1876 629 1909 inter
651 1871 748 1907 initia
762 1890 772 1909 2
796 1880 862 1908 non
885 1869 921 1905 id
942 1878 1068 1914 poterat
1081 1868 1362 1912 significare.Co..

353 1924 412 1957 lici
437 1921 524 1955 enim
547 1915 749 1954 vehementes
774 1936 788 1955 ‚
817 1914 875 1957 qui
896 1913 1035 1957 denique
1058 1913 1266 1956 ingruerant,
1299 1912 1361 1946 do-

353 1966 458 2003 sores²
482 1973 556 2001 cum
581 1961 622 1998 ab
643 1958 874 1995 intestinorum
896 1955 1125 2000 compressione
1147 1954 1240 1990 facile
1254 1955 1361 1997 essent,

352 2020 419 2044 non
446 2006 485 2045 ad
508 2006 599 2042 illam
622 2013 720 2039 unam
745 2002 868 2038 ventris
890 2009 1016 2044 partem
1040 1999 1177 2035 attinere
1189 2009 1363 2042 poterant⁸²

354 2050 505 2095 Suspicio
529 2060 570 2087 ex
592 2047 653 2087 hoc
676 2048 846 2082 dumtaxat
872 2046 977 2088 aliqua
1000 2051 1128 2087 poterat
1148 2044 1250 2082 oriri,
1275 2043 1363 2085 quod

355 2097 439 2134 febri
465 2095 630 2139 quartanae
653 2113 665 2130 ‚
697 2089 952 2134 duodeviginti,
977 2097 1030 2124 aut
1064 2086 1200 2130 amplius
1225 2112 1235 2127 ‚
1276 2097 1361 2120 men-

357 2143 402 2177 ses
425 2138 581 2178 duranti,
604 2132 787 2169 successerat
823 2133 976 2170 morbus.
1109 2131 1145 2166 In
1173 2130 1364 2165 admirando

356 2195 489 2229 quoque
513 2182 573 2218 1110
595 2178 667 2216 casu
693 2187 788 2221 quem
814 2177 928 2218 legeris
961 2173 1042 2218 apud
1077 2173 1363 2208 Proestantiffimum

356 2232 541 2267 Pantonum
563 2227 648 2267 (Η).
674 2223 748 2266 quis.
770 2222 803 2254 in
828 2220 983 2256 abscessu,
1011 2217 1048 2252 ad
1072 2218 1264 2253 umbilicum
1278 2227 1363 2264 aper-

359 2283 397 2308 to
420 2295 429 2311 ,
465 2272 563 2308 latere
586 2267 725 2310 splenem
750 2290 759 2305 ,
791 2262 943 2300 dixisset?
967 2264 1036 2297 vix
1070 2262 1224 2298 leviffima
1258 2272 1365 2302 conje-

359 2318 451 2352 &ura
472 2313 548 2351 duci
573 2318 700 2355 poterat
726 2309 765 2344 ab
797 2307 995 2342 atrocissimis
1025 2305 1191 2341 doloribus
1223 2303 1261 2339 de
1294 2305 1369 2346 qui«

362 2362 422 2397 bus
448 2358 597 2391 maximae
623 2351 707 2390 infra
743 2351 903 2389 finistrum
935 2349 1226 2393 hypochondrium
1257 2346 1367 2390 questa

359 2415 442 2447 aegra
469 2401 574 2438 fuerat
600 2422 607 2432 ,
631 2398 726 2437 Spleii
750 2405 857 2434 tamen
883 2393 920 2430 ad
946 2393 1138 2430 umbilicum
1162 2392 1367 2434 prociderat,

364 2447 447 2485 unde
472 2449 500 2481 ὅ(
526 2454 603 2477 tunc
627 2439 788 2477 extractus
809 2438 892 2478 fuit,
914 2442 947 2473 ὃς
971 2435 1137 2486 postquam
1162 2434 1266 2470 fuerat
1288 2445 1370 2467 anno

362 2490 503 2535 quinem
527 2487 660 2523 muliere
686 2493 814 2519 mortua
834 2505 844 2521 ‚
876 2493 946 2525 quae
991 2489 1109 2515 interea
1145 2488 1333 2521 conceperat
1359 2502 1369 2517 ‚

363 2538 396 2569 δε
420 2540 605 2577 pepererat,
629 2540 666 2564 ne
690 2529 763 2573 quis
785 2526 970 2562 dubitaret,
997 2524 1174 2559 extradium
1199 2521 1276 2561 esse,
1298 2521 1369 2554 nul-

364 2581 414 2613 lus
436 2579 470 2611 iri
490 2574 642 2611 cadavere
666 2573 710 2606 est
733 2569 864 2612 usquam
889 2576 1052 2609 repertun
1075 2566 1236 2601 cicatrices
1249 2572 1372 2598 tantum

368 2623 400 2656 in
422 2620 576 2664 proximis
594 2613 743 2658 partibus
766 2618 975 2657 apparuerunt
990 2634 999 2652 ,
1021 2608 1132 2654 quibus
1156 2608 1211 2645 ille
1244 2615 1375 2642 natura-2

370 2666 447 2701 liter
469 2661 618 2696 adhaerere
637 2656 740 2701 solet.
786 2697 798 2703 χ
1321 2694 1327 2700 ι

417 2718 465 2742 ζμ
486 2705 654 2743 Quoniam
679 2710 786 2733 autem
809 2699 844 2733 in
865 2696 992 2742 sinistro
1015 2695 1266 2738 hypochondrio
1289 2691 1376 2727 aliud

369 2761 487 2796 praeter
519 2750 637 2783 lienem
668 2742 712 2778 est
746 2742 881 2778 viscus·,
926 2740 1020 2781 huius
1062 2751 1192 2787 quoque
1224 2739 1378 2772 tumentis

373 2793 569 2834 singularem
612 2788 781 2824 historiam
820 2796 895 2819 mox
925 2783 1079 2818 indicabo
1103 2795 1112 2823 3
1150 2785 1172 2818 si
1208 2784 1295 2825 prius
1339 2780 1376 2813 de

371 2833 454 2873 liene
476 2833 562 2870 osseo
585 2855 595 2871 2
632 2841 688 2867 aut
711 2830 841 2872 lapideo
863 2826 950 2862 fat-*to
976 2838 985 2864 3
1017 2827 1056 2861 de
1079 2825 1141 2861 hoc
1182 2827 1269 2860 enim
1304 2823 1380 2870 alias

373 2887 384 2923 (
409 2881 429 2916 h
451 2884 466 2923 )
487 2878 527 2914 ad
558 2887 591 2912 te
623 2874 842 2911 recordaberis
874 2882 926 2905 me
957 2867 1140 2912 scripsisse;
1175 2868 1255 2903 illud
1293 2867 1378 2908 adje-

373 2918 462 2961 cero*
507 2921 570 2956 uod
603 2921 638 2955 in
670 2920 747 2952 Sene
772 2943 781 2959 ,
813 2924 945 2960 propter
977 2915 1079 2947 cranii
1114 2913 1280 2955 obliquam
1311 2909 1378 2943 for-

377 2979 464 3003 mam
519 2964 633 3008 pistola
656 2964 766 2997 LXII.
790 2964 800 3000 (
825 2960 837 2994 i
859 2962 873 2999 )
895 2966 1154 2991 commemorato
1179 2978 1189 2993 ,
1233 2952 1378 2990 animad-

376 3012 459 3045 verti
481 3035 491 3043 .
523 3008 683 3051 Splenicae
706 3004 899 3039 membranae
924 3012 993 3042 pars
1021 3025 1028 3040 ,
1055 3010 1210 3042 quantam
1244 2998 1384 3033 circulus

377 3055 537 3090 diametro
559 3050 680 3095 gemini
716 3045 880 3082 transversi
918 3043 1015 3086 digiti
1048 3044 1173 3087 operire
1196 3040 1382 3090 potuisset)

378 3097 461 3132 ossea
497 3094 582 3129 faeta
616 3091 678 3126 csse
721 3091 892 3126 videbatur
914 3110 924 3124 ,
969 3090 1061 3130 eique
1108 3088 1226 3120 arffius
1255 3084 1384 3120 visceris

380 3140 553 3176 substantia
575 3135 758 3172 adhaerebat
781 3160 792 3169 .
824 3134 949 3166 Partem
973 3130 1053 3165 hanc
1088 3130 1279 3166 membranae
1310 3138 1386 3161 cum

381 3181 585 3219 detraxissent
609 3203 619 3219 ,
655 3183 686 3214 δι
708 3180 777 3213 dies
810 3176 935 3216 aliquot
968 3177 1002 3208 in
1034 3186 1116 3217 aqua
1150 3170 1349 3207 macerassem
1373 3193 1382 3208 ,

384 3227 664 3267 adhaerentemque
684 3222 785 3256 lienis
806 3217 1016 3254 substantiam
1053 3216 1232 3252 abrasissem
1253 3228 1264 3254 3
1300 3213 1383 3248 nihil

389 3269 543 3314 superesse
566 3265 653 3301 aliud
679 3266 715 3299 iu
746 3263 930 3299 membrana
952 3284 966 3301 ,
1001 3261 1068 3295 vidi
1091 3285 1104 3302 ‚
1136 3273 1232 3303 quani
1254 3268 1384 3293 tenuem

384 3319 416 3349 &
440 3313 494 3348 hic
518 3311 589 3344 illic
609 3309 815 3344 deficientem
837 3317 875 3340 ex
898 3303 1066 3338 manifesta
1091 3306 1224 3338 materia
1248 3311 1385 3336 tartarea

383 3355 653 3392 incrustationem
677 3376 685 3383 .
722 3353 836 3394 Itaque
869 3359 934 3382 non
970 3360 1019 3382 me
1052 3348 1210 3390 poenituit
1239 3354 1386 3382 tartareae

385 3411 516 3445 quoque
540 3397 680 3432 materiae
714 3395 823 3429 locum
851 3394 885 3426 in
918 3391 972 3425 illa
1016 3391 1213 3425 XXXVI.
1256 3388 1387 3437 Episto-

386 3446 416 3479 la
438 3441 601 3485 reliquisse
625 3462 634 3475 ,
669 3446 705 3472 ut
729 3449 832 3481 neque
856 3447 895 3470 ex
917 3446 1058 3469 convexa
1091 3434 1185 3468 lienis
1223 3432 1303 3481 facie
1335 3441 1388 3462 in-

386 3486 590 3521 durationem
612 3479 678 3516 fere
701 3482 840 3524 incipere
862 3501 873 3517 ‚
905 3477 1016 3512 dixisse
1040 3501 1050 3516 ‚
1084 3477 1223 3520 indeque
1257 3475 1321 3509 alio
1355 3472 1385 3506 se

387 3529 556 3566 extendere
580 3553 589 3562 .
621 3525 712 3560 Nam
743 3524 925 3569 proximam
958 3522 1115 3556 induratae
1158 3521 1243 3565 parti
1285 3526 1387 3552 mem-

754 230 911 286 Liber
944 228 1012 283 V.
1047 226 1128 281 De
1160 222 1409 280 addendis
1442 221 1510 274 ad
1543 220 1727 274 Libros
1760 219 2043 288 superiores

1385 302 1518 338 branam
1550 310 1625 335 cum
1657 297 1855 335 detraherem
1878 320 1889 335 ‚
1922 309 1986 345 non
2022 298 2124 341 ipsam
2162 296 2294 344 quidem
2336 301 2384 335 ita

1386 347 1501 380 duram
1526 366 1534 381 ‚
1569 343 1620 378 sed
1651 343 1789 385 rigidam
1828 352 1932 376 tamen
1969 353 2032 383 Jam
2064 342 2183 378 fadum
2214 341 2289 376 sensi
2314 364 2324 380 ‚
2352 347 2385 378 &

1387 387 1455 423 haec
1478 389 1586 422 omnia
1609 387 1644 421 in
1666 398 1701 419 ea
1728 385 1841 428 splenis
1864 385 1946 420 facie
1969 385 2038 418 vidi
2071 398 2142 429 quae
2174 385 2386 431 diaphragma

1387 431 1598 473 contingebat
1622 457 1629 463 .
1667 429 1705 466 Id
1731 438 1836 462 autem
1861 441 1938 462 num
1962 430 2044 464 reifte
2065 429 2261 472 conjecerim
2285 431 2388 465 alter-

1390 486 1438 509 nae
1462 473 1556 516 hujus
1589 473 1726 508 musculi
1759 472 1981 513 compressior-ii
2015 473 2100 516 posse
2133 473 2234 506 tribui
2262 495 2272 510 ,
2304 484 2390 509 non-

1391 529 1555 559 nunquam
1580 520 1685 560 postea
1717 516 1901 554 dubitavi,
1933 527 2006 550 cuin
2039 516 2153 551 faciem
2189 516 2278 550 illam
2312 517 2392 561 jeci÷

1391 564 1480 595 noris
1510 572 1582 603 quae
1626 559 1729 595 eidem
1764 559 1808 594 est
1839 559 2063 602 compreffioni
2106 560 2250 594 obnoxia
2279 586 2287 599 ,
2323 570 2389 594 non

1386 605 1518 641 eandem
1540 627 1553 645 ,
1586 603 1642 638 nisi
1666 602 1751 636 forte
1774 603 1925 637 rariffime
1948 625 1961 642 ‚
1993 603 2232 638 indurationem
2254 613 2386 638 contra-

1387 648 1463 684 here
1486 672 1496 688 ,
1538 645 1748 681 animadverti
1784 671 1791 680 ,
1910 647 2034 693 1Νυῐιε
2068 645 2258 690 singularem
2294 648 2387 682 illam

1389 692 1563 727 ventriculi
1599 690 1871 725 Observationem
1906 691 2029 731 iugiter
2052 712 2061 726 ‚
2096 701 2152 723 nec
2189 690 2252 725 fine
2287 691 2392 724 mole-

1389 735 1447 769 stia
1472 758 1481 772 ,
1515 734 1669 770 tumentis
1691 744 1729 766 ex
1762 733 1834 768 Cel.
1869 734 1957 766 Viro
1987 734 2185 769 Lieutaudio
2217 733 2269 774 (le
2294 737 2303 774 )
2340 736 2393 768 in-

1389 778 1504 813 dicabo
1529 802 1536 809 .
1573 779 1622 813 De
1655 774 1790 810 molesto
1822 777 1856 809 in
1889 777 2018 818 regione
2064 778 2237 811 ventriculi
2264 802 2273 815 ,
2315 788 2388 819 quae

1391 823 1515 864 semper
1539 822 1652 856 elatior
1675 829 1744 853 erat
1766 843 1777 859 ‚
1811 818 1899 854 sensu
1935 819 2146 862 plenitudinis
2170 842 2183 861 ,
2224 828 2278 854 aut
2313 831 2397 863 pori-

1390 865 1474 900 deris
1498 875 1581 908 aeger
1603 863 1800 897 cachefficus
1831 864 1975 905 primum
1997 886 2009 903 ‚
2052 864 2168 898 deinde
2197 861 2396 906 hydropicus

1392 908 1584 955 querebatur
1607 930 1617 945 ,
1638 909 1680 954 ,δε
1711 907 1749 940 de
1783 906 1976 948 quibusdam
2008 907 2094 942 circa
2127 918 2197 941 eam
2230 908 2397 949 regionem

1394 953 1527 986 minime
1560 958 1662 985 acutis
1694 949 1863 984 doloribus
1886 973 1895 983 .
1931 950 2048 984 Libera
2079 960 2145 984 erat
2185 950 2362 993 deglutztio
2386 971 2396 987 ,

1397 995 1448 1031 sed
1472 995 1621 1030 adstrifita
1640 994 1728 1028 alvus
1752 1016 1763 1031 ‚
1795 1003 1830 1026 ut
1853 1004 1920 1027 non
1941 993 1998 1026 nisi
2022 993 2106 1028 datis
2138 1005 2210 1037 quae
2240 997 2360 1027 cierent
2383 1015 2398 1033 ‚

1397 1038 1602 1080 responderet
1626 1048 1768 1079 unquam
1793 1062 1802 1076 ‚
1835 1037 1904 1070 imo
1941 1037 1992 1070 vel
2026 1046 2104 1070 tunc
2139 1037 2250 1071 leviter
2279 1063 2286 1071 .
2330 1037 2400 1068 Vo-

1398 1082 1505 1118 mendi
1528 1092 1595 1117 erat
1617 1081 1797 1123 cupiditas:
1833 1081 1996 1114 vomitum
2030 1090 2136 1114 autem
2175 1092 2272 1123 neque
2309 1090 2401 1117 natus

1398 1138 1431 1160 ra
1457 1150 1466 1165 ,
1498 1137 1603 1169 neque
1627 1135 1678 1159 ars
1701 1133 1830 1158 movere
1862 1133 2009 1168 poterant
2039 1137 2046 1157 .·
2080 1128 2110 1158 δε
2147 1135 2330 1167 quanquam
2360 1123 2401 1157 de

1401 1170 1560 1204 alimentis
1584 1169 1755 1203 minimum
1779 1175 1853 1200 toto
1876 1165 1970 1208 hujus
2004 1169 2108 1200 morbi
2143 1177 2286 1211 tempore
2308 1190 2319 1207 ‚
2352 1166 2403 1201 ul-

1400 1218 1484 1248 timo
1506 1221 1612 1246 autem
1637 1211 1719 1244 nihil
1744 1211 1977 1252 propemodum
2011 1211 2192 1245 sumebatur
2217 1233 2226 1249 ‚
2263 1222 2327 1245 non
2361 1210 2402 1244 il-

1400 1258 1429 1291 le
1465 1266 1573 1291 tamen
1608 1255 1819 1296 plenitudinis
1842 1276 1852 1292 ,
1889 1265 1942 1287 aut
1977 1256 2126 1298 ponderis
2161 1254 2262 1288 sensus
2294 1254 2405 1288 decre-

1400 1299 1505 1337 scebat
1529 1324 1537 1333 .
1575 1298 1648 1333 Post
1669 1298 1798 1333 obitum
1832 1298 1967 1340 denique
2002 1296 2093 1340 supra
2127 1299 2260 1333 modum
2294 1307 2406 1331 exten-

1400 1345 1448 1379 sus
1473 1368 1482 1383 ,
1525 1346 1556 1378 &
1591 1342 1702 1385 plenus
1736 1343 1932 1377 ventriculus
1964 1343 2113 1374 inventus
2147 1340 2189 1376 est
2212 1366 2223 1382 ,
2256 1341 2407 1374 intestina

1403 1398 1510 1423 autem
1546 1387 1659 1420 omnia
1687 1411 1694 1424 ‚
1728 1386 1877 1427 quamvis
1911 1386 1957 1418 ita
1992 1385 2121 1429 angusta
2143 1406 2156 1425 ,
2187 1395 2223 1418 ut
2254 1384 2406 1418 universa

1402 1431 1524 1467 molem
1547 1429 1718 1465 ventriculi
1743 1439 1808 1461 non
1833 1429 2013 1469 superarent
2035 1451 2044 1466 ‚
2076 1438 2165 1461 erant
2201 1427 2284 1462 haud
2321 1428 2408 1462 secus

1407 1487 1442 1509 ac
1469 1475 1601 1518 pylorus
1625 1495 1635 1511 ,
1667 1475 1803 1506 omnino
1826 1473 1934 1514 pervia
1958 1485 1967 1509 ς
2001 1482 2035 1505 ut
2061 1472 2210 1514 proclive
2235 1470 2331 1504 fuerit
2368 1485 2407 1507 ex

1406 1518 1457 1553 his
1480 1529 1551 1561 quae
1575 1519 1609 1551 in
1635 1525 1764 1551 mortuo
1786 1539 1799 1556 ‚
1833 1517 1865 1549 ὃ(
1888 1526 1927 1549 ex
1951 1516 1990 1548 iis
2013 1527 2083 1556 quae
2118 1517 2151 1549 in
2188 1516 2265 1549 vivo
2299 1515 2410 1550 obsera

1407 1570 1480 1595 vata
1524 1560 1652 1595 fuerant
1676 1585 1685 1600 ,
1725 1558 1903 1594 existimare
1935 1557 1974 1592 ad
2020 1559 2191 1600 paralysim
2232 1560 2408 1594 ventriculi

1406 1604 1567 1648 quandam
1593 1604 1742 1637 morbum
1766 1600 1828 1636 esse
1850 1600 2049 1635 referendum
2075 1626 2082 1632 .
2114 1603 2158 1636 Et
2181 1604 2336 1645 quoniam
2370 1603 2410 1640 de

1406 1649 1541 1683 Ventris
1573 1647 1775 1682 Tumoribus
1811 1646 1909 1679 verba
1942 1644 2077 1678 facimus
2102 1667 2111 1683 ,
2145 1656 2211 1678 non
2257 1648 2410 1681 reticebi-

1408 1703 1478 1726 mus
1501 1715 1513 1731 ‚
1545 1690 1569 1725 si
1592 1691 1719 1723 diutius
1753 1691 1780 1720 is
1812 1699 1895 1730 aeger
1926 1687 2054 1722 vixisset
2079 1711 2088 1726 ,
2122 1687 2215 1721 facile
2250 1699 2412 1725 tumorem

1410 1735 1539 1769 alterius
1562 1734 1688 1778 generis
1709 1734 1744 1765 in
1768 1731 1879 1765 eodem
1903 1735 2025 1765 ventris
2059 1732 2155 1765 latere
2190 1732 2280 1765 fuisse
2315 1744 2412 1778 appa-

1410 1780 1551 1813 riturum
1575 1803 1583 1812 .
1617 1774 1822 1811 Acerbiffimi
1846 1775 1932 1809 enirn
1955 1775 2077 1809 doloris
2099 1797 2107 1812 ,
2143 1777 2198 1818 qui
2223 1775 2335 1810 diebus
2360 1789 2414 1811 ari-

1411 1830 1443 1855 te
1477 1829 1615 1855 mortem
1647 1820 1833 1863 quindecim
1863 1817 1910 1851 ibi
1943 1826 2037 1852 ortus
2073 1818 2179 1853 fuerat
2204 1844 2212 1858 ,
2246 1820 2334 1853 causa
2379 1821 2413 1853 iri

1412 1865 1567 1909 sanguine
1589 1873 1711 1906 reperta
1735 1861 1781 1899 est
1811 1863 1897 1895 inter
1921 1861 2086 1904 Obliquus
2121 1861 2303 1896 abdominis
2336 1864 2414 1897 sini-

1411 1910 1492 1945 stros
1514 1907 1674 1943 musculos
1696 1907 1734 1940 ad
1759 1906 1836 1941 duas
1858 1905 1956 1939 libras
1980 1905 2099 1940 effuso.
2133 1906 2190 1939 Sed
2216 1918 2317 1949 neque
2336 1906 2414 1941 dex-

1411 1963 1519 1987 terum
1542 1948 1831 1994 hypochondrium
1864 1949 1928 1983 sine
1965 1948 2034 1982 labe
2065 1948 2128 1982 fuit
2154 1975 2161 1984 .
2193 1950 2292 1994 Jecur
2324 1954 2409 1984 enim

1413 1996 1520 2041 plures
1567 1993 1771 2040 solidiffimos
1824 1994 2012 2026 continebat
2068 1992 2185 2034 lapides
2208 2018 2219 2033 ,
2275 2005 2415 2034 quorum

1415 2040 1518 2083 aliqui
1563 2040 1654 2081 supra
1698 2047 1765 2078 ejus
1797 2037 1925 2068 visceris
1959 2035 2158 2077 superficiem
2204 2037 2416 2071 manifiuiffi-

1415 2094 1466 2118 me
1499 2082 1728 2126 prominebant
1751 2103 1759 2118 ,
1795 2082 2053 2125 accedebantque
2091 2081 2128 2115 ad
2164 2081 2312 2115 avellanae
2347 2094 2416 2116 ma-

1413 2126 1621 2173 gnstudinern
1634 2150 1642 2158 .

1460 2179 1508 2203 12.
1535 2169 1663 2210 Quibus
1686 2165 1725 2201 de
1756 2166 1901 2200 Calculis
1936 2166 2031 2200 facile
2063 2166 2203 2202 biliariis
2236 2179 2309 2202 cum
2346 2170 2419 2212 plu-

1417 2214 1496 2249 rima
1523 2215 1560 2248 ad
1585 2224 1616 2246 te
1641 2212 1719 2245 alias
1743 2211 1800 2250 (l)
1825 2209 2025 2253 scripserim,
2060 2222 2114 2243 nec
2151 2211 2255 2245 solum
2293 2211 2330 2245 de
2363 2213 2420 2247 he-

1417 2258 1533 2301 paticis
1556 2281 1564 2297 ,
1597 2266 1705 2290 verum
1740 2256 1836 2288 etiam
1860 2277 1869 2293 ,
1916 2255 2013 2296 idque
2046 2255 2218 2296 praeie-tim
2243 2278 2255 2296 ,
2287 2255 2326 2289 de
2360 2268 2421 2300 cy-

1418 2302 1503 2336 sticis
1525 2311 1538 2342 5
1570 2309 1725 2343 perpauca
1752 2302 1869 2331 restant
1894 2309 1964 2340 quae
1988 2309 2071 2331 nunc
2110 2299 2221 2332 addam
2245 2321 2255 2337 ‚
2288 2301 2319 2332 δι
2354 2301 2422 2342 pri-

1421 2356 1509 2380 mum
1532 2345 1662 2387 quidem
1686 2342 1892 2387 eit-Epistola
1917 2365 1925 2380 ‚
1959 2352 2029 2383 quae
2053 2339 2136 2376 forte
2160 2354 2260 2385 nuper
2284 2345 2316 2375 in
2353 2355 2422 2377 ma-

1421 2398 1480 2422 nus
1504 2389 1600 2422 rediit
1623 2408 1633 2424 ,
1665 2385 1752 2418 misia
1777 2395 1849 2418 ante
1873 2383 1993 2418 multos
2026 2395 2123 2419 annos
2157 2387 2197 2419 ab
2230 2398 2293 2419 non
2329 2398 2423 2428 igno-

1421 2432 1481 2465 bili
1520 2431 1679 2466 Medico,
1709 2430 1764 2471 qui
1802 2440 1889 2462 meus
1922 2429 2001 2460 olim
2037 2437 2233 2470 perattentus
2281 2432 2423 2463 Auditor

1422 2474 1526 2509 fuerat
1549 2498 1558 2508 .
1596 2474 1646 2508 Sic
1680 2481 1783 2507 autem
1817 2471 1977 2508 scribebat
2010 2482 2082 2515 quae
2116 2472 2183 2516 ipse
2227 2482 2296 2507 tum
2334 2475 2424 2508 vide-

1421 2527 1493 2555 rat.

1467 2570 1515 2603 13.
1542 2559 1732 2595 SENEX
1751 2559 1808 2602 qui
1834 2558 1871 2593 ad
1909 2570 2027 2593 annum
2060 2559 2158 2601 usque
2191 2559 2420 2602 sexagesimum

1424 2603 1544 2639 sextum
1568 2603 1633 2637 fine
1658 2603 1726 2636 ullo
1750 2602 1886 2636 notabili
1913 2603 2030 2635 morbo
2054 2605 2425 2645 pervenerat.gravibus

1425 2649 1461 2682 ad
1488 2648 1703 2682 ventriculum
1728 2648 1925 2680 cruciatibus
1950 2655 2118 2686 correptus
2141 2645 2183 2679 est
2215 2658 2289 2679 cum
2327 2647 2429 2681 bilio-

1424 2690 1482 2731 so,
1506 2694 1535 2726 δι
1557 2689 1692 2733 copioso
1716 2691 1864 2730 vomitu,
1886 2690 1949 2722 alvi
1965 2687 2196 2728 adstriffione,
2221 2693 2250 2724 ὃ(
2265 2690 2346 2724 febri
2363 2701 2428 2724 non

1425 2734 1516 2769 valde
1541 2744 1629 2769 acuta
1644 2757 1651 2765 .
1679 2732 1826 2767 Medicus
1848 2732 1922 2765 oleo
1944 2732 2021 2765 dato
2033 2744 2069 2765 ex
2082 2732 2229 2768 dulcibus
2242 2733 2425 2776 amvgdalis

1428 2788 1537 2812 recens
1565 2775 1707 2819 expresso
1732 2798 1740 2814 ‚
1775 2777 1902 2818 alioque
1939 2776 2050 2818 aliquo
2082 2777 2223 2810 remedio
2247 2776 2428 2820 ejusmodi,

1429 2821 1579 2856 morbum
1603 2821 1746 2860 levavit,
1771 2818 1821 2853 scd
1844 2830 1910 2852 nori
1932 2818 2081 2855 sustulit,
2105 2819 2274 2855 doloribus
2307 2820 2431 2855 identi-

1427 2866 1501 2900 dem
1525 2863 1730 2898 redeuntibus
1752 2877 1762 2902 3
1792 2863 1894 2897 donec
1917 2862 2038 2896 duabus
2063 2863 2228 2904 magnesiae
2264 2864 2429 2898 drachmis

1429 2911 1463 2942 in
1487 2907 1577 2943 usum
1600 2908 1712 2941 traffls
1735 2907 1820 2941 visus
1842 2906 1900 2940 sibi
1922 2918 2003 2947 aeger
2026 2908 2069 2938 est
2092 2906 2273 2947 persanatus
2296 2933 2302 2940 .
2337 2909 2395 2942 Sed
2418 2930 2431 2947 ‚

1429 2963 1545 2987 contra
1569 2950 1691 2985 Medici
1716 2950 1907 2987 consilium,
1931 2961 2004 2983 cum
2028 2950 2065 2982 ad
2089 2951 2212 2990 priores
2235 2962 2326 2985 curas
2341 2975 2352 2991 ,
2385 2953 2433 2985 ci-

1434 2997 1554 3037 bosque
1576 2993 1750 3028 insalubres
1772 2993 1911 3028 reversus
1934 2992 2030 3029 esset3
2063 2992 2188 3028 dolores
2223 3006 2352 3037 quoque
2385 3006 2435 3028 re.

1434 3038 1512 3073 versi
1536 3038 1628 3076 sunt3
1652 3039 1720 3071 cito
1744 3046 1852 3072 autem
1877 3036 1981 3070 abaffl
2005 3036 2171 3078 magnefiae
2194 3038 2270 3071 usu>
2287 3038 2435 3076 Progres-

1436 3083 1469 3117 su
1491 3083 1612 3116 interea
1634 3083 1758 3115 dierum
1783 3080 1916 3115 Medico
1937 3079 2126 3122 displicuit,
2150 3080 2274 3122 pulsum
2300 3092 2435 3124 parvum

1437 3126 1495 3160 esse
1520 3125 1639 3159 factum
1662 3148 1674 3163 ‚
1709 3135 1765 3158 nec
1789 3122 1851 3158 fine
1874 3122 1981 3165 aliqua
2013 3122 2242 3157 intermissione
2265 3145 2274 3161 ‚
2306 3127 2436 3167 appeti-

1436 3180 1506 3204 tum
1528 3169 1677 3203 ciborum
1701 3166 1899 3205 decrescere,
1924 3167 1975 3200 sed
2000 3167 2161 3210 praecipue
2184 3169 2310 3210 aliquot
2332 3169 2434 3202 inter-

1440 3212 1530 3256 jeftis
1553 3211 1665 3246 diebus
1697 3223 1752 3254 per
1778 3210 1885 3244 alvum
1909 3211 2082 3253 nigerrima
2106 3210 2218 3251 reddi,
2241 3221 2342 3245 atram
2366 3213 2438 3246 An-

1438 3258 1608 3297 tiquorum
1634 3254 1732 3288 bilem
1757 3252 1943 3288 referentia'.
1969 3255 2118 3296 Denique
2133 3254 2438 3296 cumgraviffimum

1436 3298 1608 3341 ingruisset
1631 3297 1837 3341 deliquium,
1870 3299 1900 3330 &
1933 3308 2009 3331 mox
2042 3296 2178 3331 desiisset
2197 3320 2211 3337 ,
2243 3297 2439 3332 subdelirare

1437 3353 1521 3384 aeger
1543 3344 1647 3386 coepit
1664 3365 1673 3380 ,
1704 3344 1734 3374 &-
1757 3340 1796 3375 de
1821 3339 2020 3375 acerbissimo
2042 3341 2158 3384 capitis
2180 3340 2290 3375 dolore
2314 3342 2406 3384 queri
2429 3366 2438 3373 .

1439 3386 1554 3428 Itaque
1579 3385 1648 3428 post
1671 3384 1737 3417 dies
1761 3384 1877 3426 septem
1901 3394 1957 3426 per
1980 3383 2047 3419 haec
2080 3386 2206 3417 exactos
2229 3406 2242 3424 ,
2277 3395 2339 3417 non
2377 3385 2440 3418 sine

1438 3428 1550 3471 pulsus
1583 3428 1812 3462 intermiffione
1836 3451 1845 3465 ,
1878 3429 1911 3460 δε
1946 3437 2062 3469 magna
2096 3428 2217 3461 virium
2259 3426 2434 3461 infirmita-

1438 3480 1471 3506 te
1495 3493 1506 3509 ,
1538 3471 1626 3506 sexto
1648 3472 1775 3505 circiter
1799 3471 1905 3506 mense
1927 3481 1945 3504 a
1977 3470 2084 3504 morbi
2128 3472 2226 3505 initio
2248 3493 2258 3508 ‚
2294 3470 2437 3504 deceffit.

1563 3516 1595 3549 A
1621 3515 1648 3548 B
1671 3516 1704 3549 D
1726 3517 1760 3548 O
1782 3515 1820 3549 M
1845 3517 1861 3549 I
1885 3514 1919 3547 N
1943 3514 1972 3549 F.
2004 3514 2131 3553 inciso,
2155 3517 2186 3548 &
2207 3514 2339 3548 diducto
2358 3541 2365 3547 „
2387 3512 2438 3544 ni-

2349 3554 2395 3592 hil

400 3669 2429 3699 Μ

455 3778 469 3806 (
483 3786 495 3802 c
510 3777 526 3806 )
540 3777 622 3804 Proer·
638 3777 667 3801 de
683 3777 727 3801 hoc
744 3777 864 3801 Tumore.
927 3773 936 3801 (
953 3774 969 3798 d
986 3773 1000 3802 )
1016 3771 1110 3798 niffen.
1127 3771 1157 3797 de
1175 3771 1279 3797 stirmis
1295 3770 1382 3796 Viscer.

457 3808 537 3868 ((ἔῗ
552 3808 586 3830 De
602 3806 656 3830 obs
681 3806 747 3830 Med.
767 3806 790 3829 ἃ.
806 3809 879 3831 Anat·
896 3804 969 3833 Epist.
988 3811 1007 3827 i.
1024 3805 1045 3827 ἃ
1061 3806 1086 3826 6.

548 3837 628 3861 Mem.
645 3837 674 3860 de
692 3836 707 3859 l‘
724 3837 798 3859 Acad.
817 3837 849 3860 R.
864 3836 905 3860 des
922 3836 959 3859 Sc.
975 3836 1006 3859 A.
1026 3840 1091 3864 ¹75²·
1153 3832 1166 3861 (
1183 3833 1193 3857 1
1208 3831 1223 3861 )
1241 3830 1313 3861 Epist.
1330 3839 1370 3862 37.

1150 3802 1157 3830 (
1182 3803 1198 3825 h
1214 3803 1227 3829 )
1243 3800 1315 3830 Epist.
1336 3804 1371 3829 36.
1388 3808 1413 3826 n.
1433 3807 1468 3829 14.
1484 3800 1506 3825 lt
1521 3798 1533 3822 s

1446 3769 1455 3798 (
1473 3779 1485 3794 ο
1499 3769 1514 3798 )
1531 3771 1561 3795 Α.
1577 3776 1645 3800 ¹7⁵3·
1660 3769 1717 3795 obs.
1735 3773 1807 3796 Anat.
1824 3778 1848 3800 ς.

1648 3802 1659 3830 ί
1676 3801 1753 3831 ¹¹)n.
1771 3804 1809 3827 1⁶.
1910 3768 1974 3800 (Ῑ)
1990 3769 2061 3799 Epm,
2078 3773 2115 3801 36·
2131 3776 2154 3795 n·
2172 3770 2206 3795 18.

1531 3807 1583 3830 0⁸1⁸]-
