2458 4058
304 160 344 195 Χ
866 130 1805 194 PRAEFATJO..

234 240 336 270 cere
393 221 579 276 legentes
640 220 814 277 possunt
854 249 868 272 ,
927 223 970 262 δε
1033 219 1111 262 nisi
1166 218 1457 261 emendentur
1485 246 1500 270 ,
1558 217 1714 274 Operis
1770 219 1979 262 minuunt
2032 218 2270 265 utilitatem
2294 225 2306 263 .'

238 283 391 334 Quam
433 281 476 320 ἃ
521 275 609 319 alia
661 277 752 319 duo
794 277 1083 319 vehementer
1136 275 1405 331 imminuunt
1430 302 1442 324 ,
1481 273 1550 316 de.
1589 273 1750 328 quibus
1795 275 2011 326 continuo,
2052 276 2191 319 verba
2238 277 2307 321 fa-

235 339 351 379 ciam
392 362 406 385 ,
457 333 531 374 hic
589 333 765 374 interim
817 330 1081 375 confirmans
1110 359 1124 382 ,
1177 343 1275 386 quae
1327 328 1538 372 haetenus
1595 330 1690 373 dixi
1749 331 1898 374 omnia
1932 359 1945 382 ,
1993 344 2090 373 non
2140 343 2306 377 temere

235 392 354 435 dista
397 387 526 431 fuiffe
555 417 570 442 ,
612 388 866 445 quicunque
907 387 985 429 hos
1027 400 1146 429 meos
1188 385 1468 429 versaverint
1509 384 1642 428 libros
1677 416 1690 438 ,
1749 385 1991 444 planissime
2030 386 2116 430 effe
2152 390 2307 442 cogni-

238 459 382 490 turos.

296 515 332 553 ς.
366 501 486 546 Cum
532 499 620 542 rari
645 498 726 541 fint
751 498 922 552 morbi,
959 499 1176 554 longiores
1214 495 1488 555 praesertim,
1530 497 1586 540 ad
1628 511 1736 553 quos
1778 510 1867 541 non
1908 498 2018 542 alius
2058 499 2220 556 aliquis
2261 502 2306 546 se

235 557 444 612 adjungat
470 587 484 608 ,
527 565 604 597 aut
650 553 802 610 plura,
832 557 1045 610 variaque
1089 558 1174 596 non
1217 554 1427 596 accedant
1466 552 1803 609 symptomata;
1849 567 2081 609 propterea
2125 556 2304 601 illorum

233 613 413 668 singulae
444 610 809 662 Observationes,
840 611 914 653 ubi
956 611 1035 653 sub
1078 625 1132 653 eo
1175 610 1316 664 capite
1348 608 1413 650 'ad
1451 610 1573 662 quod
1598 609 1857 664 potissimum
1898 611 2108 653 videntur
2137 611 2305 669 spec‘ia-

237 684 310 722 re,
341 668 464 725 plene
508 676 641 722 atque
683 679 739 707 ex
779 676 874 709 toto
897 666 1122 722 propositae
1163 666 1329 708 fuerint
1361 693 1375 715 ,
1415 663 1493 706 sub
1532 663 1628 707 aliis
1652 677 1826 722 quoque
1856 666 2071 722 capitibus
2110 670 2166 711 ad
2205 682 2306 726 quae

234 735 443 778 praeterea
484 722 727 779 pertinent,
758 721 856 764 sunt
896 734 1016 764 certe
1043 719 1471 771 commemorandae,
1504 722 1654 774 paucis
1697 721 2073 777 quidemverbis,
2102 723 2174 768 sed
2204 739 2305 783 quae

233 782 381 824 locum
411 777 537 820 illum
562 775 701 830 ipsum
727 776 947 828 indicent,
978 781 1021 818 in
1064 791 1154 834 quo
1195 776 1340 818 statim
1370 776 1489 830 possit
1520 775 1659 819 lee'tor
1675 805 1688 828 ,
1719 777 1791 819 cui
1821 787 1927 820 totae
1955 778 2148 832 legendae
2175 781 2303 832 sunt,

233 847 345 879 totas
387 833 605 890 reperire.
638 832 798 887 Neque
840 833 956 875 enim
980 863 992 884 ,
1035 844 1083 875 ut
1126 831 1175 877 fit
1217 833 1260 873 in
1302 830 1590 887 Sepulchreto
1620 862 1633 884 ,
1676 832 1775 875 satis
1813 833 1872 875 est
1912 834 2160 878 Sectionem
2207 851 2306 894 quae

231 892 442 948 plurimas
485 886 638 943 saepius
679 888 871 931 continet
900 918 913 941 ,
952 888 1175 943 designare
1203 918 1216 940 ,
1256 887 1380 931 velut
1430 887 1503 930 ads
1540 887 1904 932 Observationem
1942 888 2064 934 illam
2094 907 2107 942 3
2147 903 2197 936 ut
2249 906 2306 936 ex

232 947 475 990 innumeris
517 954 652 986 unam
693 941 846 987 saltem
877 974 891 996 ,
926 945 1117 1003 exempli
1160 944 1289 987 causa
1313 973 1326 995 ,
1369 943 1618 999 proferam3
1661 943 1726 996 Jo.
1772 945 1885 988 Petri
1930 945 2120 991 Loti'chii
2151 979 2164 1001 ,
2205 962 2306 1005 quae

233 1014 530 1061 praeterquam
571 998 692 1056 quod
732 1013 817 1042 non
859 1001 939 1044 sub
980 1001 1182 1044 omnibus
1213 1000 1291 1043 sub
1331 1000 1488 1056 quibus
1529 999 1745 1056 debebat,
1774 1001 1992 1058 capitibus
2031 1017 2305 1047 commemo-

236 1071 332 1103 rata
363 1061 449 1111 est,
481 1060 523 1100 in
555 1066 769 1111 quatuor,
800 1055 879 1099 sub
909 1057 1067 1114 quibus
1110 1066 1508 1108 commemoratur,
1537 1054 1580 1098 de
1613 1057 1754 1104 Dolore
1769 1059 1923 1112 Capitis
1953 1058 2052 1102 Obs.
2071 1061 2128 1101 X.
2162 1061 2204 1102 de
2235 1062 2305 1103 ln-

218 1111 414 1175 somniis,
444 1116 502 1158 ξφ
537 1110 675 1154 Incubo
707 1112 806 1155 Obs.
841 1111 896 1154 ll.
926 1115 968 1156 de
999 1114 1195 1169 Vertigine
1226 1112 1331 1155 Obs.
1357 1112 1457 1154 Vll.
1489 1114 1531 1154 &
1556 1112 1598 1153 de
1629 1112 1881 1175 Conwlstone
1912 1114 2012 1157 Obs.
2042 1115 2165 1158 XIII.
2195 1117 2307 1159 sem—-

234 1186 309 1226 per
341 1172 386 1216 in
418 1169 615 1213 Seeiione
630 1167 853 1212 indicatur
865 1171 906 1211 de
920 1168 1218 1212 Melancholia.
1252 1167 1406 1212 Verset
1440 1168 1576 1222 igitur
1606 1167 1744 1212 lector
1774 1170 1938 1212 necesse
1967 1170 2027 1212 est
2057 1170 2305 1216 Seffiiionem

228 1228 348 1269 hanc
378 1225 654 1276 universam,
699 1225 743 1267 id
780 1224 841 1268 est
884 1225 1231 1281 quinquaginta,
1260 1239 1318 1268 ex
1353 1225 1513 1280 quibus
1555 1224 1750 1278 constat,
1776 1216 2140 1280 Observationes,
2170 1239 2221 1271 ut
2251 1228 2304 1270 il-

228 1281 319 1325 lam
360 1282 564 1331 tandem,
596 1294 738 1339 neque
781 1283 841 1323 ita
880 1280 1008 1325 facile
1040 1311 1053 1334 ,
1094 1281 1314 1334 inveniat,
1346 1294 1445 1335 quae
1488 1279 1548 1322 ibi
1589 1280 1651 1323 est
1680 1281 1860 1325 XXXl.
1895 1282 2003 1325 Dixi
2045 1294 2194 1325 autem
2225 1299 2304 1327 ne·-

231 1352 319 1395 que
364 1339 423 1382 ita
452 1336 610 1388 facile,
640 1337 851 1394 quoniam
892 1339 936 1380 in
976 1337 1179 1381 omnibns
1224 1338 1274 1379 iis
1313 1348 1502 1394 quatuor
1539 1335 1647 1380 locis
1679 1336 1737 1380 s1c
1776 1337 1928 1394 incipit
1972 1338 2148 1401 ‘Juvem's
2178 1368 2190 1391 ,
2230 1341 2304 1383 hic

233 1405 385 1438 autem
429 1393 488 1437 sic
526 1393 725 1436 Famulus
755 1396 1010 1436 mercatoris.
1041 1393 1212 1438 Verum
1252 1393 1329 1437 ubi
1359 1393 1617 1451 perlegerit,
1647 1396 1690 1436 ἃ
1726 1393 1848 1437 illam
1875 1394 1959 1437 effe
1983 1394 2041 1437 ad
2070 1408 2205 1451 quam
2235 1410 2306 1438 re-

230 1450 493 1506 jiciebatur,
523 1451 778 1503 cognoverit
806 1478 819 1502 ,
865 1449 1081 1505 putasne,
1123 1450 1184 1493 ibi
1224 1460 1364 1493 totam
1406 1449 1610 1493 habere{
1653 1450 1760 1493 Non
1797 1450 1929 1492 habet
1969 1460 2087 1508 certe
2116 1483 2126 1493 .
2169 1451 2303 1494 Deest

233 1508 354 1549 enim
386 1517 572 1549 externa
612 1505 755 1549 morbi
797 1507 954 1557 causa,
987 1507 1264 1564 propinatum
1295 1505 1537 1562 philtrum,
1565 1504 1809 1562 desuntque
1839 1506 1949 1559 alia,
1991 1521 2091 1564 quae
2131 1506 2301 1561 deesse,

229 1576 286 1606 ne
322 1562 563 1618 suspicetur
594 1562 804 1618 quidem,
832 1562 910 1605 nisi
947 1560 1060 1604 forte
1100 1575 1175 1607 aut
1207 1563 1371 1605 incidat
1410 1563 1456 1604 in
1501 1561 1626 1604 illum
1654 1561 1696 1604 de
1727 1560 1871 1605 Dolore
1912 1565 2063 1618 Capitis
2107 1562 2259 1607 locum
2288 1593 2304 1617 ,

226 1628 306 1661 aut
334 1619 455 1675 quod
481 1617 640 1661 melius
668 1618 799 1670 esset,
827 1618 1057 1661 ati-{torem
1079 1619 1219 1676 ipsum
1257 1618 1508 1662 Lotichium
1547 1616 1686 1672 legat.
1856 1619 1938 1661 Sed
1980 1630 2029 1663 u't
2063 1618 2174 1662 illud
2202 1629 2303 1662 tan-

230 1685 327 1717 turn
369 1675 424 1717 de
468 1687 558 1730 quo
598 1674 746 1717 dicere
787 1674 1027 1731 coepimus,
1066 1675 1371 1726 attendamus,
1414 1686 1633 1732 quantum
1686 1673 1893 1718 videlicet
1934 1676 2143 1731 temporis
2185 1676 2300 1720 insu-

229 1742 353 1773 mere
377 1740 577 1786 oporteat
615 1731 672 1773 ad
709 1730 754 1773 id
794 1731 913 1787 quod
948 1733 1159 1789 quaeritur
1188 1761 1202 1783 ,
1245 1730 1549 1788 reperiendum
1579 1745 1591 1781 3
1637 1730 1761 1774 vides
1795 1730 2019 1788 profedto,
2049 1731 2190 1775 multo
2215 1733 2303 1775 uti-

228 1786 313 1829 lius
353 1787 476 1843 Opus
508 1785 633 1830 fuisse
663 1786 894 1839 futurum,
923 1786 953 1829 si
984 1795 1073 1830 tota
1120 1787 1381 1832 Observatio
1404 1786 1539 1830 semel
1560 1786 1637 1830 ubi
1662 1789 1939 1829 commodius
1974 1786 2119 1831 fuisset
2144 1819 2157 1841 ,
2201 1802 2301 1844 pro-

227 1842 393 1898 posita,
422 1845 465 1885 δέ
497 1851 619 1885 certo
661 1856 849 1886 numero
886 1842 1133 1898 designata,
1164 1858 1240 1900 per
1280 1845 1426 1896 hunc,
1466 1841 1719 1900 ubicunque
1757 1845 2147 1889 commemoranda
2177 1855 2302 1899 erat,

230 1911 308 1941 nec
355 1912 431 1954 per
473 1898 720 1942 Sestionem
749 1899 1013 1953 dumtaxat,
1045 1900 1146 1944 esset
1176 1900 1390 1944 indicata.

285 1962 323 1996 6.
357 1956 507 2009 Longe
532 1965 684 1998 autem
726 1955 944 2010 majorem
986 1956 1147 2011 adjeeii
1189 1958 1321 2014 Operi
1355 1957 1440 2003 duo
1467 1956 1619 2000 saltem
1652 1955 1962 2000 accuratissimi
1992 1954 2162 1999 Indices
2192 1972 2302 2016 prae-

227 2010 418 2054 buissent
450 2009 712 2055 utilitatem.
748 2011 968 2065 Memini,
997 2027 1101 2056 cum
1134 2013 1402 2067 Bononiam,
1443 2014 1518 2057 ubi
1560 2023 1667 2055 tunc
1707 2013 1760 2054 de
1791 2012 1949 2064 eham,
1980 2014 2183 2056 recusum
2222 2029 2302 2058 nn·-

228 2081 305 2124 per
341 2066 675 2123 Sepulchretum
725 2066 871 2110 fuiffet
911 2070 1220 2126 importatum,
1261 2083 1332 2113 me
1374 2071 1654 2116 vehementer
1693 2026 1789 2110 effi}
1819 2068 2017 2121 gavisam
2047 2098 2060 2120 ,
2104 2071 2214 2112 dnm
2255 2072 2302 2114 in

229 2123 321 2178 ejus
351 2122 494 2166 fronte
523 2123 695 2166 editum
725 2122 918 2176 legerem
946 2140 1032 2167 cum
1061 2124 1256 2168 Indicibus
1284 2121 1495 2185 neccffariis
1552 2126 1634 2168 Sed
1662 2124 1873 2179 gaudium
1904 2125 2059 2166 tandiu
2088 2126 2301 2182 perstitit,

228 2181 364 2222 donec
408 2179 490 2224 hos
531 2192 733 2234 quaerens
763 2208 777 2229 ,
816 2193 956 2222 unum
996 2182 1302 2224 tantummodo
1342 2183 1455 2234 effe,
1482 2182 1573 2223 vidi
1603 2211 1615 2232 ,
1659 2181 1734 2237 qui
1779 2178 1937 2232 nihil,
1975 2180 2055 2222 nisi
2097 2182 2301 2238 praefixos

228 2234 622 2277 Observationibus
665 2233 819 2276 titulos
849 2264 862 2287 ,
899 2236 1170 2278 contineret:
1200 2250 1390 2291 quorum
1420 2236 1599 2293 plurimi
1630 2250 1733 2278 cum
1777 2235 1852 2291 ipsi
1893 2250 2068 2292 queque
2113 2249 2188 2280 aut
2236 2238 2302 2281 la-

228 2301 398 2343 tenter,
427 2301 504 2332 aut
535 2299 713 2346 aperte,
744 2303 826 2332 nec
854 2290 1169 2335 dissimulanter
1199 2293 1281 2338 smt
1310 2294 1485 2344 manci,
1516 2305 1669 2335 omnes
1697 2299 1849 2334 autem
1891 2293 2011 2334 haud
2043 2292 2299 2350 alioquam

230 2346 572 2389 Observationes
601 2375 615 2397 ,
654 2344 808 2387 ordine
838 2347 1040 2402 propositi
1073 2363 1084 2398 3
1130 2348 1217 2390 dici
1247 2363 1332 2391 non
1374 2349 1508 2404 potest
1538 2378 1551 2400 ,
1595 2357 1702 2404 quot
1730 2346 2024 2402 symptomata
2048 2378 2062 2400 ,
2091 2360 2168 2390 aut
2197 2360 2302 2404 quot-

230 2403 337 2445 item
368 2401 561 2444 laefiones
604 2401 800 2443 Partium
830 2403 873 2444 in
904 2402 1291 2447 Observationibus
1321 2405 1502 2459 quidem
1516 2403 1845 2454 describantur,
1876 2417 1950 2459 per
1983 2403 2180 2447 indicem
2224 2419 2300 2448 au-

230 2468 324 2502 tem
352 2471 496 2515 neque
536 2456 841 2511 designentur,
871 2472 953 2501 nec
983 2459 1176 2514 singula,
1205 2473 1283 2502 nec
1323 2460 1500 2514 singulae
1529 2473 1617 2503 tina
1657 2473 1763 2502 cum
1808 2458 1872 2501 sui
1916 2460 2127 2503 similibus
2168 2462 2301 2503 exhin-

232 2513 440 2559 beantur.
474 2512 605 2559 Unde
637 2514 825 2566 ingentis
866 2514 1024 2570 Cperis
1054 2529 1212 2569 magna
1241 2531 1292 2559 ex
1323 2527 1445 2573 parte
1476 2516 1641 2560 utilitas
1670 2515 1809 2571 perit,
1839 2529 1939 2571 quae
1981 2516 2081 2558 inde
2122 2517 2299 2572 praeser-

229 2571 312 2613 tim
340 2568 575 2621 extitisset,
606 2568 636 2612 si
680 2567 805 2624 plura
848 2569 1003 2613 similia
1040 2571 1335 2628 symptomata
1377 2573 1533 2628 praesto
1562 2573 1695 2615 essent
1722 2584 1821 2626 quae
1849 2585 1954 2613 cum
1984 2572 2185 2629 pluribus
2226 2573 2303 2615 lae*

233 2625 449 2677 sionibus,
480 2624 593 2668 inter
624 2626 666 2667 se
708 2635 784 2667 aut
814 2624 1048 2680 similibus,
1078 2639 1156 2670 aut
1183 2628 1478 2681 dissimilibus,
1511 2627 1640 2673 facile
1670 2627 1808 2684 posses
1838 2641 2126 2684 comparare,
2156 2632 2199 2672 &
2241 2629 2299 2672 s1c

233 2679 503 2735 intelligere,
533 2692 739 2740 quaenam
770 2679 947 2725 illorum
971 2683 1151 2740 saepius,
1181 2696 1258 2728 aut
1288 2687 1460 2737 rarius,
1490 2694 1569 2728 aut
1598 2697 1826 2739 nunquam
1855 2697 1956 2728 cum
1988 2685 2150 2727 harum
2182 2696 2301 2728 utro-

233 2735 341 2779 libet
372 2750 532 2791 genere
564 2747 828 2792 Jungantur.
861 2738 1050 2781 Memini
1079 2754 1278 2797 quoque,
1308 2740 1397 2795 jam
1428 2752 1551 2794 tum,
1582 2751 1630 2783 ut
1663 2739 1868 2794 juventus
1885 2740 2018 2783 audet
2033 2740 2103 2784 vel
2133 2741 2188 2784 de
2205 2754 2303 2785 ma-

235 2793 355 2837 xime
383 2793 559 2846 arduis,
589 2795 633 2835 δέ
676 2792 826 2835 labore
856 2793 1104 2850 plenissimis
1137 2799 1265 2840 rebus
1302 2798 1588 2852 cogitationes
1630 2796 1846 2852 suscipere
1875 2826 1888 2847 ,
1929 2810 2017 2839 non
2057 2797 2302 2855 desperasse

235 2862 306 2891 me
326 2877 339 2901 ,
368 2850 476 2906 quin
506 2878 520 2901 ,
560 2848 591 2891 fi
631 2847 893 2892 diuturnum
923 2850 1027 2894 olim
1058 2852 1239 2895 daretur
1269 2854 1438 2905 otium,
1469 2866 1572 2896 cum
1601 2863 1757 2895 caetera
1786 2865 1886 2908 quae
1923 2852 2018 2895 dixi
2064 2854 2110 2895 in
2151 2853 2301 2909 Sepul—

233 2905 388 2948 chreto
415 2904 677 2958 defiderarr,
706 2903 880 2960 aliaque
923 2917 1157 2962 praeterea,
1187 2920 1284 2953 tum
1314 2909 1550 2965 praesertim
1579 2909 1699 2965 quod
1728 2907 1784 2950 ad
1829 2908 1995 2950 indices
2037 2909 2227 2966 spestat,
2257 2912 2302 2952 δέ

233 2973 321 3016 qua
351 2961 520 3004 ratione
549 2989 563 3012 ,
606 2959 876 3017 supplerem,
907 2963 997 3006 imo
1025 2968 1266 3018 cogitatum
1297 2966 1381 3007 hoc
1412 2979 1563 3008 meum
1593 2979 1696 3006 cum
1711 2963 1883 3018 Inclyta
1914 2963 1987 3007 illa
2016 2979 2150 3022 quam
2180 2978 2300 3007 nune

236 3015 428 3066 Instituti
457 3017 747 3060 Scientiarum
777 3028 963 3071 vocant,
997 3021 1241 3064 Academia
1270 3020 1634 3064 communicasse.

290 3087 331 3123 7.
363 3071 469 3116 Alia
499 3082 649 3116 autem
681 3086 810 3127 quae,
840 3084 889 3116 ut
919 3075 1053 3119 modo
1083 3078 1350 3129 innuebam,
1391 3079 1435 3119 in
1475 3076 1758 3132 Sepulchreto
1799 3086 2012 3132 praeterea
2054 3076 2302 3121 desideran-

233 3138 337 3180 tur,
364 3126 457 3170 fere
488 3129 545 3172 ad
585 3128 760 3172 Scholia
799 3131 989 3174 attinent
1017 3163 1028 3173 .
1075 3133 1288 3189 Qiorum
1317 3131 1460 3174 multa
1489 3133 1571 3176 esse
1601 3146 1727 3187 aequo
1756 3131 1977 3186 longiora,
2009 3148 2095 3177 non
2124 3132 2303 3176 dubita-

234 3184 366 3234 bam3
398 3182 470 3226 sed
500 3194 625 3227 tanto
653 3184 852 3239 longiora
882 3187 1048 3241 videri,
1079 3189 1199 3244 quod
1227 3189 1337 3244 saepe
1366 3188 1595 3232 utiliorum
1624 3188 1722 3230 loco
1751 3199 1831 3231 aut
1863 3190 2007 3233 minus
2035 3188 2185 3242 utilia,
2222 3198 2300 3231 aut

235 3241 382 3282 minus
413 3238 637 3294 probanda
679 3242 968 3296 exhiberent,
1000 3245 1091 3287 imo
1134 3258 1452 3300 nonnunquam
1485 3247 1721 3287 iterarent.
1754 3242 1919 3288 Utilius
1951 3246 2097 3289 fuisset
2117 3259 2171 3287 ne
2188 3244 2302 3286 bona

235 3296 415 3351 quidem
445 3306 666 3351 repetere,
698 3296 771 3339 sed
811 3297 901 3353 jam
930 3299 1060 3342 semel
1092 3301 1252 3357 posita,
1279 3300 1444 3351 verbo,
1475 3301 1519 3343 fi·
1538 3302 1700 3342 iterum
1729 3314 1836 3356 opus
1879 3302 1982 3345 esset
2010 3332 2023 3354 ,
2064 3301 2138 3344 ubi
2168 3300 2303 3358 essent

238 3349 372 3405 posita
400 3350 626 3403 indicare,
655 3350 947 3398 dubitationes
994 3356 1050 3399 ad
1080 3357 1285 3413 quaedam
1328 3355 1701 3399 Observationum
1742 3356 1838 3399 loca
1879 3369 2120 3415 opportune
2160 3356 2296 3410 subji-

236 3419 363 3458 cere,
392 3406 448 3447 ad
477 3406 567 3450 alia
605 3418 826 3463 quantum
866 3424 969 3453 cum
998 3412 1093 3456 aliis
1123 3412 1395 3455 consentiant
1436 3412 1827 3456 Observationibus
1857 3443 1872 3467 ,
1913 3412 2297 3463 animadvertere,

235 3461 292 3503 ad
323 3461 409 3504 alia
437 3475 534 3517 quae
562 3465 662 3506 inde
692 3464 748 3505 ad
790 3465 1029 3511 Medicinae
1059 3479 1225 3525 partem
1269 3467 1571 3511 illustrandam
1608 3468 1696 3510 sive
1725 3469 1972 3512 theoricam
1990 3498 2003 3521 ,
2034 3469 2122 3511 sive
2166 3467 2303 3523 potis-

234 3516 394 3579 simum
427 3516 666 3579 praeficiam
695 3519 1092 3577 consequerentur,
1123 3525 1305 3576 docere,
1336 3524 1392 3566 ad
1421 3522 1506 3567 alia
1540 3524 1719 3566 demum
1749 3538 1847 3580 quae
1879 3528 2025 3568 minus
2070 3524 2196 3566 facile
2239 3525 2305 3563 in-

237 3570 374 3633 telligi
407 3573 529 3635 ’posse
558 3574 841 3626 viderentur,
873 3592 957 3620 non
988 3594 1063 3633 per
1093 3580 1312 3623 doctrinas
1342 3591 1416 3622 aut
1451 3579 1536 3631 jam
1568 3580 1783 3633 desertas,
1814 3593 1890 3624 aut
1920 3580 2036 3637 apud
2077 3578 2306 3637 plerosque

235 3641 280 3670 m
311 3627 496 3673 dubium
530 3639 730 3683 vocatas,
763 3631 836 3675 sed
864 3648 939 3688 per
968 3636 1102 3688 magis
1136 3635 1406 3691 probabiles,
1438 3635 1613 3687 faciles,
1647 3640 1686 3678 δε
1719 3638 1864 3692 quoad
1893 3636 1987 3691 ejus
2016 3636 2109 3679 fieri
2143 3637 2304 3691 posiet,

2119 3706 2241 3735 com-
