2498 4075
572 207 729 275 Epist.
767 208 928 260 Anat.
965 208 1179 260 Medica
1216 202 1423 256 XLIII.
1456 205 1575 257 Art.
1612 221 1655 266 7.

40 287 120 323 serre
141 297 377 333 nonnunquam
398 290 526 331 >scripsit
548 302 618 332 quae
654 290 875 323 consentirent
897 315 905 322 .
938 290 1040 328 Quod

38 334 64 365 fi
87 333 237 367 undecim
271 346 287 366 a
319 334 413 367 nobis
445 335 521 367 alias
556 332 733 375 propositas
767 337 858 373 (n)
889 334 1042 376 releges,-

38 376 124 409 haud
149 377 243 410 aliter
267 379 430 410 invenies.
455 377 594 409 Minime
618 386 723 410 autern
748 378 916 410 miraberis
938 400 947 415 ‚
983 378 1039 410 ubi

39 429 105 452 non
137 429 204 452 tam
227 421 315 455 iilam
340 419 574 462 persuasionem
604 431 676 461 quae
709 421 937 462 plerorumque
969 423 1040 453 ani-

40 472 108 494 mos
131 463 210 495 olim
233 473 472 506 occupaverat,
507 474 606 505 quam
639 474 750 496 eorum
783 463 1040 497 Observationes

38 505 210 539 attenderis
245 508 303 548 qui
326 529 334 543 ‚
371 506 564 547 persuasione
596 506 650 539 illa
684 506 846 548 seposita,
883 510 1040 540 accuratis

39 548 294 590 inspeffionibus
319 551 396 583 stare
427 550 610 582 maluerunt
635 574 643 582 .
675 550 730 583 Sic
767 552 921 584 Arantius
954 553 967 589 (
990 562 1006 583 o
1028 553 1040 588 )

40 592 91 624 vel
114 593 146 625 in
170 593 343 634 grandibus
367 594 487 626 herniis
508 592 588 626 nihil
604 592 743 634 solutam
766 593 848 626 vidit
878 594 1042 635 peritonaei

38 635 278 670 continuitatem
302 661 308 668 .
341 637 392 668 Sic
415 637 449 668 in
472 633 555 673 ista,
581 647 650 678 quae
675 635 736 669 huc
760 639 896 676 attinet,
932 637 1046 679 Sepul-

38 676 143 712 chreti
166 680 311 712 Sectione
336 679 461 712 XXIX.
486 680 518 711 in
544 690 642 721 quam
666 679 747 713 nihil
770 681 809 712 cle
837 682 976 713 Arantio
992 692 1041 712 re-

39 722 143 755 latum
167 724 302 756 invenio
324 743 333 759 ‚
372 722 554 756 Hildauum
591 726 603 761 (
626 723 680 765 p)
706 723 788 764 leges
813 746 822 760 ,
860 723 1039 756 Riolanum

40 767 53 804 (
76 775 94 806 q
114 769 152 804 ),
173 766 364 799 Barbetturn
387 768 401 804 <
423 776 439 798 r
461 769 496 804 ),
519 765 640 807 quibus
672 765 785 799 addere
819 774 909 808 potes
941 768 1039 808 Ruy-

39 807 162 846 schini-n
187 814 197 848 (
216 808 288 851 s),
311 811 342 841 δε
365 809 562 842 Benevolum
586 812 599 848 (
622 816 637 841 t
659 813 669 847 )
693 809 777 842 idem
788 809 1015 842 confirmantes
1030 835 1039 842 .

39 852 137 893 Qu
156 851 209 885 hic
234 853 368 885 ultimus
391 862 466 885 cum
492 852 560 894 plus
572 854 689 885 centies
700 854 900 886 occasionem
914 852 1043 885 habuis-

41 894 85 927 set
110 894 179 929 haec
201 895 401 937 indagandi,
425 895 610 936 Ruyschius
633 906 737 928 autem
762 907 826 928 non
852 898 957 929 minus
989 895 1044 928 sae-

42 949 100 980 pe3
123 948 258 982 uterque
282 950 387 972 tamen
419 949 574 980 nunqnam
598 948 730 981 ruptum
753 940 786 971 in
810 938 933 973 herniis
957 939 1044 981 peri-

41 992 183 1016 tonaeum
225 980 315 1015 fuisse
338 1004 351 1022 ,
394 981 568 1015 asseverant
593 1005 601 1012 .
645 983 696 1015 At
740 984 826 1015 enirn
852 1004 860 1018 ,
901 983 1009 1023 inquis
1032 1005 1043 1020 ‚

39 1026 201 1058 Arantius
232 1036 297 1058 non
332 1033 427 1067 negat
444 1049 451 1063 ,
472 1025 557 1069 posle
591 1024 771 1066 disrumpi}
797 1025 968 1058 Barbettus
991 1036 1048 1057 au-

40 1077 105 1101 tem
132 1068 153 1101 si
179 1068 275 1110 paulo
300 1067 383 1101 infra
406 1071 421 1107 ζ’
441 1079 459 1101 u
482 1071 495 1106 )
522 1069 668 1109 legatur,
693 1068 735 1102 sic
760 1070 928 1110 loquitur,
952 1069 1044 1110 quasi

40 1113 74 1143 in
97 1111 208 1144 hernia
233 1123 329 1154 quarn
364 1122 448 1145 nunc
480 1120 597 1144 vocant
628 1112 798 1146 Cruralem
821 1137 830 1151 ,
863 1111 1047 1152 disruptum

37 1154 240 1197 conspexerit
265 1180 271 1186 .
306 1155 386 1187 Non
410 1156 457 1188 ait
480 1163 587 1187 tamen
611 1154 728 1189 diserte
743 1178 752 1193 ,
778 1154 807 1189 se
830 1153 1044 1197 conspexisse.

38 1197 168 1232 Diserte
191 1209 266 1231 vero
290 1197 400 1232 vidisse
425 1198 453 1231 se
476 1220 484 1235 ‚
523 1207 641 1239 negant
666 1207 783 1241 praeter
807 1210 859 1232 eos
891 1209 974 1241 quos
996 1198 1048 1231 di-

40 1242 148 1274 ximus
171 1264 183 1280 ,
215 1242 269 1275 alii
296 1268 305 1282 ‚
339 1242 374 1273 in
399 1242 513 1283 primis
547 1241 761 1276 Maucliartus
786 1246 796 1281 (
822 1252 843 1275 x
864 1245 896 1280 ),
921 1243 979 1281 qui
1013 1243 1047 1275 in

40 1284 196 1318 herniosis
218 1287 381 1327 quinque,
397 1284 528 1327 solicite
539 1283 577 1316 ab
594 1284 628 1326 se
645 1288 678 1319 in
699 1285 776 1318 hanc
798 1296 862 1318 rem
885 1284 1017 1328 dissectis
1034 1308 1043 1322 ‚

42 1327 158 1369 nonnisi
182 1328 354 1361 dilatatum
387 1329 624 1370 peritonaeum‚
646 1339 802 1371 nunquam
824 1339 899 1361 vero
914 1336 1044 1369 ruptum

34 1370 68 1414 se
93 1369 262 1410 reperisse,
287 1369 485 1411 confirmat,
510 1371 561 1404 sed
585 1374 616 1403 &
641 1371 853 1405 celeberrimis
886 1370 1045 1413 Chirurgis

41 1413 263 1457 'Pczrifienfihus
286 1437 296 1452 ‚
332 1425 407 1455 qnos
430 1415 469 1449 de·
495 1414 552 1447 hnc
587 1422 716 1456 ruptura
745 1414 898 1457 consuluit
920 1435 929 1451 ‚
963 1421 1045 1447 certe

38 1468 194 1499 nunquam
207 1457 378 1502 obvenisse,
404 1457 478 1490 licet
501 1457 686 1500 amplcffimn
709 1457 776 1492 illis
799 1455 911 1501 effluat
930 1456 1046 1499 occasio

40 1501 72 1537 in
96 1500 220 1534 hernias
246 1502 438 1543 inquirendi.
466 1501 510 1534 Et
534 1512 573 1534 ne
595 1502 744 1540 dubites,
767 1501 805 1535 de
830 1500 1048 1543 mediocribus

38 1552 167 1578 tantum
193 1545 334 1585 hermis,
358 1556 396 1578 an
427 1545 465 1577 de
497 1546 619 1586 magnis
650 1557 779 1588 quoque
815 1545 1011 1578 consuluerit
1036 1554 1046 1581 3

41 1587 140 1628 paulo
164 1598 237 1623 ante
261 1589 387 1622 litteras
423 1592 460 1621 ad
485 1587 513 1620 se
538 1587 643 1622 missas
668 1589 706 1622 ab
740 1600 805 1621 uno
840 1598 953 1621 eorum
983 1599 1049 1620 rne-

39 1641 222 1669 moraverat
244 1654 254 1668 ,
288 1632 406 1673 quibus
428 1632 545 1664 litteris
570 1629 667 1665 refert
683 1654 691 1668 ‚
715 1633 743 1665 se
766 1634 799 1664 in
824 1633 941 1665 ramice
964 1641 1049 1664 erior-

38 1674 86 1706 mi
118 1685 181 1707 tres
203 1675 439 1709 *intestinorum
473 1676 640 1709 Tenuium
672 1676 762 1709 ulnas
794 1686 868 1708 cum
893 1675 1045 1712 portione

37 1717 118 1750 Coli
141 1719 183 1758 iis
209 1719 321 1751 diebus
347 1716 492 1760 reperisse
514 1744 520 1750 .
552 1717 651 1758 Quod
673 1718 695 1751 si
721 1718 855 1761 majores
886 1717 972 1751 forte
997 1729 1047 1749 re-

36 1762 142 1803 quiris
166 1771 176 1798 3
210 1761 408 1804 Hensingius
433 1771 549 1804 praeter
578 1763 674 1795 illum
696 1762 734 1796 de
757 1774 824 1805 quo
844 1763 968 1794 dictum
1004 1760 1046 1795 est

35 1804 131 1846 supra
152 1807 207 1846 (y
225 1804 242 1847 )
257 1828 266 1843 ‚
292 1805 368 1838 oeto
394 1806 625 1839 intestinorum
648 1807 759 1846 ulnas,
781 1817 884 1846 eoque
909 1806 1047 1846 amplius

33 1850 279 1885 continentem,
301 1848 439 1882 alterum
464 1850 555 1882 dabit
589 1849 683 1892 (z)
709 1862 725 1883 a
758 1847 812 1882 Cl.
850 1849 1046 1881 Hommelio

35 1900 229 1934 acceptum,
254 1893 311 1934 qui
334 1894 367 1925 in
402 1893 513 1926 bienni
538 1890 660 1925 infante
684 1890 855 1936 procidisse
878 1904 916 1925 ex
939 1892 1050 1924 umbi-

39 1935 107 1969 lico
131 1933 217 1968 vidit
239 1935 343 1968 omnia
365 1935 486 1977 wfcera
508 1934 681 1976 chylopaea‚
706 1937 874 1979 peritonteo
905 1945 963 1967 non
996 1945 1049 1967 ru-

32 1985 91 2019 pto
116 2004 125 2019 2
156 1978 212 2020 secl
244 1979 458 2011 tantummodo
481 2003 492 2018 ,
523 1987 561 2011 ut
595 1980 795 2020 Henfingius
838 1989 969 2021 quoque
1012 1979 1045 2010 in

35 2020 101 2055 suo*
116 2020 349 2063 conspexerat,
371 2020 493 2065 extenso
517 2044 529 2061 ,
563 2030 654 2064 atque
686 2023 825 2056 relaxaro
851 2047 857 2054 .
894 2022 937 2053 Et
973 2030 1046 2054 ante

38 2065 114 2097 illos
140 2064 276 2106 Meryus
301 2068 312 2103 (
336 2076 354 2096 a
379 2068 388 2102 )
412 2066 445 2097 in
470 2064 596 2098 sinistro
621 2066 717 2099 scroti
755 2067 852 2098 latere
877 2064 1045 2105 cujusdam

37 2107 143 2146 senis,
167 2106 203 2141 ad
219 2107 427 2141 monstrosam
441 2109 699 2149 magnitudinem
725 2108 948 2150 amplificato,
971 2108 1047 2139 Cae-

35 2163 111 2185 cum
135 2153 252 2193 reperit
284 2162 359 2183 curn
383 2151 483 2184 initio
507 2152 586 2185 Coli
622 2165 659 2185 eo
694 2153 895 2193 protraftum
931 2164 945 2183 a
980 2152 1047 2182 Te-

37 2195 156 2229 nuibus
179 2193 361 2231 intestini„
382 2205 454 2235 quae
489 2194 567 2227 illuc
600 2196 712 2228 omnia
745 2203 834 2227 erant
868 2193 1014 2236 prolapsa
1042 2218 1050 2232 ‚

39 2237 200 2282 semipede
223 2236 377 2279 supremo
399 2246 535 2278 excepto
559 2249 720 2282 perquem
734 2237 951 2271 ventriculum
965 2248 1049 2278 quo-

40 2294 104 2324 que
128 2281 168 2314 sic
204 2281 244 2314 ab
268 2280 321 2314 sua
346 2280 415 2313 sede
438 2280 648 2315 distraxerant
666 2304 676 2319 ‚
709 2291 746 2314 ut
778 2281 861 2313 redita
895 2281 977 2312 linea
1011 2282 1050 2315 ab

40 2323 288 2367 diaphragmate
320 2323 426 2357 versus
460 2323 615 2358 inferiora
657 2327 782 2359 ventris
817 2323 1017 2357 descenderet
1039 2337 1052 2364 ,-

41 2368 240 2411 marsupium
266 2376 375 2400 tamen
400 2390 414 2407 ,
448 2367 498 2400 seu
523 2368 627 2401 saccus
650 2381 665 2401 e
699 2370 880 2410 peritonaeo
915 2365 1018 2400 fadus
1040 2390 1053 2407 2

43 2413 162 2447 intime
186 2411 268 2445 hanc
294 2419 419 2444 tantam
443 2411 563 2445 molem
586 2412 864 2454 compleetebatur
879 2435 886 2442 .
912 2410 985 2443 Nec
1002 2422 1054 2443 ve.-

43 2467 82 2489 ro
103 2455 213 2492 dicas,
237 2464 310 2487 cum
335 2453 470 2495 Meryus
494 2462 585 2487 antea
609 2453 662 2497 <b
686 2457 699 2497 )
724 2467 761 2488 ex
793 2454 932 2494 Virgine
967 2453 1054 2488 haud

44 2510 176 2542 parvam
200 2499 290 2531 illam
315 2495 461 2530 herniam
484 2497 656 2540 proposuit
678 2524 687 2538 ‚
721 2510 792 2540 quae
826 2506 942 2540 praeter
976 2498 1053 2530 duas

43 2543 125 2576 Coli
156 2540 300 2575 intestini
332 2541 644 2574 circumvolutiones
670 2564 679 2578 ‚
712 2543 881 2575 Tenuium
913 2542 1053 2573 tractum

42 2596 182 2628 quatuor
208 2584 331 2618 saltem
364 2583 480 2628 pedum
513 2587 705 2618 continebat
733 2609 741 2624 ,
773 2585 871 2628 idque
912 2583 1051 2617 habebat

44 2630 206 2674 peculiare
229 2638 361 2671 propter
394 2627 482 2670 quod
505 2630 624 2661 mirum
650 2629 692 2662 est
716 2652 727 2668 ,
761 2630 817 2662 vix
840 2629 881 2661 ab
903 2627 971 2660 ullo
996 2639 1051 2660 eo-

42 2685 117 2707 rum
140 2674 197 2716 qui
230 2672 269 2705 de
303 2671 424 2706 herniis
447 2671 769 2715 postea‘i‘cripsetunt
792 2695 801 2710 ‚
834 2669 927 2704 fuiffe
961 2682 1051 2703 com-

45 2725 281 2755 memoratum,
306 2724 343 2748 ut
367 2715 407 2748 ab
430 2714 560 2748 finistro
582 2717 715 2758 inguine
738 2715 776 2749 ad
790 2714 932 2750 medium
956 2713 1054 2755 usque

45 2759 149 2794 femur
173 2758 202 2792 se
224 2757 433 2796 extenderem
457 2769 530 2793 cum
554 2760 658 2801 igitur
681 2758 749 2793 haec
771 2760 909 2800 Meryus
933 2769 1056 2799 propo-

48 2804 111 2837 suit
127 2828 136 2843 ,
160 2802 281 2835 nullam
306 2803 474 2843 peritonaei
484 2803 727 2844 complectentis
749 2800 892 2844 injecisse
917 2801 1058 2847 mentio-

49 2858 142 2881 nem.
167 2845 282 2878 Facilis
305 2846 391 2878 enim
422 2845 587 2888 responsio
621 2847 685 2884 est,
708 2847 741 2878 in
765 2845 877 2879 hernia
902 2845 1055 2885 quusin-

51 2890 184 2924 volucra
208 2898 273 2921 non
296 2888 381 2923 secus
406 2900 440 2922 ac
463 2901 535 2932 quae
560 2890 687 2923 inerant
708 2890 839 2922 Tenuia
869 2888 1023 2921 intestina
1046 2911 1056 2927 ,

53 2943 225 2977 gangraena
249 2930 482 2972 putrefecerat‚
517 2944 582 2966 non
615 2931 706 2966 fuisse
739 2933 880 2966 medenti
914 2932 1057 2964 occasio—

53 2987 127 3011 nem
151 2974 367 3019 explorandi,
392 2976 497 3009 anilla
508 2974 804 3019 comprehendiffet
818 2976 1054 3017 peritonaeum,

53 3023 177 3064 quippe
199 3030 216 3051 a
239 3017 408 3061 putredine
430 3018 495 3061 ipsa
519 3019 583 3063 jam
606 3019 731 3053 exesum
756 3022 865 3061 potius
885 3029 983 3061 quam
1007 3029 1062 3050 ru-

56 3074 171 3106 ptum.
197 3061 350 3103 Idemque
372 3062 495 3096 dietum
528 3073 605 3106 puta
642 3063 680 3097 ad
700 3063 846 3095 Tacconi
879 3065 889 3100 (
913 3073 927 3093 c
951 3065 961 3100 )
986 3061 1062 3093 Ob-

57 3107 270 3142 servationem
294 3107 327 3138 in
354 3105 494 3147 Virgine
518 3107 616 3139 altera
638 3129 648 3145 ,
682 3107 734 3140 cui
766 3117 829 3138 non
862 3103 948 3137 infra
981 3104 1062 3145 liga-

60 3159 207 3185 mentum
232 3172 241 3187 ,
274 3157 319 3182 ut
335 3157 475 3185 vocant,
502 3149 697 3192 Poupartii,
721 3148 771 3182 sed
803 3148 947 3181 indidem
978 3148 1061 3181 unde

60 3196 184 3237 priori,
208 3205 225 3226 a
249 3191 360 3226 multis
384 3191 447 3232 jam
470 3194 559 3226 annis
583 3192 813 3235 propendentia
838 3191 989 3225 intestina
1014 3203 1065 3223 re-

61 3245 157 3280 pente
180 3237 312 3271 demum
347 3245 436 3268 extra
466 3233 610 3270 herniam
642 3236 874 3278 prociderunt,
898 3245 963 3267 non
998 3243 1065 3267 tam

61 3289 183 3323 rupto,·
204 3290 303 3322 quam
327 3278 365 3312 ab
389 3279 498 3312 eadem
520 3279 609 3312 causa
634 3291 705 3321 quae
729 3282 790 3312 ima
823 3278 945 3312 lierniae
980 3278 1065 3310 inte-

57 3332 222 3372 gumenta
246 3322 502 3359 exulceraverat,
538 3322 791 3365 semicorrupto‚
814 3333 851 3356 ut
874 3322 941 3355 veri
964 3320 1069 3355 simil-

1921 204 2022 256 181.

1091 290 1207 322 limum
1231 286 1292 323 est.
1317 288 1468 327 proximo
1492 287 1556 319 illis
1582 286 1759 328 peritonaeo
1778 310 1785 318 .
1820 285 1921 324 Quod
1952 284 2022 318 sane
2053 285 2089 317 in

1092 333 1198 366 multo
1224 329 1364 371 majori,
1386 341 1483 371 quem
1507 330 1591 362 idem
1617 330 1762 371 exposuit
1778 356 1785 368 ‚
1811 331 1929 363 ramice
1962 327 2091 361 solerter

1091 377 1254 410 delineato
1279 377 1288 412 (
1313 375 1364 414 c)
1387 373 1546 413 quidquid
1569 372 1649 405 Coli
1679 397 1686 411 ‚
1717 376 1745 405 dc
1771 374 1930 406 Mesocoli
1953 372 2055 404 inerat
2078 392 2091 409 ,

1090 419 1212 454 videbis
1235 415 1503 459 circumvesiiviffe
1527 441 1533 447 .
1572 416 1720 457 Ingentes
1744 417 1819 449 alias
1842 416 1967 450 hernias
1989 417 2022 447 &
2045 413 2092 446 le-

1091 466 1123 506 gi
1140 487 1147 501 ‚
1174 466 1206 495 δε
1228 460 1319 497 vidi,
1344 469 1379 491 ut
1402 471 1497 500 quam
1522 459 1774 500 Teichrneyerus
1798 460 1846 501 (e
1869 463 1878 498 )
1912 456 2019 499 versus
2038 466 2093 498 ge-

1091 518 1150 540 nna
1172 503 1285 547 ufijne,
1306 514 1403 544 quam
1423 502 1616 536 Schacherus
1642 501 1745 546 (f),
1765 504 1798 534 δε
1821 514 1917 545 quam
1941 498 2093 534 Meekre-

1090 553 1163 583 nius
1185 551 1198 586 (
1218 558 1239 588 g
1261 550 1274 586 )
1298 545 1382 578 ultra
1404 555 1502 587 genna
1526 546 1690 587 extensas,
1713 547 1764 583 δέ,
1787 557 1826 577 ne
1858 546 1987 588 longior
2011 543 2094 581 fim,

1090 605 1190 636 quarn
1214 591 1268 624 Cl.
1283 588 1440 622 Brebifius
1462 591 1475 627 (
1498 589 1517 622 h
1540 594 1553 628 >
1575 592 1613 622 acl
1628 588 1722 631 suras
1743 587 1835 630 usque
1856 588 2093 634 propendentem

1092 636 1287 669 exhibuere.
1321 632 1379 665 Sed
1414 632 1469 663 vix
1501 633 1623 674 primus
1658 632 1720 665 hoc
1751 632 1922 664 dumtaxat
1954 629 2091 663 tradid1t

1094 685 1104 718 (
1130 681 1142 712 i
1167 684 1200 717 )‚
1226 678 1450 710 intestinorum
1464 676 1632 710 Tenuium
1648 698 1656 712 ,
1679 673 1952 716 Crassorumque,
1976 677 2005 719 ὃς
2030 683 2097 705 me-

1093 723 1246 761 fermerii,
1270 731 1367 762 atque
1389 718 1515 752 omenti
1549 729 1699 760 magnam
1723 719 1757 750 iu
1781 717 1831 751 sua
1853 716 2012 751 delituisse
2023 724 2100 763 por-

1089 767 1214 800 tionem
1229 789 1240 803 ‚
1264 764 1345 797 alter
1357 760 1609 798 andiffecuerm
1632 760 1760 798 nescio,
1787 762 1853 793 duo
1874 769 1960 794 certe.
1983 758 2101 804 reliqui

1092 821 1157 843 non
1170 808 1307 845 secuere,
1335 815 1371 840 ut
1393 816 1497 847 neque
1517 817 1602 848 ego,
1628 806 1685 847 qui
1709 805 1742 836 in
1769 804 1902 837 Praesule
1925 799 2101 846 generosis-

1094 853 1175 885 simo
1199 850 1268 884 vidi
1301 848 1530 883 tautummodo
1568 848 1784 881 osclieocelem
1808 869 1816 884 ‚
1848 859 1920 889 quae
1952 845 2055 893 pietae·
2079 854 2099 876 a

1093 895 1285 928 Meekrenio
1310 893 1516 934 longitudine
1539 892 1690 934 quidem,
1717 890 1766 924 sed
1799 902 1864 923 non
1898 888 2099 938 crassitudine

1092 941 1198 979 impar
1232 937 1303 970 esset
1327 960 1336 973 ‚
1368 947 1427 969 nec
1459 937 1492 968 in
1516 948 1554 968 eo
1578 947 1613 968 ut
1644 947 1715 974 quae
1738 933 1853 967 viscera
1878 931 2066 967 continebat
2089 954 2102 971 ‚

1097 982 1191 1015 nullo
1214 982 1348 1023 negotio
1371 982 1404 1012 in
1428 988 1574 1012 ventrem
1598 979 1721 1020 possent
1744 978 1856 1020 repelli
1879 992 1889 1017 3
1925 976 1975 1010 sed
2011 974 2103 1009 nulla

1100 1027 1225 1058 ratione
1256 1027 1342 1056 intra
1364 1023 1468 1064 ipsum
1494 1021 1618 1063 possent
1643 1023 1798 1055 retineri«⁵

1143 1080 1173 1110 7.
1199 1067 1302 1100 Nulla
1327 1067 1450 1108 igitur,
1475 1066 1623 1107 inquies,
1647 1065 1845 1097 Observatio
1868 1064 1910 1096 est
1944 1062 2033 1104 rupti
2065 1062 2100 1094 in

1099 1110 1222 1146 herulis
1245 1110 1438 1152 peritonaei?
1464 1109 1537 1149 Ego
1570 1119 1647 1141 vero
1681 1118 1746 1141 non
1778 1109 1812 1141 id
1840 1106 2025 1144 contendo5
2049 1104 2104 1138 sed

1100 1157 1164 1189 hoc
1185 1150 1339 1191 tantum]
1366 1152 1470 1185 multo
1493 1162 1589 1193 quam
1624 1152 1706 1184 olim
1730 1159 1898 1192 putarent,
1921 1149 1979 1183 effe
2002 1150 2106 1181 rario-

1098 1211 1170 1232 res.
1195 1199 1239 1231 Et
1263 1207 1447 1238 quanquam
1470 1193 1635 1228 Dionisius
1660 1194 1713 1236 (lq
1737 1197 1750 1231 )
1775 1193 1946 1229 asseverat,
1970 1191 2106 1233 ompha-

1102 1242 1234 1276 locelem
1268 1237 1338 1273 fieri
1373 1240 1543 1272 dumtaxat
1567 1263 1575 1277 ,
1598 1236 1619 1270 si
1645 1248 1779 1280 ruptum
1805 1238 1843 1270 sit
1868 1238 2105 1284 peritonaetin'g,

1096 1286 1192 1329 seque
1259 1295 1332 1318 cum
1356 1281 1598 1324 omphalocelas
1630 1282 1736 1322 plures
1757 1283 1788 1313 δέ
1821 1282 1854 1312 in
1889 1281 1971 1312 vivis
1987 1304 1995 1317 ‚
2017 1280 2050 1312 ὃς
2073 1288 2108 1310 m

1098 1331 1237 1364 mortuis
1271 1327 1428 1369 aperuerit
1451 1350 1463 1367 ³
1495 1336 1660 1368 nunquam
1687 1325 1853 1367 agnoscere
1876 1321 2034 1365 potuisse,
2060 1322 2110 1353 in-

1089 1384 1151 1413 vtus
1175 1385 1191 1405 a
1216 1372 1395 1414 peritonaeo
1428 1368 1626 1408 convestir1‚
1650 1369 1717 1401 imo
1742 1368 1841 1401 incisa
1865 1377 1963 1406 cute,
1986 1365 2111 1399 nullam

1097 1426 1251 1458 praeterea
1282 1412 1435 1447 invenisse
1470 1413 1723 1451 membranam;
1756 1422 1861 1445 tamen
1905 1410 2003 1453 paulo
2037 1417 2110 1441 ante

1102 1463 1117 1503 ζ
1138 1460 1149 1493 l
1174 1463 1182 1497 )
1207 1458 1337 1494 vidisti.
1361 1468 1518 1498 quantam
1543 1453 2019 1497 Hommeliusomphalocelem
2032 1462 2113 1485 con-

1103 1504 1242 1546 spexerit
1266 1502 1409 1536 relaxato
1426 1524 1435 1536 ‚
1459 1511 1525 1534 non
1552 1510 1671 1541 rupto,
1698 1501 1876 1540 peritonaeo
1895 1494 2111 1538 comprehen-

1103 1549 1188 1584 ωτι,
1219 1549 1248 1577 &
1273 1545 1382 1578 videre
1417 1546 1536 1586 poteris
1557 1566 1565 1580 ‚
1604 1543 1735 1576 Paulum
1777 1542 1971 1575 Barbettum
2003 1538 2110 1587 (m)

1103 1592 1281 1632 aliquoties
1305 1590 1338 1620 in
1362 1588 1574 1622 cadaveribus
1611 1583 1860 1624 demonstrasse,
1884 1583 1939 1618 etsi
1974 1581 2110 1631 umbili-

1104 1646 1160 1668 cus
1183 1645 1258 1666 cum
1283 1630 1548 1674 subsequentibus
1571 1628 1730 1663 intestinis
1752 1626 1852 1661 instar
1886 1627 2004 1664 capitis
2036 1627 2117 1659 viri-

1103 1680 1145 1712 lis
1172 1676 1423 1719 protuberaret,
1458 1684 1601 1707 attamen
1631 1672 1834 1714 peritonaeum
1868 1670 1962 1704 fuisse
1995 1679 2111 1711 expan-

1096 1722 1168 1764 sum
1180 1745 1188 1758 ‚
1205 1719 1260 1762 sed
1270 1718 1418 1761 nusquam
1440 1716 1628 1760 disruptum,
1640 1718 1782 1757 itemque
1796 1715 2033 1758 Hottingerum
2049 1717 2058 1753 (
2073 1724 2091 1745 n
2107 1716 2118 1751 )

1103 1769 1136 1797 in
1163 1765 1304 1796 mulieris
1326 1762 1548 1804 omplialocele
1559 1760 1718 1793 diametro
1732 1757 1842 1800 pedem
1868 1767 2037 1801 aequante,
2061 1765 2118 1789 aut

1103 1809 1292 1850 superante,
1318 1816 1390 1838 cure
1421 1805 1582 1839 deti-aeta,
1602 1803 1804 1845 peritonaeum
1828 1827 1837 1842 ,
1869 1802 1953 1835 cutis
1986 1808 2117 1835 externae

1104 1850 1268 1891 cmslitiem
1292 1850 1334 1881 Θ
1358 1844 1718 1890 ιίεηῄῑαῑεωιρηῑιιίαης,
1734 1844 1846 1886 secam
1869 1842 1996 1889 difficile
2009 1867 2021 1883 ,
2044 1852 2118 1886 ape-

1105 1894 1197 1939 ruisse
1222 1915 1230 1929 ‚
1264 1894 1383 1926 interne
1415 1889 1557 1929 incesti-'na
1585 1889 1724 1931 firmiter
1757 1899 1875 1922 annexa
1901 1896 2010 1922 tenens
2035 1910 2043 1924 ,
2080 1896 2118 1920 ut

1104 1939 1139 1970 in
1165 1937 1290 1978 puella,
1316 1938 1355 1968 ab
1380 1934 1534 1967 Schulzio
1558 1935 1572 1972 (
1593 1933 1644 1974 o)
1669 1930 1799 1966 dissecta
1823 1954 1832 1970 ,
1874 1931 2026 1965 adflatum
2049 1931 2120 1972 ple-

1104 1981 1211 2021 risque
1234 1981 1312 2013 locis
1336 1978 1473 2011 habebat
1497 1986 1664 2009 omentum
1684 2000 1696 2008 .
1728 1975 1805 2010 Huc
1829 1975 1908 2010 adde
1931 1976 1982 2008 ΙΙΙ.
2006 1974 2121 2007 Halle-

1103 2026 1133 2058 ri
1158 2027 1214 2065 (p
1237 2026 1246 2061 )
1272 2021 1546 2056 Observationem
1570 2042 1581 2059 ,
1614 2019 1672 2061 qui
1710 2018 1791 2053 sicut
1822 2020 1857 2052 in
1893 2019 1966 2052 aliis
1999 2018 2120 2051 herniis

1104 2070 1271 2109 integrum
1296 2066 1464 2107 peritonaei
1489 2063 1640 2102 saccum,
1663 2064 1709 2095 ita
1741 2064 1775 2096 in
1809 2062 2005 2106 exomphalo
2036 2073 2121 2104 quo-

1101 2122 1167 2150 que
1190 2108 1418 2150 deprehendit.
1441 2108 1571 2146 Quibus
1605 2106 1902 2141 Observationibus
1935 2105 2085 2149 speetatis
2110 2130 2121 2144 ‚

1104 2152 1234 2188 fortasse
1259 2152 1491 2195 suspicaberis,
1512 2152 1547 2184 in
1571 2151 1734 2184 nonnullis
1755 2150 1868 2184 saltem
1891 2142 2036 2184 Diofflfii
2057 2148 2124 2183 dis-

1104 2197 1298 2230 sec‘tiouibus
1322 2197 1533 2238 peritonaeum
1568 2194 1659 2228 valde
1690 2202 1904 2228 extenuatum
1923 2216 1933 2232 ,
1969 2193 2121 2235 areteq-ue

1105 2251 1179 2272 cum
1205 2240 1436 2281 integumentis
1458 2249 1667 2277 connexum,
1690 2237 1757 2279 ejus
1787 2239 1902 2272 oculos
1937 2235 2084 2270 fefellisse
2108 2261 2121 2270 .

1110 2286 1148 2316 ln
1188 2282 1297 2315 hernia
1321 2294 1452 2325 quoque
1477 2282 1610 2314 Crurali
1635 2281 1688 2313 Cl.
1713 2281 1834 2315 Virum
1859 2286 1868 2320 (
1894 2292 1913 2322 q
1937 2283 1948 2318 )
1975 2281 2048 2322 lego
2081 2280 2117 2312 in

1110 2326 1199 2367 rupti
1217 2324 1512 2368 peritomeifoveiz.
1535 2325 1683 2363 omenti,
1708 2324 1809 2362 Coli,
1835 2334 1930 2367 atque
1957 2324 2014 2356 Ilei
2041 2334 2122 2365 por-

1110 2372 1233 2403 tionem
1256 2369 1429 2402 invenisse.
1456 2368 1684 2410 Vei-eheynius
1705 2369 1723 2406 (-
1744 2368 1794 2410 r)
1819 2378 1926 2401 tamen
1949 2367 2006 2409 qui
2032 2368 2118 2400 inter

1111 2415 1234 2456 primos
1256 2411 1318 2445 hoc
1342 2423 1440 2454 genus
1464 2411 1582 2444 herniae
1597 2435 1605 2449 ,
1627 2413 1657 2444 δι
1682 2411 1850 2452 quomodo
1873 2423 1909 2444 ea
1945 2411 2118 2444 interclusa

1110 2458 1190 2498 aegri
1215 2457 1416 2492 moriantur,
1442 2453 1604 2495 descripsit
1620 2481 1629 2495 ,
1653 2455 1742 2487 illam
1766 2454 1834 2488 fieri
1867 2452 2004 2488 tradidit
2029 2455 2117 2492 peri-

1111 2510 1220 2533 tonaeo
1254 2499 1301 2531 ibi
1329 2498 1495 2540 paululum
1528 2497 1662 2530 dilatato
1686 2521 1694 2536 ‚
1737 2506 1823 2537 ant,
1858 2498 1936 2540 qnod
1967 2498 2116 2539 rari—ime

1108 2543 1265 2584 contingit
1289 2563 1298 2578 ‚
1330 2549 1420 2583 rupto
1446 2554 1454 2572 .-
1489 2543 1521 2573 &
1545 2550 1630 2573 certe
1653 2552 1739 2583 egi),
1763 2550 1799 2574 ut
1828 2543 1891 2574 tibi
1915 2541 1991 2573 alias
2030 2540 2112 2582 (s)

1110 2585 1242 2629 scripsi,
1268 2585 1336 2625 ejus
1360 2586 1405 2617 ibi
1431 2584 1590 2617 sacculum
1615 2583 1791 2625 conspexi,
1824 2587 1905 2618 sicut
1940 2584 1995 2617 alii
2029 2585 2117 2626 pari-

1110 2639 1183 2670 ter,
1206 2632 1236 2662 ὃς
1258 2630 1292 2661 in
1316 2629 1365 2662 his
1379 2626 1594 2661 Manchartus
1618 2632 1628 2667 (
1653 2636 1667 2660 e
1687 2628 1726 2667 ),
1750 2630 1802 2665 δι’,
1828 2627 1849 2661 si
1876 2626 2030 2669 majorem
2047 2627 2115 2660 sac—

1107 2685 1184 2707 cum
1208 2673 1343 2715 requiris
1358 2695 1369 2711 ,
1392 2671 1475 2712 apud
1488 2673 1625 2703 eundem
1651 2669 1883 2705 Manchartum
1906 2676 1916 2710 (
1942 2671 1995 2712 n)
2020 2672 2116 2704 Wer-

1109 2728 1221 2754 nerus,
1246 2717 1304 2757 qui
1333 2716 1453 2749 ibidem
1477 2714 1600 2748 saccum
1623 2713 1774 2747 dilatavit
1795 2716 2019 2748 continentem
2033 2724 2115 2755 prae-

1110 2769 1163 2793 ter
1186 2761 1317 2801 longam
1340 2759 1465 2792 omenti
1497 2759 1682 2799 portionem
1697 2780 1705 2794 ‚
1734 2757 1793 2790 llei
1816 2757 1962 2791 intestini
1987 2766 2114 2800 partem

1113 2803 1304 2844 longitudine
1329 2803 1458 2835 duorum
1484 2800 1556 2844 fere
1589 2801 1701 2842 pedum
1733 2801 1983 2834 cnm‘dimidio.

1114 2847 1174 2879 Sed
1206 2847 1244 2879 de
1270 2845 1454 2879 oscheocele
1477 2867 1491 2884 3
1525 2856 1597 2885 quae
1620 2846 1651 2875 8<
1683 2842 1884 2886 frequentior
1916 2843 2026 2877 hernia
2050 2843 2113 2883 est,

1112 2892 1144 2922 &
1168 2891 1262 2923 nobis
1282 2887 1376 2929 liujus
1400 2888 1553 2920 sermonis
1575 2888 1709 2919 initium
1743 2888 1879 2928 praebuit
1904 2913 1913 2928 ‚
1944 2886 1967 2921 fi
2002 2889 2116 2930 praeci-

1111 2943 1173 2974 pue
1204 2931 1378 2966 videndum
1402 2930 1474 2968 est3
1508 2930 1702 2963 dissimulare
1727 2941 1790 2963 non
1815 2940 1947 2973 oportet
1971 2956 1980 2972 ,
2012 2933 2044 2964 in
2078 2944 2113 2964 ea

1114 2976 1181 3018 ipsa
1204 2988 1274 3019 quae
1299 2975 1362 3008 huc
1375 2975 1517 3017 spectat,
1541 2973 1899 3015 Sepulchretiseffione
1923 2977 1937 3017 (
1957 2986 1979 3007 x
2001 2978 2014 3014 )
2038 2976 2113 3007 Ob-

1116 3020 1310 3052 servationes
1343 3028 1449 3051 extare
1470 3017 1547 3050 duas
1569 3039 1578 3053 ‚
1611 3019 1741 3050 alteram
1769 3018 1907 3061 Joannis
1939 3017 2115 3061 Rudolphi

1116 3063 1299 3096 Salzmanni
1323 3064 1377 3103 (y
1402 3064 1416 3100 )
1437 3084 1446 3099 ‚
1480 3060 1610 3093 alteram
1644 3061 1799 3094 Friderici
1831 3062 2025 3095 Hoffmanni
2058 3074 2115 3105 pa-

1115 3108 1176 3140 tris
1201 3110 1211 3145 (
1236 3118 1260 3148 z
1284 3108 1293 3143 )
1318 3110 1500 3145 ‚Nquorum
1525 3104 1579 3136 ille
1603 3105 1635 3136 in
1671 3104 1727 3137 ista
1762 3104 1873 3138 hernia
1911 3107 2115 3148 peritoncenm

1116 3157 1244 3191 ruptum
1268 3150 1311 3180 ait
1339 3146 1368 3180 se
1393 3147 1559 3179 ostendisse
1585 3172 1592 3186 ,
1625 3148 1680 3182 hic
1713 3157 1782 3180 cnm
1805 3148 1990 3181 dilatatione
2011 3156 2115 3181 exter-

1116 3203 1159 3225 nae
1194 3192 1304 3224 runica*
1323 3190 1485 3232 peritoncei
1508 3191 1663 3225 internam
1686 3198 1812 3232 ruptam
1837 3191 1879 3222 &v
1912 3190 2114 3224 dilaceratam

1118 3234 1249 3268 vidisse.
1276 3235 1362 3267 Illud
1387 3234 1421 3266 in
1445 3232 1496 3267 his
1521 3237 1677 3275 perraris,
1703 3233 1724 3267 fi
1748 3245 1821 3266 cum
1855 3236 1978 3267 caeteris
2015 3245 2113 3275 prope

1116 3279 1295 3311 innumeris
1319 3286 1546 3319 comparentur
1574 3301 1582 3316 ‚
1618 3277 1913 3310 Observationibus
1945 3276 2115 3311 desiderari

1118 3322 1221 3365 potest
1245 3346 1254 3361 ‚
1290 3331 1326 3354 ut
1349 3332 1420 3363 quae
1444 3319 1536 3354 causa
1562 3320 1708 3363 utrisque
1732 3319 1851 3353 herniae
1875 3319 2018 3359 fuisset,
2052 3322 2115 3353 mi-

1989 3374 2075 3397 nime

73 3451 2111 3467 ffl-——ffl—-ss-——ss—ffl———ffl———n—

208 3545 243 3566 De
259 3544 363 3571 Tumor.
381 3549 403 3566 c.
420 3544 459 3571 48.
521 3542 535 3571 (
549 3545 593 3575 ῑζ)
610 3543 618 3570 (
635 3550 651 3571 q
668 3543 681 3570 )
697 3542 777 3567 Sehol.
796 3542 825 3566 ad
842 3543 899 3567 Obs.
918 3550 952 3571 19.
972 3542 1028 3566 vers.
1045 3542 1088 3566 fin.

210 3572 335 3597 Differtaz.
354 3581 376 3598 1.
436 3574 450 3602 ζ
466 3580 482 3595 ιι
498 3575 509 3599 )
524 3574 636 3602 chuni-g.
655 3574 681 3596 P.
699 3580 720 3597 1.
737 3580 757 3597 c.
774 3582 797 3600 7.

214 3605 295 3628 Mem.
313 3604 342 3627 de
360 3602 455 3628 i'Acad.
473 3604 504 3626 R.
520 3603 560 3627 des
577 3605 613 3627 sc.
632 3605 661 3627 A.
680 3611 748 3632 1701.
765 3603 829 3628 obs.
847 3614 869 3634 ς.

210 3634 304 3658 Differt.
320 3634 348 3658 de
365 3633 516 3663 Exomphalo
533 3633 650 3658 inflamm.
670 3634 692 3663 §.
714 3642 748 3658 11.

219 3664 278 3689 Obs.
296 3665 365 3688 Med.
382 3664 449 3688 Chii·⁴
467 3664 547 3689 Posth.
564 3671 587 3688 c.
608 3673 628 3694 ς.

223 3699 301 3720 Cours
318 3695 450 3723 d’operat.
466 3695 495 3719 de
511 3694 580 3718 Chic.
592 3695 730 3719 Demonstr.
748 3703 770 3719 2.
831 3696 845 3725 (
864 3697 873 3720 l

223 3726 285 3754 Eph.
303 3727 337 3748 N.
356 3727 385 3749 C.
404 3727 459 3749 Dec.
477 3733 500 3754 3.
517 3728 547 3749 A.
565 3733 587 3754 9.
607 3725 631 3749 ⁸:
649 3734 685 3749 xo.
703 3725 764 3749 Obs.
781 3733 835 3756 231.

223 3758 359 3780 Commerc.
381 3755 467 3780 Litter.
485 3757 515 3780 A.
536 3763 602 3786 17⁴5·
620 3756 698 3780 Hebd.
717 3763 755 3785 ²4·
771 3764 796 3781 n.
814 3765 835 3781 1.
897 3760 906 3787 (
924 3765 935 3780 ν

189 3788 199 3817 j
217 3787 310 3810 Differt.
328 3787 393 3815 supra
409 3787 438 3810 ad
461 3794 486 3810 n.
503 3794 524 3816 3.
543 3787 585 3811 cit.
601 3794 622 3810 c.
639 3795 661 3815 4.
679 3786 704 3811 in
722 3786 765 3811 fin.

199 3822 207 3845 )
223 3816 281 3842 Obs.
301 3824 336 3845 ¹4·
353 3821 375 3848 §-
393 3824 416 3846 3.

181 3512 199 3574 ἶ

183 3576 197 3633 3

123 3516 170 3545 (π

128 3547 164 3575 (o

124 3578 166 3604 (3

126 3606 168 3633 (a

128 3636 193 3667 (e)

130 3666 204 3696 (g)

131 3696 209 3756 {53
892 3698 980 3725 )n.6.

133 3759 206 3848 ξε)

165 3825 183 3845 ζ

215 3511 288 3541 Epist.
304 3513 336 3537 V.
352 3519 375 3536 n.
394 3518 433 3541 19;
449 3511 519 3535 XXI.
536 3518 559 3535 n.
577 3518 614 3541 ¹5·
631 3513 653 3535 δε
668 3519 707 3541 19:
727 3513 819 3538 XXIV.
836 3520 860 3536 n.
879 3515 919 3542 16;
938 3512 1029 3536 XXVI.
1045 3519 1071 3535 n.
1089 3519 1100 3541 3

860 3575 874 3603 (
888 3582 903 3597 x
922 3573 929 3602 )
948 3574 1041 3597 Differt.
1059 3573 1125 3602 supra
1141 3572 1170 3595 ad
1188 3579 1212 3595 n.

928 3604 942 3632 (
958 3603 971 3627 b
987 3604 1001 3632 )
1018 3603 1079 3628 Ibid.
1096 3602 1155 3627 Obs.
1171 3610 1193 3630 4.

813 3634 874 3664 (s)
890 3635 985 3659 Dissert.
1001 3634 1029 3658 de
1047 3633 1122 3658 Morb
1149 3641 1162 3656 a
1179 3632 1224 3657 situ
1242 3632 1345 3656 intestin.
1363 3640 1384 3659 p.
1402 3640 1424 3655 n.
1442 3640 1460 3656 c.
1478 3641 1499 3662 3.
1518 3633 1539 3663 §.
1559 3641 1579 3662 3.

689 3665 703 3692 (
719 3665 734 3687 l?
752 3665 766 3694 )
783 3665 837 3690 AR.
855 3667 888 3689 N.
905 3668 935 3690 C.
952 3667 1028 3689 Tem.
1046 3673 1068 3694 4.
1086 3663 1143 3688 Obs.
1166 3672 1202 3692 ²5·

1044 3697 1057 3724 (
1073 3703 1097 3718 m
1112 3695 1127 3723 )
1143 3693 1202 3718 seer.
1222 3693 1265 3717 hac
1282 3692 1404 3721 Sepulchr.
1421 3700 1460 3722 29.
1479 3694 1538 3719 Obs.
1560 3702 1580 3718 ι.

896 3728 912 3757 (
928 3735 940 3751 o
955 3726 969 3754 )
987 3725 1038 3749 AC}-
1058 3726 1129 3749 N-C.
1144 3726 1218 3748 Tom.
1239 3731 1258 3747 ι,
1276 3723 1333 3748 obs.
1351 3727 1406 3747 226.

952 3757 965 3785 )
990 3758 1064 3779 Anat.
1082 3762 1146 3783 corp.
1166 3757 1234 3779 hum.
1254 3755 1268 3778 l.
1287 3763 1305 3778 ι,
1322 3759 1349 3777 tr<
1370 3762 1391 3777 2*
1409 3761 1428 3778 c.
1446 3763 1472 3783 7.

828 3787 837 3815 s
854 3794 869 3810 u
887 3788 897 3819 )
916 3787 1009 3812 Differ-t.
1028 3787 1057 3811 de
1074 3785 1318 3817 Epiplo-Enterocele
1335 3786 1447 3809 eiurari.
1511 3789 1517 3815 (

1103 3518 1132 3542 75
1147 3512 1263 3535 XXXIV.
1282 3517 1307 3533 n.
1326 3517 1350 3539 9·
1367 3516 1406 3534 11.
1427 3517 1462 3540 ις.
1479 3513 1501 3535 8c
1519 3512 1558 3540 ¹85
1573 3511 1640 3535 XLI.
1657 3518 1683 3534 n.
1702 3517 1740 3540 103
1757 3511 1840 3535 XLII.
1857 3519 1884 3538 n.
1900 3519 1938 3541 34.

1149 3543 1163 3570 (
1178 3549 1188 3564 r
1206 3542 1218 3569 )
1234 3540 1291 3574 Obs.
1310 3548 1333 3564 1.
1396 3542 1410 3571 (
1424 3541 1460 3570 s)
1480 3541 1577 3566 Advers.
1595 3543 1668 3566 Anat.
1684 3543 1742 3566 Dec.
1759 3550 1783 3565 2.
1800 3549 1826 3565 n.
1843 3549 1864 3570 9·

1230 3579 1250 3601 3.
1268 3577 1312 3595 cit.
1328 3579 1348 3595 c.
1364 3579 1387 3595 2.
1451 3572 1490 3602 (y
1508 3575 1514 3601 )
1533 3580 1556 3596 n.
1574 3580 1597 3602 3.
1660 3572 1674 3601 (
1691 3580 1708 3600 z
1725 3571 1735 3601 )
1751 3572 1781 3596 ad.
1799 3571 1822 3601 §.
1839 3572 1900 3596 ibid.
1916 3571 1961 3597 eit.

1255 3603 1269 3631 (
1284 3610 1295 3626 c
1310 3602 1324 3631 )
1341 3601 1436 3625 Differt.
1453 3602 1521 3631 supra
1537 3602 1566 3626 ad
1584 3610 1610 3627 n.
1629 3611 1650 3632 3.
1666 3601 1710 3627 cit.
1770 3603 1786 3632 (
1801 3602 1817 3626 d
1831 3603 1845 3632 )
1859 3603 1953 3633 Tab,3.
1970 3601 2021 3632 fig.
2038 3609 2061 3627 x.

1266 3664 1279 3691 ς
1298 3664 1308 3686 i
1325 3663 1337 3690 )
1355 3663 1450 3686 Differt.
1469 3664 1511 3686 cit.
1529 3667 1550 3689 e.
1573 3666 1610 3688 18.

1470 3726 1482 3754 (
1497 3732 1514 3755 p
1535 3727 1541 3753 i
1558 3724 1648 3753 opusc.
1668 3722 1762 3748 Pathol.
1781 3723 1838 3748 Obsi
1857 3733 1896 3754 29.
1913 3725 1936 3749 δι
1953 3724 1998 3754 seq.

1533 3755 1601 3784 (s)
1619 3754 1690 3784 Epist.
1708 3761 1744 3783 34.
1765 3761 1787 3778 n.
1809 3762 1841 3781 15-

1537 3795 1551 3809 x
1572 3789 1634 3816 μιν.
1653 3785 1668 3808 l.
1687 3792 1710 3814 3.
