2498 4075
392 271 460 305 sum
493 271 554 314 qui
584 281 601 303 a
634 275 755 302 terrore
787 268 858 312 ipso
890 267 984 309 fieri,
1006 267 1169 302 censeam.
1192 269 1272 307 Quo
1303 269 1389 302 enim

373 314 490 348 rmodo
522 326 537 347 a
573 322 692 347 terrore
723 314 757 345 in
795 312 1018 354 compluribus
1054 311 1155 344 faetus
1178 311 1252 345 esset
1275 315 1289 352 (
1312 324 1388 355 quo-

386 369 459 392 rum
493 356 580 391 casus
614 354 742 396 aliquot
773 352 858 388 infra
883 352 968 397 (f)
1001 355 1296 398 commemorabo)
1329 357 1389 398 qui

386 412 466 436 cum
491 399 608 434 animal
633 409 649 431 a
686 409 752 440 quo
784 397 879 431 morfi
916 397 1042 431 fuerant
1065 421 1075 437 ,
1113 396 1173 431 esse
1204 398 1353 433 rabidum
1377 421 1388 438 ‚

387 447 574 488 ignorarent
597 463 610 481 ,
642 441 706 474 alia
729 443 838 474 omnia
861 441 1064 482 cogitantes,
1090 450 1218 482 repente
1249 442 1279 475 se
1301 450 1388 475 tene-

388 491 417 522 ri
449 487 514 529 jam
548 486 667 519 morbo
689 481 728 518 de
750 495 818 527 quo
843 494 882 517 ne
915 483 1063 527 suspicati
1099 492 1189 517 erant
1222 484 1352 526 quidem
1375 508 1385 523 ,

371 541 441 575 *per
464 527 739 568 manifestiffima,
765 530 886 560 &mox
909 525 1033 561 funesta
1057 529 1146 570 figna
1159 527 1388 562 ostenderunt?

383 570 569 608 Admiffum
601 571 705 614 igitur
740 581 896 603 venenum
918 593 929 608 ‚
965 583 1157 614 quacunque
1192 571 1226 604 id
1258 573 1385 605 ratione

387 626 483 660 agat,
508 628 568 660 pro
591 615 698 649 morbi
728 614 820 647 causa
845 614 887 648 est
910 614 1143 655 agnoscendum
1158 637 1165 646 .
1189 614 1290 653 Quod
1313 615 1385 648 sane

386 673 454 703 quo
479 659 579 701 magis
614 659 776 698 latenter,
799 660 830 690 δε
860 656 1007 691 infidiose
1039 660 1106 692 vim
1140 658 1227 691 suam
1257 658 1385 692 conser-

382 714 473 744 vat,
506 706 537 736 δι
570 702 699 737 tandem
734 702 857 740 exerit,
889 712 928 733 eo
959 702 1060 743 magis
1093 712 1131 735 ne
1163 701 1352 735 admittatur
1375 723 1386 738 ,

383 747 564 783 cavendum
587 745 652 783 est,
678 749 709 779 &
731 744 756 778 fi
779 744 863 777 forte
875 743 1045 778 admissum
1068 740 1191 783 fuerit,
1214 744 1386 787 diligenter

379 790 567 834 priusquam
589 791 671 822 vires
710 787 776 822 suas
811 797 943 828 exerat,
975 788 1253 831 impugnandum.

380 836 497 876 Itaque
521 832 688 875 fiquaestio
712 831 888 867 incideret,
912 842 949 864 an
961 842 1068 864 carnes
1082 832 1168 866 rabie
1193 829 1296 865 affecti
1315 832 1384 864 ani-

380 879 474 911 malis
507 875 617 910 eadem
640 875 769 909 inficere
792 874 997 907 comedentes
1032 874 1170 917 possint,
1196 876 1300 908 minus
1333 885 1384 908 me

383 929 528 955 moveret
549 914 769 953 &aramuccii
794 922 846 959 (g
870 921 880 956 )
905 918 1086 960 exemplum
1118 919 1155 951 de
1181 918 1267 958 suis,
1290 930 1305 951 a
1332 929 1384 951 ra-

385 964 477 998 bioso
499 973 575 997 cane
596 961 755 1000 demorfi,
779 972 873 994 carne
907 962 1041 995 innoxie
1065 961 1191 1004 sumpta
1213 984 1227 1001 ‚
1260 961 1383 995 etiamsi

379 1007 563 1046 constaret,
586 1007 620 1040 in
644 1005 697 1040 sue
718 1006 778 1038 illo
811 1004 933 1038 rabiem
959 1003 1050 1039 suiss‘e
1073 1004 1138 1047 jam
1163 1004 1381 1042 manifestam3

377 1062 476 1096 quam
501 1059 652 1084 moveant
666 1049 829 1083 contraria
849 1048 1016 1091 exempla,
1039 1050 1069 1080 ἃ
1093 1050 1287 1083 nominatim
1299 1049 1384 1083 Bau-

380 1097 453 1130 hini
476 1098 487 1134 (
510 1093 530 1127 h
547 1094 588 1136 )‚
624 1093 790 1127 accedente
824 1092 953 1134 insuper
985 1093 1133 1135 Lemeryi
1158 1094 1204 1135 (i
1226 1095 1237 1131 )
1261 1092 1383 1126 Obser-

342 1165 345 1166 γ
377 1141 508 1173 vatione
530 1138 618 1172 canis
642 1137 795 1170 rabientis
818 1148 833 1169 a
864 1136 1006 1171 comesto
1042 1135 1196 1179 sanguine
1229 1137 1288 1178 qui
1320 1136 1384 1177 hy..

377 1181 551 1225 drophobo
573 1180 735 1214 detractus
766 1178 894 1213 fuerat:
920 1190 1022 1222 nequ-e
1044 1181 1131 1213 enirn
1154 1178 1243 1222 quod
1275 1179 1385 1213 coctus

380 1238 447 1260 non
472 1223 595 1264 fuerit,
619 1233 655 1257 ut
679 1234 787 1257 carues
800 1221 924 1260 solent,
951 1234 1017 1256 rem
1039 1221 1132 1256 valde
1155 1231 1260 1256 mutat
1275 1247 1284 1262 ‚
1309 1233 1384 1256 cum

379 1271 476 1311 longe
499 1269 579 1305 alia,
606 1276 702 1309 atque
714 1265 795 1299 adeo
818 1275 962 1299 extrema
993 1268 1080 1308 ignis
1102 1267 1152 1300 vis
1176 1266 1380 1307 requiratur,

376 1322 414 1347 ut
438 1313 526 1346 virus
550 1308 796 1353 pertinaciffime
829 1308 1006 1348 inhaerens,
1043 1310 1169 1351 prorsus
1204 1309 1292 1352 abigi
1325 1321 1383 1351 po-

338 1387 344 1389 .
376 1356 490 1396 tuisse,
511 1353 693 1395 credamus,
721 1351 788 1386 Etfi
803 1363 880 1385 vero
902 1364 975 1395 quae
989 1364 1027 1386 ex
1051 1354 1206 1392 Zacuto(
1228 1352 1246 1392 l<
1271 1357 1281 1391 )
1305 1363 1384 1396 pro-

376 1402 539 1436 ducuntur
561 1421 573 1437 ,
606 1397 860 1432 Observationes
891 1396 1051 1437 sanguinis
1084 1396 1287 1430 rabiosorum
1334 1407 1385 1429 ca-

379 1454 456 1478 num
481 1466 492 1483 ‚
536 1441 646 1484 gladio
688 1451 755 1483 quo
792 1439 816 1471 ii
859 1438 1017 1473 transfossi
1063 1439 1192 1474 fuerant
1216 1461 1226 1477 ,
1259 1439 1301 1473 fic
1326 1439 1381 1472 ad-

378 1486 531 1523 haerentis
563 1508 572 1523 ‚
618 1487 649 1518 &
673 1494 833 1517 venenum
866 1482 1083 1517 conservantis
1107 1507 1119 1525 ‚
1153 1492 1189 1517 ut
1221 1482 1295 1517 inde
1317 1484 1383 1516 im-

373 1530 485 1565 miffus
507 1530 540 1562 in
566 1529 750 1562 vulneratos
775 1527 824 1559 vel
848 1527 958 1560 multis
982 1527 1051 1568 post
1076 1527 1165 1561 annis
1188 1526 1309 1561 rabiem
1330 1528 1382 1559 in-

374 1575 508 1609 duxerit
532 1594 541 1611 ‚
579 1569 632 1604 etfi
657 1592 667 1607 ‚
699 1570 833 1613 inquam
855 1594 865 1610 ,
902 1569 1120 1604 mirabiliores
1152 1569 1214 1603 fint
1237 1594 1248 1608 ,
1283 1581 1381 1612 quam

373 1629 414 1655 nt
436 1626 547 1651 omnes
571 1614 721 1647 adhibere
754 1612 851 1647 fidem
874 1622 995 1654 queant
1017 1627 1026 1651 3
1060 1624 1166 1649 tamen
1194 1613 1382 1646 credibilio-

377 1673 447 1696 rem
469 1683 481 1700 ‚
513 1659 546 1691 ni
569 1657 690 1694 fallor,
716 1656 812 1689 aliam
835 1654 945 1697 legisse
970 1657 1083 1691 videor
1115 1656 1197 1698 apud
1221 1658 1275 1690 Cl.
1299 1657 1380 1690 Bro-

372 1708 512 1749 gianum
537 1705 547 1740 ί
572 1700 583 1734 l
607 1703 641 1739 )‚
667 1698 961 1741 admonendosquev
984 1699 1044 1732 ess'e
1068 1700 1293 1740 Profestores,
1316 1711 1381 1733 non

371 1747 577 1790 negaverim,
603 1752 638 1778 ut
669 1743 719 1776 in,
738 1742 949 1776 cadaveribus
980 1740 1275 1785 hyd‘rophoborum
1310 1754 1383 1785 per-⁴

370 1789 569 1830 lustrandis,
593 1795 716 1821 attente
727 1794 880 1824 caveant,
902 1796 940 1818 ne
963 1796 1075 1819 manus
1098 1786 1161 1819 fibi
1185 1784 1268 1819 forte
1290 1798 1382 1820 corn-

373 1842 547 1881 pungant,
571 1842 649 1865 neve
671 1828 794 1871 has‚vs1
817 1827 889 1862 casu
900 1828 1072 1863 ulcusculis
1083 1827 1208 1863 affed’cas
1222 1827 1382 1867 habeant,

370 1889 496 1915 zemere
518 1876 651 1910 illorum
674 1882 729 1907 aut
763 1872 918 1915 sanguine
940 1894 950 1912 ‚
985 1882 1040 1907 aut
1065 1872 1159 1908 succo
1183 1873 1249 1906 alio
1272 1873 1382 1917 aliquo

371 1923 520 1959 iaudeant
544 1918 735 1961 inquinare.

427 1976 475 1999 12.
504 1965 542 1997 In
567 1961 618 1996 his
641 1972 737 2001 vero,
762 1959 896 2002 aliisque
919 1960 1129 1994 cautionibus
1163 1970 1201 1994 ne
1234 1969 1302 1994 tam
1333 1958 1384 1992 di-

371 2021 454 2048 ,rum
477 2007 670 2041 admittatur
689 2014 864 2044 venenum,
891 2002 913 2036 fi
936 2001 1023 2039 forte
1047 2005 1080 2037 in
1105 2004 1236 2037 alteram
1260 2012 1384 2047 partem

373 2051 576 2098 ‘peccandum
600 2047 665 2089 est,
688 2047 785 2081 satius
806 2046 877 2081 fore
900 2049 998 2081 nimis
1021 2047 1079 2081 esse
1108 2056 1220 2081 cautos
1244 2069 1254 2085 ,
1287 2057 1384 2089 quam

407 2107 497 2131 arum
524 2120 533 2136 ,
570 2103 666 2126 nemo
688 2090 888 2127 inficiabitur
910 2091 968 2133 qui
999 2093 1123 2133 cogitet
1146 2112 1156 2128 ,
1188 2101 1286 2133 quam
1321 2088 1386 2123 dif-

409 2142 488 2178 cile,
513 2140 735 2179 incertumque
748 2133 807 2171 fit,
829 2135 998 2176 postquam
1013 2133 1179 2168 admissum
1193 2135 1257 2171 est,
1282 2132 1387 2174 ipsum

380 2194 458 2221 ante
482 2181 692 2235 pervincere,
714 2188 812 2220 quam
835 2176 980 2211 bibendae
1012 2190 1100 2220 aquae
1123 2177 1333 2213 difficultate,
1359 2179 1390 2209 &

374 2225 569 2266 'formidine
595 2223 623 2260 se
647 2221 786 2268 prodat.
810 2221 898 2257 Cum
923 2223 1009 2255 enim
1031 2222 1096 2258 huc
1120 2222 1286 2263 pervenit3
1312 2231 1390 2254 rarae

384 2274 466 2310 adeo
491 2271 564 2306 sunt
589 2268 716 2308 felices,
740 2265 867 2300 stabiles
882 2291 891 2307 ‚
915 2264 1085 2307 perfidiae,
1110 2274 1269 2305 certaeque
1301 2275 1392 2300 cura-

374 2321 514 2357 .150nes,
536 2323 574 2348 ut
606 2310 687 2346 illud
717 2310 806 2354 quod
839 2309 876 2343 fit
908 2319 944 2342 ut
969 2311 1146 2352 plurim-um
1170 2330 1179 2345 ‚
1217 2308 1393 2349 spectanti-

385 2363 448 2396 bus
468 2370 580 2393 verum
604 2356 706 2390 adhuc
730 2353 835 2388 videri
860 2352 951 2396 poffit
973 2352 1063 2397 quod
1085 2352 1124 2387 de
1149 2350 1313 2385 Medicina
1336 2350 1392 2385 suo

375 2414 538 2448 ,tempore
562 2400 669 2444 ajebat
692 2397 836 2432 Ovidius
860 2402 873 2437 (
895 2397 959 2440 m)
978 2423 987 2439 ‚

592 2455 649 2477 mc
668 2439 853 2484 formidatis
874 2441 1050 2475 auxiliatur
1072 2442 1182 2483 aquis.

390 2494 472 2533 Qo
507 2489 608 2530 magis
643 2497 682 2518 ne
715 2497 753 2519 eo
787 2486 952 2527 perveniat
974 2508 983 2524 ,
1019 2484 1198 2528 optandum
1231 2481 1322 2516 est'.-
1342 2483 1387 2515 Et

386 2537 545 2570 balneum
576 2528 707 2573 quidem
732 2551 741 2566 ,
778 2529 855 2561 alibi
888 2528 967 2561 adeo
991 2529 1155 2563 laudatum
1177 2549 1187 2565 ‚
1220 2537 1293 2559 curn
1316 2526 1388 2566 ibi,

380 2588 434 2613 ‘ut
458 2578 534 2611 alias
558 2579 568 2614 (
591 2584 610 2606 n
633 2576 646 2612 )
670 2571 810 2605 vidimus
834 2595 843 2610 ‚
876 2581 946 2604 tum
970 2572 1054 2614 apud
1077 2570 1232 2604 nostrates
1265 2581 1393 2611 quoque

384 2620 563 2666 *plerosque
585 2616 711 2650 invenit
735 2638 746 2655 ,
777 2615 833 2657 qui
870 2615 896 2647 ei
933 2625 997 2648 non
1023 2614 1125 2649 fidant
1150 2637 1156 2644 .
1183 2615 1296 2655 Itaque
1329 2624 1393 2645 non

386 2665 562 2700 defuerunt
587 2660 645 2702 qui
679 2657 718 2693 ad
743 2668 911 2700 argentum
935 2659 1050 2691 vivum
1075 2682 1084 2698 ,
1118 2665 1172 2691 aut
1196 2656 1233 2689 ad
1266 2668 1300 2688 ea
1322 2667 1392 2697 quae

393 2706 515 2750 exipso
539 2712 690 2748 parantur
713 2725 726 2743 ,
758 2700 990 2744 confugerent.
1015 2702 1109 2743 Qos
1131 2701 1208 2740 alii,
1231 2699 1289 2732 hac
1314 2710 1393 2740 prae-

381 2750 504 2793 jer-tim
529 2756 622 2782 aetate
646 2745 829 2788 sequentes,
852 2746 951 2779 etiam
975 2745 1058 2777 inter
1069 2746 1191 2784 Italos,
1215 2742 1319 2776 eadem
1344 2743 1393 2776 uti

385 2802 567 2837 ¹‚coeperunt
593 2789 804 2834 praeservandi
828 2790 974 2822 ratione.
1000 2790 1051 2821 Sic
1085 2787 1275 2821 Morandius
1310 2786 1359 2827 (o
1381 2788 1395 2823 )

391 2836 653 2873 Observationes
687 2834 794 2874 plures
828 2831 923 2875 hujus
962 2831 1085 2874 generis
1120 2830 1258 2877 protulit
1293 2828 1361 2862 suas
1386 2852 1393 2860 .

386 2878 589 2917 “Mercuriale
612 2886 719 2910 tamen
741 2878 917 2910 remedium
930 2887 1003 2910 cum
1028 2874 1097 2908 aliis
1109 2874 1300 2917 conjunxit,
1322 2882 1394 2913 quae

395 2922 650 2966 alexipharmaca
675 2919 771 2953 sunt:
794 2921 873 2962 quin
899 2923 930 2953 &
955 2917 1120 2953 moschum
1130 2914 1394 2958 addiditpostea‚

399 2966 546 3003 Sinenses
569 2966 717 2997 imitatus
732 2988 742 3003 ,
763 2963 860 3005 idque
875 2985 884 3001 ‚
911 2972 947 2996 ut
972 2962 1176 3005 praeservatio
1202 2988 1211 3001 ‚
1244 2957 1399 3002 quemad-

399 3013 535 3048 modum
560 3008 625 3049 ipse
649 3008 694 3039 ait
718 3028 727 3043 ,
761 3005 819 3039 esse
851 3005 949 3049 poffet
973 3007 1073 3038 tutior
1097 3029 1104 3036 .
1139 3004 1221 3040 Quae
1246 3011 1298 3036 tot
1321 3013 1366 3035 res
1388 3025 1397 3039 ,

400 3060 432 3091 δι
454 3051 665 3088 cucurbitulae
689 3049 722 3082 in
747 3050 913 3083 nonnullis
936 3050 1060 3082 vulneri
1084 3049 1184 3081 initio
1209 3046 1360 3081 adhibitae
1383 3069 1396 3085 ,

399 3103 472 3134 imo
493 3095 627 3131 candens
650 3091 793 3130 ferrum,
815 3094 848 3125 in
872 3093 1023 3126 omnibus
1054 3090 1143 3129 fere,
1166 3091 1230 3124 alte
1265 3089 1396 3132 impres-

400 3149 491 3183 sum,
516 3150 579 3172 non
606 3136 705 3170 modo
729 3135 811 3178 apud
835 3136 983 3170 Medicos
1019 3135 1156 3169 dubium
1186 3134 1392 3176 relinquunt,

393 3188 455 3227 cui
490 3180 687 3226 potiffimum
721 3179 844 3213 auxilio
878 3179 956 3213 salus
980 3178 1019 3213 fit
1052 3187 1179 3220 accepta
1202 3175 1364 3211 referenda
1387 3197 1397 3212 ,

394 3226 620 3269 verumetiam
644 3221 779 3257 demorfi
797 3222 963 3262 hominis,
986 3221 1099 3256 iisdem
1122 3221 1230 3260 usuri,
1254 3221 1397 3253 animum

393 3281 431 3312 ἃ
455 3269 608 3315 pavidum
636 3265 760 3300 faciunt
783 3289 796 3306 ‚
827 3269 857 3299 δι
882 3268 1040 3299 incertum
1062 3291 1071 3305 ‚
1096 3272 1177 3298 'num
1203 3264 1242 3297 fic
1266 3273 1396 3305 quoque

393 3326 433 3356 jn
456 3325 532 3349 tuto
563 3309 690 3344 futurus
727 3309 764 3342 fit
792 3335 801 3349 ‚
834 3309 1013 3343 dubitantis
1049 3308 1248 3351 praesertim,
1274 3318 1313 3339 an
1337 3306 1396 3347 qui

397 3359 519 3401 ,servati
554 3354 708 3387 dicuntur
724 3376 736 3393 ,
760 3364 918 3386 venenum
951 3363 1057 3385 revera
1091 3350 1344 3388 contraxissent,
1367 3352 1397 3381 &

397 3411 435 3444 3„
459 3396 722 3441 hvdrophobiam
757 3396 852 3429 effent
884 3408 943 3439 pro
976 3405 1065 3429 certo
1087 3394 1245 3436 incursuri
1270 3419 1278 3427 .
1312 3394 1394 3430 Quae

400 3439 565 3488 dubitatio
598 3439 655 3474 etfi
689 3440 728 3475 de
765 3439 916 3474 omnibus
940 3438 1015 3481 justa
1048 3449 1112 3472 non
1144 3436 1218 3478 fit3
1253 3445 1395 3471 attamen

744 191 904 246 Liber
939 190 1008 245 V.
1041 190 1126 244 De
1161 189 1411 244 addendis
1445 189 1734 245 ad³Libros
1766 190 2053 257 superiores

1439 267 1507 310 ipsa
1530 269 1630 301 animi
1660 266 1818 309 suspenfio
1840 266 1873 299 in
1894 277 1927 300 re
1961 263 2140 311 graviffima
2165 272 2301 301 tantum
2331 269 2431 304 mole-

1440 312 1505 345 stiae
1529 308 1638 344 afferat
1664 335 1673 350 ,
1706 310 1824 344 necesse
1846 310 1912 348 est,
1938 320 1973 343 ut
1996 308 2044 342 vel
2068 307 2163 349 hujus
2187 312 2282 344 unius
2305 312 2431 356 fugien-

1439 354 1488 388 dae
1512 353 1626 394 causa,
1648 353 1735 387 nulla
1758 355 1792 386 in
1817 353 1949 387 vitando
1973 351 2135 386 rabiosum
2161 354 2247 386 virus
2258 359 2367 390 cautio
2379 359 2431 390 ni-

1441 399 1506 432 mia
1529 396 1634 430 videri
1651 397 1808 438 *cuiquam
1831 395 1964 430 debeat.
2001 424 2004 428 ,

1487 452 1535 483 13.
1570 439 1642 473 Nec
1665 440 1809 473 remedio
1833 460 1842 476 ‚
1870 450 1944 473 cum
1967 439 2074 481 Regia
2107 438 2319 475 Scientiarum
2343 443 2432 476 Aca-

1426 483 1542 517 demia
1577 483 1739 517 Parilienfi
1772 485 1862 524 (p)
1893 484 2135 516 communicato
2157 504 2167 519 ‚
2203 482 2258 516 etfi
2293 495 2357 518 non
2392 487 2431 520 ad

1439 527 1715 569 praeservationem
1761 524 1864 559 solum
1886 547 1895 563 ,
1946 527 1996 558 sed
2030 526 2126 558 etiam
2159 524 2198 559 ad
2229 532 2431 563 curationem

1437 572 1518 603 mire
1548 569 1707 612 profuerit
1731 592 1741 607 ‚
1776 578 1903 603 tantum
1934 569 2142 603 tribuendum
2165 568 2208 602 est
2231 591 2243 606 ‚
2277 581 2314 605 ut
2335 572 2369 605 in
2392 585 2433 605 eo

1437 623 1525 647 antea
1550 613 1807 655 acquieseamus‚
1831 623 1928 654 quam
1950 612 2089 651 constet,
2114 614 2150 646 in
2181 614 2333 649 omnibus
2348 636 2357 652 ,
2381 615 2434 649 id-

1436 668 1497 698 que
1521 656 1621 698 longo
1644 654 1775 690 decursu
1799 656 1953 697 temporis
1975 677 1985 693 ,
2019 655 2105 688 idem
2129 655 2322 698 praestitiffe.
2346 660 2433 692 Diu-

1436 709 1534 733 turno
1565 701 1650 733 enim
1684 699 1827 742 persculo
1851 699 1961 739 saeco,
1985 708 2188 741 compertum
2222 700 2264 734 est
2284 723 2295 740 ‚
2330 703 2431 735 multa

1436 755 1507 785 quae
1539 743 1620 776 olim
1653 743 1686 775 in
1719 742 1842 775 honore
1867 741 2025 781 fuerant,
2061 741 2191 782 hujusce
2222 746 2344 786 generis
2378 756 2432 778 au—

1435 787 1516 820 xilia
1547 798 1612 820 non
1637 785 1823 828 respondere
1848 809 1855 817 .
1889 787 2000 828 Itaque
2024 786 2197 819 Academia
2221 799 2280 829 pro
2313 800 2346 821 ea
2369 800 2433 831 qua

1438 830 1537 872 pollet
1583 830 1735 872 sapientia
1757 853 1769 868 ‚
1801 830 1833 861 in
1858 839 1891 861 re
1926 828 2010 861 tanti
2042 830 2189 863 momenti
2233 841 2298 864 non
2331 835 2433 864 ornit-

1437 873 1568 907 tendum
1611 873 1769 912 censuit,
1803 882 1837 905 ut
1869 873 2142 906 communicatam
2178 870 2283 908 secum
2328 873 2434 908 histo..

1435 919 1517 951 riam
1551 915 1658 949 ederet
1684 940 1693 956 ,
1731 914 1821 949 suum
1845 924 1951 948 tamen
1976 915 2133 956 judicium
2157 926 2221 949 non
2244 919 2434 960 interpone-

1436 970 1484 994 ret
1508 985 1517 994 .
1551 960 1697 993 Historia
1735 966 1841 992 autem
1872 959 1927 992 illa
1961 959 2058 1001 digna
2090 968 2175 992 certe
2210 961 2251 994 est
2285 973 2355 1004 quae
2387 962 2433 995 le-

1432 1010 1550 1045 gatur,
1573 1004 1693 1046 quippe
1705 1003 1809 1036 exarffte
1834 1001 2029 1045 perscripta,
2053 1006 2084 1035 δε
2107 1002 2188 1036 illud
2212 1004 2358 1038 adversus
2372 1005 2434 1038 du-

1433 1048 1573 1081 bitantes
1606 1046 1801 1080 confirmans
1823 1067 1835 1084 ,
1867 1057 1939 1078 vera
1971 1044 2120 1087 scripfiss'e
2153 1047 2209 1086 qui
2241 1048 2281 1081 ab
2318 1048 2433 1081 rabido

1433 1103 1510 1125 cane
1545 1101 1702 1125 venenum
1735 1089 1798 1123 fine
1823 1089 1977 1129 vulnere,
2001 1088 2052 1122 sed
2077 1100 2130 1130 per
2154 1088 2282 1124 affusam
2306 1091 2435 1126 dumta-

1434 1144 1489 1169 xat
1509 1133 1672 1176 spumam,
1694 1129 1871 1166 immissum
1895 1132 2054 1166 interdurn
2068 1131 2159 1166 fuisse
2176 1157 2185 1173 ,
2209 1134 2431 1168 tradiderunt:

1433 1188 1573 1221 quorum
1597 1177 1727 1211 nomina
1752 1176 1807 1209 ubi
1831 1175 1932 1218 poffes
1954 1177 2077 1219 legere,
2100 1175 2174 1209 alias
2199 1177 2253 1219 (q
2276 1181 2289 1216 )
2310 1179 2434 1212 indica-

1433 1223 1492 1258 νίς
1517 1219 1609 1254 addes
1634 1229 1737 1253 autem
1762 1227 1876 1261 praeter
1899 1228 2032 1253 caeteros
2055 1220 2108 1252 Cl.
2136 1218 2345 1254 Professorem
2370 1223 2435 1255 Ti-

1430 1263 1590 1300 cinensem
1613 1261 1907 1298 Mazzucchellium
1930 1265 1943 1301 (
1966 1273 1981 1294 r
2006 1266 2035 1302 ).
2062 1263 2199 1296 Utinam
2224 1265 2332 1298 veniat
2346 1274 2456 1298 tem-e

1433 1320 1490 1352 pus
1512 1319 1578 1350 quo
1600 1318 1656 1342 aut
1680 1307 1782 1346 illud,
1806 1315 1859 1340 aut
1885 1306 1970 1340 aliud
1988 1307 2121 1348 aliquod
2154 1308 2275 1349 pariter
2298 1306 2433 1350 fimplex

1436 1351 1612 1385 remedium
1647 1351 1720 1384 satis
1755 1350 1793 1382 {it
1828 1349 1884 1383 usu
1929 1351 2106 1392 multiplici
2149 1350 2398 1393 comprobatum
2423 1378 2433 1393 ‚

1436 1405 1491 1429 aut
1512 1395 1625 1428 etiam>
1643 1395 1800 1435 auxilium
1823 1393 1856 1426 id
1879 1394 1967 1436 quod
1991 1396 2054 1427 Vir
2081 1394 2204 1427 Dodus
2235 1394 2434 1437 Arrigonius

1437 1438 1537 1481 (s),
1562 1439 1627 1471 haec
1660 1436 1737 1471 dum
1772 1436 1957 1475 scriberem,
1989 1437 2178 1479 proposuit,
2205 1438 2437 1472 arteriotomiae

1433 1483 1467 1515 in
1491 1481 1586 1516 dorso
1605 1481 1706 1522 ⁴pedis
1736 1492 1771 1513 ea
1804 1482 1928 1513 ratione
1951 1481 2105 1515 institutae
2136 1491 2199 1522 qua
2232 1480 2297 1522 ipse
2320 1482 2362 1515 est
2388 1482 2436 1516 [ο-

1433 1526 1531 1566 litus‚
1555 1527 1584 1558 &
1606 1524 1708 1559 felicis
1729 1524 1835 1558 exitus
1864 1523 1984 1564 adjecta
2007 1524 2246 1557 Observatione
2270 1524 2430 1560 ostendit.

1435 1571 1517 1611 Qae
1551 1570 1608 1603 ctfi
1645 1579 1707 1602 una
1740 1567 1805 1605 est,
1829 1579 1885 1600 nec
1921 1566 1983 1601 fine
2018 1568 2088 1600 aliis
2122 1568 2248 1609 peraeta
2283 1570 2434 1604 remediis

1432 1625 1502 1652 quae
1526 1613 1742 1656 aliiquoque,
1766 1612 1797 1643 δε
1820 1612 1852 1643 in
1872 1610 1922 1648 his
1946 1610 2158 1650 Morandius,
2179 1611 2329 1646 exhibere
2352 1624 2432 1646 con-

1433 1656 1626 1693 sueverunt3
1651 1665 1757 1689 tamen
1782 1666 1797 1687 a
1821 1663 1851 1687 te
1865 1654 2002 1687 libenter
2026 1655 2149 1696 legetur
2172 1678 2181 1694 ,
2217 1663 2252 1687 ut
2277 1664 2340 1689 tres
2363 1657 2436 1690 aliae

1432 1700 1551 1742 pariter
1582 1710 1654 1741 quae
1687 1698 1725 1731 ad
1758 1698 1926 1731 Maniacos
1959 1697 2099 1741 speEtant
2121 1722 2133 1737 ‚
2166 1698 2289 1731 auxilio
2321 1699 2433 1733 eodem

1435 1742 1525 1776 sanos
1550 1754 1566 1775 e
1590 1740 1798 1775 Nosocomio
1820 1739 1985 1780 dimissos,
2008 1741 2143 1774 fiunum
2155 1742 2314 1784 excipias,
2338 1755 2434 1785 quem

1435 1786 1565 1819 sanitati
1601 1783 1665 1826 jam
1689 1784 1895 1824 restitutum,
1919 1785 2104 1825 importune
2127 1784 2212 1817 intra
2237 1785 2302 1817 dies
2338 1788 2437 1826 quin-

1435 1841 1496 1872 que
1520 1829 1695 1871 phlegmon
1718 1826 1840 1860 occidit
1856 1851 1863 1858 .
1890 1829 1918 1859 A
1947 1836 2127 1869 meracarpo
2141 1829 2331 1870 enimquem
2345 1839 2436 1862 antea

1433 1874 1511 1906 dum
1534 1870 1664 1911 furens,
1687 1870 1904 1904 vehementius
1916 1869 1945 1903 se
1969 1871 2136 1912 agitabat,
2158 1872 2361 1912 circumjefta
2375 1870 2438 1905 fer-

1434 1928 1488 1949 rea
1520 1916 1648 1949 vincula
1680 1913 1895 1948 contuderant
1918 1936 1929 1953 ,
1963 1915 2120 1956 incipiens
2141 1937 2151 1953 ‚
2189 1913 2226 1948 ad
2264 1914 2436 1950 brachium

1435 1959 1509 1993 inde
1525 1984 1534 1999 ,
1557 1962 1588 1992 δε
1613 1971 1629 1992 a
1652 1957 1786 1991 brachio
1810 1957 1848 1990 ad
1871 1957 2041 1991 humerum
2077 1968 2195 2000 magno
2230 1959 2355 2000 impetu
2370 1982 2378 1996 ,
2404 1962 2435 1992 δε

1436 2004 1598 2037 eeleritate
1623 2001 1652 2036 se
1675 1998 1862 2034 extenderat
1885 2026 1894 2034 .
1931 2000 2031 2037 Quod
2049 2000 2126 2034 dum
2149 2002 2253 2043 leges,
2277 2001 2440 2036 Valsalvae

1439 2046 1670 2082 confiliunha
1696 2056 1745 2077 me
1768 2044 1829 2076 tibi
1862 2044 1936 2076 alias
1959 2046 1973 2082 (
1994 2051 2009 2076 t
2031 2047 2046 2082 )
2067 2054 2303 2086 memoratum,
2328 2046 2439 2080 lauda-

1440 2091 1514 2129 bis,
1537 2088 1638 2122 firmis
1669 2087 1797 2131 quidem
1822 2088 1959 2121 vinculis
1990 2098 2042 2121 eos
2066 2090 2123 2130 qui
2149 2086 2282 2125 furunt,
2305 2088 2353 2123 {ed
2379 2091 2440 2123 mi-

1441 2131 1650 2172 nimeduris,
1673 2131 1884 2166 continendi.
2019 2132 2181 2164 Caeterum
2195 2131 2284 2173 quod
2308 2133 2344 2175 ad
2369 2144 2439 2167 eam

1443 2179 1560 2210 attinet
1590 2176 1847 2209 arteriotomiam
1870 2198 1879 2213 ‚
1912 2174 1989 2207 nolo
2022 2184 2054 2208 te
2077 2176 2242 2217 ignorare,
2272 2186 2343 2209 cum
2367 2178 2442 2211 Stu-

1442 2219 1522 2255 diofi
1551 2219 1690 2263 Juvenes
1723 2232 1739 2252 a
1771 2230 1822 2251 me
1853 2216 2041 2260 petiiffent,
2065 2229 2101 2252 ut
2137 2221 2285 2252 arteriam
2319 2223 2352 2253 in
2387 2221 2442 2254 illa

1443 2262 1510 2307 ipsa
1543 2261 1614 2295 tarfi
1648 2271 1737 2305 parte
1760 2263 1815 2295 ubi
1839 2261 2005 2295 incidenda
2038 2261 2102 2301 est,
2129 2264 2229 2306 retegi
2264 2262 2406 2304 juberem
2434 2289 2445 2305 ,

1444 2305 1554 2341 vidisse
1577 2317 1655 2345 nos,
1680 2317 1748 2339 earn
1773 2316 1837 2338 non
1862 2305 1918 2338 sub
1941 2306 2169 2340 communibus
2204 2307 2278 2340 solis
2310 2309 2442 2349 integu-

1444 2352 1584 2390 mentis,
1610 2361 1721 2384 verum
1754 2350 1851 2382 etiam
1876 2347 1932 2382 sub
1957 2349 2161 2387 tendinibus,
2186 2350 2308 2392 digitos
2331 2362 2442 2385 exten-

1442 2394 1615 2433 dentibus,
1638 2395 1671 2426 in
1694 2405 1734 2426 eo
1757 2401 1842 2426 certe
1865 2404 2000 2434 corpore
2023 2393 2167 2435 jacuisse.

1488 2448 1536 2479 14.
1572 2438 1757 2481 Antequam
1791 2435 1951 2470 scribendi
1982 2437 2076 2470 finem
2111 2435 2197 2471 facio
2219 2461 2228 2477 ‚
2264 2438 2366 2480 placet
2389 2450 2441 2471 ca·-

1445 2482 1514 2514 sum
1547 2491 1609 2513 non
1642 2482 1797 2514 omittere
1820 2503 1831 2519 ,
1862 2491 1959 2523 quem
1984 2480 2109 2513 Patavii
2139 2483 2179 2514 A.
2209 2491 2302 2524 1754.
2331 2482 2441 2516 obser-

1445 2525 1534 2557 vavit
1565 2523 1713 2558 Medicus
1735 2547 1744 2561 ,
1778 2523 1868 2566 cujus
1905 2522 1986 2556 mihi
2018 2523 2096 2557 fides
2132 2524 2351 2567 speetatiffirna
2376 2526 2440 2559 est.

1445 2569 1527 2601 Non
1562 2567 1616 2600 ille
1661 2566 1792 2610 quidem
1825 2567 1864 2600 ad
1896 2567 2160 2609 hydrophobiam
2193 2569 2322 2609 prorsus
2365 2571 2441 2602 atti-

1445 2622 1532 2648 net3
1571 2611 1693 2645 accedit
1727 2620 1833 2644 tamen
1856 2631 1866 2647 ,
1900 2613 1931 2642 &
1962 2611 2051 2652 plura
2075 2610 2169 2644 habet
2202 2623 2273 2654 quae
2306 2614 2441 2646 attinere

1447 2655 1636 2692 videantur,
1660 2653 1932 2698 quemadmodum
1967 2664 2005 2686 ex
2029 2654 2118 2687 brevi
2150 2653 2217 2695 ejus
2238 2659 2439 2694 narratione,

1444 2701 1474 2731 ἃ
1508 2701 1672 2740 perpaucis
1693 2721 1706 2738 ‚
1739 2709 1817 2739 quas
1852 2696 1985 2734 addam,
2021 2698 2351 2734 animadversionibus
2386 2711 2442 2732 co..

1443 2742 1575 2784 gnosces
1598 2767 1606 2775 .
1734 2741 1815 2775 felis
1839 2740 1878 2773 ab
1901 2741 2085 2774 adveniente
2096 2741 2212 2774 catello
2236 2743 2374 2780 timens,
2403 2754 2441 2777 ne

1446 2784 1542 2819 foetui
1565 2795 1659 2827 quem
1683 2785 1773 2817 enixa
1795 2793 1860 2817 erat
1885 2795 1946 2817 non
1971 2785 2017 2817 ita
2042 2785 2185 2827 pridem,
2211 2795 2361 2824 noceret,
2386 2789 2441 2821 ad-

1447 2828 1533 2861 versa
1557 2829 1719 2861 occurrit.
1748 2829 1829 2861 Felis
1863 2828 2012 2861 dominus
2045 2828 2197 2861 catellum
2220 2829 2253 2861 in
2279 2830 2365 2863 ulnas
2391 2842 2442 2864 re-

1446 2873 1552 2914 cipit.
1579 2872 1727 2914 lmproba
1753 2881 1858 2904 autem
1883 2869 1953 2903 felis
1974 2872 2076 2904 imum
2111 2883 2181 2905 crus
2213 2871 2338 2906 domini
2364 2875 2441 2907 den-

1446 2916 1558 2955 tibus,
1580 2918 1610 2948 &
1636 2915 1797 2956 unguibus
1819 2914 1945 2948 invadit
1968 2936 1980 2953 ,
2012 2917 2042 2947 &
2065 2916 2160 2956 paulo
2193 2915 2285 2958 supra
2321 2918 2440 2951 tarsum

1449 2959 1589 2992 anterius
1614 2958 1735 2991 sauciat
1759 2983 1766 2989 .
1800 2959 1912 2991 Homo
1943 2957 2054 2990 diebus
2077 2959 2180 2992 tribus
2213 2961 2325 3000 primis
2348 2963 2442 3003 quid..

1448 3014 1544 3045 quam
1570 3002 1645 3035 mali
1669 3013 1770 3044 neque
1793 3000 1910 3040 sentit,
1935 3012 2035 3041 neque
2059 3005 2201 3038 metuit,
2224 3005 2343 3046 quippe
2367 3017 2441 3038 cum

1449 3046 1522 3079 felis
1543 3057 1644 3087 neque
1669 3054 1757 3078 antea
1774 3070 1782 3084 ‚
1805 3056 1905 3087 neque
1928 3042 2034 3089 postea
2058 3045 2159 3080 ullum
2182 3046 2312 3080 dedisset
2336 3049 2438 3082 rabiei

1446 3089 1622 3123 indicium.
1649 3088 1707 3126 Sed
1729 3098 1845 3130 quarto
1877 3100 1893 3121 a
1927 3088 2034 3121 morsu
2056 3088 2108 3122 die
2137 3098 2227 3123 tanta
2260 3091 2355 3124 illum
2378 3095 2442 3126 cir·-

1448 3145 1483 3165 ca
1507 3131 1680 3175 praecordia
1701 3132 1840 3164 anxietas
1862 3132 2042 3170 corripuit,
2065 3142 2101 3165 ut
2120 3141 2197 3167 'curn
2223 3135 2358 3177 amplius
2383 3148 2442 3177 par

1449 3174 1583 3209 ferendo
1615 3186 1678 3208 non
1701 3174 1817 3214 esset,
1853 3174 1890 3207 ad
1938 3174 2102 3209 Medicum
2147 3179 2203 3219 qui
2247 3178 2314 3211 haec
2358 3180 2441 3213 mihi

1449 3221 1558 3252 omnia
1593 3220 1734 3252 narravit
1757 3240 1766 3255 ‚
1806 3217 1994 3259 confugeret
2019 3241 2028 3255 ,
2074 3231 2229 3261 opemque
2273 3221 2440 3263 flagitaret

1449 3275 1484 3296 ea
1516 3264 1723 3296 contentione
1748 3285 1759 3301 ‚
1791 3260 1892 3304 iisque
1916 3261 2018 3295 oculis
2040 3284 2050 3300 ,
2084 3266 2114 3295 &
2140 3264 2249 3304 vultu,
2271 3274 2307 3298 ut
2330 3269 2440 3308 proxi-

1451 3307 1496 3340 mi
1521 3305 1638 3341 furoris
1669 3314 1789 3339 metum
1813 3305 1988 3337 incuteret.
2014 3307 2126 3348 Itaque
2149 3307 2317 3342 confestim
2349 3309 2440 3343 hiru-

1448 3350 1598 3388 dinibus,
1624 3352 1654 3382 δε
1677 3348 1889 3381 cucurbitulis
1913 3348 1951 3381 ad
1975 3349 2104 3382 vulnera
2128 3351 2265 3385 admotis
2288 3356 2298 3390 (
2322 3353 2439 3395 quibus

1446 3392 1552 3435 postea
1577 3394 1634 3427 diu
1659 3390 1843 3433 impositus,
1867 3390 1908 3424 fic
1930 3402 2016 3433 aegro
2038 3393 2207 3434 cupiente,
2232 3396 2311 3437 lapis
2332 3397 2374 3429 est
2396 3399 2438 3429 il-

1445 3438 1474 3470 le
1498 3439 1643 3471 exoticus
1666 3446 1760 3477 quem
1783 3433 1904 3481 cohi-afa
1937 3445 2055 3469 vocant
2077 3439 2091 3475 )
2114 3440 2146 3470 &
2178 3437 2329 3480 sanguine
2357 3465 2365 3475 ,
2400 3447 2436 3472 ut

2282 3482 2391 3524 pulsus

426 3591 2405 3618 *ΜΒ-*Μ

540 3693 565 3709 n.
582 3694 618 3714 ¹5-

544 3724 556 3739 a

548 3774 612 3802 supra
630 3776 657 3798 ad
675 3784 697 3798 n.
716 3783 739 3800 φ.
754 3776 798 3798 cit.

482 3683 499 3739 ζ

486 3746 501 3770 k

485 3785 500 3830 ἵ
540 3806 604 3833 apud
621 3805 779 3830 Moranffium
796 3802 867 3835 paulo
882 3808 939 3829 anti:
955 3805 997 3829 cit.

451 3687 470 3835 “xmae-*ru

514 3685 528 3743 ὲ
866 3744 878 3748 .,

516 3746 531 3803 3
546 3747 607 3773 apud
626 3748 739 3774 stalpart.
756 3744 837 3769 Schol.
851 3747 894 3767 cit.

514 3805 521 3835 )

560 3717 605 3744 pud
623 3716 739 3744 Stalpart.
757 3717 829 3739 Cent.
849 3720 868 3737 ι.
886 3713 945 3737 Obs.
965 3720 1013 3737 100.
1033 3712 1058 3735 in
1076 3712 1155 3735 schol.
1172 3711 1234 3735 haud
1252 3710 1332 3738 procul
1351 3718 1363 3732 a
1379 3710 1426 3733 sine
1439 3726 1445 3733 .

956 3742 967 3769 s
983 3744 992 3766 Ι
1008 3742 1022 3771 )
1039 3739 1074 3766 De
1092 3740 1190 3766 Veneno
1207 3741 1333 3764 Animam.
1350 3742 1376 3763 Ρ.
1397 3743 1418 3762 a..

860 3775 874 3802 (
888 3777 903 3803 P
922 3774 930 3802 )
947 3773 1009 3797 Hist.
1026 3772 1054 3797 de
1071 3772 1087 3796 l'
1099 3775 1128 3795 Α.
1147 3779 1214 3800 1749.
1234 3769 1293 3794 Obs.
1312 3773 1383 3793 Anat.
1400 3778 1431 3803 4·.
1486 3769 1499 3796 (
1548 3769 1560 3795 )

1057 3804 1068 3828 (
1083 3802 1122 3833 s)
1139 3803 1264 3827 Diflertaz.
1280 3800 1447 3826 dena‘Mama
1464 3777 1551 3825 &qu-
1569 3804 1590 3827 3.
1606 3803 1628 3820 c.
1645 3803 1670 3823 ²-

680 3686 694 3715 (
710 3692 730 3715 g
744 3684 758 3713 )
775 3683 836 3712 Eph.
853 3685 885 3706 N.
903 3678 932 3706 C.
950 3683 1007 3706 Dec.
1026 3688 1048 3710 3.
1065 3682 1096 3705 A.
1115 3689 1137 3709 9.
1156 3681 1178 3705 8:
1195 3687 1234 3704 10.
1253 3672 1276 3702 in
1295 3678 1401 3707 append.
1420 3677 1461 3702 sub
1478 3685 1501 3701 n.
1520 3675 1564 3701 Vl.

1505 3709 1518 3736 (
1535 3710 1546 3732 ς’
1562 3708 1569 3737 )
1587 3703 1645 3728 Hist.
1662 3703 1691 3729 de
1707 3706 1723 3730 ι’
1736 3707 1809 3731 Acad.
1827 3707 1858 3728 R.
1875 3703 1916 3727 des
1933 3705 1970 3729 Sc.
1987 3706 2018 3729 A.
2037 3711 2101 3732 ¹707·
2120 3703 2180 3728 Obs.
2197 3704 2268 3726 Anat.
2285 3708 2305 3725 1·

1479 3735 1490 3766 (
1506 3742 1530 3761 m
1546 3738 1559 3765 )
1576 3736 1735 3794 ggisli.⁰}l³n¹,'
1747 3736 1860 3791 211.,1·;1ε3.
1877 3743 1902 3762 4-
1965 3736 1979 3764 (
1994 3743 2010 3759 n
2027 3735 2041 3765 )
2055 3734 2128 3764 Epist.
2146 3736 2170 3759 8.
2187 3741 2212 3758 n.
2229 3736 2268 3757 26.
2284 3732 2306 3756 δι
2323 3738 2361 3761 ²9-

1730 3798 1770 3826 (ὲ
1786 3796 1800 3825 )
1815 3794 1889 3825 Enist.
1906 3795 1928 3819 8.
1944 3802 1968 3820 n.
1985 3803 2010 3825 ς.
