2498 4075
393 158 490 222 276

340 245 413 272 nam
434 247 494 270 non
514 235 571 277 nist
588 232 742 279 fortiter,
768 235 899 277 inquit,
922 230 1053 277 reficam
1076 242 1170 266 unam
1193 231 1345 275 inflando,

333 277 494 321 reliquas,
518 289 572 313 nec
595 288 699 315 omnes
720 277 839 312 elevare
858 276 1021 319 potuimus
1035 298 1047 315 ,
1069 283 1107 310 ut
1129 275 1200 308 hinc
1244 284 1344 308 aerem

333 322 368 357 in
392 320 568 363 cellulosam
592 321 705 358 telam.
731 320 804 399 ‘msa
827 319 1039 366 disrumpendo
1054 340 1067 358 ,
1087 318 1178 353 aviam
1195 318 1257 364 fibi
1285 327 1342 358 pa.

332 363 444 409 raem'ffe
460 388 469 403 ,
489 363 592 407 ficque
617 371 719 400 totam
738 374 759 406 g
773 362 920 399 andulam
933 359 1114 407 intumuiffe
1126 382 1139 400 ,
1163 362 1343 395 credamus.

332 407 576 450 Compreffione
601 416 708 443 autem
732 406 830 451 hujus
852 404 1014 447 glandulae
1038 406 1166 446 quoties
1180 404 1252 442 usus
1264 405 1341 440 sim,

334 463 402 487 non
428 451 532 484 solum
557 460 622 483 non
649 451 787 489 reticui,
812 449 863 482 sed
886 446 1015 489 insuper
1037 459 1153 482 eorum
1174 452 1229 490 qui
1254 447 1343 479 illam

333 495 485 531 inutilem
511 493 648 537 probare
672 493 790 529 vellent
807 516 815 531 ‚
840 493 999 525 rationem
1023 489 1141 523 diserte
1175 490 1313 527 refutavi
1337 515 1345 523 .

335 537 426 577 Quid
450 546 528 578 ergo
550 536 619 569 est?
646 537 699 571 An
724 536 813 571 ratio
837 533 890 571 ista
915 545 1013 576 quam
1039 534 1121 569 alter
1145 533 1229 576 apud
1275 545 1346 570 me,

334 580 435 625 ipsam
460 578 537 615 mox
561 579 784 623 rejicientem,
808 579 988 622 proponit,
1013 588 1071 619 pro
1095 589 1163 610 mea
1188 576 1273 612 sorte
1308 578 1348 610 ab

334 637 372 659 eo
395 624 451 665 qui
478 622 627 658 festinans
659 622 799 664 legeret,
824 630 951 662 accepta
988 618 1077 657 fuit?
1102 619 1244 654 Videtur
1289 621 1349 653 ali-

336 668 415 711 quid
439 665 627 713 hujusmodi
653 664 748 699 facile
771 667 803 698 in
828 675 968 698 errorem
1006 664 1131 699 traxisse
1162 666 1349 707 quempiam

333 713 432 746 alium
456 711 514 752 qui
538 711 572 745 in
598 709 801 746 Problemate
824 707 967 751 quodam
992 707 1194 741 Anatomico
1217 718 1280 741 non
1293 707 1348 740 ad-

333 764 464 791 vertens
487 751 641 791 fortasse,
667 751 835 795 quomodo
882 754 916 785 in
951 749 1231 792 disputationibus
1264 751 1348 784 acci-

333 797 488 843 piendum
512 795 552 830 sit
575 795 662 835 quod
684 794 884 838 gratificandi
908 794 1001 827 causa
1034 793 1121 839 quasi
1146 805 1200 836 per
1242 793 1350 837 hypo-

337 840 451 878 thefim
476 839 662 880 seponitur,
688 841 874 880 intereaque
900 847 1055 880 tanquam
1079 836 1217 872 dubium
1250 838 1348 872 relin-

333 885 472 929 quitur,
494 885 525 919 δι
549 893 598 917 me
621 892 733 917 contra
761 882 960 923 Cowperum
987 892 1024 914 eo
1057 881 1131 915 loco
1166 881 1312 932 pqgnasse
1336 902 1346 917 ‚

330 927 512 965 existimans
535 936 601 968 quo
625 926 824 968 Cowperum
858 926 939 959 tueri
987 924 1093 966 ipsum
1141 925 1312 967 pergebam
1337 948 1346 964 ,

331 982 405 1008 eum
427 981 493 1005 non
517 967 617 1003 modo
640 968 788 1004 adversus
811 978 860 1002 me
885 967 1073 1007 defendere,
1097 966 1149 1002 sed
1172 968 1347 1003 exultantis

332 1015 469 1050 videris
513 1012 612 1047 instar
655 1011 722 1048 haec
769 1010 924 1055 subjicere
959 1023 1025 1045 non
1049 1011 1236 1045 dubitavit:
1260 1012 1346 1045 dicar

333 1067 413 1094 nunc
436 1056 663 1100 Morgagnus,
687 1064 823 1097 quaenam
846 1056 888 1091 effi*
909 1062 975 1090 caet.
1000 1055 1084 1099 Quae
1130 1066 1203 1089 curn
1249 1054 1346 1089 verba

331 1102 472 1138 Amicus
497 1101 631 1142 quidam
655 1100 772 1145 legeret
799 1108 909 1138 meuS,
932 1097 1031 1141 quid,
1057 1100 1165 1141 inquit
1180 1123 1189 1138 ,
1212 1098 1347 1140 Morga-

331 1155 414 1190 gnus
436 1144 549 1183 dicat,
566 1141 631 1176 -nifi
655 1141 744 1184 quod
767 1141 849 1174 olim
872 1141 1033 1177 dicentem
1079 1141 1190 1176 audivi
1216 1166 1225 1180 ,
1272 1153 1346 1175 cum

332 1189 435 1233 aliqui
459 1188 599 1233 juvenes
622 1187 681 1228 qui
705 1187 738 1219 in
761 1185 945 1220 Doctorum
969 1186 1129 1219 Virorum
1156 1185 1249 1219 libris
1273 1196 1345 1227 per-

327 1232 409 1273 saepe
433 1233 651 1269 invenerant,
677 1229 898 1271 Morgagnum
921 1237 1027 1262 certas
1048 1227 1205 1270 quasdam
1230 1239 1276 1261 res
1286 1228 1345 1263 ob-

329 1273 498 1311 servavisse
519 1272 584 1314 posi
607 1272 865 1315 Berengarium,
888 1271 1115 1314 Falloppium‚
1143 1273 1318 1305 Arantium
1335 1297 1344 1312 ‚

328 1317 450 1355 aliosve
474 1317 708 1353 Anatomicos‚
733 1316 892 1350 nescirent
917 1323 1048 1355 autem,
1073 1313 1133 1349 hos
1167 1327 1183 1348 a
1208 1316 1345 1356 Morga-

327 1372 396 1405 gno
425 1359 495 1404 ipso
519 1360 555 1394 in
580 1358 646 1395 illis
680 1357 964 1395 observationibus
1007 1359 1205 1392 nominatim
1250 1356 1343 1392 fuisse

328 1403 514 1443 indicatos,
537 1411 574 1436 ut
601 1401 759 1437 fateretur
805 1412 839 1436 er
861 1413 944 1444 quos
967 1400 1175 1446 profecisset,
1199 1404 1231 1435 ὃ(
1263 1403 1342 1445 quid

329 1458 435 1483 tamen
459 1446 628 1483 addidisset
648 1469 658 1484 ‚
680 1444 768 1492 osten
793 1453 881 1482 eret;
904 1456 978 1481 curn
1002 1446 1104 1489 igitur
1127 1444 1175 1479 illi
1205 1446 1345 1489 Juvenes

328 1494 553 1531 mirarentur,
576 1487 692 1533 fugisse
715 1500 786 1530 ejus
807 1489 943 1527 oculos,
970 1498 1024 1523 aut
1059 1490 1247 1523 memoriam
1293 1498 1345 1523 tot

330 1535 538 1571 laudatorum
563 1535 750 1579 Auctorum
775 1533 889 1574 locos;
911 1543 943 1568 at
967 1543 1024 1566 vos
1047 1532 1149 1567 nolite
1171 1532 1307 1574 amplius
1330 1555 1340 1571 ‚

327 1580 465 1621 inquit,
490 1587 690 1622 praepropere
713 1575 856 1620 judicare
872 1601 881 1610 .
1012 1575 1071 1610 Sed
1095 1576 1133 1610 de
1179 1587 1228 1611 me
1272 1575 1342 1618 plus

330 1622 431 1662 satis;
455 1621 494 1656 de
517 1620 729 1661 Thyroidaeae
753 1628 861 1657 autern
886 1618 1046 1661 glandulae
1077 1619 1264 1654 tumoribus
1296 1619 1343 1651 sa-

328 1667 397 1705 tis,
421 1665 443 1701 si
467 1664 548 1701 illud
573 1662 747 1703 addidero,
768 1664 825 1704 qui
849 1664 940 1696 vocis
962 1662 1037 1697 inde
1062 1664 1273 1697 mutationem
1287 1662 1344 1694 ad-

328 1718 513 1751 notarunt,
536 1707 750 1748 multiplicem
775 1706 807 1738 id
853 1705 1037 1747 explicandi
1082 1706 1240 1740 rationem
1284 1703 1343 1738 esse

330 1753 501 1789 habituros
524 1751 588 1784 five
612 1751 656 1785 ob
680 1746 907 1791 prohibitum,
931 1756 982 1782 aut
1007 1757 1172 1782 mutatum
1216 1750 1250 1781 in
1296 1748 1343 1780 la..

328 1806 467 1842 ryngem
489 1795 634 1832 humoris
657 1791 843 1832 influxum,
866 1790 928 1826 five
949 1790 994 1824 ob
1017 1791 1191 1826 adsitorum
1235 1790 1346 1832 laryn-

327 1843 378 1886 gis
402 1839 623 1874 musculorum
646 1836 904 1872 distractionem,
928 1833 1156 1878 preffionenive
1180 1856 1189 1871 ‚
1212 1833 1276 1868 five
1298 1833 1344 1866 ob

333 1882 523 1925 impositum
547 1880 603 1924 ipsi
628 1882 775 1924 pondus,
798 1880 831 1911 &
854 1887 1019 1920 urgentem
1045 1878 1186 1913 molem:
1211 1888 1282 1920 quae
1306 1877 1340 1910 in

329 1927 475 1970 Epistola
498 1926 552 1962 illa
578 1924 635 1959 ΙΧ,
661 1926 714 1966 (y
739 1925 753 1961 )
775 1922 874 1965 presse
897 1920 1133 1956 indicavimus.
1157 1922 1267 1965 Longe
1290 1928 1341 1954 ta-

331 1982 402 2005 men
428 1971 581 2014 graviora
605 1967 748 2003 accidere
774 1965 814 1998 ab
835 1966 934 2000 nimis
957 1966 1050 2000 aucta
1080 1963 1234 2007 pressione
1265 1963 1340 2007 pos-

327 2015 402 2051 sunt
419 2040 427 2054 ‚
453 2014 516 2050 five
539 2013 606 2047 h'aec,
633 2012 666 2044 in
686 2009 856 2053 jugulares
881 2019 974 2041 venas
996 2007 1089 2041 cadat
1105 2033 1114 2048 ,
1138 2008 1221 2041 unde
1244 2006 1340 2049 sopo-

329 2069 423 2099 rem,
445 2061 476 2092 ἃ
502 2055 704 2101 apoplexiam
726 2050 864 2089 illustris
888 2051 973 2086 vidit
986 2051 1138 2086 Hallerus
1164 2055 1175 2091 (
1198 2062 1223 2093 z
1243 2053 1279 2091 )‚
1301 2049 1341 2083 fi-

329 2113 368 2137 ve
392 2101 548 2146 Asperam
572 2099 724 2133 arteriam
749 2096 909 2140 praecipue
933 2094 1131 2136 adstringat,
1154 2093 1242 2136 quod
1256 2093 1340 2126 idem

328 2146 522 2184 adnotavit,
547 2145 594 2176 ita
619 2142 669 2179 uti
693 2141 827 2184 spiritus
850 2139 906 2172 vix
929 2136 1021 2182 poffit
1032 2138 1128 2176 duci3
1153 2139 1222 2171 imo
1235 2147 1273 2169 nc
1285 2138 1340 2170 vix

331 2189 464 2233 quidem
480 2211 489 2226 ‚
514 2187 607 2223 ficuti
634 2184 846 2219 observarunt
871 2181 951 2223 alii,
971 2183 1003 2214 δε
1026 2193 1091 2225 prae
1113 2182 1235 2214 caeteris
1256 2180 1339 2213 Ker-

330 2233 499 2274 ckringius
521 2235 533 2271 (
559 2242 577 2264 a
601 2233 638 2272 ),
661 2230 718 2273 qui
742 2224 920 2261 miseranda
944 2223 1089 2259 foeminae
1123 2223 1337 2259 suffocatione

330 2286 516 2320 permotus,
541 2271 745 2315 reprehendit
771 2268 917 2303 Medicos
963 2268 995 2301 ui
1018 2267 1193 2303 humorum
1227 2267 1338 2300 immi-

330 2322 488 2358 nutione,
510 2320 541 2355 &
566 2317 742 2352 diversione
765 2322 896 2356 operam
917 2311 955 2344 da
989 2310 1209 2357 >xomiserant,
1233 2318 1270 2360 ut
1283 2318 1336 2342 tu-

333 2375 404 2399 mor
428 2363 551 2399 lentius
573 2361 680 2394 saltem
705 2357 882 2395 cresceret,
906 2365 1009 2397 neque
1021 2355 1197 2398 praecipiti
1230 2363 1335 2386 incre-

333 2416 445 2444 mento
469 2404 620 2442 arteriam
642 2401 803 2446 Asperam
847 2397 927 2433 colli
975 2398 1128 2432 vertebris
1174 2397 1336 2440 apprime-

331 2461 430 2538 ‘et3'8,
449 2492 527 2539 Jam
550 2501 627 2524 vero
649 2489 687 2524 de
705 2486 914 2531 jugularium
938 2483 1163 2526 glandularum
1196 2482 1337 2516 tumori-

330 2538 391 2573 bus
414 2541 425 2579 (
449 2537 468 2571 b
491 2539 533 2576 ),
557 2537 588 2569 &
610 2533 649 2567 de
671 2532 710 2565 iis
732 2542 803 2573 quae
829 2540 902 2563 vera
927 2529 960 2560 in
984 2528 1071 2561 collo
1096 2527 1191 2563 sunt,
1240 2536 1336 2558 aneu-

332 2579 530 2624 rysmatibus
551 2580 564 2617 (
586 2589 601 2610 c
625 2580 636 2616 )
659 2585 731 2609 cum
755 2575 831 2608 alias
855 2571 894 2606 ad
917 2579 949 2603 te
996 2570 1175 2612 scripserim
1200 2582 1209 2606 ;
1246 2579 1303 2609 age
1328 2590 1339 2605 ,

333 2625 371 2661 ad
396 2625 503 2668 peistus
526 2619 750 2655 descendamus
775 2641 781 2649 .
915 2614 1018 2652 Quod
1052 2614 1089 2647 ad
1124 2622 1339 2662 mammarum

337 2676 482 2702 tumores
504 2665 648 2704 attinet,·
671 2661 729 2696 hos
752 2659 886 2703 quidem
909 2668 1055 2699 tempore
1078 2656 1173 2690 lactis
1205 2656 1343 2688 obortos

332 2721 428 2747 neaat
453 2707 616 2745 Fabricius
639 2704 742 2738 noster
767 2703 807 2738 ab
818 2701 1071 2748 Aquapendente
1093 2700 1145 2748 (ci
1165 2702 1180 2739 >
1203 2708 1345 2744 unquam

332 2757 364 2791 se
376 2749 450 2789 *non
473 2754 598 2786 sanatos
620 2746 749 2783 vidisse.
777 2747 890 2789 Longa
916 2755 1049 2783 tamen,
1072 2754 1182 2780 varia,
1208 2745 1239 2775 &
1273 2751 1344 2782 per-

333 2796 465 2834 molesta
489 2794 575 2830 haud
598 2802 671 2827 rato
694 2791 827 2834 pariunt
850 2786 1058 2825 incommoda
1073 2795 1246 2828 antequam
1269 2784 1342 2833 abs-

331 2841 427 2879 cessus
472 2840 507 2872 in
549 2847 631 2879 quos
672 2837 814 2871 abeunt,
833 2832 1045 2877 ‘persanentur
1072 2854 1080 2863 .
1113 2829 1192 2868 Qo
1238 2838 1338 2869 magis

333 2881 513 2928 optandum
535 2881 628 2919 esset,
652 2888 689 2913 ut
737 2879 875 2919 uetperis
906 2886 977 2920 quae
1012 2874 1092 2907 laete
1137 2872 1301 2921 abundant
1325 2894 1335 2908 ‚

334 2929 431 2964 certis
453 2934 561 2960 autem
583 2923 622 2957 de
644 2932 742 2957 cauis
765 2921 883 2955 lactare
907 2927 1092 2960 nequeunt,
1117 2916 1256 2949 remedia
1290 2914 1338 2947 eso

336 2975 404 3009 sent
428 2971 463 3003 in
487 2976 640 3011 promptu
664 2976 719 3006 per
742 2976 814 3007 quae
837 2963 1025 3007 priusquam
1048 2962 1082 3010 in
1105 2957 1257 2993 abscessus
1269 2968 1338 2990 ver-

335 3024 478 3052 teretur,
500 3020 573 3044 tuto
595 3008 654 3043 sibi
678 3009 727 3042 lac
751 3009 917 3050 abigerent
932 3030 940 3038 .
964 3005 1112 3038 Medicus
1136 3012 1203 3037 erat
1228 3003 1338 3036 Bono-

335 3062 397 3095 niae
419 3057 476 3100 qui
500 3055 561 3088 hoc
583 3053 724 3096 praestari
748 3050 941 3085 asseverabat
965 3046 1110 3089 suspenso
1129 3048 1214 3079 inter
1225 3044 1336 3087 scapu-

336 3106 381 3137 las
404 3099 522 3134 siccato
546 3096 702 3140 pisciculo
724 3104 820 3136 quem
843 3092 1119 3139 hippocampum,
1141 3090 1207 3139 sive·
1235 3100 1336 3135 equu-

337 3149 404 3181 lum
428 3144 588 3177 marinum
610 3141 756 3173 vocitant
770 3162 780 3178 ,
803 3148 892 3171 certo
915 3133 1092 3178 praesertrm
1107 3157 1117 3173 ,
1138 3142 1174 3167 ut
1198 3132 1264 3175 ipse
1274 3143 1336 3174 aje-

337 3192 415 3229 bat,
439 3195 584 3228 tempore
604 3191 736 3225 captum
752 3206 760 3221 ‚
784 3192 883 3224 quare
905 3190 988 3227 cum·
1002 3177 1167 3220 duplicem
1182 3174 1337 3215 haberet,

339 3235 477 3269 alterum
501 3227 625 3266 altero,
649 3225 801 3261 dicebat,
824 3223 881 3258 esse
906 3232 1006 3264 magis
1029 3220 1212 3260 efficacem,
1247 3231 1338 3253 eum-

340 3288 401 3318 que
424 3272 560 3307 libenter
583 3272 622 3303 iis
653 3270 710 3310 qui
748 3269 915 3310 poscerent
939 3287 948 3302 ‚
994 3263 1223 3297 commodabat
1247 3287 1255 3294 .
1295 3265 1338 3311 ‘In

341 3320 392 3355 his
413 3316 478 3351 fuit
500 3317 656 3357 ingenuus
674 3312 810 3356 Juvenis
832 3312 889 3355 qui
913 3319 1038 3344 mecum
1062 3308 1109 3341 ibi
1143 3316 1214 3340 ante
1244 3307 1339 3348 hujus

341 3362 446 3397 saeculi
469 3359 602 3392 initium
628 3356 801 3392 Medicinae
825 3354 937 3388 studiis
958 3351 1215 3394 operamdabat‚
1238 3351 1343 3384 illam-

341 3417 403 3448 que
424 3402 527 3438 facere
549 3401 613 3442 iam
635 3409 799 3441 coeperat:
826 3397 878 3432 hic
904 3396 1022 3430 autem·
1054 3406 1132 3429 cum
1176 3393 1262 3428 binis
1308 3396 1342 3426 in

341 3448 505 3493 puerperis
528 3453 674 3489 expertus
695 3441 794 3483 esset,
817 3443 852 3476 in
873 3450 1010 3482 utraque
1032 3435 1224 3483 respondisse
1248 3463 1258 3479 ‚
1299 3446 1346 3470 te-

618 155 777 211 Liber
792 153 887 209 lv.
908 151 992 206 De
1018 151 1223 208 Morbis
1240 151 1563 220 Chirurgicis
1580 191 1594 212 ,
1628 152 1686 204 &
1713 149 2108 205 Universalibus

1395 230 1557 265 stabatur.
1580 229 1661 266 Quo
1680 228 1721 261 de
1743 231 1963 272 experimento
1984 242 2058 264 cum
2081 230 2186 272 postea
2208 242 2264 274 per
2285 243 2385 266 annos

1395 275 1554 314 triginta,
1576 282 1677 314 eoque
1703 274 1839 314 amplius
1862 272 1945 307 nihil
1969 273 2176 312 audivissem3
2200 277 2233 308 in
2257 276 2392 315 posthu-

1394 320 1456 351 mis
1479 316 1609 350 tandem
1631 316 1819 349 Vallisnerii
1843 316 1942 350 nostri
1966 319 2100 360 Scriptis
2131 323 2142 356 (
2167 329 2182 350 e
2203 322 2217 358 )
2248 320 2358 352 inveni
2382 342 2394 359 ,

1395 362 1473 403 saepe
1497 360 1536 392 ab
1561 361 1588 391 se
1612 359 1753 402 periculo
1777 360 1885 393 eodem
1910 359 2015 399 fafio,
2042 362 2077 393 ad
2102 360 2236 395 eundern
2261 363 2394 396 modum

1399 401 1586 438 successisse:
1611 400 1649 435 ad
1672 405 1874 437 contrarium
1892 413 2002 436 autem
2027 405 2180 441 modum,
2203 403 2224 437 fi
2248 406 2291 438 ab
2332 417 2395 447 op-

1399 447 1502 490 posita
1525 455 1636 489 parte,
1661 446 1692 478 id
1716 445 1760 478 est
1783 447 1867 479 inter
1900 458 2052 479 mammas
2077 469 2086 484 ‚
2119 448 2235 481 mulier
2278 459 2396 490 augeres

1399 492 1447 524 lac
1470 490 1624 531 cupiens,
1646 487 1871 531 suspendisset:
1893 490 1979 532 quod
1994 512 2002 527 ‚
2037 502 2052 522 a
2097 491 2289 525 Bononiensi
2334 491 2394 524 illo

1401 533 1534 567 Medico
1555 533 1676 575 pariter
1701 531 1911 569 affirmatum,
1936 534 2045 567 Socius
2069 533 2123 567 ille
2167 546 2253 568 meus
2297 545 2394 576 expe-

1399 576 1500 611 riendi
1526 574 1723 609 occasionem
1747 585 1813 608 noti
1837 575 2011 610 habuerat.
2037 579 2134 618 AEgre
2156 577 2225 611 fero
2240 600 2251 615 ‚
2295 588 2395 620 neque

1400 633 1416 655 a
1444 631 1492 652 me
1514 619 1595 653 olim
1617 617 1808 660 quaesitum,
1834 630 1934 662 neque
1958 632 1973 652 a
1997 620 2193 654 Vallisnerio
2216 619 2307 654 fuisse
2340 621 2396 653 ad·-

1399 672 1570 700 notatum,
1597 672 1675 695 num
1698 661 1746 695 lac
1767 660 1809 695 sic
1832 662 1980 696 abactam
1995 686 2002 699 ‚
2028 664 2214 697 mulieribus
2227 664 2394 708 quidpiam

1398 707 1585 740 detrimenti
1609 706 1776 742 attulerim
1801 708 1908 746 potuit
1931 708 2017 739 enim
2041 718 2105 740 non
2128 707 2260 746 afferre,
2282 707 2303 740 fi
2327 709 2396 740 len·

1398 760 1450 787 te,
1476 761 1510 782 ac
1533 748 1643 782 sensim
1666 748 1811 794 abaelum
1835 748 1955 782 fuerit.-
1978 762 2040 792 qua
2064 752 2188 784 ratione
2201 751 2322 793 agendo
2345 761 2396 783 ar·-

1400 803 1534 836 gentum
1558 794 1690 830 vivum,
1715 792 1886 833 scriptorio
1909 793 2031 826 calamo
2054 794 2211 827 inclusum
2234 814 2251 834 ,·
2288 796 2395 836 sicque

1400 839 1485 870 inter
1509 846 1664 869 mammas
1686 833 1865 879 gestatum,
1889 836 1936 870 lac
1959 837 2113 870 discutere
2130 837 2196 879 fine
2216 836 2393 875 ullanoxa‚

1400 878 1562 921 saepiffime
1586 879 1691 920 vidit,
1714 889 1779 911 non
1804 879 1901 912 modo
1925 882 2048 913 audivit
2075 905 2082 915 ‚
2126 882 2179 914 Cl.
2227 883 2393 922 Degnerus

1400 921 1486 967 (f)
1502 948 1510 962 ‚
1533 922 1573 957 ab
1597 923 1722 955 Amicis
1747 922 1891 964 pluribus
1913 925 2032 956 certior
2055 922 2180 965 sacius,
2205 925 2314 958 mustis
2346 934 2395 957 et-

1400 970 1465 1001 iarn
1491 967 1575 1000 inter
1597 966 1735 1000 Batavos
1759 965 1948 998 mulieribus
1963 965 2152 1009 familiare,
2173 976 2278 1001 tutum
2303 993 2313 1008 ‚
2356 978 2394 1000 ac

1395 1008 1562 1052 probatum
1585 1009 1646 1043 hoc
1671 1008 1728 1042 esse
1751 1010 1948 1043 remedium.
1973 1012 2072 1042 Certe
2096 1022 2203 1044 aurem
2224 1023 2291 1054 quo
2323 1009 2394 1044 dixi

1398 1064 1543 1095 tempore
1566 1063 1638 1086 cum
1663 1050 1739 1087 ess'et
1764 1052 1898 1085 alterum
1923 1051 1985 1086 hoc
2009 1054 2164 1095 auxilium
2209 1054 2292 1095 apud
2337 1065 2396 1086 no—

1396 1098 1502 1130 strates
1525 1097 1696 1138 ignotum,
1719 1097 1871 1138 praecipui
1898 1096 2113 1130 Bononienses
2135 1097 2261 1132 Medici
2285 1098 2392 1140 primo

1396 1140 1456 1174 illo
1479 1149 1546 1174 tam
1568 1140 1655 1175 sacili
1680 1138 1820 1173 remedio
1844 1150 1908 1173 non
1933 1140 2130 1179 utebantur,
2153 1140 2215 1174 sive
2238 1152 2302 1174 non
2327 1152 2396 1173 cre-

1397 1184 1529 1225 derent,
1552 1182 1615 1216 sive
1638 1194 1752 1216 nocere
1777 1182 1885 1225 posse,
1908 1181 2158 1225 suspicarentur.
2183 1186 2297 1227 Itaque
2331 1183 2393 1218 Al-

1398 1227 1563 1261 bertinum
1590 1228 1722 1260 memini
1745 1228 1904 1269 puerperis
1927 1227 2048 1260 duabus
2072 1228 2311 1269 generosissimis
2322 1239 2394 1260 cum

1399 1282 1545 1304 mammae
1568 1282 1602 1304 ea
1626 1270 1718 1304 lastis
1739 1270 1834 1311 copia
1859 1278 2043 1311 turgerent‚
2067 1278 2103 1303 ut
2127 1281 2227 1311 neque
2271 1270 2398 1304 dormi-

1398 1325 1431 1348 re
1446 1338 1454 1352 ‚
1480 1325 1581 1356 neque
1604 1312 1734 1348 brachia
1761 1312 1824 1346 sine
1849 1314 1961 1346 dolore
1985 1324 2114 1347 movere
2138 1314 2262 1355 poslent
2286 1336 2295 1351 ‚
2329 1324 2394 1347 non

1397 1357 1487 1391 aliter
1510 1368 1605 1399 opem
1628 1355 1753 1394 tulisse,
1778 1353 1835 1401 nisi
1860 1357 1951 1390 lac-tis
1975 1357 2142 1391 materiam
2175 1358 2213 1391 ad
2247 1357 2396 1391 intestina

1395 1400 1608 1442 divertendo,
1633 1401 1731 1443 idque
1752 1400 1907 1442 clysmate
1931 1399 1976 1433 nil
2000 1399 2085 1433 aliud
2121 1399 2255 1435 habente
2298 1411 2396 1444 quarn

1396 1444 1467 1489 jus,
1493 1445 1526 1477 in
1551 1455 1650 1487 eoque
1676 1444 1815 1478 solutum
1838 1444 2020 1486 butyrum,
2044 1447 2073 1477 δι
2110 1443 2249 1478 sacchar-i
2294 1455 2396 1486 quan-

1396 1499 1465 1522 tum
1490 1487 1589 1522 solet.
1614 1487 1714 1525 Quod
1740 1487 1813 1520 ideo
1838 1498 2008 1526 memoro,
2031 1488 2106 1529 quia
2131 1489 2211 1522 mira
2238 1486 2395 1521 felicitate

1394 1541 1529 1573 utraque
1551 1532 1636 1565 inter
1659 1529 1875 1573 dejiciendum
1901 1534 1945 1563 ita
1966 1530 2063 1563 levari
2097 1540 2205 1573 coepta
2236 1530 2282 1564 est
2307 1556 2317 1572 ,
2359 1539 2396 1565 ut

1393 1576 1543 1610 mammis
1565 1574 1713 1615 deinceps
1738 1574 1994 1607 decrescentibus
2010 1597 2020 1610 ,
2047 1576 2154 1607 neutri
2198 1585 2279 1616 opus
2323 1573 2393 1608 ullo

1394 1628 1545 1660 praterea
1569 1618 1693 1651 auxilio
1717 1615 1832 1650 fuerit.
1856 1617 1948 1658 Qin
1972 1616 2052 1650 mihi
2079 1617 2180 1650 sanae
2214 1616 2394 1651 affirmabat

1395 1661 1589 1696 Albertinus
1605 1682 1614 1696 ‚
1638 1660 1678 1694 ab
1700 1671 1807 1694 earum
1832 1661 1930 1694 altera
1956 1661 2121 1694 materiam
2146 1660 2204 1693 effe
2234 1660 2393 1701 deje·fiam

1395 1706 1552 1742 multam,
1577 1715 1672 1745 qnam
1696 1703 1762 1746 ipse
1786 1705 1931 1744 viderat,
1955 1705 2042 1737 laetis
2065 1706 2203 1737 omnino
2226 1702 2359 1736 similem
2384 1714 2394 1741 3

1396 1757 1433 1782 ut
1459 1747 1541 1782 mihi
1566 1748 1599 1779 in
1624 1755 1766 1781 mentem
1791 1748 1917 1779 veniret
1940 1747 2027 1779 illius
2052 1745 2216 1785 foeminae,
2240 1749 2292 1781 cui
2317 1758 2394 1787 prae-

1397 1790 1523 1824 tumida
1548 1789 1618 1832 post
1643 1790 1892 1823 ablactationem
1916 1801 2053 1822 mamma
2083 1789 2246 1823 detumuit
2290 1790 2395 1823 statim

1397 1846 1431 1867 ac
1456 1846 1516 1879 pro
1541 1833 1635 1867 saliva
1659 1833 1708 1866 lac
1732 1832 1877 1874 prosilire
1901 1834 1933 1866 in
1957 1844 1994 1865 os
2017 1833 2140 1874 coepit:
2164 1842 2260 1872 quam
2272 1841 2309 1866 tu
2321 1833 2395 1865 Ob.

1395 1877 1632 1916 servationem,
1656 1877 1972 1918 explicationemqne
1997 1875 2085 1916 ejus,
2111 1875 2147 1907 ad
2172 1875 2251 1908 hanc
2277 1875 2396 1908 Alber-

1392 1922 1457 1955 tini
1482 1918 1805 1956 accommodandam,
1829 1920 1911 1960 leges
1934 1920 1967 1952 in
1991 1918 2119 1952 Nuckii
2141 1917 2361 1961 Sialographia
2385 1942 2397 1954 .

1391 1966 1444 2006 (g
1465 1967 1478 2003 )
1503 1963 1583 2007 Quo
1606 1971 1715 1998 autem
1740 1961 1839 1996 modo
1861 1964 1893 1994 in
1917 1961 2096 2003 epidemica
2119 1961 2258 2004 quadam
2304 1965 2391 1995 Pari-

1392 2006 1539 2041 sienfium
1563 2017 1788 2049 puerperarum
1814 2005 2060 2039 Constitutione
2091 2003 2131 2038 de
2162 2015 2224 2048 qua
2271 2003 2395 2046 scripfit

1393 2050 1507 2083 Praecl.
1534 2050 1737 2085 Malovinius
1758 2051 1772 2088 (
1794 2047 1814 2081 h
1835 2051 1869 2090 ),
1894 2060 1968 2082 cum
1991 2049 2086 2081 tertia
2101 2071 2110 2084 ,
2135 2058 2188 2081 aut
2224 2058 2340 2090 quarta
2375 2060 2393 2081 a

1393 2102 1487 2135 partu
1509 2092 1561 2127 die
1583 2104 1729 2127 mammae
1753 2103 1817 2125 non
1843 2091 1961 2129 modo,
1985 2101 2019 2125 ut
2044 2091 2167 2130 solent,
2192 2102 2254 2123 non
2291 2101 2395 2125 tume-

1393 2136 1539 2175 scerent,
1563 2135 1616 2171 sed
1638 2135 1886 2175 flaccescerent,
1910 2135 1979 2177 post
2011 2145 2150 2168 mortem
2195 2146 2265 2177 quae
2311 2137 2395 2168 inter

1391 2180 1582 2223 quianam,
1602 2183 1633 2214 δι
1657 2179 1823 2221 septimam
1846 2179 1931 2212 diem
1956 2178 2146 2219 accidebat,
2168 2178 2216 2211 lac
2245 2180 2395 2220 coagula-

1394 2234 1464 2257 tum
1489 2223 1644 2257 exteriori
1669 2223 1828 2256 adhaerens
1851 2221 2077 2256 intestinorum
2101 2220 2278 2264 superficiei
2302 2243 2311 2259 ,
2342 2222 2395 2255 de-

1392 2265 1547 2310 prehendi
1571 2268 1740 2309 potuerit,
1764 2265 1888 2300 tametfi
1912 2265 1969 2299 illa
1993 2265 2181 2299 viderentur
2203 2262 2297 2298 fuisse
2340 2266 2392 2298 in-

1392 2309 1581 2351 flammata,
1604 2312 1635 2342 &
1658 2309 1824 2343 doloribus
1846 2310 2008 2346 cruciata,
2045 2310 2178 2342 morbus
2226 2317 2332 2342 autem
2378 2320 2396 2342 a

1388 2352 1573 2393 diarrhoea,
1598 2355 1628 2385 δι
1650 2352 1709 2386 hac
1735 2363 1937 2394 permanente
1953 2376 1965 2392 ,
1987 2353 2122 2386 initium
2146 2351 2305 2391 duxisset,
2328 2363 2394 2385 non

1388 2395 1516 2430 facilem
1539 2395 1634 2430 habet
1657 2396 1853 2437 explicatum
1869 2421 1877 2433 ‚
1900 2396 1956 2429 nisi
1981 2394 2066 2429 forte
2090 2408 2127 2429 ex
2151 2396 2253 2428 lacteo
2277 2395 2335 2427 illo
2349 2394 2393 2428 se-

1388 2451 1427 2472 ro
1451 2439 1539 2482 quod
1563 2442 1596 2472 in
1622 2438 1773 2480 sanguine
1796 2438 2012 2473 verisimiliter
2037 2438 2215 2473 redundans
2239 2449 2311 2471 cum
2336 2437 2394 2471 ali-

1388 2483 1424 2516 bi
1446 2484 1479 2514 in
1503 2480 1717 2525 quibusdam,
1740 2491 1810 2517 turn
1834 2483 1868 2515 in
1890 2483 2042 2517 omnibus
2079 2492 2156 2517 tunc
2192 2481 2328 2514 dissenis
2359 2482 2394 2514 in

1392 2526 1515 2558 ventris
1536 2537 1616 2559 cavo
1639 2525 1809 2558 inventum
1832 2524 1899 2564 est,
1924 2526 2105 2565 crassiores,
2141 2523 2390 2567 viscidioresque

1392 2578 1498 2611 partes
1543 2568 1747 2602 subsederant
1770 2592 1780 2609 ‚
1823 2570 1855 2601 &
1899 2569 2052 2611 subjectis
2075 2569 2233 2601 intestinis
2258 2567 2395 2600 adhaese-

1395 2620 1487 2645 rant.

1450 2666 1500 2697 39.
1546 2656 1708 2689 Tumores
1753 2663 1858 2687 autem
1902 2665 2114 2688 mammarum
2147 2676 2158 2693 ,
2202 2655 2258 2694 qui
2307 2654 2396 2687 laffis

1397 2709 1546 2740 ternpore
1600 2710 1665 2732 non
1718 2699 1869 2730 oriuntur
1923 2700 1937 2737 <
1979 2709 2161 2740 quanquam
2208 2700 2238 2730 &
2283 2708 2395 2730 eorum

1396 2742 1542 2784 exempla
1586 2741 1708 2785 profert
1732 2741 1892 2774 Hildanus
1939 2741 2051 2784 (i),
2097 2744 2126 2774 &
2162 2740 2294 2781 aliquod
2329 2740 2396 2782 ipse

1395 2785 1464 2819 vidi
1498 2808 1507 2822 ‚
1552 2786 1610 2828 qui
1655 2794 1733 2818 tunc
1785 2785 1850 2816 orti
1885 2806 1894 2821 ‚
1951 2784 1983 2816 in
2029 2795 2179 2816 cancrum
2224 2784 2396 2826 degenera-

1398 2839 1474 2862 runt
1509 2831 1523 2868 )
1564 2828 1621 2862 etsi
1666 2828 1831 2862 Fabricius
1875 2826 1980 2860 noster
2024 2831 2038 2866 (
2070 2825 2088 2865 lcx
2120 2830 2130 2865 )
2175 2837 2246 2873 raro
2288 2823 2396 2868 vidisse

1383 2871 1418 2913 se
1440 2895 1452 2911 ,
1497 2872 1612 2905 scribat
1636 2893 1646 2908 ‚
1689 2872 1743 2913 qui
1787 2870 1891 2904 cancri
1914 2878 2057 2904 naturam
2080 2880 2136 2902 non
2153 2869 2278 2912 fuerint
2302 2879 2397 2903 oemu-

1389 2915 1451 2949 latz'
1471 2927 1482 2954 3
1530 2924 1636 2948 tamen
1662 2926 1672 2954 ς
1718 2924 1753 2947 ut
1798 2915 1867 2947 aliis
1915 2914 2032 2946 omissis
2055 2936 2067 2953 ‚
2112 2924 2211 2945 unum
2249 2913 2397 2947 Ludovi-

1388 2971 1461 2992 cum
1486 2958 1672 2992 Mercatum
1716 2960 1730 2997 (
1752 2957 1799 2997 l)
1842 2955 1989 2998 inspicias
2014 2969 2023 2997 3
2071 2955 2144 2990 satis
2171 2956 2324 2999 superque
2347 2956 2397 2988 in-

1389 3003 1513 3044 telliges
1536 3024 1545 3039 ,
1591 3013 1672 3046 quot
1714 3001 1775 3034 alia
1818 3009 1988 3034 occurrant
2035 3001 2067 3032 in
2116 3001 2264 3032 mammis
2289 3009 2398 3032 tumo-

1388 3057 1459 3080 rum
1483 3056 1597 3086 genera
1624 3057 1698 3087 quae
1720 3054 1872 3077 cancrum
1896 3054 1960 3076 non
1983 3043 2173 3076 aemulentur
2199 3067 2206 3075 .
2256 3042 2313 3075 Sed
2363 3045 2395 3074 dc

1388 3099 1505 3132 praeter
1527 3100 1561 3121 ea
1584 3100 1655 3131 quae
1679 3087 1745 3128 ipse
1767 3087 1919 3120 describit
1935 3112 1943 3124 ‚
1967 3087 2027 3119 alia
2054 3087 2147 3121 sunt,
2176 3085 2264 3119 velut
2290 3085 2349 3118 hoc
2376 3096 2392 3117 a

1387 3144 1437 3165 me
1460 3134 1493 3165 in
1518 3132 1643 3165 Veneta
1668 3131 1808 3172 Virgine
1840 3130 2046 3163 observatum
2090 3140 2187 3162 annos
2232 3141 2304 3162 nata
2353 3127 2396 3173 jad

1386 3176 1600 3219 quadraginta
1624 3200 1632 3208 .
1677 3175 1717 3206 Ei
1764 3184 1838 3205 cum
1884 3174 2033 3207 menstrui
2079 3172 2241 3215 sanguinis
2285 3176 2395 3205 cursus

1388 3221 1500 3253 diebus
1523 3219 1650 3260 aliquot
1674 3215 1795 3250 tardius
1817 3218 2014 3257 incipiebat,
2038 3225 2148 3249 tumor
2171 3227 2235 3248 ovo
2259 3217 2386 3247 coium-

1390 3263 1470 3297 bino
1494 3262 1598 3303 major
1620 3284 1630 3299 ,
1676 3271 1741 3294 non
1785 3260 1952 3301 inaequalis
1977 3284 1985 3298 ,
2020 3271 2074 3292 nec
2121 3261 2204 3291 cutis
2250 3258 2396 3293 colorem

1391 3311 1519 3340 mutans
1552 3328 1564 3344 ‚
1620 3303 1671 3337 sed
1715 3302 1895 3336 duriffimus
1927 3326 1938 3342 ‚
1979 3305 2011 3336 δε
2056 3304 2088 3335 in
2135 3303 2277 3344 proximi
2323 3301 2395 3334 bra-

1391 3349 1459 3384 chii
1506 3348 1647 3380 motibus
1690 3346 1835 3380 dolorem
1882 3357 1988 3379 creans
2034 3371 2043 3385 ‚
2098 3357 2161 3378 non
2219 3357 2290 3377 raro
2344 3354 2397 3375 na-

1397 3392 1439 3426 sci
1487 3390 1610 3424 solebat
1655 3393 1689 3423 in
1736 3390 1833 3422 altera
1877 3400 2015 3423 mamma
2041 3412 2052 3428 ,
2098 3400 2196 3430 eaque
2243 3387 2358 3420 sinistra
2383 3406 2394 3422 2

1396 3446 1431 3470 ut
1477 3434 1500 3468 si
1524 3444 1630 3467 totam
1655 3434 1836 3476 occupasset
1858 3458 1866 3473 ‚
1912 3435 1968 3466 vix
2011 3432 2190 3475 quidquam
2215 3431 2392 3470 discrepans

2269 3472 2353 3506 vide-

1877 3510 1893 3526 θ

347 3561 2382 3590 ..-.-—---——--——-—-—————-—-——-——-——-————---

630 3647 645 3677 (
659 3653 678 3675 t
691 3647 706 3676 )
720 3645 779 3671 obs.
794 3646 838 3673 eit.
856 3651 880 3670 α.

486 3657 510 3675 “’
527 3657 567 3679 ⁴⁰⁸
739 3684 777 3701 ιι.
840 3677 854 3706 (
869 3676 910 3706 d)

405 3681 420 3709 (
434 3687 446 3705 e
459 3679 473 3708 )
502 3679 577 3709 Epist.
593 3696 595 3699 v
611 3682 651 3704 ²6-
681 3685 708 3702 n.

407 3711 423 3739 (
437 3717 448 3733 e
463 3713 474 3735 >
489 3711 570 3737 Opere
585 3709 661 3733 Tom.
677 3715 691 3738 3

413 3741 421 3768 s
438 3739 454 3763 b
469 3739 483 3767 )
498 3740 576 3763 Mem.
593 3739 621 3763 de
636 3736 734 3762 l’Acad.
753 3740 785 3763 R.
804 3738 846 3763 des
865 3739 901 3762 Sc.
920 3739 950 3761 A.
968 3738 1033 3765 174⁶-

406 3770 421 3799 (
435 3769 470 3797 l)
487 3770 521 3794 De
538 3769 636 3794 Mulier.
652 3767 738 3794 Afftst-
756 3768 772 3791 l.
790 3776 814 3794 ι.
832 3772 852 3793 ι.
873 3775 910 3798 ²7·

942 3678 979 3700 De
1010 3674 1125 3704 chirurg-

942 3646 957 3675 (
972 3653 987 3669 a
1001 3645 1015 3674 )
1031 3643 1090 3668 Obs.
1107 3651 1137 3668 ex
1154 3641 1280 3671 Sepulchr.
1295 3639 1364 3673 supra
1379 3641 1422 3665 cit.
1438 3638 1505 3673 9.·§.
1518 3646 1540 3664 1-

1159 3675 1261 3702 Operat.
1294 3674 1335 3695 ubi
1366 3671 1395 3695 de
1427 3670 1494 3695 Chrr.
1530 3667 1633 3694 Thorac.

696 3725 702 3731 -
719 3708 746 3730 P·
763 3714 787 3736 4.
804 3708 891 3736 saggio
907 3706 987 3730 Alsab.
1004 3705 1100 3730 d‘lstor.
1122 3704 1192 3728 Med.
1208 3702 1255 3725 alla
1273 3709 1329 3724 voce
1347 3702 1507 3730 Ippocarnpo.

1098 3736 1111 3764 (
1129 3736 1139 3757 i
1154 3734 1168 3763 )
1185 3734 1257 3757 cent.
1275 3740 1297 3755 ².
1317 3731 1373 3755 ΟΜ
1394 3734 1434 3758 78,

1603 3637 1616 3666 (
1632 3636 1645 3661 b
1662 3637 1669 3667 )
1687 3636 1758 3665 Epist.
1776 3645 1813 3661 ιι.
1831 3644 1854 3660 n.
1875 3643 1910 3664 ις.
1929 3636 1951 3660 Se
1967 3635 2042 3665 Epist.
2060 3643 2097 3664 ²9·
2123 3642 2147 3659 n.
2164 3642 2201 3659 η.

1569 3697 1638 3727 (f)
1654 3696 1706 3721 Αέἲ.
1723 3699 1756 3721 N.
1775 3699 1803 3722 C.
1819 3699 1891 3721 Tom-
1910 3705 1930 3725 ς.
1950 3695 2013 3720 obs.
2031 3703 2084 3725 149.
2147 3696 2191 3724 (g
2209 3695 2217 3723 )
2233 3699 2254 3715 C·
2271 3699 2292 3714 ²·

1497 3731 1505 3758 (
1523 3728 1540 3753 k
1558 3729 1565 3757 )
1585 3728 1639 3752 loco
1656 3728 1722 3755 supra
1738 3729 1768 3752 nd
1785 3735 1810 3751 n.
1829 3731 1865 3757 38.
1882 3727 2005 3751 indicato.
