2498 4075
582 247 733 312 Epist.
769 240 930 300 Anat.
965 239 1179 299 Medica
1203 241 1419 295 xxm
1440 244 1558 296 Art.
1599 259 1680 312 23·

106 325 142 360 ⁴se
163 324 288 360 videtur
312 320 539 361 celeberrimus
552 328 605 363 sua
617 333 711 357 aetate
723 324 893 365 Medicus,
915 325 997 359 civis
1010 335 1118 363 meus,

112 369 278 404 Helidaeus
302 370 341 404 de
353 369 533 408 Paduanis3
558 379 594 403 ut
617 367 639 400 fi
664 366 833 402 Schulzius
857 370 997 408 viveret3
1023 379 1118 410 atque

111 413 236 446 utinam
259 414 378 446 viveret
391 425 401 452 ς
426 425 489 446 non
512 412 571 446 sibi
594 412 733 453 amplius
759 412 980 454 poenitendum
1012 411 1117 446 crede-

115 466 148 489 re
171 455 300 490 fortasse
324 456 443 499 posset,
468 456 555 497 quod
578 466 617 489 ex
641 455 739 489 Italia
764 466 821 488 non
850 456 934 498 satis
960 455 1038 497 juste
1071 453 1117 488 rei

115 498 210 539 hujus
233 500 329 535 initia
354 499 543 545 deduxiffet.
566 502 580 539 (
602 510 618 531 o
640 502 654 538 )
677 498 863 533 Helidaeum
888 502 974 534 enim
996 523 1009 539 ,
1042 498 1116 541 Spi-

112 542 215 584 gelius
237 545 293 585 (p
316 546 327 582 )
351 542 503 584 scripsit,
527 544 562 575 in
584 541 730 575 cadavere
761 543 882 577 mortui
914 555 931 576 a
964 542 1117 576 diuturna

110 594 265 626 quartana
288 586 431 628 reperisse
454 587 487 619 in
511 586 618 626 corde,
642 586 755 626 venis,
780 585 987 630 ‘omnibusque
1021 590 1118 619 mem-

110 627 180 661 bris
195 626 296 671 frusta
321 640 431 670 magna
449 651 458 666 ,
483 628 574 671 longa
589 651 601 668 ,
625 628 717 667 alba,
738 628 891 672 pituitosa
906 653 913 662 .
940 631 1009 662 Nec
1043 638 1118 661 vero

111 671 281 705 Helidaeus
305 672 429 704 vivebat
452 672 562 705 eodem
584 682 650 714 quo
674 672 832 715 Spigelius
859 672 988 709 floruit,
1021 671 1118 705 saecu-

109 714 145 746 lo
167 717 281 753 XV11;
306 715 359 749 hic
381 716 466 748 enim
491 726 570 749 unus
594 714 636 750 est
658 715 695 748 de
720 716 830 750 multis
852 715 1012 750 erroribus
1035 725 1117 758 quos

112 759 337 801 typographus
363 757 480 791 Piffinii
506 763 516 797 (
541 770 559 801 q
582 763 596 800 )
619 757 767 797 admisit,
790 758 839 793 sed
859 760 1018 801 praeterito
1037 779 1047 797 ‚
1079 767 1118 793 ut

112 802 270 845 Spigelius
293 803 375 836 reste
398 801 545 842 dixerat,
569 801 602 835 id
626 801 668 836 est
689 804 785 840 XVI3
809 803 876 836 imo
911 804 1021 834 Petrus
1056 803 1121 835 Po-

112 845 231 885 restus,
254 848 311 888 qui
334 854 405 879 ante
428 845 522 878 finem
545 846 629 878 obiit
652 844 789 887 ejusdem
820 845 925 878 saeculi
957 846 1052 878 XVI.
1084 846 1118 877 in

111 898 252 923 extrema
274 889 433 923 senceum
456 893 544 929 (r),
568 898 689 932 quanto
712 890 766 922 ille
791 898 879 922 antea
903 898 1045 932 tempore
1057 888 1117 921 flo-

111 943 178 965 rere
199 931 343 974 coepisset
360 954 369 969 ‚
394 943 456 965 non
482 933 615 966 obscure
640 931 851 974 fignificavit,
874 944 947 966 cum
978 932 1016 965 de
1050 931 1121 973 ipso

112 974 150 1008 ad
173 973 257 1009 hunc
283 974 416 1009 modum
440 976 567 1011 locutus
591 976 633 1012 est
656 980 669 1016 ζ
686 976 713 1018 s
727 982 763 1018 )‚
785 975 963 1012 Helidaeus‚
987 976 1121 1010 medicus

111 1017 261 1062 infignis,
285 1022 462 1062 ‘Praeceptor
483 1030 590 1055 meus.
614 1020 723 1060 Qem
746 1017 893 1054 dixissem
918 1019 1062 1060 primurn
1087 1020 1121 1052 in

109 1060 205 1094 corde
229 1073 356 1105 quoque
381 1063 540 1107 polypum
564 1061 837 1102 animadvertisse,
862 1061 920 1096 nisi
947 1058 1122 1104 frustulum

108 1103 193 1139 illud
216 1106 366 1148 nigrioris
388 1107 493 1140 carnis
514 1131 522 1144 ‚
545 1119 560 1140 a
586 1107 761 1140 Benivenio
784 1111 795 1145 (
820 1115 835 1140 t
857 1110 870 1148 >
895 1114 985 1138 antea
1009 1107 1120 1138 iuven..

109 1158 205 1188 tum,
228 1148 355 1191 mespili
381 1147 487 1184 forma
511 1153 544 1184 in
568 1149 692 1184 sinistro
713 1150 821 1185 cordis
855 1150 1035 1182 ventriculo
1071 1148 1120 1182 su-

108 1202 164 1234 pra
187 1193 364 1232 arteriam,
389 1193 459 1234 post
480 1194 625 1228 dolorem
648 1193 779 1234 cordis,
806 1196 836 1227 &
859 1191 1079 1231 defeetiones,
1103 1204 1119 1225 a

107 1234 264 1277 plerisque
288 1247 348 1277 pro
373 1237 496 1280 polypo
519 1238 713 1279 acciperetur
745 1237 864 1281 pariter
898 1248 931 1269 ac
958 1234 1118 1279 glandulo-

100 1278 165 1323 sae,
185 1277 241 1321 sed
262 1280 449 1321 nigricantis
473 1283 600 1315 interim
623 1281 727 1314 carnis
751 1279 838 1316 librae
859 1281 923 1314 duae
942 1303 954 1319 ‚
988 1287 1119 1321 repertae

109 1321 213 1364 postea
238 1334 254 1355 a
279 1323 414 1356 Vesalio
437 1327 451 1363 (
472 1335 492 1359 u
512 1328 525 1366 )
549 1328 582 1357 in
607 1323 719 1357 eodem
764 1323 947 1357 ventriculo
971 1347 979 1361 ,
1024 1322 1120 1356 instar

107 1367 190 1399 uteri
214 1364 374 1407 dilatato,
400 1366 468 1409 post
492 1368 617 1410 pulsum
642 1368 733 1401 miris
765 1366 872 1401 modis
907 1366 1120 1409 inaequalem,

110 1411 143 1442 &
166 1410 313 1456 varium:
339 1420 522 1453 quanquam
546 1413 694 1446 Donatus
718 1415 732 1450 (
754 1421 776 1445 x
796 1415 806 1450 l
831 1420 1000 1452 utramque
1033 1408 1115 1442 hanc

107 1463 230 1486 carnem
255 1455 318 1487 line
342 1454 407 1487 ulla
431 1454 635 1490 dubitatione
669 1457 753 1488 inter
785 1464 912 1488 carneas
947 1452 1119 1496 excrescen-

107 1496 174 1530 tias
219 1497 331 1530 retulit
356 1523 364 1536 ,
409 1509 486 1540 quas
530 1498 726 1531 describebat
749 1520 759 1535 ‚
805 1497 947 1540 partium
991 1505 1120 1529 caetera-

106 1550 200 1576 rum,
225 1552 289 1575 non
318 1539 403 1574 secus
428 1553 461 1574 ac
487 1541 684 1576 Schenckius
708 1546 760 1583 (y
784 1544 795 1581 )
819 1542 905 1574 inter
916 1539 1056 1581 carnofizs
1068 1550 1122 1573 ex-

105 1581 290 1625 crescentias
312 1584 444 1618 nentric.
472 1586 596 1625 cordis,
619 1588 652 1618 &
675 1585 835 1620 Riolanus
860 1585 877 1626 (
894 1595 919 1627 z
941 1585 952 1621 )
986 1594 1001 1615 a
1026 1583 1121 1626 poly-

105 1624 189 1669 pofis
222 1628 491 1662 concretionibus
526 1628 673 1672 infignem
717 1626 901 1670 glandulam
936 1624 1084 1659 distinxit
1110 1650 1119 1665 ‚

103 1680 200 1712 quam
227 1671 342 1704 Poloni
366 1670 531 1712 cujusdam
553 1681 609 1703 cor
632 1672 665 1705 in
687 1671 786 1705 medio
802 1670 892 1713 septo
906 1667 1060 1707 habebat,
1086 1672 1118 1702 δι

104 1712 207 1747 noster
229 1715 366 1748 miratur
391 1714 476 1748 Pasta
498 1717 512 1753 ζ
535 1727 553 1747 α
575 1718 610 1755 ),
635 1725 709 1752 curn
733 1714 811 1747 alias
845 1714 947 1747 nullas
980 1714 1118 1756 reperiat

104 1759 139 1790 in
153 1765 225 1789 toto
252 1756 462 1800 Sepulchreto
487 1759 677 1800 nigricantis
699 1759 814 1801 polypi
839 1759 871 1790 in
896 1755 1020 1790 sinistro
1042 1757 1120 1800 qui-

105 1800 178 1834 dem
210 1801 395 1834 ventriculo
429 1801 705 1841 Observationes,
735 1800 902 1844 quomodo
927 1801 1041 1843 polypi
1067 1800 1121 1833 illi

103 1844 172 1894 duo
195 1844 387 1883 Benivenii,
413 1848 446 1879 &
471 1844 596 1880 Vesalii
618 1847 653 1880 in
675 1856 714 1878 eo
736 1844 921 1879 ventriculo
944 1845 1122 1888 nigricave-

106 1895 196 1921 rint.
884 1910 885 1913 =

147 1942 199 1974 23.
226 1930 287 1965 Sed
309 1931 373 1965 illae
395 1931 466 1966 duae
489 1931 549 1965 {ive
573 1943 639 1966 non
661 1931 810 1974 fuerint,
832 1931 896 1968 five
918 1932 1029 1975 potius
1051 1930 1123 1965 fue-

107 1974 174 2008 rint
219 1975 385 2018 po‘lypolae
416 1978 658 2014 concretiones,
694 1976 823 2011 fuerunt
847 1985 958 2017 certe,
982 1985 1018 2009 ut
1042 1976 1121 2008 alias

104 2023 118 2058 (
142 2019 162 2052 h
182 2021 198 2059 )
220 2030 236 2051 a
260 2018 353 2052 nobis
378 2018 534 2054 ostensum
559 2018 623 2056 est,
648 2029 719 2054 tum
741 2032 813 2062 quae
859 2022 946 2053 intra
991 2019 1121 2061 Magnae

104 2062 231 2095 arteriae
255 2062 437 2106 aneurysma
462 2075 477 2095 a
501 2063 641 2098 Medicis
664 2062 864 2106 deprehensae
889 2064 961 2098 sunt
971 2063 1013 2096 A.
1029 2073 1123 2105 1557.

103 2103 202 2140 instar
225 2104 424 2144 carniformis
447 2107 604 2144 materiae,
631 2109 664 2140 δε
687 2109 810 2141 circum
833 2105 916 2140 hanc
939 2106 1035 2140 instar
1057 2106 1122 2138 lar-

104 2150 137 2183 di
153 2147 246 2191 suilli
271 2147 409 2190 elixati,
434 2159 503 2182 turn
529 2161 599 2193 quae
621 2152 663 2182 A.
694 2153 786 2192 1567.
813 2152 963 2184 exn-aerae
998 2148 1071 2182 sunt
1105 2160 1121 2181 a

105 2193 248 2227 Coitero
271 2196 282 2231 (
306 2204 322 2226 c
342 2196 356 2234 )
379 2204 394 2224 e
418 2192 548 2226 Sinibus
572 2194 671 2226 Durae
694 2194 852 2234 meningis
868 2217 880 2233 ,
903 2197 934 2226 δε
960 2204 976 2225 e
999 2192 1119 2223 ventri-

105 2236 186 2270 culis
208 2233 319 2269 cordis
341 2234 534 2278 phreneticae
559 2236 725 2273 mulieris,
751 2236 827 2268 alias
850 2246 927 2268 vero
950 2246 966 2266 e
989 2234 1122 2268 cerebro

108 2289 220 2314 eorum
241 2280 299 2322 qui
323 2278 493 2321 suspendio
515 2279 618 2312 necati
641 2278 907 2321 fuerant,eaeque
920 2289 1030 2311 omnes
1040 2277 1121 2311 lum-

107 2321 203 2356 bricis
248 2332 309 2356 non
351 2319 511 2364 dissimiles
534 2343 544 2359 ,
592 2321 643 2355 sed
667 2333 703 2356 ex
725 2321 796 2356 alba
816 2323 939 2364 pituita
961 2320 1097 2363 conflat-<e
1111 2344 1118 2352 .

108 2365 180 2409 Qi
202 2375 275 2398 cum
298 2364 453 2398 Medicos
475 2375 605 2398 monere
626 2364 695 2409 jam
718 2375 789 2399 tum
810 2364 976 2407 coepisset,
998 2373 1034 2397 ut
1068 2375 1124 2396 ca-

107 2417 242 2447 verent,
266 2406 367 2442 videri
392 2409 478 2442 enim
503 2408 686 2451 imposuisse
717 2406 948 2450 ejusdemmodi
992 2418 1124 2440 concre-

112 2453 218 2486 tiones
242 2452 283 2485 iis
305 2452 361 2492 qui
385 2451 415 2484 se
439 2453 525 2484 intra
550 2461 605 2485 aut
628 2453 798 2491 cranium,
823 2461 876 2485 aut
911 2461 967 2484 cor
1001 2462 1121 2485 vermes

108 2492 369 2537 deprehendisse,
394 2494 609 2534 affirmarent3
634 2495 709 2528 satis
735 2496 845 2529 mirari
858 2506 922 2528 non
938 2492 1118 2536 possumus,

108 2539 228 2582 egregii
253 2538 327 2572 Viri
352 2540 476 2572 monita
500 2538 595 2581 usque
620 2538 697 2572 adeo
719 2537 809 2573 fuisse
843 2539 986 2582 neglecffta
1006 2562 1019 2579 ,
1065 2550 1120 2573 aut

107 2581 274 2616 oblivione
296 2579 437 2622 obruta,
461 2591 496 2615 ut
520 2582 558 2615 ab
581 2581 688 2616 doffis
712 2586 908 2625 caeteroquin
942 2583 1120 2625 Scriptori-

106 2626 166 2660 bus
188 2636 223 2658 ea
244 2623 375 2667 posteris
399 2624 617 2664 traderentur,
642 2637 712 2669 quae
736 2628 769 2659 in
805 2625 1017 2669 Sepulchreto
1035 2637 1049 2665 ,·
1080 2638 1119 2659 ne

107 2679 262 2713 vagemur
285 2667 404 2709 latius;
426 2679 621 2703 occurrunt.
648 2671 748 2711 Leges
761 2672 847 2703 enim
863 2692 872 2708 ,
897 2669 1035 2712 exempli
1048 2680 1120 2711 gra-

108 2714 179 2751 tia,
204 2710 345 2747 Vidium
369 2711 527 2755 juniorem
550 2716 564 2754 (
586 2714 605 2746 d
626 2717 640 2754 )
665 2712 878 2755 scribentem,
910 2713 938 2746 se
969 2711 1120 2747 audivisse

109 2756 150 2805 ab
172 2754 361 2790 hominibus
383 2754 445 2788 fide
468 2756 601 2799 dignis,
622 2759 680 2801 qui
704 2756 859 2800 pestiferis
882 2754 1023 2790 febribus
1037 2757 1121 2789 inte-

111 2808 253 2841 remptos
275 2797 466 2839 dissecuere,
488 2810 610 2835 vermes
632 2800 798 2842 aliquando
810 2801 842 2834 in
853 2799 1042 2834 ventriculis
1053 2810 1122 2834 cor-

111 2842 161 2877 dis
175 2840 272 2886 fuiffe
293 2843 429 2884 genitos.
457 2843 515 2877 Sed
540 2854 603 2878 non
627 2844 734 2886 leges,
758 2842 932 2886 quaesivisse
957 2842 995 2876 ab
1018 2843 1084 2876 illis
1107 2867 1120 2883 ,

111 2898 179 2929 quo
201 2886 346 2919 examine
369 2884 413 2919 ufi
423 2909 436 2926 ,
459 2897 580 2921 vermes
614 2899 630 2920 a
654 2886 916 2920 concretionibus
947 2886 1119 2920 vermifor-

112 2929 221 2964 mibus
246 2927 474 2963 distinxiffent.
500 2932 622 2973 Leges,
646 2931 824 2975 Spigelium
847 2934 860 2970 (
884 2942 898 2965 e
920 2934 933 2970 )
955 2932 988 2963 in
1014 2930 1125 2963 foemi-

113 2984 153 3007 na
177 2973 277 3006 macie
301 2970 446 3019 conferita
469 2982 605 3014 quatuor
626 2973 796 3008 lumbricos
822 2982 939 3008 teretes
955 2973 1127 3016 spithamce

114 3017 209 3051 unius
230 3015 424 3057 longitudine
444 3016 586 3058 reperiss‘e
596 3040 609 3057 ‚
634 3020 689 3060 qui
711 3018 745 3051 in
767 3018 869 3061 ipsum
891 3025 1037 3051 truncum
1069 3028 1125 3051 ve-

115 3071 160 3094 nae
179 3067 278 3102 portae
296 3057 331 3100 se
354 3057 607 3100 insinuaverant,
640 3073 675 3095 ac
705 3062 771 3095 toti
813 3062 936 3103 corpori
981 3060 1125 3096 alimenti

116 3103 238 3137 aditum
261 3099 493 3142 obstruxerant.
518 3104 578 3137 Sed
622 3106 769 3148 quamvis
815 3104 901 3147 apud
945 3104 1126 3146 Spigelium

115 3146 222 3190 ipsum
244 3148 258 3185 (
274 3143 301 3190 f
316 3147 329 3183 )
352 3142 432 3177 hanc
458 3145 728 3182 Observationem
751 3147 979 3191 recognoscam
1002 3147 1122 3183 videbis

115 3188 250 3234 quidem
272 3199 341 3222 eam
363 3187 527 3229 habuisse,
549 3201 611 3223 non
633 3193 678 3225 A.
705 3195 798 3235 1562.
821 3203 887 3236 quo
910 3191 1044 3225 necdum
1056 3202 1122 3226 erat

118 3243 236 3274 natus,
259 3231 311 3266 sed
339 3234 430 3266 1601.
455 3244 525 3275 quo
546 3235 601 3280 viat
622 3237 755 3270 tertium
779 3239 812 3270 δε
837 3234 1027 3278 vigesimum
1059 3236 1128 3270 for-

117 3275 194 3311 tasse
216 3276 368 3318 attigerat
393 3287 406 3322 ᾗ
439 3287 501 3317 qua
524 3287 630 3311 autem
651 3283 774 3313 ratione
807 3280 976 3323 explorans
1013 3278 1131 3322 digno—-

117 3321 222 3360 verit,
245 3330 336 3352 veros
360 3319 417 3353 esse
439 3329 584 3361 vermes,
605 3333 671 3356 non
695 3322 817 3357 videbis
834 3348 843 3356 ..
867 3323 1043 3357 Miraberis
1067 3335 1130 3366 po-

118 3366 208 3404 tius,
230 3360 417 3401 credidisse,
442 3362 521 3396 illuc
544 3375 585 3412 eie
606 3365 762 3400 intestinis
780 3377 839 3409 per
871 3366 997 3410 angusta
1032 3376 1130 3401 vena-

118 3420 189 3443 rum
234 3405 474 3449 mefizraicarum
512 3407 631 3449 orzficia
661 3409 869 3450 commeasse,
891 3414 923 3443 &
946 3409 1059 3443 tandiu
1080 3411 1129 3444 ibi

117 3448 280 3497 perstitisse
295 3475 304 3490 ,
328 3459 363 3484 ut
386 3451 473 3484 viam
494 3449 690 3486 obstruerent
713 3454 886 3487 alimento.
912 3454 1067 3497 Namque
1091 3465 1129 3489 ut

2008 260 2100 304 255

1170 331 1290 356 vermes
1321 320 1376 353 alii
1408 321 1556 355 intestina
1586 318 1790 364 aliquando;
1822 318 1917 354 sicuti
1950 329 2008 353 nos
2039 329 2167 361 quoque

1170 368 1249 409 (g)
1271 366 1305 397 in
1329 363 1448 405 gallina
1472 364 1632 404 vidimus,
1657 362 1706 397 sed
1731 371 1882 403 mortua,
1905 362 2136 406 perforaverint
2158 372 2169 399 5

1168 420 1234 452 quo
1256 415 1362 441 tamen
1385 407 1433 441 isti
1459 408 1591 449 ingenio
1614 407 1670 441 illa
1693 417 1763 448 quae
1786 405 1966 448 ipsedicit,
1989 404 2115 439 crificia
2129 403 2172 436 se-

1168 453 1326 493 legerim,
1349 460 1384 483 ac
1409 451 1620 494 pervaserint,
1647 453 1679 484 &
1702 459 1793 482 extra
1818 448 1903 483 suam
1929 448 2105 482 naturalem
2128 445 2172 480 se-

1167 495 1239 528 dem
1263 495 1297 527 in
1321 496 1458 527 omnino
1481 493 1581 527 aliena
1607 492 1719 527 tandiu
1744 492 1904 532 vixerint,
1927 495 1960 527 &
1983 492 2045 526 toti
2066 500 2175 532 corpo-

1168 538 1198 572 ri
1220 537 1364 572 alimenti
1387 538 1530 576 aditum,
1553 538 1589 572 <ff
1611 537 1700 570 viam
1721 534 1949 576 obstruxerint,
1980 546 2043 568 non
2077 544 2174 576 appa-

1170 590 1237 614 ret.
1262 582 1407 622 Apparet
1430 589 1566 621 contra,
1589 578 1814 614 difficultatem
1846 577 2067 620 hujuscemodi
2102 576 2175 610 nul-

1166 625 1230 659 lam
1255 623 1388 664 restare,
1413 621 1436 656 fi
1459 632 1598 666 quatuor
1621 634 1720 664 ponas
1742 621 1834 658 fuisse
1856 622 1994 665 polypos
2016 622 2070 664 qui
2096 620 2178 653 lum=

1167 670 1274 702 bricos
1297 666 1471 706 referrent,
1495 667 1670 709 praesertim
1692 678 1766 700 cum
1790 664 1907 708 polypi
1930 667 1963 698 in
1999 661 2178 706 phthisico-

1169 723 1238 745 rum
1262 709 1464 744 cadaveribus
1487 709 1624 753 persaepe
1644 717 1833 744 occurrant.
1859 708 1951 743 Quid
1973 719 2048 741 vero
2068 706 2105 739 de
2129 716 2183 739 an-

1172 754 1307 798 guiculo
1329 753 1390 787 illo
1411 752 1579 794 dicemus,
1600 764 1696 797 quem
1719 756 1754 795 in
1777 750 1902 785 sinistro
1924 749 2031 785 cordis
2060 750 2181 792 ventri-

1173 799 1246 832 culo
1271 796 1353 839 apud
1376 797 1504 841 Anglos
1526 798 1692 831 inventum
1716 797 1855 830 Zacutus
1877 798 1892 834 (
1914 794 1994 838 h),
2026 796 2057 827 δε
2089 794 2181 826 Seve-

1170 845 1257 876 rinus
1281 844 1294 880 (
1317 842 1330 874 i
1353 844 1364 880 )
1389 839 1608 884 proposuere?
1630 840 1711 875 Non
1736 839 1822 874 aliud
1863 838 1933 872 sane
1966 847 2065 881 quam
2095 835 2184 879 quoi

1175 885 1319 927 Epistola
1343 885 1502 927 superiore
1525 887 1540 924 (
1561 884 1580 924 l<
1600 887 1635 923 ),
1660 886 1694 917 in
1718 882 1849 918 eundem
1881 882 1986 915 obiter
2015 882 2181 915 incurren-

1175 938 1244 969 tes,
1267 927 1541 969 significavimus,
1564 926 1639 961 satis
1676 926 1732 961 esse
1762 926 2011 968 descriptionem
2043 920 2148 967 legisse
2171 943 2183 960 ‚

1174 982 1211 1006 ut
1235 970 1425 1014 polyposam
1450 969 1541 1004 fuisse
1560 973 1821 1009 concretionem,
1846 970 2086 1011 intelligamus.
2113 968 2182 1000 Ita-

1174 1027 1236 1059 que
1260 1015 1360 1048 etiam
1385 1016 1551 1047 Severinus
1575 1016 1588 1053 (
1610 1014 1622 1048 l
1643 1018 1681 1055 ),
1706 1013 1760 1047 etfi
1786 1014 1824 1048 de
1847 1025 1884 1046 eo
1907 1012 2084 1055 anguiculo
2121 1009 2184 1043 alia

1173 1061 1317 1102 primum
1342 1059 1503 1100 agitavit,
1528 1060 1560 1090 ἅτ
1584 1058 1617 1089 in
1642 1057 1692 1091 his
1717 1056 1888 1100 quidpiam
1911 1055 1998 1098 quod
2023 1055 2119 1088 alicui
2143 1051 2183 1086 ad

1172 1100 1393 1145 explicandam
1418 1101 1612 1143 polyporum
1635 1101 1874 1143 generationem
1904 1099 1954 1132 vel
1987 1099 2090 1132 nostra
2122 1095 2183 1130 hac

1171 1155 1264 1179 aetate
1288 1146 1375 1177 venit
1400 1146 1434 1177 in
1459 1153 1617 1183 mentem,
1640 1143 1871 1187 vegetabilium
1895 1144 2005 1185 potius
2028 1142 2149 1184 generis
2173 1162 2184 1178 ,

1171 1201 1267 1232 quam
1291 1189 1500 1226 animalium,
1526 1186 1641 1225 fuisse5
1666 1196 1771 1219 tamen
1795 1187 1879 1220 Γεξὲε
1902 1197 1940 1218 eo
1973 1185 2102 1219 tandem
2135 1194 2183 1215 re—

1172 1234 1258 1273 diit,
1278 1242 1314 1266 ut
1338 1232 1475 1265 censeret
1489 1256 1497 1270 ,
1520 1230 1559 1264 ad
1581 1232 1824 1270 concretiones,
1846 1241 1924 1273 quas
1947 1231 1979 1262 ἃς
1998 1228 2063 1270 ipse
2096 1226 2187 1260 vide-

1172 1286 1246 1317 rat,
1269 1276 1403 1319 spestare
1418 1298 1427 1313 ‚
1450 1286 1528 1318 quas
1552 1285 1635 1309 nunc
1659 1273 1829 1317 polyposas
1854 1274 2052 1307 vocitamus.
2075 1271 2185 1308 Quem

1172 1320 1193 1354 fi
1220 1321 1378 1354 Riolanus
1402 1329 1466 1352 non
1491 1317 1612 1360 legisset
1627 1343 1635 1356 ‚
1660 1327 1714 1353 aut
1738 1317 1760 1350 si
1784 1317 1851 1359 ipse
1871 1327 2001 1360 quoquc
2025 1326 2075 1348 eas
2109 1325 2188 1347 con-

1171 1365 1332 1399 cretiones
1356 1374 1421 1396 non
1445 1359 1677 1404 conspexissem
1702 1362 1809 1395 minus
1833 1360 2000 1403 aliquanto
2023 1360 2188 1407 mirarer)

1176 1410 1210 1441 in
1234 1406 1450 1441 Encheiridio
1474 1405 1576 1450 (m)
1599 1404 1668 1438 haec
1692 1403 1867 1447 scripsisse:
1894 1406 2016 1437 Vermes
2039 1404 2137 1437 etiam
2156 1411 2191 1449 ²⁷².

1176 1453 1266 1485 corde
1285 1458 1494 1493 generantur.
1521 1472 1528 1478 .
1544 1473 1550 1480 .
1566 1472 1591 1481 ..
1624 1447 1843 1482 Memorabilis
1866 1447 1906 1487 est
1928 1445 2053 1486 historia
2082 1448 2142 1478 ,An
2165 1443 2189 1477 Ιι

1175 1493 1360 1537 cujusdam,
1382 1493 1433 1527 cui
1455 1504 1508 1527 cor
1531 1489 1650 1532 erosum
1666 1489 1739 1534 fuit
1761 1503 1778 1524 a
1801 1500 1930 1525 verme:
1953 1488 2110 1529 historiam
2158 1498 2191 1522 e—

1171 1549 1226 1580 ges
1249 1538 1334 1578 apud
1354 1536 1528 1570 ,Aurelium
1554 1535 1735 1568 Severinum
1749 1561 1757 1567 .
1782 1534 1954 1576 Denique,
1977 1543 2053 1566 curn
2074 1530 2112 1566 de
2122 1541 2192 1564 ver-

1175 1592 1225 1614 me
1249 1581 1339 1621 alio,
1362 1580 1490 1614 cimicis
1521 1577 1653 1617 forma,
1675 1578 1714 1611 de
1762 1589 1804 1612 uo
1839 1576 1924 1611 idem
1950 1577 2089 1610 Zacutus
2113 1574 2202 1608 scri-‘

1174 1623 1278 1666 pserat
1294 1649 1305 1665 ,
1332 1624 1490 1667 proximis
1514 1621 1649 1655 Litteris
1672 1624 1686 1661 (
1708 1590 1763 1666 nc}
1787 1619 1852 1664 jam
1875 1620 2077 1658 dixerimus3
2101 1617 2192 1652 vid-e-

1172 1668 1246 1709 bis,
1270 1668 1328 1702 sub
1350 1668 1457 1701 eadem
1481 1665 1717 1699 Observatione
1732 1689 1745 1705 ,
1779 1676 1794 1698 a
1819 1665 1947 1698 Boneto
1979 1664 2057 1697 alibi
2101 1666 2115 1702 (
2138 1663 2192 1704 o)

1171 1714 1331 1755 repetita,
1358 1708 1552 1753 adscriptam
1578 1708 1708 1741 alteram
1732 1711 1790 1750 <p
1811 1711 1825 1747 >
1849 1709 2007 1743 vermium
2029 1707 2192 1747 duorum,

1172 1767 1255 1798 quos
1280 1757 1313 1788 in
1340 1765 1432 1793 arm,
1457 1757 1488 1787 ἅτ
1513 1750 1858 1796 grumososanguine,
1885 1751 1994 1785 cordis
2029 1751 2194 1783 ventricu-

1177 1801 1226 1833 los
1250 1807 1446 1841 occupante,
1470 1795 1607 1830 ostendit
1631 1796 1672 1828 iis
1696 1798 1753 1841 qui
1778 1795 1929 1833 aderant,
1953 1796 2017 1829 Vir
2040 1795 2188 1837 alioquin

1175 1842 1310 1880 dorff‘tus„
1337 1842 1413 1875 albo
1433 1842 1538 1875 colore
1564 1839 1696 1885 ambos,
1719 1839 1895 1874 dimidium
1919 1839 2018 1882 digiti
2041 1839 2159 1881 longos
2179 1859 2193 1877 ,

1175 1897 1241 1919 non
1265 1885 1364 1919 modo
1388 1882 1601 1928 proboscide,
1624 1883 1677 1916 led
1701 1887 1732 1917 ἃ
1757 1884 1910 1924 auribus,
1945 1882 2110 1925 oculisque
2140 1882 2193 1914 in·-

1175 1930 1312 1964 st1·u6³tos
1323 1953 1335 1969 ‚
1358 1928 1455 1963 credo
1478 1928 1594 1971 quibus
1620 1928 1652 1959 in
1675 1938 1713 1959 eo
1736 1926 2016 1961 tenebricofiffimo
2026 1927 2119 1965 loco,
2143 1925 2193 1957 ni-

1175 1973 1198 2006 fi
1222 1983 1299 2007 tunc
1322 1972 1408 2006 forte
1432 1972 1526 2005 vitali
1550 1969 1735 2005 credebatur
1757 1970 1922 2006 flammula
1954 1970 2159 2004 collustratus
2185 1967 2192 2001 Ξ

1177 2027 1363 2051 uterentur.
1498 2015 1608 2050 Ambo
1630 2023 1736 2048 tamen
1761 2024 1850 2049 erant
1882 2015 2005 2049 mortui
2027 2039 2034 2046 .
2070 2016 2195 2050 Vemm

1177 2072 1343 2104 minquam
1357 2061 1515 2100 vixerant,
1527 2068 1563 2094 ut
1576 2059 1719 2101 opinor3
1744 2058 1797 2092 sed
1810 2058 1971 2093 filamenta
1984 2066 2073 2092 erant
2096 2056 2193 2100 poly-

1177 2103 1253 2147 posa
1279 2106 1382 2137 altero
1405 2113 1549 2137 extremo
1571 2101 1655 2146 quafi
1680 2104 1713 2135 in
1738 2103 1962 2146 proboscidem
1986 2100 2194 2146 gracilescen-

1176 2149 1246 2187 tia,
1270 2150 1303 2181 δε
1328 2148 1496 2190 particulis
1521 2148 1582 2180 atri
1608 2146 1796 2190 sanguinis,
1827 2156 1863 2182 ut
1897 2147 1936 2181 fit
1959 2171 1969 2187 ,
2001 2146 2193 2180 inhaerenti·

1175 2191 1234 2224 bus
1247 2214 1259 2231 ,
1283 2202 1390 2229 aures,
1413 2190 1586 2234 oculosque
1598 2191 1786 2225 mentientia
1799 2214 1807 2223 .
1926 2191 1974 2224 At
1986 2191 2073 2224 enim
2087 2188 2192 2223 adhuc

1178 2242 1268 2274 erat,
1289 2235 1419 2277 inquis,
1442 2236 1538 2268 vinus
1560 2236 1587 2266 is
1610 2235 1750 2274 vermis,
1773 2245 1867 2277 quem
1888 2236 1922 2268 in
1938 2234 2119 2276 pericardio
2130 2232 2193 2267 ho-

1179 2278 1277 2311 minis
1300 2278 1504 2318 florentini,
1527 2277 1631 2310 subita
1654 2285 1762 2311 morte
1789 2278 1926 2312 extincti
1940 2301 1954 2319 ,
1984 2278 2108 2313 Medici
2143 2288 2193 2310 re-

1179 2330 1350 2364 pererunt.
1375 2322 1461 2363 Qis
1485 2320 1549 2354 hoc
1573 2318 1648 2354 ait?
1672 2323 1784 2355 Petrus
1808 2321 1994 2365 Sphererius
2018 2322 2105 2365 (q).
2131 2320 2191 2356 Sed

1179 2364 1325 2398 aderatne
1347 2365 1441 2408 ipse?
1464 2365 1544 2398 Non
1568 2363 1716 2399 videtur.
1742 2367 1794 2399 An
1817 2367 1844 2400 is
1867 2367 1924 2411 qui
1949 2364 2114 2401 narravit?
2137 2367 2191 2400 Ne

1177 2407 1213 2441 id
1237 2408 1391 2450 quidem.
1527 2408 1684 2442 Bononiae
1705 2408 1876 2453 degebam,
1901 2422 1975 2445 cum
1999 2422 2112 2448 rumor
2123 2409 2191 2444 for—

1176 2461 1209 2484 te
1234 2451 1354 2494 sparsus
1377 2451 1439 2491 est,
1463 2453 1627 2485 nonnullis
1650 2455 1743 2497 equis
1764 2454 1901 2489 Nobilis
1924 2456 2027 2497 Viri,
2051 2458 2108 2500 qui
2143 2466 2191 2489 re-

1175 2504 1271 2537 pente
1296 2497 1419 2529 mortui
1442 2495 1671 2533 conciderant,
1694 2495 1856 2536 disseritis,
1880 2499 2012 2534 lacertas
2035 2501 2194 2544 multipe-

1177 2538 1230 2570 des
1254 2539 1288 2570 in
1314 2549 1427 2572 eorum
1449 2538 1602 2573 cordibus
1627 2538 1718 2574 fuisse
1752 2540 1958 2583 deprehensas
1981 2569 1988 2576 .
2026 2544 2188 2579 Ridebant

1174 2579 1284 2615 dodi.
1312 2582 1486 2616 Semidoffi
1511 2591 1618 2616 tamen
1642 2594 1708 2617 non
1730 2584 1882 2626 deerant,
1906 2598 2046 2630 quorum
2070 2589 2191 2632 partim

1174 2624 1210 2658 id
1234 2624 1300 2674 fieri
1349 2625 1434 2666 offe,
1457 2627 1711 2667 contenderent,
1735 2630 1853 2670 partim
1877 2630 2054 2672 adderent,
2077 2635 2110 2666 δε
2134 2643 2190 2665 ru-

1174 2679 1259 2702 morl
1284 2681 1299 2701 a
1339 2678 1494 2712 ngerent,
1518 2671 1649 2704 lacertas
1673 2672 1743 2705 illas
1769 2683 1834 2706 non
1858 2672 1921 2707 fine
1944 2686 2063 2716 motu,
2086 2678 2117 2709 δε
2140 2678 2190 2709 vi-

1176 2721 1208 2745 ta
1231 2711 1326 2745 fuisse
1348 2715 1512 2747 inventas.
1538 2714 1588 2747 Ibi
1614 2715 1762 2751 Valsalva
1785 2739 1798 2756 ,
1842 2717 1922 2760 quid
1965 2718 2189 2763 disputatione

1175 2767 1257 2798 opus
1280 2755 1348 2791 est?
1372 2758 1503 2802 inquit.
1528 2759 1679 2792 Lacertas
1701 2758 1774 2793 isias
1797 2760 2025 2803 inspiciamus.
2050 2764 2189 2797 Mortuo

1175 2801 1277 2843 igitur
1323 2812 1402 2834 mox
1423 2814 1508 2845 equo
1544 2803 1609 2836 alio
1630 2804 1664 2835 in
1688 2801 1799 2837 eodem
1821 2804 1946 2839 stabulo
1969 2805 2007 2840 ad
2053 2806 2189 2840 eundern

1174 2843 1331 2884 modum,
1357 2845 1578 2888 inspeximus:
1603 2856 1661 2879 nec
1683 2847 1785 2889 longo
1808 2851 1950 2883 examine
1973 2860 2054 2893 opus
2086 2848 2152 2885 fuit
2176 2874 2190 2891 ,

1171 2897 1209 2922 ut
1233 2888 1317 2921 nihil
1344 2889 1430 2923 aliud
1454 2890 1534 2926 effe,
1557 2901 1651 2931 quam
1674 2887 2094 2935 polyposasconcretiones,
2117 2905 2189 2937 per-

1176 2931 1392 2973 spiceremus,
1414 2944 1486 2974 quae
1510 2934 1705 2967 exteriorem
1727 2934 1917 2970 lacertarum
1938 2936 2080 2971 formam
2111 2950 2190 2981 qua-

1177 2975 1331 3009 dantenus
1355 2975 1565 3009 imitabantur
1577 2999 1584 3007 .
1721 2978 1845 3014 Utrum
1866 2980 2025 3016 existimas
2037 2981 2166 3016 tandem
2178 3006 2187 3020 ‚

1179 3019 1355 3052 lumbricos
1377 3020 1411 3052 in
1436 3018 1624 3063 {anguiferis
1646 3018 1724 3055 valis
1740 3045 1750 3062 ,
1773 3025 1807 3057 δε
1827 3023 1924 3058 corde
1946 3026 2085 3060 inveniri
2117 3025 2190 3060 fato

1179 3063 1320 3105 quodam
1368 3063 1420 3098 his
1467 3064 1671 3107 temporibus
1704 3064 1821 3101 desitos
1845 3067 1929 3101 effe?
1952 3080 1990 3103 an
2013 3068 2036 3103 fi
2059 3071 2190 3103 Coiteri

1177 3108 1302 3140 monita
1326 3118 1364 3139 ex
1387 3106 1559 3149 Majorum
1578 3110 1688 3141 animo
1711 3119 1775 3143 non
1800 3109 1984 3146 excidissent
2006 3125 2017 3152 3
2041 3124 2107 3147 non
2132 3113 2188 3147 sae-

1175 3151 1249 3192 pius
1272 3150 1376 3191 illos,
1399 3161 1495 3194 quam
1518 3151 1681 3193 posteros,
1701 3152 1882 3189 lumbricos
1904 3156 1937 3188 in
1961 3154 2116 3199 ejusmodi
2139 3157 2190 3190 lo-

1173 3194 1220 3226 cis
1244 3192 1334 3227 fuisse
1356 3196 1563 3228 inventuros?
1588 3197 1647 3230 Sed
1670 3207 1708 3229 ne
1732 3197 1818 3231 forte
1840 3198 2025 3241 suspiceris,
2048 3212 2064 3232 a
2088 3211 2139 3232 me
2152 3199 2189 3233 de

1179 3236 1331 3271 industria
1356 3237 1414 3271 esse
1439 3237 1584 3279 saetam,
1607 3249 1644 3274 ut
1669 3241 1708 3273 ab
1731 3242 1772 3274 iis
1803 3253 1874 3285 quae
1907 3244 1941 3275 in
1977 3243 2189 3285 Sepulchreto

1181 3280 1272 3320 sunt,
1296 3281 1585 3317 Observationibus
1607 3294 1675 3317 non
1696 3283 1872 3318 recederem
1894 3284 1955 3318 five
1978 3284 2033 3319 hic
2048 3313 2058 3327 ,
2093 3286 2157 3321 five
2176 3311 2186 3326 ,

1181 3324 1237 3358 ubi
1260 3323 1300 3358 de
1322 3325 1482 3360 vermibus
1508 3327 1677 3367 pericardii
1702 3328 1832 3370 agebam
1863 3330 1912 3372 (r
1933 3332 1948 3369 )
1970 3341 1981 3368 ‚·
2013 3331 2189 3374 praecipuas

1181 3367 1235 3401 hic
1260 3370 1417 3407 attingam
1440 3380 1479 3403 ex
1503 3370 1542 3403 iis
1565 3382 1636 3414 quae
1660 3380 1713 3406 aut
1737 3381 1801 3404 non
1826 3373 1932 3407 relatae
1947 3374 1980 3405 in
1996 3373 2078 3407 illud
2092 3374 2189 3416 sunt,

1182 3421 1236 3445 aut
1262 3410 1369 3445 referri
1396 3423 1460 3445 non
1486 3424 1660 3455 potuerunt
1683 3427 1691 3445 ε
1716 3411 1757 3446 fic
1782 3425 1893 3448 autem
1926 3417 2085 3459 attingam
2110 3440 2119 3456 ‚
2153 3428 2191 3452 ut

1180 3456 1274 3498 plane
1297 3456 1483 3498 intelligas,
1504 3468 1555 3491 me
1577 3470 1644 3492 non
1670 3456 1769 3491 modo
1791 3468 1857 3492 non
1880 3459 2023 3494 oblitum
2046 3459 2110 3495 effe
2134 3473 2191 3496 eo-

2079 3514 2155 3540 rum.

266 3676 339 3711 Epist.
356 3677 412 3702 add.
433 3676 464 3702 ad
478 3677 577 3702 Goetzii
593 3678 691 3705 Differt.
706 3680 735 3706 de
751 3680 870 3712 polypos,
884 3688 987 3709 concret.
1005 3685 1051 3709 ecc.

273 3709 330 3732 v1d.
346 3708 445 3734 Freher.
461 3708 565 3733 Theatr.
580 3709 663 3736 Viror.
682 3712 748 3736 erud.
765 3711 795 3735 cl.
813 3714 837 3736 P.
857 3720 879 3742 3.

273 3738 336 3763 lbid.
352 3738 414 3764 Sest.
430 3740 475 3765 hac
492 3746 518 3768 9·
533 3739 595 3764 ΟΜ.
611 3749 633 3765 2.

269 3770 432 3800 Anthropogr.
448 3771 466 3795 1.
485 3778 508 3800 3.
525 3777 546 3795 c.
566 3778 601 3794 12.
689 3780 705 3797 a

180 3676 258 3739 ((ῖέ

180 3738 256 3798 r>

125 3784 133 3794 x
210 3767 254 3799 ζ)

179 3800 254 3891 {e

1116 3684 1185 3714 (Ρ)
1202 3689 1239 3711 De
1255 3686 1331 3711 Febr-e
1349 3685 1435 3710 Semit.
1451 3686 1468 3711 l.
1488 3694 1507 3711 1.
1524 3696 1546 3713 e.
1566 3696 1602 3719 ις,

941 3715 955 3744 (
968 3715 1010 3744 s)
1028 3715 1045 3738 l·
1064 3721 1088 3738 ¹·
1101 3714 1160 3738 05(-
1178 3718 1247 3742 Med.
1266 3726 1300 3743 12.
1318 3717 1343 3741 in
1360 3716 1441 3741 Sehol.

697 3741 705 3771 (
722 3750 737 3766 x
750 3741 765 3770 2
779 3744 816 3766 De
831 3742 902 3767 Med.
919 3745 979 3770 nist.
996 3744 1090 3770 Mirab.
1107 3746 1124 3769 ι.
1141 3754 1153 3775 5
1170 3755 1191 3772 c.
1209 3756 1231 3778 3,

749 3772 825 3801 Epist.
841 3774 872 3797 de
887 3777 960 3800 Cord.
979 3778 1074 3806 Polypo
1090 3784 1115 3800 n.
1133 3784 1172 3806 14.

1664 3690 1677 3718 (
1694 3697 1710 3718 q
1726 3688 1739 3716 )
1754 3687 1829 3718 Epist.
1846 3687 1879 3712 de
1891 3687 1990 3718 Polypo
2003 3688 2078 3714 (ἕω-α’.

1503 3720 1517 3748 (
1532 3725 1543 3743 t
1559 3719 1573 3748 )
1589 3719 1709 3747 Sepulchr.
1727 3719 1741 3742 Ι.
1760 3727 1782 3741 2.
1800 3720 1824 3742 S.
1842 3725 1879 3743 ιο.
1911 3718 1976 3743 Obs.
1988 3722 2013 3743 6.

1293 3748 1300 3776 (
1316 3756 1332 3778 y
1350 3748 1358 3777 )
1375 3748 1434 3772 obs.
1452 3749 1522 3773 Med:
1540 3752 1559 3774 Ι.
1577 3759 1598 3773 ιι..
1615 3750 1654 3774 ubi
1672 3752 1701 3775 de
1716 3749 1811 3774 Corde.

1236 3777 1245 3802 (
1262 3778 1276 3802 b
1292 3779 1306 3808 )
1322 3778 1396 3806 Epist.
1416 3786 1453 3808 ιγ.
1472 3786 1497 3804 n.
1515 3788 1538 3804 2.
1557 3783 1579 3806 δι
1596 3789 1635 3809 zq.
1652 3781 1675 3804 δι
1694 3780 1764 3808 Epist,
1782 3785 1880 3809 4,n⁴.23-
1942 3780 1957 3810 <
1969 3780 2001 3809 c)
2017 3780 2198 3806 Observnnatt

268 3799 283 3823 l·
301 3809 325 3837 ⁴:
342 3802 364 3825 S·
382 3809 403 3825 ¹1
421 3800 480 3825 Obs·
497 3805 537 3825 61·-
556 3801 580 3831 §-
600 3809 637 3827 11.
660 3773 674 3802 ζ
697 3805 734 3830 (ε
751 3803 801 3832 )1.
819 3811 841 3828 2.
856 3807 880 3829 S.
897 3815 922 3834 7.
939 3807 1000 3831 Obs.
1020 3810 1073 3835 163.
1137 3810 1145 3836 ί
1163 3807 1199 3837 f)
1217 3812 1255 3834 De
1271 3809 1371 3834 Lumbr.
1390 3812 1442 3834 lato
1458 3817 1479 3833 c.
1498 3820 1518 3840 3·
1583 3812 1630 3842 (g
1648 3813 1657 3843 )
1675 3811 1748 3840 Epist.
1766 3813 1841 3835 Anat.
1862 3818 1895 3839 ¹4·
1913 3818 1935 3834 n.
1953 3819 1993 3840 44.

286 3832 319 3861 (¹
337 3836 347 3859 )
363 3831 488 3860 Sepulchr.
508 3833 525 3856 Ι.
544 3840 568 3856 2.
586 3834 610 3856 s.
626 3843 650 3864 4.
666 3834 727 3859 Obs.
744 3837 769 3868 ⁶:
784 3834 810 3864 ξ.
832 3842 851 3858 ¹·
871 3836 893 3860 δε
909 3846 932 3861 2.
996 3840 1008 3863 (
1024 3837 1039 3861 k
1057 3838 1070 3865 )
1087 3845 1110 3861 n.
1129 3846 1164 3867 ις.
1227 3842 1241 3868 (
1258 3841 1266 3864 Ι
1282 3840 1296 3868 >
1313 3840 1336 3863 in
1355 3841 1437 3864 schol.
1456 3841 1484 3865 ad
1502 3842 1546 3865 cit.
1565 3842 1624 3866 obs.
1686 3842 1693 3870 (
1713 3840 1737 3866 m
1754 3841 1799 3871 )1.
1819 3849 1837 3871 3.
1857 3850 1879 3865 c.
1896 3841 1918 3864 8-
1981 3841 2024 3871 (η
2039 3843 2053 3871 )
2069 3849 2092 3866 n·
2111 3846 2146 3870 13·

266 3863 285 3886 l.
303 3870 323 3887 2.
341 3863 365 3886 S.
386 3870 420 3888 u.
438 3862 499 3887 Obs.
516 3870 536 3892 3.
556 3862 577 3893 §.
594 3872 616 3888 2.
679 3867 720 3896 (p
736 3866 749 3894 )
764 3873 789 3889 ιη
807 3866 887 3891 Schol.
949 3872 961 3895 (
978 3877 992 3898 q
1012 3869 1019 3898 )
1037 3868 1094 3892 ΟΜ.
1112 3870 1157 3893 cit.
1177 3870 1197 3900 §,
1224 3878 1243 3894 r.
1306 3872 1342 3900 (1
1363 3873 1375 3900 >
1393 3871 1457 3900 Epist
1486 3880 1519 3901 η,
1541 3881 1565 3896 τι,
1587 3882 1620 3902 ¹3·
