2498 4075
465 136 539 186 314

392 197 544 231 articulos
565 196 715 239 dolores,
738 201 770 233 &
795 198 955 241 spirandi,
979 200 1011 233 in
1036 198 1160 235 ascensu
1191 202 1361 243 pta->sertim
1385 221 1399 238 ,

392 240 615 277 difficultatem
640 250 808 284 torquente
834 267 843 281 ‚
879 254 950 277 cum
973 254 1011 277 ex
1035 243 1182 280 altissimo
1206 245 1280 277 loco
1303 266 1313 282 ‚
1359 241 1396 275 ad

390 296 485 326 quem
509 284 658 318 videlicet
683 296 736 326 per
760 285 870 321 scalam
893 285 1103 329 quadraginta
1127 286 1283 328 graduum
1294 286 1395 319 ascen-

392 327 547 366 debatur,
571 330 745 366 interi-am
771 329 898 362 ruisset:
923 332 1060 371 primum
1084 329 1214 371 quidem
1240 330 1396 365 auxilium

387 371 605 411 implorabam
631 369 680 404 sed
705 373 799 413 paulo
825 372 892 414 post
915 372 1003 414 loqui
1027 373 1163 414 amplius
1185 384 1248 407 non
1260 381 1396 415 poterat,

388 415 419 447 ἃ
443 415 533 446 celeri
560 422 661 448 morte
684 415 918 458 occupabatur.
1080 416 1131 449 IN
1157 417 1360 456 VENTRE
1386 440 1396 454 ‚

388 458 420 488 δι’
456 456 631 490 (ΞΑΡᾸΤΞ
664 457 747 492 nihil
781 467 896 499 praeter
926 467 1071 494 naturam
1106 457 1171 494 fuit
1193 482 1202 489 .
1333 459 1394 492 Sed

391 497 546 531 Thorace
571 509 684 540 aperto
707 512 800 533 omne
824 501 994 542 pericarclii
1018 513 1131 536 cavum
1161 502 1325 536 inventum
1349 501 1393 537 est

386 542 512 583 plenum
536 552 688 576 concreto
712 544 880 580 sanguine:
904 546 961 587 qui
985 557 1021 580 ex
1045 547 1165 587 Magna
1189 548 1305 581 arteria
1319 556 1393 588 pro-

382 594 420 632 pe
443 596 497 617 cor
520 585 652 626 erupisse
676 587 863 622 videbatur.
890 590 976 620 Nam
1001 588 1393 631 specillum,extrinsecus

386 628 460 676 illac
487 628 659 664 immissum
681 654 695 673 ‚
729 632 814 665 intra
839 631 926 665 illius
949 643 1063 667 cavum
1086 633 1189 666 vitum
1211 631 1255 666 est
1288 643 1396 675 perve-

386 682 476 705 nire.

433 715 463 747 8.
489 715 614 749 Venam
637 729 676 750 ex
698 717 769 751 casu
792 718 831 752 ab
863 718 929 750 alto
951 719 984 751 in
1016 729 1126 753 ventre
1156 718 1331 760 disruptam
1363 730 1395 752 a·

385 759 521 800 gnovit,
550 769 584 792 ut
610 761 685 793 alias
709 765 773 801 (p)
803 761 839 794 ad
866 772 894 793 te
919 761 1075 801 scribam,
1108 762 1173 805 ipse
1207 763 1355 796 Valsalva
1379 786 1390 796 .

383 801 463 834 Cur.
480 802 579 843 igitur
602 804 635 839 in
659 804 721 837 hoc
747 804 830 837 Viro
855 804 875 837 si
899 805 943 837 ob
964 804 1099 839 fimilem
1123 805 1246 839 causam
1269 816 1320 839 vas
1332 805 1390 838 ali-

383 842 472 885 quod
497 848 604 891 rumpi
630 848 661 879 in
687 845 815 880 thorace
839 847 976 888 debuit,
998 860 1060 882 non
1085 860 1169 883 venae
1194 848 1224 881 id
1249 851 1356 890 potius
1383 872 1392 887 ‚

380 898 476 928 quam
493 889 561 920 'vast
584 890 728 931 contigit
752 890 936 924 craffiffimi's
959 893 1078 926 tunicis
1101 891 1261 935 praedito,
1297 891 1392 934 quale

378 932 500 964 arteriae
525 932 650 972 Magnae
675 943 805 968 truncus
828 933 869 967 est
884 956 892 971 ‚
917 945 1016 977 prope
1038 947 1093 969 cor
1116 933 1315 978 praesertim?
1331 936 1393 968 Fac

377 976 522 1023 cogites,
545 973 713 1011 hominem
736 988 773 1010 ex
799 979 936 1011 Vener-ea
963 979 1011 1013 lue
1033 979 1212 1012 obnoxium
1225 977 1317 1012 fuisse
1329 978 1393 1020 spi-

378 1017 467 1049 randi
490 1017 697 1059 difficultati,
723 1022 869 1054 arteriam
894 1031 998 1055 autem
1020 1023 1172 1064 Magnam
1197 1033 1261 1055 non
1286 1033 1396 1063 perru-

341 1082 343 1084 ψ
376 1069 467 1108 ptam
491 1060 550 1094 esse
574 1064 756 1102 inventam,
793 1064 843 1098 sed
867 1076 987 1107 parvo,
1021 1069 1051 1099 ἃ
1077 1064 1204 1099 fortasse
1225 1065 1363 1108 obliquo
1382 1083 1394 1101 2

378 1113 414 1136 ut
439 1104 587 1144 videtur,
625 1106 782 1141 foramine
807 1108 984 1150 pertusam.
1011 1110 1062 1142 Sic
1085 1109 1167 1147 tibi,
1191 1119 1302 1142 eorum
1327 1120 1391 1141 me-

380 1149 462 1188 mori
486 1159 554 1190 quae
578 1149 616 1182 de
640 1151 748 1184 Morte
772 1153 952 1193 Repentina
976 1152 1112 1186 scribens
1135 1152 1391 1193 exlabei'angui-

377 1189 520 1229 ferorum
546 1193 688 1227 vasorum
712 1198 798 1237 (q),
822 1197 945 1229 arteriae
967 1196 1056 1229 illius
1067 1197 1169 1234 vitia,
1192 1194 1390 1228 tunicassen-

376 1232 435 1267 fim
458 1233 675 1275 perforantia,
701 1241 733 1272 δέ
757 1238 900 1280 sanguini
924 1239 1049 1271 exitum
1071 1239 1116 1271 ve]
1143 1239 1228 1270 intra
1253 1239 1390 1280 pericar-

377 1277 470 1310 diurn
495 1281 692 1320 aperienda,
715 1281 888 1323 proposui,
915 1282 957 1316 fic
983 1281 1066 1318 tibi,
1101 1283 1230 1324 inquam
1253 1306 1261 1317 ,
1296 1279 1390 1314 facile

375 1322 483 1353 veniet
505 1323 538 1353 in
563 1333 722 1363 mentem,
745 1325 824 1366 quid
848 1326 881 1357 in
906 1323 966 1358 hoc
990 1324 1121 1358 homine
1145 1323 1318 1367 praeceffisse
1332 1335 1390 1366 po-

375 1366 497 1401 tuerit,
525 1366 606 1401 unde
631 1368 678 1400 ibi
704 1367 792 1401 laesus
817 1369 941 1402 arteriae
965 1377 1094 1402 truncus
1117 1377 1186 1401 tum
1209 1368 1390 1409 sanguinem

375 1407 458 1454 ,hau-d
485 1408 561 1444 satis
585 1411 814 1466 propellendo,
837 1410 1389 1453 respirationisdifficultatem,tum

374 1449 508 1493 denique
532 1453 639 1488 adtrita
662 1455 785 1496 ing-enti
810 1454 854 1487 ob
876 1454 1030 1497 ejusmodi
1055 1455 1158 1488 casum
1170 1454 1389 1494 concuffione‚

372 1504 443 1536 (luae
467 1496 627 1539 reliquum
651 1497 753 1531 adhuc
776 1498 913 1540 aliquem
927 1499 959 1531 in
983 1500 1090 1531 tunica
1104 1508 1221 1531 extima
1247 1509 1385 1540 perrum-

372 1548 459 1578 peret
482 1539 607 1573 obicem
623 1565 635 1581 ‚
657 1540 868 1578 effundendo,
891 1551 1028 1575 mortem
1062 1543 1259 1574 celerrimam
1294 1540 1381 1574 affer.

371 1589 419 1613 ret
434 1605 442 1613 .
467 1582 567 1625 Qod
590 1585 735 1624 vitium,
757 1583 780 1617 fi
804 1584 953 1617 Valsalva
977 1587 1164 1618 interiorem
1188 1587 1309 1617 arteriae
1333 1582 1380 1617 fa-

370 1626 454 1657 ciem
478 1625 656 1668 inspexisset
673 1651 681 1664 ,
707 1639 769 1659 non
792 1627 922 1661 difficile
946 1652 957 1669 ,
979 1638 1015 1663 ut
1039 1630 1156 1672 opinor
1180 1651 1192 1668 ,
1222 1626 1325 1661 suisset
1351 1639 1385 1660 a-

370 1668 624 1704 nimadveisiim.
651 1672 828 1712 Utcunque
850 1672 884 1704 id
908 1672 973 1712 est;
997 1682 1080 1705 certe
1102 1671 1187 1713 quod
1223 1673 1256 1703 in
1288 1672 1384 1704 corde

370 1709 506 1757 offendit
533 1712 611 1747 senis
634 1714 824 1756 illiuscujus
849 1718 997 1755 protinus
1010 1714 1173 1747 historiam
1185 1715 1384 1755 describam,

367 1765 432 1831 ism
457 1754 514 1832 diff
539 1767 630 1791 antea
653 1755 745 1792 fuisse
768 1780 781 1797 ,
816 1769 854 1790 ex
875 1758 950 1791 vitii
975 1758 1070 1801 ipsius
1103 1767 1214 1791 natura
1250 1757 1383 1791 manife-

395 1809 448 1832 um
472 1810 486 1831 e
525 1823 532 1830 .

409 1854 440 1883 9.
466 1843 621 1877 SENEX
643 1855 759 1877 annum
797 1855 890 1887 agens
915 1844 1175 1888 septuagesimum
1202 1867 1210 1882 ‚
1244 1845 1287 1881 ab,
1314 1845 1382 1877 alto

366 1884 477 1925 cad-it,
501 1888 532 1919 δε
557 1886 699 1921 thoracis
722 1888 882 1922 dexteram
907 1898 1027 1930 partem
1053 1889 1089 1921 ad
1115 1899 1230 1921 teri-am
1254 1888 1379 1920 allidit.

367 1929 407 1962 In
431 1929 517 1962 idem
560 1930 670 1966 illatus
716 1931 953 1966 Nosocomium
989 1934 1075 1974 quod
1111 1932 1202 1973 supra
1237 1942 1380 1963 nomina-

364 1971 507 2015 vimus,
536 1982 625 2008 tanta
660 1975 831 2018 respirandi
865 1976 1085 2015 difficultate,
1119 1985 1270 2018 acutaque
1303 1974 1382 2007 adeo

365 2014 451 2049 febre
486 2018 684 2060 corripitur,
728 2028 764 2052 nt
797 2019 933 2062 septimo
964 2021 1100 2052 intereat
1134 2019 1204 2053 die.

362 2059 416 2100 IN
451 2060 695 2096 THORACIS
730 2074 810 2095 cavo
848 2063 981 2096 dextero
1017 2061 1164 2096 nonnihil
1192 2062 1303 2104 pulmo
1326 2062 1378 2093 in-

361 2103 531 2142 dui-uerat,
557 2105 705 2148 totusque
728 2117 841 2149 magna
866 2107 1120 2140 inflammatione
1144 2106 1275 2139 affectus
1299 2113 1375 2143 erat,

361 2146 500 2189 superius
523 2148 720 2189 praesertim,
743 2161 807 2192 qua
832 2153 862 2183 &
887 2151 923 2182 ad
948 2151 1088 2193 pleuram
1120 2151 1202 2182 arete
1235 2147 1375 2181 adhaere-

360 2190 438 2230 bat,
462 2194 492 2224 δέ
518 2191 685 2225 abscessum
711 2193 897 2226 continebat
924 2219 931 2226 .
968 2194 1082 2225 Pulmo
1117 2202 1221 2225 autem
1255 2190 1375 2224 finister

357 2234 580 2275 rubicundus,
603 2235 651 2270 sed
678 2248 693 2268 a
717 2245 808 2277 tergo
831 2239 956 2279 magis,
980 2246 1012 2270 ut
1027 2237 1175 2269 nonu-hil
1195 2235 1376 2268 inflamma-

357 2287 409 2311 tus
434 2279 615 2315 videretur,
640 2280 746 2322 nigras
771 2279 823 2312 hic
847 2282 916 2313 illic
929 2280 1079 2316 imaculas
1103 2291 1156 2321 per
1182 2281 1267 2313 suam
1302 2279 1374 2311 sub-

354 2320 500 2355 stantiam
524 2322 670 2365 disjectas
694 2323 849 2357 ostendit.
877 2324 1089 2357 Pericardium
1115 2333 1259 2364 magnam
1282 2333 1372 2363 aquae

358 2366 509 2405 copiam,
536 2368 568 2399 &
591 2378 646 2399 cor
671 2366 787 2408 grande
811 2368 889 2400 adeo
912 2367 1123 2406 continebat,
1155 2376 1189 2399 ut
1214 2365 1370 2399 bubulum

354 2419 455 2450 prope
478 2419 631 2450 aequaret.
659 2413 694 2442 ln
717 2411 824 2444 cordis
848 2411 1031 2444 ventriculis
1049 2411 1172 2443 inerant
1206 2410 1368 2451 polyposae

354 2454 579 2486 concretiones
613 2453 768 2492 subalbae,
805 2457 836 2486 δι’
861 2454 900 2486 sic
926 2453 1000 2486 satis
1022 2453 1153 2489 molles,
1190 2463 1310 2493 magnae
1334 2452 1369 2484 in

354 2494 510 2537 singuli&
534 2495 632 2537 major
658 2506 763 2529 tamen
789 2508 856 2534 oute
881 2500 912 2529 in
938 2497 1084 2529 dextero.

403 2549 452 2571 10.
478 2540 557 2571 Non
582 2540 716 2577 cubito,
739 2541 818 2583 quin
842 2539 863 2573 fi
888 2538 1092 2573 incommoda
1114 2536 1243 2580 quaefita
1259 2535 1367 2577 essent,

353 2582 471 2624 quibus
497 2584 595 2615 Senex
618 2584 708 2624 prius
731 2594 825 2624 quam
850 2583 972 2616 caderet
987 2607 996 2619 ,
1019 2582 1092 2615 esset
1116 2582 1298 2615 obnoxius.
1320 2591 1366 2612 re-

353 2634 443 2666 perta
469 2625 596 2659 fuissent
620 2627 725 2669 aliqua
752 2626 788 2659 ad
812 2635 935 2660 tantam
959 2625 1051 2659 istam
1074 2624 1181 2657 cordis
1205 2633 1365 2665 magnitu-

349 2667 456 2701 dinem
481 2668 639 2702 referenda
664 2693 671 2701 .
705 2669 755 2703 Et
778 2681 957 2712 quanquam
981 2671 1013 2700 in
1038 2666 1179 2701 allisione
1203 2667 1258 2699 illa
1292 2666 1365 2699 satis

354 2712 454 2744 catisae
478 2711 566 2752 fuit,
589 2724 644 2747 cur
671 2713 782 2753 pulmo
805 2712 915 2746 dexter
940 2712 1246 2748 inflammationem,
1271 2712 1301 2742 δέ
1326 2721 1365 2742 ex

350 2753 429 2793 hac,
455 2756 488 2788 in
512 2755 770 2800 suppurationem
794 2756 994 2793 transeunte,
1020 2753 1187 2788 abscessum
1200 2752 1367 2786 contrahe·
1417 2765 1438 2796 q

353 2808 424 2837 ret,-
448 2809 463 2831 a
487 2802 551 2833 veri
577 2811 681 2833 tamen
704 2799 913 2832 fimilitudine
937 2800 1072 2832 alienum
1098 2796 1240 2837 nonest,
1263 2808 1301 2828 eo
1313 2796 1361 2828 fa-

349 2844 446 2875 cilius
469 2844 680 2883 contraxisse,
703 2843 790 2885 quod
817 2842 881 2886 jam
906 2852 995 2875 antea
1020 2841 1184 2884 pulmones
1216 2851 1230 2872 a
1266 2839 1361 2872 corde

348 2886 526 2919 illiusmodi
552 2896 620 2921 tum
645 2885 829 2928 compressi,
853 2896 923 2920 tum
934 2886 977 2919 ob
990 2887 1093 2918 minus
1117 2882 1295 2926 expeditam
1308 2893 1361 2924 per

348 2927 452 2969 ipsum
470 2952 481 2968 ,
504 2932 536 2963 δι’
560 2930 646 2972 quod
670 2929 903 2972 consequitur,
927 2941 980 2972 per
1002 2940 1055 2961 eos
1079 2938 1207 2971 quoque
1231 2926 1359 2967 sangni-

348 2973 397 3004 nis
422 2971 656 3006 traductio-nem
679 2974 802 3009 laxati,
826 2973 862 3006 ad
886 2973 970 3006 hunc
989 2970 1191 3004 retinendum
1209 2993 1220 3010 ,
1242 2968 1357 3002 finova

347 3016 507 3057 quaepiam
532 3016 621 3050 causa
644 3016 805 3049 accederet
828 3039 839 3055 ,
862 3015 1006 3058 dispositi
1031 3016 1126 3048 essent
1152 3035 1160 3049 2
1193 3011 1357 3055 minusque

348 3057 456 3091 idonei
482 3057 520 3091 ad
542 3072 575 3092 ea
599 3058 795 3102 prohibenda
819 3071 889 3102 quae
914 3059 984 3092 inde
1010 3057 1111 3092 secuta
1136 3056 1226 3090 sunt.

393 3111 441 3135 11.
467 3102 565 3136 Nunc
589 3103 717 3146 quando
743 3103 829 3135 let-us
854 3125 863 3138 ,
898 3106 928 3135 ε(
953 3103 1093 3136 Vulnera
1117 3112 1186 3146 quae
1210 3099 1246 3133 ad
1278 3099 1359 3132 Col-

347 3146 439 3185 lum,
462 3144 499 3178 ad
527 3147 658 3186 Ρεᾶυς,
681 3145 718 3179 ad
743 3146 855 3178 Latera
868 3145 1030 3187 (metant,
1054 3157 1092 3178 ex
1104 3144 1258 3181 Valsalvae
1271 3141 1359 3175 sche-

346 3187 396 3221 dis
421 3189 666 3230 proposuimus‚·
688 3199 825 3231 quatuor
838 3188 903 3230 ejus
916 3189 1188 3226 Observationes,
1212 3186 1251 3220 ad
1262 3184 1358 3219 Dorfi

345 3231 487 3265 Vulnera
513 3235 682 3266 attinentes
695 3255 708 3272 ,
731 3230 935 3275 subjiciamus
951 3257 957 3264 .

394 3285 443 3307 12.
470 3275 592 3310 VJRO
614 3286 767 3309 annorum
792 3277 924 3308 circiter
949 3274 1158 3317 quadraginta
1180 3275 1320 3316 quinque
1344 3293 1354 3308 s

343 3320 500 3360 pungenti
524 3319 612 3353 ferro
636 3318 764 3352 dorsum
788 3320 973 3353 vulneratur
994 3320 1077 3350 circa
1101 3319 1284 3359 quin&am‚
1321 3319 1354 3349 δέ

344 3360 464 3394 sextam
486 3363 603 3396 costam
624 3389 632 3402 ,
657 3363 830 3395 intervallo
851 3361 989 3397 duorum
1001 3361 1183 3403 digitorum
1195 3358 1353 3393 transver-

344 3403 451 3446 sorum
477 3418 491 3439 a
516 3408 632 3449 Spina.
657 3407 686 3439 E
710 3405 836 3437 vulnere
862 3406 976 3448 primis
997 3404 1110 3438 diebus
1134 3415 1197 3436 non
1211 3402 1350 3436 multum

345 3447 528 3488 sanguinis,
554 3449 657 3491 postea
682 3459 788 3481 autem
811 3460 971 3491 quatuor,
995 3458 1048 3481 aut
1071 3448 1211 3490 quinque
1225 3448 1354 3480 circiter

344 3493 447 3524 unciae
470 3493 621 3537 quotidie
643 3492 852 3534 erumpebant
868 3518 875 3527 .
907 3493 982 3532 Qua
1004 3488 1240 3534 haemorrhagia
1270 3490 1353 3522 circa

670 120 827 174 Liber
862 119 947 174 IV.
982 119 1061 173 De
1099 120 1292 175 Morbis
1325 120 1648 191 Chirurgicis
1682 124 1736 177 &
1772 122 2167 179 Universalibus

1448 200 1535 234 diem
1558 200 1718 234 decimum
1741 201 1889 235 remediis
1912 199 2042 247 repressa
2064 223 2078 241 ,
2107 202 2220 236 vulnus
2253 203 2409 237 intumuit
2433 208 2447 244 ,‘

1447 245 1646 288 multamque
1669 244 1813 278 emittere
1835 245 1951 279 saniem
1974 245 2101 287 erepit,
2122 244 2212 286 cujus
2234 246 2268 279 in
2299 247 2365 280 dies
2396 258 2453 280 au-

1447 288 1577 328 gebatur
1599 289 1713 329 copia.
1739 289 1821 321 Erat
1843 298 1948 322 autem
1972 287 2115 324 micitia,
2140 290 2172 322 δι
2195 297 2288 323 tenax
2311 315 2319 329 ‚
2337 299 2377 323 nt
2389 299 2453 323 tra-

1447 329 1701 373 hentemdlongo
1721 329 1820 366 duc‘tu
1844 332 2045 376 sequeretur.
2076 332 2274 377 Diuturuam
2295 332 2452 376 ejusmodi

1446 376 1682 414 exet-ctionem,
1704 373 1789 407 lenta
1811 385 1883 408 cum
1905 373 1992 408 febre
2014 374 2218 416 conjunstam
2232 398 2244 415 ‚
2268 375 2375 409 senfim
2398 376 2451 410 de-

1447 418 1573 452 ficiente
1595 429 1704 460 aegro,
1727 428 1813 451 mors
1824 419 1948 461 excepit
1969 416 2022 451 die
2044 417 2084 449 ab
2106 416 2452 462 inflicftovulnerequa-

1447 460 1623 504 dragesimo
1646 459 1799 506 secundo.
1931 460 2193 495 CADAVERE
2215 460 2347 496 miseeto
2371 486 2380 500 ‚
2415 464 2451 496 in

1445 505 1606 539 Thoracis
1628 514 1742 537 cavum
1768 514 1823 538 nec
1845 504 1980 543 vulnus,
2014 514 2071 536 nec
2094 502 2211 536 saniem
2245 506 2415 546 pervenisse
2438 529 2451 546 ,

1444 548 1644 589 exploratum
1666 547 1732 587 est,
1754 549 1785 580 &
1807 549 1951 589 quamvis
1974 546 2040 580 haec
2065 546 2184 580 multos
2207 545 2264 580 fibi
2287 546 2394 589 finus,
2418 551 2450 583 &

1443 592 1610 625 cuniculos
1634 590 1778 630 fecisset,
1799 601 1926 624 omnem
1949 599 2055 623 tamen
2079 587 2236 623 laefionem
2259 592 2293 624 in
2317 594 2457 627 exterio-

1449 634 1538 668 ribus
1562 633 1746 668 substitisse.

1497 688 1544 718 13.
1569 678 1703 718 Qanto
1725 676 1821 710 satius
1845 675 1883 709 fit
1906 685 1976 709 turn
1998 685 2149 717 caeteras,
2183 685 2253 710 tum
2289 677 2455 714 vulnerum

1448 732 1574 764 quoque
1597 720 1843 766 liaemqrrhagias
1867 718 2045 757 moderari,
2069 732 2163 762 quam
2178 721 2348 761 reprimere
2363 721 2454 762 ,haec

1444 765 1504 797 tibi
1526 764 1701 797 confirmat¹
1716 762 1868 798 historia.
1892 762 2006 807 Neque
2027 775 2064 797 ex
2077 765 2226 806 proxima
2250 763 2335 799 aliud
2348 765 2453 800 deerit

1439 807 1528 851 quod
1551 808 1705 848 colligas.

1488 861 1535 894 14.
1563 851 1814 884 AGRICOLA
1830 861 1925 884 annos
1952 858 2042 883 natus
2052 851 2181 884 circiter
2195 850 2332 892 triginta
2349 879 2354 888 ,
2371 861 2454 886 tem-

1445 903 1628 935 peramento
1649 893 1788 933 bilios0‚
1812 894 1844 926 in
1868 894 1983 927 finistra
2007 893 2129 936 scapula
2153 896 2258 927 caelim
2282 893 2320 926 ad
2345 894 2454 928 secun-

1445 936 1519 970 dam
1541 936 1637 978 usque
1660 936 1776 970 costam
1801 948 1896 980 prope
1918 936 2073 970 vertebras
2095 939 2217 979 ingenti
2239 937 2364 970 vulnere
2388 942 2454 973 sau-

1444 982 1567 1019 ciatus,
1590 982 1623 1012 in
1647 979 1731 1013 idem
1755 980 1843 1022 quod
1867 981 2006 1022 superius
2017 980 2110 1018 dixi,
2134 981 2371 1015 Nosocomium
2397 993 2453 1015 ex-

1444 1026 1585 1066 cipitur.
1613 1023 1661 1056 Ibi
1685 1034 1757 1056 cum
1781 1034 1797 1067 a
1822 1024 1921 1056 Paulo
1944 1023 2029 1055 Bella
2054 1023 2205 1061 Medico,
2231 1028 2259 1056 ἅ
2285 1023 2453 1068 Chirurgo

1446 1066 1694 1108 praestantiffimo
1718 1067 1888 1108 diligenter
1912 1076 2097 1106 curaretur,
2129 1067 2222 1108 sputo
2246 1066 2417 1108 sanguineo
2439 1091 2454 1109 ‚

1443 1109 1535 1149 tussi,
1558 1109 1685 1143 difficili
1710 1109 1917 1151 respiratione
1939 1121 2011 1143 cum
2024 1109 2111 1152 pulsu
2134 1110 2234 1143 debili
2258 1121 2292 1142 ac
2305 1109 2453 1153 frequen,

1442 1155 1489 1190 ti,
1511 1153 1691 1195 crebrisque
1713 1152 2059 1187 animidefeetioiiibus
2069 1164 2232 1197 correptus
2246 1178 2253 1191 ‚
2277 1151 2329 1186 his
2342 1155 2453 1187 omni-

1442 1196 1499 1230 bus
1524 1197 1810 1236 invalescentibus,
1834 1197 1923 1229 obire
1947 1199 2030 1229 circa
2055 1208 2176 1230 nonum
2202 1196 2288 1230 diem
2314 1206 2452 1232 mortem

1441 1238 1525 1283 posse
1550 1239 1731 1273 videbatur.
1757 1238 1814 1272 Sed
1838 1252 1876 1272 eo
1898 1239 1948 1273 die
1971 1240 2105 1280 exafm,
2127 1243 2158 1274 &
2185 1240 2451 1283 symptomatibus

1442 1282 1591 1316 nonnihil
1618 1283 1877 1322 remittentibus,
1901 1283 2013 1316 vulnus
2036 1294 2163 1325 quoque
2187 1283 2291 1325 ipsum
2324 1285 2358 1315 in
2375 1296 2450 1325 ⁴me-

1442 1327 1503 1359 lius
1527 1326 1723 1365 inclinabat,
1748 1337 1820 1359 cum
1845 1338 1941 1368 prope
1965 1325 2123 1360 decimum
2149 1326 2318 1368 septimum
2341 1337 2452 1369 repen-

1442 1379 1495 1409 te,
1519 1371 1663 1412 quamvis
1687 1369 1747 1402 sine
1773 1369 2052 1408 inflammatione,
2073 1370 2377 1407 vulnusintumuit,
2402 1369 2449 1403 fe-

1439 1412 1566 1455 brisque
1590 1414 1753 1446 vehemens
1775 1424 1846 1446 cum
1871 1413 1962 1456 pulsu
1986 1412 2163 1454 languido,
2198 1416 2229 1446 δ(
2253 1411 2371 1446 diffuso
2394 1424 2449 1455 per

1439 1456 1620 1493 universum
1642 1468 1757 1496 corpus
1781 1458 1908 1499 rigore,
1932 1456 2032 1489 senius
2058 1455 2209 1498 ponderis
2233 1457 2265 1488 in
2290 1456 2447 1502 thorace,

1438 1500 1611 1533 laboriosus
1636 1500 1816 1538 anhelitus,
1840 1510 1873 1532 ac
1898 1500 2071 1541 purulentae
2095 1501 2192 1533 urinae
2227 1500 2414 1533 accesserunt
2438 1525 2449 1541 ‚

1438 1545 1470 1576 &
1496 1543 1563 1583 post
1589 1542 1657 1577 haec
1681 1554 1768 1577 mors
1791 1542 1924 1585 denique
1947 1543 1997 1575 die
2022 1543 2060 1575 ab
2084 1552 2215 1583 accepto
2248 1543 2374 1576 vulnere
2396 1545 2448 1576 vi-

1436 1585 1554 1628 gesimo
1578 1586 1684 1619 sexto.
1819 1586 2062 1620 THORACIS
2085 1584 2234 1620 diffeffio
2265 1586 2450 1621 instituitur

1436 1642 1509 1664 cum
1535 1631 1630 1663 Petro
1653 1629 1840 1663 Molinellio
1855 1652 1862 1666 i
1888 1632 1919 1662 &
1944 1628 2111 1661 Francisco
2134 1630 2393 1670 Guicciardino,
2416 1642 2448 1663 e.

1437 1672 1485 1715 jus
1508 1673 1703 1706 Nosocomii
1729 1672 1860 1706 Medico
1882 1669 2067 1705 Affisterite.
2094 1674 2180 1706 cum
2192 1671 2287 1706 sterni
2301 1671 2445 1707 exsecan-

1436 1717 1469 1748 di
1493 1716 1583 1750 causa
1602 1738 1610 1752 ‚
1633 1718 1735 1749 culter
1760 1718 1793 1747 in
1818 1716 1983 1748 dexterum
1998 1714 2262 1749 thoraciscavum
2275 1718 2444 1756 pervenit3

1436 1759 1527 1791 illico
1550 1760 1669 1792 multus
1692 1758 1821 1792 exsiluit
1845 1758 1983 1793 humor,
2007 1758 2098 1790 laetis
2123 1758 2191 1790 sero
2215 1760 2444 1794 nonvaldeab-

1433 1801 1564 1835 similis,
1588 1814 1654 1845 quo
1676 1803 1709 1834 in
1734 1801 1866 1835 humore
1892 1801 2001 1841 pulmo
2025 1800 2162 1833 natabat.
2199 1801 2264 1835 Illo
2276 1802 2441 1843 exhausto,

1432 1857 1522 1878 cavea
1545 1846 1577 1878 in
1604 1846 1666 1878 hoc
1689 1846 1817 1877 inventa
1839 1843 1881 1877 est
1904 1841 2027 1876 sinuosa
2048 1867 2057 1882 ‚
2093 1844 2270 1885 purulentae
2304 1847 2444 1881 materiae

1432 1890 1547 1936 plena,
1570 1887 1673 1921 hianti
1698 1899 1751 1920 ore
1774 1898 1846 1920 cum
1872 1898 1909 1920 eo
1933 1889 2173 1920 communicans
2187 1885 2328 1921 thoracis
2352 1900 2440 1921 cavo.

1431 1933 1582 1966 Alterum
1607 1940 1712 1964 autem
1725 1954 1735 1969 ‚
1757 1928 2005 1963 idestsinistrum
2018 1952 2031 1969 ,
2053 1941 2164 1963 cavum
2178 1928 2318 1964 thoracis
2331 1954 2340 1968 ‚
2353 1932 2442 1974 quod

1431 1976 1573 2014 vulneri,
1597 1984 1632 2008 ut
1655 1974 1832 2008 indicatum
1857 1973 1899 2006 est
1945 1972 2172 2013 respondebat,
2197 1984 2252 2006 nec
2266 1975 2442 2014 purulentae

1431 2021 1571 2052 materiae
1594 2016 1770 2060 quidquam
1795 2040 1803 2053 ‚
1827 2019 1859 2049 &
1884 2016 2067 2056 pulmonem
2089 2017 2225 2049 omnino
2247 2017 2382 2051 illaesum
2406 2030 2442 2052 ac

1432 2066 1539 2095 sanum
1563 2060 1768 2094 continebat.
1795 2058 1928 2092 Livebat
1952 2058 2082 2100 quidem
2105 2071 2137 2091 ea
2150 2060 2266 2100 pleurae
2290 2071 2359 2102 pars
2370 2073 2442 2103 quae

1427 2105 1551 2137 vulneri
1577 2107 1722 2146 proxima
1745 2113 1837 2142 erat,·
1860 2102 1908 2135 sed
1933 2102 2058 2134 nullum
2082 2102 2208 2143 prorsus
2232 2101 2364 2138 habebat
2388 2104 2441 2138 fo.

1426 2159 1549 2180 rameii:
1576 2158 1630 2179 nec
1655 2147 1789 2182 vulnus,
1814 2145 1934 2179 summa
1957 2144 2126 2187 diligentia
2152 2146 2278 2186 penitus
2293 2149 2442 2190 explora-

1427 2200 1521 2231 tum,
1545 2191 1627 2224 ultra
1652 2188 1817 2224 secundam
1842 2190 1943 2231 ipsam
1966 2187 2083 2223 costam
2118 2188 2295 2224 introrsum
2329 2203 2440 2235 perve-⁵

1427 2243 1533 2268 nerat-

1474 2288 1522 2319 15.
1550 2278 1774 2320 symptomata
1798 2286 1869 2318 quae
1901 2274 1977 2308 dum
2011 2277 2233 2319 agi-orationis
2265 2275 2434 2313 historiam

1426 2322 1563 2363 legeres,
1588 2332 1603 2353 a
1628 2320 1753 2361 yulnere
1775 2319 1832 2352 effe
1855 2318 2082 2353 existimaveris
2105 2321 2140 2352 in
2163 2319 2440 2356 thoracis-cavum

1427 2366 1624 2406 perveniente
1655 2384 1666 2401 ,
1706 2362 1889 2396 disse-§tione
1931 2363 2067 2405 perlecta
2092 2385 2102 2401 ,
2137 2374 2152 2395 a
2187 2365 2349 2406 pulmonis
2389 2367 2441 2398 in-

1421 2408 1638 2452 flammatione
1662 2430 1673 2445 ,
1708 2406 1934 2446 suppuratione
1956 2428 1968 2445 ,
2001 2409 2031 2439 δι
2056 2405 2138 2440 hanc
2161 2406 2273 2441 secuto
2306 2419 2438 2451 empye..

1421 2462 1503 2484 mate
1535 2450 1624 2484 suille
1649 2472 1660 2488 ,
1692 2450 1849 2491 intelligis
1872 2474 1880 2482 .
1918 2450 2030 2491 ltaque
2060 2459 2095 2483 ut
2130 2450 2166 2483 in
2187 2452 2311 2484 caeteris
2334 2463 2438 2494 aegro-

1417 2493 1581 2532 tantibus,
1604 2492 1644 2528 fic
1671 2494 1704 2527 iti
1728 2492 1899 2526 vulneratis
1923 2503 2051 2534 quoque
2075 2503 2139 2526 non
2173 2495 2280 2526 omnia
2316 2495 2436 2537 semper

1416 2537 1603 2578 imputanda
1628 2536 1699 2569 sunt
1723 2547 1849 2579 primo,
1881 2534 2081 2577 evidentique
2105 2536 2225 2582 morbo
2247 2561 2258 2577 ,
2282 2536 2332 2570 sed
2355 2537 2434 2571 huic

1418 2579 1504 2622 posse
1527 2582 1626 2613 alium
1650 2581 1705 2622 qui
1731 2579 1770 2611 ab
1791 2583 1831 2613 ed
1851 2589 1914 2611 non
1925 2577 2076 2620 pendeat,
2102 2578 2260 2621 adjungi,
2285 2582 2435 2623 cogitari-

1416 2624 1494 2657 dum
1519 2622 1560 2657 est
1576 2646 1583 2660 ,
1608 2626 1639 2656 &
1665 2623 1712 2655 vel
1737 2621 1866 2664 quando
1890 2621 2103 2663 symptomata
2129 2633 2144 2652 a
2171 2625 2281 2669 primo
2306 2623 2362 2657 esse
2384 2625 2435 2656 vi-

1416 2666 1552 2706 dentur,
1577 2678 1652 2700 num
1676 2667 1713 2698 ab
1737 2664 1887 2707 adjun&o
1908 2665 2017 2706 aliquo
2042 2665 2154 2707 potius
2165 2666 2249 2706 sint,
2274 2666 2433 2709 suspican-

1416 2710 1494 2743 dum
1509 2734 1522 2750 ,
1544 2712 1576 2743 δι
1599 2710 1770 2752 diligenter
1794 2707 2020 2748 inquirendum
2035 2732 2044 2746 ‚
2068 2707 2222 2741 veluthic
2233 2722 2272 2742 ex
2287 2710 2432 2751 indiciis,

1444 2765 1559 2787 uorum
1583 2751 1709 2786 fortasse
1734 2751 1884 2784 nonnulla
1907 2760 2016 2786 erant,
2042 2750 2308 2787 inflammationis
2327 2778 2340 2794 ,
2363 2765 2430 2787 non

1415 2796 1452 2829 ad
1479 2796 1635 2830 sinistrum
1659 2807 1720 2838 qua
1743 2806 1779 2827 ex
1805 2803 1890 2835 parte
1913 2802 1978 2827 erat
2002 2793 2115 2828 vulnus
2135 2818 2146 2833 ‚
2184 2795 2233 2830 sed
2258 2796 2296 2831 ad
2320 2797 2429 2832 dexte-

1413 2851 1483 2874 rum
1509 2841 1691 2882 pulmonem
1716 2837 1905 2879 speftantis.

1460 2887 1508 2916 16.
1536 2883 1735 2925 IUVENIS
1761 2892 1858 2914 annos
1893 2889 1984 2927 natus
2016 2880 2136 2923 viginti
2168 2881 2248 2917 duos
2271 2906 2283 2923 ,
2314 2883 2427 2917 cultro

1411 2923 1567 2962 sauciatur
1588 2924 1671 2968 quafi
1696 2925 1730 2957 in
1758 2924 1865 2958 medio
1887 2922 1979 2957 dorso
2002 2922 2042 2956 fic
2066 2934 2171 2958 tamen
2197 2949 2207 2964 ‚
2243 2936 2278 2960 ut
2310 2928 2425 2961 vulnus

1409 2969 1558 3004 nonnihil
1580 2980 1708 3011 vergens
1730 2967 1769 3000 ad
1793 2966 1945 3006 finistras,
1968 2967 2077 3001 tendat
2099 2968 2232 3004 initium
2244 2970 2345 3004 versus
2356 2971 2425 3003 sex-

1410 3024 1452 3047 tae
1475 3017 1508 3047 &
1533 3014 1675 3054 septimae
1696 3011 1811 3045 costae.
1838 3011 1917 3043 Non
1944 3011 2048 3044 multo
2072 3010 2140 3052 post
2163 3013 2325 3048 infliftum
2347 3014 2418 3047 vul-

1409 3067 1492 3097 nus,
1515 3056 1612 3090 febris
1636 3055 1781 3094 accedit,
1804 3053 1880 3087 huic
1904 3063 2031 3090 autem,
2055 3054 2123 3096 post
2139 3054 2205 3090 dies
2218 3056 2360 3098 aliquot,
2375 3056 2423 3089 le-

1408 3101 1458 3134 vis
1481 3099 1619 3143 spirandi
1643 3097 1835 3137 difficultas,
1858 3097 1936 3130 levis
1957 3108 2109 3140 quoque,
2138 3101 2171 3132 &
2195 3100 2286 3133 irrita
2310 3098 2420 3140 tuliis,

1407 3154 1540 3186 magnus
1563 3154 1637 3176 vero
1658 3143 1742 3176 circa
1765 3139 1961 3175 stomachum
1984 3140 2102 3178 dolor,
2127 3152 2181 3175 nec
2205 3143 2350 3176 modicus
2362 3152 2419 3175 to-

1407 3188 1473 3220 tius
1497 3186 1678 3220 abdominis
1701 3194 1831 3219 tumor.
1854 3185 1994 3217 Demum
2018 3184 2250 3225 ingravescente
2283 3185 2418 3228 respira-

1405 3230 1519 3271 tione,
1542 3241 1641 3273 prope
1665 3228 1822 3261 decimiim
1845 3226 1967 3260 sextum
1989 3227 2075 3260 diem
2088 3238 2171 3268 aeger
2193 3230 2418 3270 moritur,ap-

1404 3283 1532 3315 parente
1556 3282 1629 3305 toto
1651 3282 1784 3312 corpore
1805 3270 1957 3303 ieter-ico.
2090 3272 2294 3306 VENTRE
2325 3283 2418 3314 aper-

1406 3326 1467 3357 to,
1488 3315 1637 3350 intestina
1659 3314 1901 3355 conspiciuntur
1925 3324 1992 3345 aere
2026 3314 2153 3357 turgida
2180 3328 2190 3354 ς
2223 3315 2309 3357 jecur
2341 3325 2417 3348 vero

1405 3358 1577 3393 secundum
1611 3367 1755 3391 naturam
1793 3357 1821 3390 se
1847 3356 1971 3404 *habens
1988 3381 1996 3388 .
2129 3358 2284 3392 Thorace
2307 3357 2411 3399 inspe-

1404 3402 1459 3435 ἂο
1480 3426 1492 3443 ,
1514 3405 1547 3436 in
1571 3403 1639 3435 imo
1662 3410 1799 3442 utroque
1823 3411 1888 3442 ejus
1910 3411 1991 3432 cavo
2013 3399 2162 3434 nonnihil
2196 3401 2254 3434 seri
2288 3401 2414 3433 inveni-

1403 3454 1458 3479 tur
1480 3470 1488 3478 .
1532 3446 1621 3480 Cum
1646 3455 1750 3478 autern
1775 3443 1884 3485 pulmo
1909 3442 2027 3476 sinister
2072 3444 2111 3476 ad
2136 3445 2278 3485 pleuram
2309 3442 2409 3476 valide

1403 3487 1576 3524 adhaereret
1619 3499 1631 3527 3
1683 3487 1893 3521 membraneae
1938 3485 2169 3529 produt‘tiones
2223 3499 2278 3531 per
2327 3496 2404 3528 quas

2292 3540 2366 3563 curn

380 3616 2377 3636 *dm—We

375 3717 391 3748 (
404 3719 450 3750 Ρ)
467 3720 542 3751 &Pist-
561 3730 597 3751 54·
619 3729 643 3747 n,
661 3723 701 3748 18.
762 3723 779 3752 (
795 3728 810 3751 q
826 3720 841 3750 )
857 3720 930 3751 Epist.
947 3722 988 3745 26.
