2498 4075
368 186 441 232 esti
458 196 582 229 Verum
603 200 679 225 cum
701 189 734 224 id
758 187 914 222 continuo
938 186 1123 231 subjicitur,
1145 192 1229 227 Exta
1262 195 1369 222 autem

363 250 385 278 a
399 236 474 282 fato
496 234 723 278 consulentibus
745 233 848 266 rarius
872 230 973 270 nihil,
995 242 1087 273 quam
1109 231 1186 265 vitii
1207 231 1372 273 quicquam

371 282 406 322 'in
429 291 462 314 eo
485 279 647 321 detexiffe3
672 276 693 309 si
720 275 782 310 hoc
804 275 844 313 ab
868 275 979 316 aliquo
1011 276 1188 315 generatim
1208 299 1217 313 ,
1249 284 1303 308 aut
1336 284 1372 309 ut

372 326 407 359 in
432 324 528 357 ascite
555 320 734 362 praesertim
762 344 770 359 ‚
806 318 985 358 accipiatur
1007 339 1021 357 ‚
1053 327 1214 361 quantum
1247 329 1262 349 a
1300 328 1376 350 vero

371 366 472 406 abfit,
494 376 569 399 cum
581 366 692 405 ingens
716 363 748 396 in
773 357 985 402 Sepulchreto
1008 363 1077 402 ipso
1100 362 1188 405 (y),
1213 359 1376 394 Observa-

374 412 503 442 tionum
526 405 667 447 ostendit
692 416 840 445 numerus
861 414 875 444 ,¹
905 412 975 437 tum
998 404 1037 437 de
1060 415 1181 438 novem
1215 415 1294 445 quas
1339 415 1377 436 ex

369 452 524 486 ‘Valsalva
550 449 712 493 produxi,
734 449 877 490 quinque
901 451 914 486 (
936 458 961 489 z
983 449 994 485 )
1020 445 1234 486 confirmant,
1256 447 1378 493 inqui-

374 496 433 531 bus
456 503 512 529 aut
537 494 699 536 praedurus
723 492 873 524 inventus
909 490 952 522 est
978 513 987 529 ‚
1022 499 1077 523 aut
1111 501 1206 532 aequo
1240 500 1343 533 major
1366 514 1376 529 ‚

374 540 466 576 imo,
490 547 526 571 ut
549 538 582 571 in
606 535 791 573 noviffima,
814 531 897 568 unde
921 532 989 567 haec
1015 533 1176 568 scribendi
1210 531 1284 569 data
1317 544 1378 565 no-

367 582 419 616 bis
441 579 566 616 occasio
588 582 633 614 est
657 600 666 615 ,
699 578 800 621 triplo
824 575 947 619 major.
973 576 1073 617 Qod
1097 576 1118 609 si
1152 577 1192 610 de
1235 575 1378 617 jecinore

368 625 471 662 sermo
496 624 559 661 sit;
585 622 709 657 videbis
732 624 765 655 in
789 620 917 653 illarum
939 629 1079 661 quatuor
1102 629 1156 653 aut
1180 619 1317 660 pallens,
1342 620 1374 651 &

367 667 569 710 maculosum
594 691 603 707 ,
641 674 696 700 aut
721 674 852 703 atrurn,
875 671 928 696 aut
952 664 1087 697 omnino
1121 663 1238 697 durum
1263 688 1272 703 ,
1318 670 1373 698 aut

369 723 445 747 cum
470 711 534 744 bile
559 709 677 754 pallida
701 706 812 742 fuisse.
836 705 910 740 Nec
933 707 1075 745 mirum,
1099 705 1263 740 fimorbus
1275 716 1372 750 quem

368 757 404 791 in
449 755 560 797 primis
586 765 601 786 a
624 751 788 786 retardato
831 758 922 783 motu
955 750 1116 791 sanguinis
1138 751 1253 790 oriri,
1288 749 1373 783 dixi-

367 794 444 834 mus
467 819 477 835 ‚
513 809 528 830 a
552 796 637 830 vitio
660 793 748 829 haud
781 804 855 830 raro
903 794 1074 834 proveniat
1117 793 1275 826 viscerum
1319 803 1373 835 per

366 854 438 885 quae
463 840 553 873 tarde
576 840 724 881 lenteque
747 848 787 870 ex
807 835 957 870 instituto
980 847 1101 874 naturae
1136 837 1261 878 sanguis
1307 846 1373 869 tra-

366 886 499 925 ducitur
520 909 530 923 ‚
565 892 602 916 ut
626 881 713 924 siqua
736 891 820 916 nova
866 877 993 913 accedat
1039 890 1201 913 remorans
1245 879 1336 913 causa
1359 901 1372 920 ,

362 939 430 962 non
453 926 510 961 nisi
535 924 708 961 tardiffime
733 923 857 959 moveri
891 932 987 965 queat
1013 948 1020 956 .
1055 924 1170 965 Itaque
1216 923 1254 957 ad
1289 921 1372 955 Val-

363 971 456 1012 salvae
483 968 736 1010 Observationes
762 992 772 1009 ,
805 969 834 1001 &
862 965 900 999 ad
925 977 974 999 eas
996 977 1068 1012 quae
1092 968 1125 998 in
1158 965 1371 1009 Sepulchreto

365 1023 477 1049 extant
496 1039 507 1056 ,
540 1012 650 1056 paffim
673 1019 850 1046 occurrunt
872 1020 951 1052 quas
996 1009 1148 1051 adJungas
1174 1035 1183 1048 ‚
1217 1020 1251 1043 ut
1296 1019 1370 1042 cum

364 1058 451 1095 haud
476 1068 589 1100 paucas
613 1056 670 1089 ubi
693 1065 815 1099 quaeras
839 1075 848 1090 ‚
882 1052 1067 1087 indicavero
1088 1077 1099 1092 ,
1131 1052 1237 1087 nullus
1270 1051 1369 1085 dubi,

361 1097 451 1142 tem;
478 1101 582 1143 plures
606 1099 684 1134 alibi
707 1096 858 1140 superesse
882 1120 889 1128 .
925 1096 1012 1129 Vide
1037 1118 1048 1134 ‚
1080 1096 1220 1138 exempli
1244 1096 1333 1129 causa
1359 1121 1368 1135 ‚

360 1157 433 1189 quae
457 1145 491 1183 in
516 1144 656 1178 asciticis
678 1142 803 1176 duabus
827 1140 1025 1181 Virginibus
1059 1150 1113 1181 per
1145 1138 1368 1175 dissectionem

362 1187 571 1230 ,conspexerit
595 1185 898 1230 juniorVerneyus
921 1187 935 1222 (
958 1182 1031 1224 a),
1057 1184 1205 1224 itemque
1230 1183 1263 1215 in
1298 1181 1370 1223 plu-

362 1233 458 1267 rimis
480 1230 591 1265 eodem
616 1230 731 1268 morbo
755 1227 877 1261 affectis
902 1226 1038 1260 Naturae
1070 1224 1200 1259 Curiosi
1245 1223 1299 1267 (b
1323 1227 1337 1264 >
1360 1231 1369 1255 ;

359 1286 419 1312 nec
441 1275 561 1308 omitte
584 1284 655 1316 quae
680 1274 714 1305 in
732 1272 814 1304 Viro
836 1269 1019 1304 illustriCl.
1034 1267 1259 1304 Bechmannus
1282 1267 1368 1310 (c).

361 1320 415 1353 Ex
439 1318 489 1352 his
512 1317 664 1351 omnibus
688 1314 895 1351 asciticorum
919 1311 1165 1356 diffefflonibus
1200 1322 1238 1343 ne
1271 1322 1369 1347 unam

360 1362 492 1405 quidem
518 1361 682 1404 perleges,
705 1359 786 1402 quin
809 1356 902 1399 jecur
929 1355 1009 1392 male
1039 1354 1068 1387 se
1092 1353 1235 1388 habuisse
1256 1377 1266 1392 ‚
1311 1367 1370 1388 co-

360 1405 514 1448 gnoscas.
541 1403 645 1438 Simul
670 1413 776 1437 autem
801 1402 833 1433 in
859 1410 967 1434 earum
992 1399 1119 1441 aliquot
1152 1398 1271 1431 diserte
1315 1398 1370 1432 ad-

358 1458 511 1489 notatum
535 1444 767 1481 animadvertes
783 1467 791 1481 ,
816 1452 852 1477 ut
873 1443 957 1476 male
981 1441 1009 1475 se
1031 1452 1160 1486 quoque
1203 1441 1268 1475 lien
1312 1440 1368 1478 ha-

359 1492 470 1527 buerit
494 1516 502 1526 .
540 1490 614 1524 Nec
640 1490 708 1523 aliae
731 1487 843 1522 desunt
868 1498 906 1520 ex
928 1485 1046 1528 quibus
1069 1485 1254 1527 intelligas,
1292 1495 1366 1518 cum

359 1537 394 1576 in
418 1535 529 1569 eodem
554 1533 670 1568 morbo
694 1532 788 1575 hepar
810 1540 868 1564 non
891 1529 1056 1563 admodum
1078 1539 1097 1561 a
1120 1528 1260 1564 naturali
1283 1527 1370 1570 statu

362 1575 532 1622 dlsceffiffet
544 1601 556 1618 ‚
582 1577 694 1610 lienem
717 1584 862 1617 magnum
884 1572 977 1609 fuisse
994 1595 1006 1612 ,
1038 1573 1080 1606 ΰ*
1124 1570 1334 1613 duriusculum
1356 1593 1367 1610 ‚

359 1632 416 1661 aut
438 1627 516 1661 ‘cum
540 1620 637 1662 hepar
658 1618 787 1662 prorsus
808 1616 999 1651 naturaliter
1021 1614 1097 1649 eslet
1133 1613 1332 1654 constitutum
1360 1639 1369 1655 ,

361 1667 480 1702 lienem
498 1664 593 1708 fhlz'to
616 1662 789 1703 majorem,
812 1660 853 1692 Θ
877 1666 980 1691 totum
1003 1656 1367 1706 quautumfiirrlyosum‚

362 1719 489 1754 tamque
511 1709 623 1742 durum
646 1703 761 1744 fuisse,
784 1711 821 1736 ut
843 1712 901 1735 non
915 1700 981 1743 fine
1004 1700 1186 1744 dzfficulrate
1202 1700 1306 1742 scindi
1327 1702 1369 1734 &⁴

363 1754 467 1787 dividi
489 1750 642 1785 novacula
662 1746 821 1790 potuerit.
846 1745 1001 1788 Quorum
1032 1743 1254 1785 exemplorum
1288 1743 1369 1777 alte-

357 1808 431 1837 rum
455 1796 497 1830 est
523 1793 659 1828 Lent'lii
681 1794 694 1830 (
716 1792 734 1824 d
756 1793 793 1831 )‚
817 1789 953 1823 alterum
979 1788 1032 1820 Cl.
1049 1785 1245 1820 Cohausenii
1271 1785 1317 1828 (e
1337 1790 1368 1826 ).

358 1841 443 1881 Non
467 1849 576 1873 tamen
600 1805 762 1872 diffiteor,
786 1844 858 1876 quae
882 1833 964 1865 vitia
988 1830 1038 1864 his
1075 1830 1249 1864 visceribus
1272 1852 1285 1869 ,
1317 1840 1373 1866 aut

360 1885 547 1929 pant-reati,
571 1880 784 1920 mesenterio,
810 1875 919 1914 aliisve
946 1874 1094 1910 Partibus
1117 1882 1226 1908 ventre
1237 1873 1370 1908 conclu.

358 1928 424 1970 fis,
446 1920 545 1961 initio
568 1936 633 1960 non
659 1922 778 1961 effent,
799 1932 833 1958 ea
857 1916 967 1964 posse,
990 1918 1137 1968 hydrope
1161 1915 1286 1951 diutius
1296 1927 1372 1959 pro-

361 1973 494 2013 flatio,
518 1967 694 2013 aliquando
717 1964 850 2001 induci.
875 1963 933 2001 Sed
958 1963 1080 1997 indicia
1104 1960 1184 2002 saepe
1206 1957 1278 1993 sunt
1300 1982 1312 1998 ‚
1334 1971 1371 1993 ea

361 2017 446 2052 vitia
471 2012 658 2048 antecessisse
675 2032 684 2049 ,
709 2011 775 2047 five
800 2008 910 2041 omnia
934 2005 1115 2052 speffitentur
1139 2014 1211 2046 quae
1247 2013 1371 2044 aegrum

365 2070 440 2097 ante
464 2058 646 2102 hydropem
672 2053 751 2089 male
774 2051 970 2089 habuerint,
994 2049 1058 2082 slve
1081 2047 1229 2090 quaedam
1264 2055 1372 2079 atten-

365 2107 482 2142 dantur
505 2113 576 2146 quae
599 2105 774 2134 occurrunt
787 2099 821 2133 in
833 2094 954 2130 mortui
967 2092 1172 2129 disserti-ione,
1197 2089 1285 2125 velut
1295 2100 1373 2134 pro-

362 2151 451 2184 xima
473 2145 633 2185 indicabit
657 2141 812 2177 historia,

363 2186 368 2190 '
410 2203 461 2226 20,
506 2190 548 2224 M
571 2189 606 2221 U
634 2188 660 2218 L
683 2186 697 2219 1
723 2185 752 2220 ,Ε
776 2184 810 2218 R
855 2180 1004 2225 hydrope
1027 2178 1123 2213 ascite
1147 2177 1371 2212 laboraverat.

417 2228 421 2229 ⁷
496 2233 528 2266 C
552 2233 585 2267 A
611 2231 644 2268 D
671 2229 706 2262 A
731 2227 762 2261 V
786 2227 815 2263 E
838 2225 884 2259 R‘
917 2223 1092 2258 incidendo
1115 2244 1127 2261 ‚
1157 2222 1246 2255 nulla
1269 2240 1279 2260 ‚
1313 2218 1374 2252 nisi

366 2278 522 2316 Ventris,
546 2268 639 2309 cavea
665 2273 796 2309 inventa
821 2269 864 2303 est
888 2279 959 2311 quae
983 2265 1058 2300 esset
1083 2276 1172 2308 aquae
1195 2263 1376 2308 plena.In-

365 2324 480 2362 testina
505 2332 572 2354 aere
594 2327 658 2350 non
683 2324 772 2348 erant
796 2312 953 2347 distenta.
973 2311 1084 2351 Hepar
1108 2319 1214 2355 autem
1239 2306 1378 2340 eratdu-

365 2378 438 2406 sum
453 2389 461 2402 ,
483 2362 612 2406 ejusque
634 2357 769 2394 vesicula
794 2355 952 2396 lapidem,
975 2365 1070 2386 omne
1094 2363 1162 2393 eJus
1185 2362 1299 2384 cavum
1321 2361 1378 2384 oc-

366 2418 561 2453 cupantem,
585 2401 795 2439 continebat.
821 2396 979 2445 Lymphae
1002 2397 1117 2430 ductus
1152 2395 1242 2430 nullo
1277 2393 1377 2428 modo

366 2451 588 2498 apparebant.
856 2486 862 2494 ι
915 2485 920 2490 1
963 2485 968 2491 Ι
1001 2483 1007 2489 .

415 2506 464 2530 21.
489 2495 572 2530 Haec
595 2501 657 2526 una
680 2487 723 2524 est
745 2499 783 2521 ex
806 2487 938 2527 reliquis
960 2483 1024 2516 ilhs
1047 2479 1206 2516 Valsalvae
1251 2479 1375 2529 Obser„

369 2538 559 2575 vationibus
580 2545 658 2577 quas
680 2533 742 2564 tibi
768 2528 913 2572 Epistola
938 2526 1101 2569 superiore
1123 2522 1179 2566 (f
1197 2527 1207 2564 )
1244 2525 1375 2573 pollicl-

367 2596 422 2620 tus
446 2584 514 2617 sum
537 2604 547 2621 ‚
582 2587 617 2615 ut
639 2576 730 2619 plene
753 2573 949 2614 intelligeres
972 2592 982 2608 ‚
1018 2579 1082 2602 non
1107 2570 1208 2610 magis
1251 2568 1291 2600 ab
1336 2568 1375 2599 11.

369 2629 405 2665 10
431 2619 451 2664 ,‘
486 2635 583 2668 quam
628 2633 644 2654 a
689 2630 739 2652 me
763 2640 771 2656 ‚
816 2618 943 2657 regium
986 2612 1138 2646 morbum
1183 2609 1276 2643 fimul
1300 2622 1375 2646 cum

370 2671 469 2714 cystis
513 2666 614 2703 felleae
659 2662 791 2696 calculis
832 2657 924 2693 fuisse
947 2656 1136 2691 adnotatum
1158 2680 1165 2687 .
1189 2655 1291 2688 Porro
1313 2656 1375 2688 mi-

370 2726 431 2751 nus
448 2712 521 2746 ,veri
545 2707 646 2746 simile
668 2704 712 2739 est
737 2727 747 2743 ‚
784 2712 913 2737 tantum
937 2699 1083 2740 lapidum
1105 2709 1170 2732 non
1203 2709 1220 2731 a
1253 2697 1375 2740 longis..

370 2758 452 2793 fimo
476 2765 567 2792 antea
591 2760 736 2792 tempore
780 2746 872 2780 fuisse
916 2742 1107 2777 inchoatum
1133 2765 1142 2780 ‚
1178 2749 1215 2774 ut
1244 2740 1374 2775 demum

370 2794 411 2838 ad
435 2809 540 2834 totam
564 2795 682 2838 cystim
705 2790 896 2834 opplendam
923 2788 1102 2829 perveniret
1128 2798 1136 2821 ,·
1168 2794 1223 2832 nec
1246 2806 1256 2821 ,
1291 2784 1379 2827 quod

374 2838 613 2886 consequitur,
638 2837 702 2871 fine
727 2838 864 2877 antiquo
892 2832 976 2864 vitio
997 2829 1090 2864 fuisse
1115 2829 1148 2863 id
1167 2839 1269 2875 “jecur
1290 2849 1300 2864 ‚
1345 2830 1378 2864 in

375 2899 443 2932 quo
468 2883 580 2919 tandiu
603 2881 677 2914 bilis
702 2878 819 2913 secreta
842 2875 918 2909 esset
943 2874 1058 2908 idonea
1083 2873 1120 2907 ad
1144 2870 1301 2919 ejusmodi
1336 2873 1380 2905 la-

375 2931 483 2974 pidem
510 2922 739 2968 perficiendum
786 2919 886 2961 Quod
910 2929 987 2951 vero
1009 2917 1125 2951 diserte
1170 2915 1379 2964 interjectum

373 2974 419 3011 est
441 2999 449 3010 ‚
484 2969 632 3005 intestina
656 2977 725 3001 aere
749 2976 813 2997 non
837 2961 929 2996 fuisse
951 2960 1088 2996 distenta
1111 2985 1120 3000 .
1155 2971 1193 2993 eo
1226 2968 1344 2992 attinet
1366 2981 1377 2998 ,

374 3026 412 3055 ut
435 3015 642 3056 intelligatur
669 3032 682 3049 ,
716 3007 771 3041 etsi
795 3005 911 3049 possint
937 3005 1063 3039 Ascites
1087 3028 1100 3044 ,
1132 3005 1161 3036 δε
1193 3003 1378 3044 Tympani-

372 3071 421 3099 τες
445 3056 598 3101 conjungi
619 3065 632 3094 ;
663 3063 728 3086 non
752 3049 872 3093 semper
898 3058 1002 3082 tamen
1030 3073 1038 3088 ,
1069 3058 1106 3083 ut
1130 3047 1281 3082 videntur
1303 3048 1378 3087 qui-.

372 3105 448 3140 dam
471 3100 600 3140 credere
623 3119 633 3136 ‚
670 3094 703 3129 id
728 3093 798 3129 fieri
823 3118 831 3127 .
865 3092 956 3129 Quin
1003 3101 1039 3127 ut
1084 3091 1184 3124 rarius
1229 3088 1347 3123 accidit
1371 3113 1380 3128 ‚

374 3149 506 3184 ascitem
521 3168 530 3182 ‚
554 3138 826 3185 quemadmodum
842 3138 883 3182 ‘in
909 3135 1071 3177 propofita
1106 3134 1241 3168 foemina
1262 3157 1272 3173 ‚
1308 3131 1380 3181 nul-

371 3193 440 3229 lum
464 3190 542 3225 alibi
566 3185 749 3227 hydropem
773 3180 982 3224 conjunetum
1005 3177 1121 3213 habere
1144 3198 1154 3214 ‚
1186 3175 1227 3211 fic
1273 3186 1376 3209 minus

372 3237 453 3276 saepe
478 3224 536 3273 fit',
559 3240 595 3266 ut
618 3229 651 3262 in
677 3224 815 3258 asciticis
837 3221 987 3257 conclusa
1011 3220 1195 3256 ventriculo
1219 3244 1228 3259 ,
1259 3221 1289 3251 δι
1323 3220 1375 3250 in-

370 3279 492 3316 testinis
517 3283 633 3316 magna
658 3270 704 3302 vis
728 3267 872 3304 flatuum
899 3291 908 3305 ,
941 3268 975 3298 in
1000 3263 1222 3306 tympaniticis
1267 3271 1373 3297 autem

367 3333 450 3365 aqua
474 3318 576 3353 multa
600 3312 793 3359 praesertim,
820 3313 850 3343 δι
874 3308 1007 3343 necdum
1031 3310 1211 3342 inveterato
1236 3305 1373 3345 morbo,

368 3364 466 3401 effusa
490 3365 523 3398 in
547 3368 692 3394 ventrem
716 3361 884 3388 occurrat.
909 3353 953 3385 Et
977 3352 1045 3388 sane
1069 3363 1168 3394 pauca
1179 3350 1243 3386 fuit
1255 3351 1289 3384 in
1301 3360 1373 3386 mu-

369 3412 447 3448 liere
470 3405 508 3441 de
531 3415 594 3447 qua
617 3400 766 3445 protinus
790 3398 938 3433 dicetur.

931 106 1087 168 Liber
1121 108 1207 167 111.
1241 108 1324 166 De
1360 107 1565 166 Morbis
1598 104 1808 163 Ventris

1464 197 1513 221 22.
1557 188 1580 221 F
1604 188 1651 224 (E
1674 186 1713 219 M
1736 184 1753 221 Ι
1778 185 1815 219 N
1837 185 1869 218 A
1914 196 2033 220 annum
2065 195 2161 229 agens
2193 186 2325 221 circiter
2355 181 2418 216 tri-

1421 230 1575 271 gefimum
1596 255 1607 271 ‚
1639 229 1710 271 poll:
1733 229 1905 263 diuturnos
1951 239 2080 263 artuum
2122 229 2249 266 dolores
2271 251 2285 269 ,
2317 228 2418 261 multa

1426 274 1530 308 scabie
1555 296 1565 311 ‚
1598 284 1697 314 eaque
1720 271 1852 306 humida
1870 297 1879 312 ‚
1902 282 2050 315 correpta
2073 273 2134 306 est.
2159 273 2267 314 Qam
2292 282 2327 305 ut
2350 270 2420 304 abi-

1424 328 1538 359 geret,
1562 316 1600 350 de
1623 314 1757 350 consilio
1780 316 1940 358 Empirici
1985 325 2151 357 unguento
2192 316 2332 358 quodam
2374 311 2420 346 cst

1426 360 1478 393 usa
1494 385 1501 392 .
1527 360 1578 393 Sic
1601 359 1693 392 brevi
1716 359 1847 400 quidem
1871 358 1984 392 siccata
2010 359 2051 393 est
2075 358 2210 393 scabies:
2244 358 2296 392 sed
2327 364 2421 392 acuta

1426 405 1525 437 febris
1547 402 1663 438 oborta
1688 403 1728 435 eli
1755 422 1763 437 ‚
1795 403 1920 444 ingenti
1945 402 2051 437 calore
2079 427 2087 440 ,
2121 405 2151 437 δέ
2177 401 2228 435 siti
2254 425 2264 442 ,
2296 412 2330 435 ac
2364 400 2421 434 sae-

1426 446 1559 480 viffimis
1581 446 1696 487 capitis
1719 443 1887 480 doloribus
1910 445 2122 487 stipata.His
2144 443 2346 486 postmodum
2369 453 2423 476 ac-

1426 490 1584 523 cesserunt
1605 489 1756 523 delirium
1780 511 1790 526 ,
1826 489 1965 533 spirandi
1991 500 2057 523 non
2081 488 2209 522 modica
2231 487 2420 525 difficultas,

1427 535 1529 567 totius
1553 535 1698 575 corporis
1722 532 1800 565 levis
1824 543 1935 566 tumor
1958 555 1968 570 ‚
2001 534 2124 566 ventris
2157 541 2262 565 tamen
2286 540 2350 562 non
2373 529 2420 561 le-

1426 579 1474 609 vis
1499 601 1508 616 ,
1543 587 1655 618 magna
1680 577 1874 617 inquietudo
1897 599 1907 615 ,
1939 587 2025 611 mors
2069 575 2207 618 denique
2251 574 2340 606 sexto
2382 581 2421 606 ex

1425 631 1492 661 quo
1515 618 1614 652 febris
1649 619 1733 651 lec‘to
1778 618 1919 652 affixerat
1942 641 1952 656 ‚
1985 619 2037 653 die
2059 643 2066 651 .
2200 619 2216 650 I
2239 616 2272 650 N
2318 617 2349 648 C
2373 618 2423 648 A-

1423 664 1456 699 D
1481 664 1509 695 A
1535 662 1568 695 V
1593 663 1622 696 Ε
1643 662 1676 695 R
1701 663 1717 696 Ι
1741 662 1759 694 S
1782 661 1967 695 diffeffione
1992 659 2245 696 animadversum
2257 660 2321 700 est,
2346 658 2425 692 scal-

1423 706 1512 748 pello
1535 707 1631 743 cuti,
1653 707 1684 737 &
1706 706 1795 738 carni
1820 704 1990 748 impresso,
2015 704 2098 738 nihil
2132 703 2239 746 aquosi
2274 702 2422 736 humoris

1424 748 1577 792 prodire,
1602 758 1638 782 ut
1662 747 1864 782 manifestum
1889 746 1986 788 effet',
2020 748 2229 782 universalem
2258 746 2354 782 illum
2382 745 2423 778 de

1424 804 1492 836 quo
1513 793 1636 826 dietum
1661 791 1703 825 est
1715 815 1730 832 ,
1753 800 1913 825 tumorem
1938 802 2002 824 non
2026 792 2197 825 oedematis
2218 789 2335 827 instar,
2360 789 2423 822 live

1426 837 1578 869 anasarcae
1601 833 1713 869 fuisse:
1737 835 1823 877 quod
1848 838 1879 868 &
1901 833 2009 876 digito
2033 834 2122 877 preffi
2157 834 2250 877 pedes
2279 832 2421 868 ostende-

1422 880 1522 919 bant,
1547 878 1672 912 nullum
1708 878 1870 921 pressionis
1902 879 2072 921 vestigium
2107 878 2261 911 servantes
2281 899 2291 909 .

1423 923 1548 956 Venter
1571 932 1701 965 quoque
1725 921 1891 960 tumidus,
1914 924 1945 954 &
1969 922 2060 954 valde
2082 921 2206 961 tensus,
2237 931 2310 953 cum
2344 929 2420 959 ape-

1424 967 1576 1003 riretur3
1608 976 1672 997 non
1696 976 1802 1007 aqua,
1837 964 1889 998 sed
1921 966 2068 998 intestina
2090 988 2103 1004 ,
2149 967 2179 996 &
2223 962 2419 996 ventriculus

1422 1020 1551 1052 erupere
1576 1034 1584 1047 ,
1618 1007 1701 1041 nihil
1734 1007 1791 1040 nifi
1818 1019 1921 1041 aerem
1944 1009 2146 1041 continentia
2168 1029 2177 1045 ‚
2211 1018 2278 1049 quo
2321 1005 2422 1047 usque

1420 1052 1501 1085 adeo
1523 1051 1784 1085 distendebantur
1806 1073 1819 1091 ,
1851 1060 1886 1084 ut
1911 1051 2109 1085 ventriculus
2133 1050 2203 1091 plus
2242 1061 2338 1093 quam
2371 1049 2423 1081 di-

1420 1095 1559 1131 midium
1584 1105 1688 1127 caveae
1712 1098 1833 1128 ventris
1855 1095 2001 1137 impleret
2026 1120 2033 1128 .
2070 1096 2109 1126 In
2134 1093 2215 1128 hanc
2240 1103 2346 1126 tamen
2368 1103 2424 1124 ca-

1420 1150 1514 1172 veam
1538 1137 1635 1173 effusa
1660 1139 1791 1171 inventa
1815 1138 1857 1172 est
1880 1138 1961 1171 libra
1986 1149 2048 1171 una
2071 1160 2081 1175 ,
2115 1146 2168 1170 aut
2215 1137 2313 1175 altera
2347 1136 2422 1168 lim-

1422 1182 1490 1225 pidi
1517 1182 1608 1215 seri:
1643 1182 1729 1223 quod
1752 1182 1837 1222 ignis
1870 1182 1901 1213 vi
1947 1183 2088 1224 primum
2130 1179 2263 1223 quidem
2308 1180 2423 1212 leviter

1422 1224 1621 1259 concrescere
1648 1223 1751 1257 visum
1775 1224 1840 1260 est;
1863 1223 1914 1258 sed
1938 1223 2063 1266 postea,
2086 1223 2187 1257 ferme
2209 1222 2306 1256 instar
2328 1232 2417 1262 aquae

1423 1268 1621 1312 pericardii,
1647 1277 1754 1301 totum
1776 1268 1809 1300 in
1833 1278 1924 1302 auras
1948 1267 2050 1305 abiit,
2079 1266 2136 1300 nifi
2159 1266 2248 1310 quod
2282 1267 2316 1300 in
2349 1264 2422 1297 fun.

1420 1313 1465 1345 do
1490 1312 1568 1345 vafis
1590 1311 1709 1345 flavam
1741 1310 1828 1353 quasi
1862 1311 2045 1351 pelliculam
2087 1311 2218 1353 reliquit
2242 1335 2249 1343 .
2382 1309 2423 1340 ln

1419 1356 1571 1390 Thorace
1595 1356 1762 1397 pulmones
1786 1355 1904 1396 reperti
1927 1353 1999 1387 suut
2034 1352 2072 1388 ad
2118 1354 2261 1396 pleuram
2306 1350 2424 1387 annexi

1420 1411 1476 1443 per
1499 1397 1651 1441 quasdam
1673 1396 1759 1441 quali
1786 1398 1983 1430 membranas
2011 1422 2019 1436 ,
2059 1396 2261 1441 gelatinosum
2304 1405 2423 1437 corpus

1420 1443 1591 1477 referentes
1607 1467 1614 1481 ,
1636 1453 1707 1484 quae
1730 1449 1781 1473 tot
1795 1449 1884 1474 erant
1899 1465 1908 1481 ,
1932 1449 1967 1474 ut
1980 1449 2167 1483 appareret,
2191 1440 2295 1473 minus
2318 1439 2426 1475 libere.

1421 1487 1453 1520 se
1476 1486 1611 1519 dilatare
1637 1484 1773 1527 potuisse
1798 1485 1982 1522 pulmones.
2008 1485 2071 1518 Eas
2118 1482 2140 1517 si
2166 1484 2281 1517 secares
2306 1495 2317 1522 3
2351 1482 2419 1524 pel-

1421 1529 1550 1565 lucidus
1575 1529 1691 1563 humor
1714 1527 1885 1571 prodibat.
1908 1529 1988 1574 Cor·
2010 1527 2048 1561 ad
2071 1527 2238 1561 dexteram
2264 1538 2337 1561 cum
2369 1538 2425 1569 pe-

1421 1573 1562 1607 ricardio
1584 1571 1837 1606 conne&ebatur
1868 1582 1923 1613 per
1967 1571 2062 1604 hbras
2108 1571 2276 1604 nonnullas
2322 1581 2425 1605 mem-

1421 1616 1554 1650 braneas
1577 1630 1585 1648 ·.
1624 1626 1690 1658 ejus
1712 1614 1900 1650 ventriculis
1945 1613 2072 1656 sanguis
2116 1616 2218 1647 inerat
2263 1614 2388 1648 fluidus
2414 1625 2425 1649 ς

1422 1660 1475 1694 sed
1497 1669 1603 1693 tamen
1626 1660 1660 1692 in
1683 1658 1814 1691 dextero
1837 1658 1941 1690 tenuis
1966 1656 2129 1701 polyposae
2141 1659 2359 1692 concretionis
2373 1659 2427 1690 in-

1421 1703 1650 1737 choamentum
1673 1701 1715 1734 est
1748 1699 2005 1735 animadversum
2026 1725 2035 1735 .
2167 1701 2278 1744 Caput
2322 1702 2427 1735 secare

1423 1758 1490 1783 non
1513 1747 1630 1780 licuit..

1470 1800 1522 1832 23.
1547 1789 1655 1822 Multa
1670 1813 1679 1828 ,
1704 1796 1800 1831 atque
1822 1785 1957 1821 humida
1981 1785 2099 1820 scabies
2121 1798 2192 1829 quae
2215 1786 2383 1821 mulierem
2408 1799 2427 1822 a

1423 1833 1593 1868 diuturnis
1619 1840 1748 1865 artuum
1770 1830 1941 1865 doloribus
1963 1830 2160 1864 liberaverat
2184 1852 2193 1866 ,
2236 1832 2427 1873 importune

1425 1875 1602 1918 retropulsa
1620 1896 1629 1911 ,
1655 1884 1792 1909 mortem
1813 1875 1948 1907 attulit.
1974 1873 2105 1908 Scilicet
2130 1884 2214 1907 acres
2259 1875 2428 1916 particulae

1422 1931 1494 1962 quae
1522 1928 1650 1952 artuum
1674 1918 1871 1953 membranas
1903 1927 1993 1953 antea
2017 1927 2233 1960 compungere
2258 1917 2423 1956 solebant,

1422 1961 1489 2005 jam
1514 1974 1569 2005 per
1592 1960 1756 1995 ulcuscula
1779 1963 1811 1994 in
1836 1969 1910 1994 cute
1935 1959 2113 2002 produ&a‚
2138 1960 2306 1994 salubriter
2317 1961 2428 2004 ejicie-

1424 2008 1563 2040 bantur.
1586 2005 1651 2038 His
1664 2014 1769 2038 autem
1783 2003 1951 2038 ulcusculis
1961 2003 2083 2037 siccatis
2096 2026 2108 2043 ‚
2130 2003 2323 2046 insanguine
2335 2006 2429 2039 resti-

1424 2058 1530 2083 tantes
1546 2074 1554 2087 ‚
1577 2047 1778 2091 internasque
1791 2055 1892 2089 partes
1907 2048 2070 2081 irritantes
2084 2049 2132 2086 ,δι
2143 2057 2267 2080 acutam
2281 2047 2398 2082 febrim
2413 2072 2425 2088 ‚

1426 2096 1458 2126 δε
1482 2093 1564 2126 mala
1586 2101 1700 2125 caetera
1715 2112 1724 2127 ‚
1755 2103 1827 2134 quae
1853 2090 1933 2124 hanc
1959 2091 2202 2123 comitabantur
2217 2115 2225 2129 ,
2248 2092 2429 2133 graviffima

1425 2137 1596 2173 invexere,
1620 2137 1655 2168 in
1678 2135 1783 2177 iisque
1806 2135 2040 2177 tympanitem.
2066 2134 2150 2171 Quae
2174 2133 2332 2178 hydropis
2350 2148 2364 2176 ,-
2387 2137 2430 2169 sic

1426 2181 1513 2213 enirn
1539 2177 1680 2220 Majores
1706 2187 1887 2216 vocarunt3
1915 2177 2031 2221 species
2055 2178 2109 2211 etsi
2142 2176 2305 2212 diuturnis
2341 2191 2431 2213 mor-

1424 2224 1503 2262 bis,
1523 2231 1560 2256 ut
1582 2225 1627 2256 ait
1652 2223 1791 2256 Littrius
1813 2223 1870 2264 (g
1892 2223 1928 2260 ),
1949 2220 2115 2255 ordinario
2138 2220 2279 2255 succedit
2301 2234 2312 2261 5
2347 2234 2431 2256 non-

1429 2277 1594 2308 nunquam
1638 2275 1746 2299 tamen
1791 2264 1830 2300 fit
1874 2265 1907 2297 in
1954 2266 2055 2298 acutis
2078 2289 2087 2304 ,
2134 2264 2222 2298 velut
2254 2263 2328 2304 hic3
2361 2268 2431 2299 imo

1429 2311 1529 2343 etiam
1552 2311 1585 2341 in
1610 2309 1715 2343 multo
1738 2308 1964 2344 acutioribus,
1998 2316 2034 2341 ut
2066 2306 2130 2350 ipse
2164 2307 2257 2347 vidi,
2288 2311 2318 2343 &
2354 2311 2431 2343 alias

1430 2352 1643 2397 perscribam.
1669 2354 1712 2385 Et
1737 2352 1805 2393 post
1838 2351 2008 2386 diuturnos
2042 2350 2172 2392 quidem
2195 2375 2204 2391 ,
2234 2352 2431 2394 magnosque

1430 2396 1561 2431 morbos
1585 2395 1728 2438 proclive
1751 2396 1796 2429 est
1817 2405 1892 2428 curn
1915 2392 1987 2437 ipso
2012 2394 2219 2437 intelligere,
2242 2406 2281 2428 ex
2316 2395 2431 2429 effoeto

1428 2440 1581 2481 sanguine
1603 2448 1671 2476 tot,
1696 2437 1836 2480 talesque
1861 2437 1993 2479 spiritus
2029 2448 2094 2470 non
2140 2434 2224 2479 posse
2268 2439 2397 2472 existere
2420 2460 2433 2477 ‚

1425 2491 1534 2526 quot,
1559 2482 1734 2524 qualesque
1758 2480 1984 2515 intestinorum
2009 2501 2018 2517 ,
2052 2483 2082 2515 &
2114 2482 2288 2515 ventriculi
2324 2484 2432 2525 requi-

1426 2534 1507 2560 runt
1532 2524 1644 2562 fibrae,
1671 2534 1706 2558 ut
1730 2526 1794 2557 aeri
1817 2526 1876 2565 qui
1898 2525 1932 2555 in
1956 2532 2170 2565 utrorumque
2192 2534 2279 2558 cavo
2294 2524 2357 2563 est,
2384 2525 2431 2558 sa-

1428 2571 1470 2604 tis
1492 2570 1698 2608 renitantur,
1720 2567 1743 2602 fi
1767 2567 1940 2610 praesertim
1961 2566 2017 2601 ille
2041 2567 2162 2601 multus
2186 2567 2247 2606 (it,
2272 2568 2431 2603 multum-

1452 2624 1490 2646 ue
1515 2609 1711 2650 rarefaoftus3
1736 2622 1775 2644 ne
1820 2610 1982 2644 viscerum
2014 2621 2126 2644 eorum
2162 2612 2296 2653 parietes
2326 2614 2430 2646 incre-

1426 2625 1562 2690 ‹ciibilem
1588 2656 1621 2688 in
1647 2654 1780 2689 modum
1803 2653 1962 2687 distendat
1977 2678 1984 2686 .
2010 2653 2068 2686 Sed
2090 2655 2124 2687 in
2148 2664 2244 2688 acuto
2267 2655 2329 2689 hoc
2341 2667 2432 2689 mor-

1426 2701 1470 2735 bo
1493 2709 1561 2733 erat
1585 2709 1636 2733 aer
1658 2699 1770 2740 utique
1783 2696 1820 2730 ad
1835 2695 2079 2733 rarefatfftionem
2104 2707 2243 2739 pronu53
2266 2707 2301 2731 ut
2326 2700 2374 2732 vel
2399 2703 2434 2734 in

1430 2742 1564 2776 vasculis
1587 2753 1658 2784 quae
1685 2741 1742 2776 sub
1764 2750 1837 2776 cute
1862 2740 1960 2779 sunt,
1983 2742 2013 2772 &
2037 2751 2091 2781 per
2113 2751 2184 2782 quae
2208 2740 2337 2777 sortasse
2369 2747 2433 2778 mi-

1430 2797 1489 2822 nus
1513 2786 1640 2821 meabat
1665 2784 1785 2826 libere,
1811 2783 1839 2817 se
1861 2784 2080 2826 quadantenus
2104 2785 2283 2825 expandere
2307 2788 2432 2821 videre.

1430 2840 1505 2866 tur,
1529 2833 1559 2863 δι
1584 2830 1651 2862 leve
1674 2827 1762 2871 quasl
1785 2826 1989 2869 emphysema
2013 2827 2356 2864 inducereAEffoetum
2381 2841 2432 2864 ta-

1431 2884 1504 2907 men
1529 2873 1740 2914 sanguinem,
1763 2873 1794 2903 ἅτ
1816 2871 1892 2906 hinc
1915 2870 2034 2904 debiles
2057 2882 2169 2906 eorum
2194 2871 2352 2907 viscerum
2376 2884 2431 2909 tu-

1428 2919 1516 2950 nicas
1539 2926 1616 2950 num
1639 2916 1802 2951 credemus
1825 2914 1891 2960 fieri
1916 2913 2049 2955 potuisse
2073 2935 2081 2951 ³
2115 2914 2137 2949 fi
2160 2925 2225 2948 non
2251 2916 2290 2949 ab
2321 2918 2430 2961 longi-

1429 2960 1541 2993 tudine
1564 2981 1573 2996 ‚
1605 2970 1622 2993 a
1644 2959 1845 2995 vehementia
1870 2957 1980 2991 saltem
2005 2957 2136 2991 morbi?
2173 2969 2359 3002 quanquam
2392 2970 2429 2996 ut

1428 3015 1516 3038 eram
1539 3001 1592 3037 hic
1617 3001 1818 3036 acerbissimis
1841 3002 1957 3042 capitis
1981 3001 2171 3038 doloribus,
2196 3005 2226 3035 &
2263 3005 2430 3045 inquieta-

1429 3047 1524 3084 dine,
1549 3058 1586 3080 ac
1610 3045 1729 3079 delirio
1750 3043 1910 3086 stipatus,
1934 3055 1997 3078 non
2022 3054 2089 3079 tam
2134 3044 2308 3088 spirituum
2354 3050 2429 3081 ino-

1430 3093 1541 3133 piam,
1564 3093 1595 3125 &
1621 3090 1832 3131 languorem,
1857 3098 1954 3130 quam
1986 3090 2113 3132 copiam
2136 3111 2148 3128 ,
2195 3089 2427 3134 abnormesque

1431 3144 1538 3168 motus
1559 3131 1723 3167 indicabat
1747 3156 1755 3164 .
1791 3131 1862 3163 Nec
1885 3141 1992 3166 tamen
2015 3142 2183 3174 propterea
2216 3134 2250 3166 in
2287 3135 2427 3169 Willisii

1427 3177 1616 3213 sententiam
1640 3174 1862 3211 transibimus,
1887 3174 1971 3215 fuse,
1996 3176 2093 3210 etiam
2137 3176 2170 3208 in
2216 3177 2424 3220 Sepulchreto

1427 3220 1481 3264 (h
1502 3224 1517 3262 )
1539 3219 1691 3257 relatam,
1715 3219 1771 3261 qui
1795 3227 1904 3252 contra
1930 3230 1965 3254 ac
1988 3217 2094 3262 postea
2118 3220 2243 3253 Littrio
2267 3222 2388 3262 placuit
2412 3244 2424 3259 ,

1425 3275 1441 3296 a
1468 3262 1624 3305 copioso,
1649 3262 1901 3304 inordinateque
1924 3261 2097 3304 spirituum
2120 3261 2250 3296 influxu
2273 3265 2305 3298 in
2328 3264 2422 3297 libras

1425 3307 1582 3340 viscerum
1606 3307 1756 3342 illorum,
1780 3306 2032 3348 tympaniticam
2064 3305 2206 3348 ipsorum
2250 3306 2422 3341 distentio-

1424 3361 1496 3383 nem
1520 3349 1707 3391 repetebat3
1731 3349 1819 3392 quasi
1845 3360 1922 3382 vero
1945 3347 2033 3383 fibrae
2077 3351 2160 3384 circa
2203 3351 2421 3385 membraneos

1421 3394 1517 3429 tubos
1540 3392 1724 3438 dispofitae,
1746 3403 1820 3429 cum
1841 3392 1916 3438 ipsae
1939 3390 2115 3432 inflantur,
2141 3404 2204 3427 non
2228 3394 2343 3428 horum
2367 3406 2421 3431 ca..

2300 3448 2377 3472 vum

540 3610 572 3634 id.
589 3613 648 3638 quot
665 3608 706 3636 sub
736 3607 795 3633 Obs.
812 3611 834 3631 6.
852 3605 874 3630 &
890 3612 911 3633 7·
929 3605 951 3631 ἃ
967 3601 1023 3627 alibi
1040 3605 1211 3631 congerantur.

518 3613 539 3664 U<

537 3707 652 3724 ommere.
668 3700 752 3723 Litter.
771 3699 802 3722 A.
822 3703 888 3727 174²·
905 3694 982 3718 Hebd·
1000 3701 1037 3722 3²·
1054 3702 1078 3718 n·
1093 3701 1113 3717 1-

537 3747 543 3755 ·
558 3737 595 3760 ²5·
655 3730 664 3759 l
679 3737 698 3760 g
715 3734 724 3758 )
740 3729 819 3758 Mem.
835 3729 865 3755 de
883 3725 979 3753 t’aeaa.
997 3725 1026 3752 ,R-
1042 3724 1083 3752 des
1098 3725 1136 3751 Sc.
1153 3723 1184 3750 A.
1203 3729 1268 3754 ¹7¹3·

506 3671 535 3755 :02⁰

542 3648 575 3664 ee.
594 3648 615 3668 3.
632 3641 664 3663 Α.
681 3648 702 3668 ς,
719 3639 741 3665 ac
757 3641 782 3661 ε.
800 3636 856 3661 obs.
875 3638 928 3664 276.
947 3635 969 3657 ει
986 3635 1012 3656 Α.
1030 3642 1051 3662 7.
1071 3633 1093 3658 ει
1109 3634 1133 3657 8.
1148 3630 1205 3656 obs.
1224 3599 1703 3659 1535}s..¹¹'9f⁵'&¹⁰1'0.¹³otifi3ff'241.
1721 3633 1775 3661 με.
1792 3632 1815 3657 ει
1831 3634 1900 3657 eent.
1918 3639 1930 3656 1
1956 3631 2015 3657 obs.
2034 3639 2054 3661 3.
2071 3631 2095 3656 in
2111 3630 2203 3657 eomu.
2220 3639 2240 3660 ς.
2258 3630 2281 3653 a:
2306 3633 2377 3658 cem.
2395 3640 2420 3661 3,

547 3671 615 3694 cent.
633 3671 656 3697 8.
673 3667 730 3693 obs.
747 3675 785 3697 27.
804 3668 827 3691 8:
843 3668 913 3690 Cent.
931 3672 953 3692 9·
971 3663 1029 3688 ΟΜ.
1046 3667 1083 3693 64.
1100 3665 1122 3687 8:
1139 3664 1210 3687 Ceut.
1232 3668 1269 3686 ιο.
1286 3660 1342 3685 Obs.
1361 3661 1399 3683 86>
1418 3661 1440 3685 δι
1458 3661 1508 3685 Λᾶ,
1526 3663 1590 3686 Tom
1617 3664 1640 3684 6.
1659 3661 1716 3684 ΟΜ,
1737 3670 1773 3690 ¹5-

1175 3691 1184 3722 (
1199 3691 1215 3715 d
1233 3696 1241 3719 )
1256 3692 1316 3721 Eph.
1324 3692 1357 3715 N.
1370 3692 1502 3717 C.Cent.1.
1515 3691 1537 3715 8:
1547 3699 1567 3715 2.
1577 3689 1688 3715 Obs.168.

1330 3722 1344 3753 ς
1359 3721 1375 3746 h
1391 3722 1401 3751 )
1416 3722 1477 3750 Sect·
1494 3721 1538 3750 lue
1553 3729 1589 3749 zi.
1606 3721 1631 3749 in
1647 3721 1728 3755 sehon
1744 3722 1775 3749 ad
1790 3722 1849 3749 ΟΜ.
1866 3728 1904 3750 2²·

1711 3603 1724 3627 (
1738 3609 1753 3625 a
1769 3601 1783 3629 )
1799 3602 1878 3626 Mem.
1894 3601 1922 3628 de
1938 3600 2029 3625 l'Acad.
2048 3603 2076 3625 R.
2093 3600 2132 3625 des
2149 3602 2185 3624 Se.
2201 3601 2230 3625 A.
2242 3600 2418 3631 ¹701-&1703-

1749 3692 1797 3721 (ε)
1812 3689 2276 3723 Commerc‚1.itter.A.1743.Hebri-25.
2286 3692 2414 3726 tia-Casa.
