2498 4075
502 217 656 280 Epist.
695 218 858 270 Anat.
895 210 1108 271 Medica
1143 213 1307 267 XLu.
1344 214 1463 270 Art.
1497 215 1576 279 46.

69 299 214 340 loquitur
236 310 371 337 renum3
394 298 476 333 nosti
499 307 607 332 autem
634 324 642 339 ,
670 298 858 333 Pechlinum
883 299 975 342 (h),
998 311 1071 334 cum

66 344 156 374 urina
181 354 235 383 per
260 344 369 376 alvum.
387 343 558 385 quinquies
580 341 629 374 vel
654 342 752 376 sexies
774 344 923 384 quotidie
946 343 1072 383 ejicere-

64 394 118 418 tur
140 387 173 418 in
197 386 334 420 ischuria
357 385 500 419 hominis
522 396 634 419 renum
658 409 669 425 ,
693 388 724 419 δε
749 385 854 419 vesicae
877 387 1001 420 calculo
1025 387 1071 419 la-

69 428 216 463 borantis
232 454 241 469 ,
266 431 299 462 in
324 430 431 462 medio
455 427 634 470 reliquiss'e,
658 439 696 462 an
721 429 806 462 illaa
826 429 923 470 vcfica
946 431 978 462 in
994 429 1070 472 sub-

63 469 198 510 stratum
216 473 359 514 proxime
383 471 558 511 intestinum
581 472 710 511 Recium
739 482 794 513 per
823 482 919 505 novas
942 472 1069 506 tubula-

69 512 175 556 rasque
198 516 270 548 vias
294 538 303 553 ,
342 526 381 547 an
404 526 422 547 a
445 512 566 547 rem'bus
589 515 629 547 ad
650 514 791 554 intestina
814 515 941 548 deduffia
967 515 1036 559 effer
1060 542 1067 549 .

67 559 231 591 Caeterum
254 559 292 591 de
315 556 421 592 veiicae
445 555 604 595 abscessu,
629 559 799 601 Restoque
822 557 973 592 intestino
998 560 1069 592 Fer-

68 600 171 634 nelius
194 602 208 639 (
229 600 275 643 i)
299 601 445 643 loquitur
471 625 481 640 ,
518 610 592 636 cuni
617 600 720 643 visum
751 601 808 635 effe
828 624 840 641 ,
871 603 917 635 ait
940 624 953 642 ,
976 602 1069 635 illum

66 652 281 685 nonnunquam
303 645 344 677 ἴθ’
365 644 397 676 in
421 654 512 676 anum
531 652 693 685 penetrare
706 668 716 684 ‚
740 644 871 686 illacque
893 645 1014 678 urinam
1037 656 1070 678 o-

67 695 169 720 mnem
190 685 338 727 defluere.
365 687 408 720 Et
432 686 596 720 Hildanus
616 690 631 727 <
654 686 671 728 Ις
693 691 727 726 ),
749 699 824 720 cum
848 688 916 730 post
939 689 1068 731 longam

68 729 177 763 vesicae
201 729 378 762 ischuriam
402 752 411 766 ,
445 733 477 763 &
502 731 689 773 purulentas
712 735 817 765 urinas
852 731 979 765 vidisset
1013 731 1068 764 has

66 773 196 806 demum
221 773 343 815 viginti
369 772 492 808 ultimis
518 775 594 807 vitae
616 773 730 807 diebus
754 797 763 812 ,
799 785 864 807 non
888 786 943 817 per
966 775 1068 808 colem

66 816 202 857 amplius
225 838 238 856 ‚
262 815 313 851 sed
336 827 390 859 per
415 818 563 857 podicem
586 827 666 850 nunc
693 816 828 859 seorsum
850 840 862 857 ,
895 829 975 851 nunc
997 829 1069 852 vero

64 860 185 893 mixtas
208 860 410 892 excrementis
435 859 566 894 effluere
589 871 603 900 ,·
624 859 834 901 deprehendit
858 883 868 898 ‚
898 873 937 893 ex
961 861 1069 894 veficae

67 913 148 936 cavo
182 904 359 936 rotundum
399 902 598 937 ulcusculum
634 905 667 936 in
704 903 844 936 Rectum
880 905 1070 937 intestinum

65 945 200 988 produci
225 970 233 979 .
257 945 482 982 Quamobrem
507 970 515 983 ,
546 957 621 980 cum
644 945 702 987 ipsi
725 946 875 980 Horstius
900 945 1072 989 significas-

66 989 132 1027 set,
159 989 328 1023 mulierem
351 1000 422 1032 quae
447 990 524 1024 dum
550 990 588 1023 ab
613 990 725 1023 arbore
747 990 897 1028 caderet,
921 991 1070 1032 genitalis

64 1033 294 1067 lacerationem
320 1033 475 1067 retulisl'et
497 1056 510 1073 ,
541 1036 572 1066 δι
597 1044 674 1066 mox
698 1033 814 1066 vulnus
838 1043 959 1066 temere
981 1043 1070 1068 exte-

63 1076 132 1109 rius
151 1075 328 1114 clausisset,
351 1075 416 1119 jam
441 1076 525 1110 ultra
541 1075 681 1118 semestre
696 1074 838 1117 spatium
863 1076 982 1110 nullam
1005 1078 1069 1111 urz·-

66 1127 138 1151 nam
161 1118 321 1164 reddidisse
345 1143 354 1158 ‚
380 1118 438 1153 nisi
463 1122 551 1162 quod
573 1116 756 1162 profluebat
772 1118 875 1161 serosa
896 1118 1069 1153 humiditas

58 1162 191 1205 fingulis
213 1163 323 1196 diebus
342 1173 401 1205 per
422 1161 552 1203 alvum,
574 1171 631 1194 non
655 1172 724 1195 cum
748 1163 815 1196 alvi·
837 1163 970 1196 excretis
987 1189 995 1203 ‚
1015 1163 1071 1206 sed

57 1205 249 1247 separatim3
275 1209 409 1240 minime
432 1205 596 1239 dubitavit
622 1204 811 1246 respondere
833 1209 848 1245 (
870 1205 882 1238 l
902 1209 916 1245 )
938 1229 948 1244 ‚
976 1205 1070 1248 plane

57 1247 118 1291 fibi
141 1247 199 1281 effe
225 1248 407 1292 persuasum
430 1271 442 1288 ‚
475 1259 533 1281 non
557 1255 681 1281 tantum
716 1247 830 1282 collum
852 1249 956 1291 veficae
978 1273 987 1288 ‚
1025 1250 1069 1283 &⁵

61 1293 144 1324 uter-i
155 1314 167 1331 ,
188 1302 297 1325 verum
320 1294 417 1325 eriam
439 1290 540 1334 ipsum
564 1290 742 1329 intestinum
767 1292 893 1331 Ιίεὲἶιινη
916 1292 955 1325 ab
979 1292 1069 1326 arbo-

63 1346 96 1368 re
116 1334 222 1377 laisum
244 1343 337 1378 atque
358 1332 525 1379 perfossum
542 1331 636 1378 fuiffe
661 1359 668 1366 .
705 1335 750 1367 Et
781 1335 959 1377 explicatio
993 1339 1068 1380 qui-

60 1379 135 1412 dem
157 1378 312 1412 haetenus
336 1377 441 1412 facilis
465 1402 475 1417 ,
508 1381 538 1411 ὃ(
564 1377 726 1420 perspicua
750 1379 792 1411 est
815 1401 825 1416 ‚
855 1379 1067 1423 quemadmo-

60 1422 141 1456 dum
162 1425 192 1455 δι
216 1423 249 1456 in
275 1423 361 1456 Viro
385 1422 507 1456 Nobili
531 1420 637 1456 fuisset
660 1443 672 1461 ‚
697 1422 730 1454 ni
754 1422 878 1463 sanguis
901 1435 998 1466 quem
1022 1426 1067 1457 al-

58 1475 105 1499 vo
128 1466 317 1499 excernebat
344 1491 354 1506 ,
376 1465 544 1500 admistam
569 1464 663 1498 facile
687 1466 815 1499 urinam
839 1465 1032 1500 obscurass'et
1057 1479 1068 1505 ς

60 1510 97 1542 in
120 1521 157 1542 eo
182 1510 266 1543 enim
301 1510 428 1543 invenit
460 1509 514 1544 Cl.
550 1507 755 1545 Moraschius
785 1511 800 1547 (
822 1519 852 1542 m
876 1513 886 1547 )
912 1511 1068 1544 adflatum

60 1551 202 1594 fungosae
227 1554 315 1587 carni
340 1575 350 1590 ‚
383 1551 491 1586 veficae
514 1551 674 1585 calculum
699 1575 708 1590 ‚
741 1553 800 1594 qui
832 1551 915 1586 hanc
938 1554 1067 1587 tandem

61 1607 125 1630 una
147 1607 220 1630 cum
244 1596 398 1630 intestino
422 1596 530 1629 Redo
552 1593 768 1637 perforaverat
791 1620 800 1628 .
836 1596 896 1629 Sed
929 1596 1066 1631 viciffim

61 1637 319 1673 Observationes
344 1639 416 1672 sunt
438 1661 449 1677 ‚
483 1639 517 1671 in
554 1637 673 1680 quibus
705 1637 823 1672 haereas
846 1663 856 1679 ,
889 1640 977 1674 velut
1010 1640 1065 1673 illa

59 1695 132 1725 quae
156 1694 194 1716 ex
217 1683 310 1715 Ac‘tis
332 1682 512 1715 Helveticis
536 1683 604 1720 (n)
629 1680 723 1715 semel
746 1691 842 1723 atque
864 1683 983 1717 iterum
1008 1684 1070 1717 alia

58 1727 98 1760 de
124 1726 216 1760 causa
239 1725 331 1769 supra
357 1736 373 1758 a
399 1737 447 1759 me
471 1725 617 1758 indicata
641 1725 685 1758 est
709 1749 716 1756 .
753 1725 842 1758 Nam
867 1727 905 1759 ad
930 1729 1068 1760 mictum

56 1779 226 1804 cruentum
251 1793 259 1806 ‚
290 1771 321 1801 &
345 1768 511 1810 dysuriam
543 1779 617 1802 cum
642 1769 740 1810 paulo
774 1779 845 1802 ante
870 1773 945 1802 vitae
970 1771 1068 1804 finem

57 1813 141 1847 illud
165 1812 352 1848 acceffiffet‚
377 1822 414 1845 ut
437 1812 557 1845 lotium
581 1821 636 1854 per
660 1822 755 1844 anum
779 1812 951 1847 exstillaret
975 1827 984 1850 3
1014 1825 1068 1846 ve-

59 1856 122 1891 fica
147 1867 255 1889 tamen
280 1856 406 1889 nullum
439 1856 528 1888 ulcus
550 1877 563 1895 ‚
595 1855 784 1897 nullamque
818 1858 903 1890 viam
925 1856 1068 1891 ostendit

53 1911 127 1943 quae
150 1900 281 1933 duceret
305 1899 342 1932 ad
369 1897 559 1931 intestinum
581 1919 591 1932 .
615 1897 693 1931 Huc
717 1897 795 1932 adde
817 1910 856 1932 ex
879 1901 1069 1942 Sepulchre-

53 1953 91 1978 to
124 1947 134 1983 (
159 1946 214 1983 o)
248 1943 353 1975 multo
386 1942 546 1983 longioris
581 1942 736 1983 temporis
761 1940 1033 1977 Observationem
1058 1969 1065 1976 .

52 1981 137 2021 Puer
161 1988 245 2019 enim
268 1986 321 2018 cui
332 1991 410 2023 *toto
432 1984 574 2018 decennio
597 1984 719 2018 omnino
736 1982 808 2027 fuit
831 1985 968 2020 cohibita
999 1988 1067 2020 uri-

53 2040 94 2064 na
109 2051 120 2067 ,
141 2028 231 2071 cujus
251 2035 351 2071 guttae
375 2027 496 2070 aliquot
515 2038 571 2068 per
593 2037 686 2060 anum
710 2050 718 2065 ‚
748 2026 802 2070 sed
834 2031 938 2064 minus
960 2030 1067 2072 limpi-

54 2074 121 2112 ‹1ae,
147 2071 348 2116 prodibant,
372 2081 461 2105 renes
485 2069 602 2117 habuit
625 2093 635 2110 ,
658 2073 689 2103 ἃ
713 2081 851 2105 ureteres
873 2074 1065 2107 morborum

17 2146 23 2153 ,
57 2118 92 2151 vi
115 2116 247 2149 inutiles
270 2115 414 2149 redditos
438 2136 447 2151 ,
471 2114 605 2147 vesicam
630 2122 736 2147 autem
760 2124 949 2158 nequaquam
975 2129 1005 2158 p.
1032 2128 1062 2150 n.

49 2158 269 2203 perforatam.
296 2158 389 2198 Qin
413 2159 446 2190 &
469 2156 526 2190 ubi
550 2158 725 2199 plurimum
749 2158 822 2189 lotii
848 2161 880 2191 in
906 2159 1007 2192 vesica
1032 2172 1064 2193 e-

52 2213 126 2243 rat,
152 2213 187 2236 ut
211 2202 243 2235 in
267 2211 305 2235 eo
328 2201 366 2234 de
389 2211 458 2241 quo
482 2198 631 2234 Rhodius
655 2203 666 2237 (
685 2209 708 2241 p
730 2204 744 2240 )
767 2199 902 2243 scribit,
924 2203 1064 2236 urethrae

54 2246 227 2281 caruncula
251 2244 332 2278 illud
356 2243 595 2286 supprimente,
619 2241 724 2284 ipsum
747 2244 881 2284 quidem
903 2256 959 2287 per
981 2247 1066 2279 inte-

50 2290 170 2331 stinum
194 2287 322 2327 Reft‘um
345 2286 426 2320 clare
442 2285 560 2329 fluxit,
585 2285 639 2320 sed
663 2294 793 2319 tantum
815 2289 906 2322 donec
929 2313 938 2327 ‚
955 2288 1066 2330 stabla-

54 2341 90 2367 ta
113 2331 316 2371 obftruffione
339 2351 348 2366 ‚
380 2329 420 2362 ad
452 2329 629 2372 consuetam
660 2331 748 2362 viam
772 2338 885 2364 natura
908 2332 1030 2365 duceret
1055 2346 1064 2369 ς

54 2385 91 2412 ut
116 2375 251 2408 minime
275 2373 494 2415 intelligamus
509 2395 518 2410 ‚
540 2371 707 2419 quomodo
719 2384 772 2414 per
787 2375 970 2409 intestinum
986 2375 1063 2409 flue-

56 2429 91 2453 re
113 2420 253 2453 omnino
278 2415 418 2450 desiisset
442 2442 451 2455 ‚
476 2414 497 2448 si
522 2426 560 2448 ex
580 2417 680 2448 vesica
706 2415 744 2449 ad
767 2417 848 2451 illud
872 2420 925 2451 via
947 2429 1065 2461 praeter

54 2472 204 2497 naturam
229 2459 334 2502 reapse
357 2457 464 2493 fuisset
489 2467 616 2499 aperta.
642 2458 783 2492 Plurima
807 2463 928 2502 pariter
951 2462 983 2494 in
1010 2474 1065 2495 ve-

55 2506 117 2540 sica
142 2504 231 2545 pueri
256 2504 347 2537 urina
371 2513 461 2540 erat,
486 2512 582 2544 quem
607 2513 644 2534 ex
666 2500 835 2537 Benivenii
867 2507 882 2543 (
904 2516 922 2547 q
947 2508 955 2542 )
992 2507 1066 2539 Ob.

53 2550 236 2583 servatione
260 2547 365 2589 plures
388 2555 670 2582 commemorant3
694 2558 768 2580 nam
781 2547 917 2590 septimo
931 2547 998 2591 jam
1010 2549 1065 2583 die

53 2603 120 2628 non
143 2589 344 2629 reddiderat‚·
366 2601 441 2624 curn
463 2600 532 2622 eam
557 2588 685 2621 tandem
708 2601 746 2624 ex
770 2602 830 2624 ano
862 2594 1029 2625 evacuavit
1053 2618 1061 2625 .

53 2636 113 2671 Sed
137 2647 173 2669 ne
196 2632 283 2668 forte
314 2632 421 2667 credas
446 2660 455 2674 ‚
489 2632 529 2666 ab
562 2632 701 2666 Rhodio
726 2659 735 2674 ‚
770 2637 801 2667 δι
836 2647 853 2668 a
886 2635 1067 2669 Benivenio

52 2675 302 2724 praetermiffum
325 2676 387 2710 esse
400 2676 551 2719 superstes
566 2676 698 2718 aliquod
712 2679 986 2720 praeternaturalis
996 2691 1066 2721 per-

52 2721 227 2758 forationis
249 2719 431 2758 indicium;
453 2719 507 2754 Cl.
531 2719 689 2753 Reusneri
713 2724 724 2759 (
747 2733 763 2754 r
783 2725 797 2761 )
819 2721 851 2754 in
877 2722 942 2755 alio
966 2733 1064 2764 puero

54 2764 327 2802 Observationem
353 2764 499 2806 perlege.
525 2763 665 2796 Videbis
687 2774 792 2802 certe,
820 2764 901 2799 nihil
925 2767 958 2800 in
983 2764 1064 2799 vesi-

57 2821 94 2845 ca
117 2807 209 2842 fuisse
232 2807 309 2841 lotii
329 2808 418 2849 quod
441 2819 480 2841 ex
504 2818 540 2840 ea
566 2807 651 2839 viam
674 2808 708 2839 vi
731 2807 791 2842 fibi
812 2807 928 2842 faceret
950 2810 990 2844 ad
1014 2810 1063 2841 in-

57 2853 228 2889 testinum,
244 2852 283 2896 v&
308 2858 415 2884 tamen
439 2850 578 2894 septimo
601 2848 752 2885 ischuriae
777 2852 891 2885 renalis
914 2852 965 2887 die
998 2853 1064 2897 Wi-

59 2906 132 2931 nam
155 2893 253 2927 colore
268 2915 280 2932 ‚
302 2892 389 2927 odore
403 2916 412 2932 ‚
434 2894 613 2937 quantitate
634 2895 811 2928 naturalem
833 2897 1029 2930 aemulantem
1055 2921 1063 2935 ,

54 2950 112 2985 per
134 2937 244 2973 alvum
267 2939 421 2971 excretam
444 2935 498 2981 esse
515 2936 580 2978 fine
597 2932 712 2979 faecum
746 2937 924 2973 alpinarum
960 2950 1065 2974 excre-

157 3603 324 3647 Morgagni
335 3605 369 3637 de
381 3605 447 3638 Sed.
470 3605 509 3639 ὅ*
520 3605 607 3649 Caus.
621 3606 723 3640 Morb.
739 3606 838 3640 Torn.
851 3609 896 3641 Π,

1955 228 2047 274 179

1123 297 1204 330 tione
1224 318 1236 335 ,
1253 294 1318 337 fine
1339 298 1422 330 omni
1444 295 1544 329 dolore
1567 320 1576 335 ,
1609 302 1666 328 aut
1688 295 1870 329 alteratione
1894 316 1904 332 ,
1940 291 2038 336 idque
2061 299 2116 334 per

1121 341 1186 373 dies
1210 339 1334 379 aliquot
1367 350 1414 372 ter
1448 348 1603 382 quaterve
1636 339 1782 380 quotidie
1808 365 1816 377 ,
1850 338 1952 371 donec
1987 345 2116 381 repente

1122 393 1177 424 per
1199 382 1301 415 colem
1325 383 1446 416 reddita
1468 383 1509 416 est
1525 381 1590 424 sine
1610 383 1694 414 omni
1715 382 1817 415 dolore
1828 389 1882 414 aut
1897 379 2015 419 molesto
2035 378 2118 421 sym-

1117 434 1258 469 promate
1280 447 1289 462 ‚
1324 428 1353 459 Sc
1377 425 1418 458 fic
1454 427 1590 459 naturali
1616 425 1713 457 modo
1743 421 1907 467 perrexisse
1931 423 2119 456 mictionem

1121 471 1211 502 annis
1235 467 1495 511 insequentibus.
1521 467 1618 502 Haud
1643 469 1718 502 licet
1742 470 1842 510 igitur
1867 476 1996 501 omnem
2019 465 2119 498 urinae

1122 524 1176 554 per
1200 513 1346 552 podicem
1370 512 1588 545 excretionem
1624 511 1662 545 ad
1697 512 1838 553 primum
1863 510 1953 544 illum
1987 506 2119 541 modum

1121 555 1298 597 explicare3
1324 555 1372 589 sed
1398 556 1454 589 ubi
1479 556 1522 588 ob
1545 555 1684 588 renalem
1708 579 1717 594 ‚
1750 565 1803 588 aut
1827 554 1988 587 vesicalem
2012 549 2120 584 ischu-

1122 601 1202 631 riam
1227 600 1326 632 nimia
1348 599 1416 640 ejus
1439 599 1530 640 copia
1562 597 1746 640 sanguinem
1780 603 1954 639 praegravc't
1978 621 1987 636 ‚
2020 604 2121 642 neque

1122 643 1223 675 ullum
1249 642 1287 674 ab
1312 642 1439 675 renibus
1466 668 1474 681 ,
1510 651 1564 675 aut
1590 652 1604 673 a
1628 642 1727 674 vesica
1761 639 1898 673 morbosi
1934 640 1971 673 ad
1994 637 2121 671 intesti-

1121 697 1200 718 num
1224 686 1327 726 aperti
1351 687 1477 719 itineris
1501 685 1658 718 indicium
1683 683 1721 716 sit
1745 706 1758 723 ,
1794 696 1839 717 res
1863 685 1908 716 ita
1944 683 2051 724 potius
2073 682 2122 728 est

1120 727 1307 769 explicanda
1332 737 1365 762 ut
1389 727 1661 771 quemadmodum
1685 738 1762 761 tunc
1786 739 1840 768 per
1866 728 2027 759 vomitum
2051 725 2125 764 ejici

1120 773 1261 811 lotium,
1286 772 1364 805 alibi
1389 771 1471 815 (s)
1494 768 1672 814 scripsimus
1695 794 1706 810 ,
1731 770 1770 803 fic
1796 781 1849 811 per
1873 767 2018 803 secessum
2041 778 2125 809 quo-

1119 827 1179 859 que
1194 811 1372 856 ejiciatur,
1394 815 1621 849 intestinorum
1646 815 1796 847 videlicet
1821 813 1980 856 glandulis
1992 813 2025 845 id
2042 821 2125 858 ρξε-

1120 860 1168 890 ter
1193 869 1338 894 naturam
1363 858 1595 892 secernentibus
1619 883 1626 890 .
1660 860 1812 891 Attamen
1841 857 1887 889 vel
1912 857 2036 890 ratione
2068 852 2125 884 ista

1122 900 1246 943 posita,
1271 902 1352 935 illud
1364 913 1427 935 non
1440 902 1765 943 facileintelligitur,
1791 897 2123 947 quomodocffusalin

1122 944 1239 978 tubum
1263 946 1489 979 intestinorum
1512 946 1602 978 urina
1628 945 1690 978 line
1714 943 1830 978 faecum
1855 945 1916 977 alvi
1956 941 2124 988 admistio-

1122 999 1163 1021 ne
1179 1009 1188 1024 ,
1212 997 1248 1021 ut
1273 988 1369 1022 modo
1393 987 1625 1026 referebamus,
1653 988 1839 1030 egrediatur
1864 1000 1872 1019 .-
1897 998 1969 1029 quae
1989 983 2128 1033 difficul-

1123 1041 1172 1064 tas
1196 1042 1297 1072 neque
1320 1043 1374 1073 per
1394 1031 1485 1064 illam
1509 1033 1641 1065 alteram
1673 1033 1830 1064 rationem
1867 1033 2005 1071 primam
2039 1027 2129 1060 tolli-

1123 1082 1177 1107 tur
1198 1075 1288 1107 omni
1312 1086 1350 1107 ex
1374 1085 1484 1116 parte,
1509 1083 1543 1108 ut
1568 1087 1641 1108 cum
1665 1075 1722 1107 illa
1747 1073 1831 1117 apud
1852 1073 2023 1107 Horstium
2060 1070 2124 1120 foes-

1123 1120 1209 1150 mina
1233 1128 1297 1150 non
1322 1129 1396 1151 cum
1421 1118 1485 1150 alvi
1509 1118 1714 1151 recrementis
1737 1141 1749 1157 ‚
1787 1116 1836 1151 sed
1864 1114 2036 1158 separatim
2060 1124 2129 1148 uri-

1123 1173 1196 1195 nam
1221 1173 1259 1194 ex
1285 1160 1398 1201 podice
1421 1162 1590 1194 emittebat
1614 1173 1623 1197 ς
1653 1161 1813 1194 Hildanus
1835 1161 1922 1193 enim
1946 1169 2024 1191 nunc
2041 1157 2130 1198 seor-

1115 1205 1188 1248 sum
1209 1204 1339 1247 quidem
1354 1229 1362 1243 ,
1385 1214 1463 1237 nunc
1487 1215 1559 1238 vero
1571 1203 1690 1243 mistam
1715 1204 1994 1246 alviexcigemences
2018 1200 2132 1248 efflue-

1120 1260 1154 1281 re
1177 1249 1209 1281 in
1235 1248 1290 1281 suo
1313 1248 1406 1287 sene,
1428 1247 1656 1281 observaverat
1671 1272 1678 1278 .
1705 1247 1793 1281 Mihi
1821 1256 1928 1280 autem
1955 1245 2130 1287 superiori-

1120 1292 1181 1325 bus
1204 1294 1293 1324 annis
1316 1293 1458 1334 contigit
1483 1300 1518 1324 ut
1543 1293 1576 1325 in
1610 1290 1715 1324 casum
1753 1290 1930 1324 inciderem
1957 1314 1965 1328 ,
1999 1299 2096 1331 quem
2120 1308 2133 1325 2

1120 1334 1250 1378 ejusque
1272 1333 1419 1374 causam,
1443 1337 1474 1368 δε
1499 1335 1631 1370 modum
1655 1347 1728 1370 cum
1752 1334 1932 1376 intelligere
1967 1342 2100 1366 conarer
2125 1353 2134 1367 ‚

1122 1389 1189 1412 non
1214 1378 1279 1412 visa
1302 1379 1344 1412 est
1368 1380 1504 1421 amplius
1527 1392 1565 1413 ex
1578 1378 1754 1421 majoribus
1778 1379 1843 1412 liaec
1868 1375 1926 1410 esse
1949 1388 2047 1419 quam
2061 1385 2134 1406 mo·

1121 1422 1166 1455 do
1198 1421 1353 1464 proposui
1379 1445 1388 1459 ‚
1424 1422 1598 1457 difficultas
1622 1448 1628 1456 .
1661 1423 1797 1468 Juvenis
1822 1419 1973 1455 Sacerdos
2005 1417 2133 1467 qarob

1122 1466 1285 1508 egregiam
1310 1466 1452 1500 indolem
1477 1491 1485 1504 ‚
1522 1466 1653 1509 ejusque
1686 1466 1798 1501 officio
1832 1465 1965 1508 dignam
1991 1463 2137 1511 probitas

1122 1518 1187 1541 tem
1212 1532 1224 1548 ,
1246 1512 1277 1542 <Sc
1302 1509 1543 1551 speetatiffimos
1567 1509 1690 1553 semper
1714 1521 1818 1544 mores
1841 1533 1850 1549 ,
1885 1508 2039 1543 omnibus
2062 1514 2137 1547 qur-

1122 1552 1180 1584 bns
1205 1563 1272 1585 erat
1297 1563 1391 1587 notus
1416 1554 1557 1587 moriens
1584 1553 1631 1586 sui
1655 1553 1845 1587 desiderium
1872 1552 2004 1595 reliquit
2030 1577 2039 1590 ,
2063 1561 2138 1584 cum

1121 1595 1203 1628 mihi
1230 1607 1372 1630 narraret
1398 1622 1407 1635 ‚
1433 1597 1460 1630 se
1486 1599 1596 1638 paucis
1621 1606 1694 1630 ante
1718 1596 1833 1631 diebus
1856 1592 2135 1631 animadvertisse,

1121 1640 1249 1672 urinam
1274 1639 1331 1673 fibi
1355 1652 1408 1681 per
1433 1641 1535 1673 sedern
1560 1640 1692 1681 prodire
1716 1662 1726 1677 ‚
1761 1652 1821 1684 ego
1853 1641 1910 1682 qui
1947 1637 2141 1681 hypochon-

1122 1682 1271 1717 driacum·
1297 1707 1305 1721 ‚
1343 1684 1435 1718 sicuti
1460 1683 1574 1717 studiis
1599 1684 1785 1717 litterarum
1820 1684 1926 1718 dediti
1953 1694 2017 1716 non
2043 1682 2140 1725 pauci

1123 1724 1229 1759 solent
1253 1748 1265 1766 ‚
1295 1725 1398 1767 ipsum
1429 1726 1488 1760 effe
1511 1725 1574 1768 jam
1599 1727 1717 1760 nossem
1744 1750 1752 1764 ‚
1778 1729 1921 1770 primum
1946 1738 2011 1760 non
2034 1725 2144 1760 credi-

1121 1769 1154 1801 di
1183 1795 1190 1807 ,
1238 1770 1391 1811 postridie
1438 1780 1544 1804 autem
1585 1781 1660 1803 curn
1704 1770 1743 1805 ad
1780 1783 1832 1805 me
1866 1770 2020 1813 regressus
2052 1770 2141 1803 illam

1119 1824 1193 1855 quae
1218 1813 1258 1846 fic
1283 1813 1378 1851 paulo
1402 1824 1475 1845 ante
1512 1814 1677 1853 prodierat
1700 1839 1710 1854 ‚
1743 1813 1935 1850 afferendam
1971 1812 2104 1847 curasset
2130 1824 2141 1851 3

1120 1866 1193 1889 tum
1218 1856 1356 1898 denique
1378 1868 1416 1889 ex
1440 1869 1478 1888 eo
1502 1855 1677 1898 diligenter
1700 1858 1833 1900 quaeiivi
1860 1881 1869 1896 ,
1905 1869 1945 1892 an
1982 1858 2068 1890 vitio
2090 1858 2142 1889 ul-

1119 1898 1154 1931 lo
1181 1910 1323 1941 unquam
1359 1899 1493 1941 alicuj-is
1528 1912 1566 1932 ex
1589 1902 1745 1934 urinariis
1771 1903 1917 1943 partibus
1947 1925 1957 1940 ,
1996 1911 2051 1934 aut
2077 1900 2138 1932 imi

1120 1943 1265 1976 intestini
1290 1942 1423 1977 affeetus
1447 1942 1583 1983 fuisset,
1607 1955 1645 1977 an
1670 1945 1782 1978 dolore
1809 1968 1818 1983 ,
1843 1955 1898 1979 aut
1923 1944 2068 1979 molestia
2093 1945 2142 1977 ui*-

1120 1985 1148 2018 la
1175 2008 1182 2022 ‚
1208 1985 1230 2018 fi
1256 1997 1322 2018 non
1346 1985 1401 2019 diu
1426 1996 1519 2020 antea
1545 2010 1554 2024 ‚
1589 1997 1622 2020 at
1647 1986 1759 2021 saltem
1783 2000 1846 2023 non
1871 1990 1916 2022 ita
1940 1988 2067 2031 pridem
2091 1991 2144 2021 {02

1120 2039 1169 2062 ter
1201 2029 1411 2070 mingendum
1438 2052 1446 2065 ,
1483 2040 1536 2063 aut
1582 2030 1801 2071 dejiciendum
1849 2041 1984 2065 vexatus
2030 2031 2103 2065 effer
2130 2053 2147 2070 2

1119 2081 1175 2105 aut
1199 2082 1277 2105 tunc
1301 2083 1467 2107 vexaretur
1490 2096 1503 2114 ,
1535 2076 1705 2109 cruentine
1728 2076 1935 2119 quidquam,
1960 2084 2017 2108 aut
2042 2087 2146 2117 puru-

1119 2116 1201 2162 lenti
1237 2116 1392 2150 alterutra
1418 2120 1468 2150 via
1492 2117 1620 2152 exiisset
1643 2140 1652 2155 ,
1690 2129 1744 2152 aut
1777 2123 1878 2154 exiret
1903 2144 1914 2160 ,
1946 2128 2044 2162 atque
2075 2121 2142 2152 alia·

1115 2158 1351 2207 ejusdemmodi
1386 2184 1393 2192 .
1442 2160 1501 2193 Ille
1547 2172 1623 2196 vero
1670 2161 1738 2197 haec
1794 2164 1919 2205 singula
1953 2186 1969 2203 ‚
2022 2163 2141 2196 nedum

1118 2201 1266 2235 universa
1291 2225 1304 2241 ,
1327 2204 1366 2236 iis
1401 2204 1506 2236 verbis
1527 2207 1659 2247 negavit
1682 2228 1691 2243 ‚
1727 2218 1799 2248 quae
1823 2207 1873 2240 vei
1897 2208 1932 2241 in
1957 2206 2064 2239 minus
2088 2209 2141 2239 in<-

1115 2256 1220 2285 2enuo
1253 2244 1385 2279 homine
1408 2245 1502 2280 fidem
1526 2246 1668 2281 facerent
1692 2273 1700 2281 .
1737 2250 1864 2290 Nulla,
1887 2260 1923 2284 ut
1945 2250 2057 2287 vides,
2085 2250 2139 2284 hic

1117 2287 1223 2321 fuerat
1256 2300 1295 2321 ex
1328 2290 1427 2323 causis
1460 2301 1537 2332 quas
1583 2293 1681 2333 paulo
1727 2303 1803 2326 ante
1838 2295 2101 2328 commemoravi
2125 2317 2135 2331 ,

1118 2343 1185 2364 non
1209 2332 1324 2365 calculi
1348 2332 1508 2374 exsenia),
1532 2344 1597 2367 non
1623 2334 1796 2377 abscessus,
1822 2348 1886 2370 non
1911 2337 1999 2371 caius
2022 2362 2031 2377 ,
2070 2349 2136 2371 non

1117 2376 1200 2408 ierus
1224 2398 1235 2414 ‚
1258 2386 1322 2408 non
1348 2378 1391 2419 in<
1408 2376 1508 2409 vesica
1533 2401 1541 2416 ‚
1566 2387 1622 2412 aut
1646 2379 1778 2413 renibus
1801 2380 1883 2421 lapis
1904 2404 1916 2421 ,
1941 2392 2005 2414 non
2032 2384 2134 2414 urinae

1118 2420 1153 2450 in
1178 2419 1232 2451 illa
1255 2441 1265 2456 ‚
1291 2428 1344 2451 aut
1367 2418 1417 2453 his
1442 2420 1615 2461 suppreffio
1639 2446 1649 2462 ‚
1672 2425 1703 2456 &
1728 2432 1835 2458 tamen
1860 2427 1955 2458 urina
1979 2448 1988 2462 ,
2022 2427 2054 2457 <Sc
2077 2424 2135 2458 sae—

1118 2472 1159 2504 pe
1182 2462 1332 2509 quotidie
1357 2462 1450 2497 simul
1473 2475 1489 2495 e
1513 2461 1609 2496 vesica
1634 2488 1644 2503 ,
1682 2466 1774 2499 simul
1807 2479 1824 2501 e
1850 2468 1964 2509 podice
1988 2469 2099 2501 exibat
2124 2495 2132 2510 ,

1117 2515 1220 2546 eaque
1244 2507 1310 2547 ipsa
1331 2517 1403 2548 quae
1425 2519 1440 2539 e
1465 2505 1582 2545 podice
1606 2530 1614 2544 ,
1641 2519 1677 2541 ut
1699 2511 1879 2552 plurimum
1907 2513 1969 2544 sine
1995 2512 2059 2545 alvi
2085 2524 2131 2546 re-

1116 2550 1290 2580 crementis
1315 2568 1323 2582 ,
1359 2551 1391 2582 δε
1423 2549 1466 2583 sic
1501 2549 1537 2582 ad
1575 2562 1710 2585 mortem
1736 2553 1835 2595 usque
1861 2579 1870 2595 ‚
1892 2556 1931 2588 ab
1955 2557 2019 2589 alio
2045 2569 2131 2590 mor..

1117 2590 1162 2624 bo
1195 2590 1322 2624 allatam
1347 2614 1356 2629 ‚
1391 2592 1424 2626 iel
1448 2592 1491 2626 est
1524 2593 1641 2628 menses
1676 2597 1795 2630 multos
1833 2600 1974 2640 perrexit
2010 2600 2129 2643 absque

1117 2634 1181 2668 ulla
1217 2634 1362 2668 molestia
1407 2637 1524 2669 exire·
1574 2636 1604 2670 ls
1640 2650 1712 2673 cum
1747 2641 1872 2674 deceffit
1895 2665 1903 2679 ‚
1945 2654 2004 2685 ego
2040 2644 2129 2678 rbi-te

1117 2679 1152 2710 in
1185 2678 1294 2712 Patria
1326 2679 1454 2721 longius
1485 2678 1648 2722 aberam,
1693 2693 1728 2716 ut
1761 2694 1799 2717 ne
1836 2687 1961 2719 veniam
1995 2688 2130 2730 quidem

1116 2722 1244 2756 licuerit
1289 2732 1394 2764 petere
1438 2723 1599 2757 cadaveris
1644 2727 1860 2766 perscrutandi
1896 2753 1909 2769 ,
1962 2732 1992 2762 &
2037 2731 2129 2774 quod}

1116 2766 1149 2797 in
1185 2766 1262 2798 vivo
1307 2768 1490 2807 intelligere
1524 2766 1600 2799 satis
1645 2780 1708 2801 non
1745 2779 1889 2811 poteram
1911 2795 1921 2810 ‚
1966 2785 2004 2806 ex
2037 2787 2125 2807 mor-

1116 2816 1176 2841 tuo
1209 2808 1337 2842 fortasse
1372 2809 1587 2844 addiscendi.
1634 2812 1691 2845 Sed
1724 2811 1876 2848 haetenus
1896 2815 2007 2849 -haec-
2045 2820 2125 2860 Pro-x

1115 2854 1218 2930 {ogias
1243 2854 1384 2887 Litteras
1406 2854 1574 2895 aliquanto
1598 2855 1758 2890 breviores
1781 2860 1988 2900 expectabis,
2011 2863 2043 2895 ὃ(
2068 2873 2124 2897 va-

1124 2907 1145 2929 e
1172 2907 1223 2930 is.
1970 2911 1973 2913 ’
2011 2917 2013 2919 ’

1620 3613 1706 3646 Zz
1948 3614 2077 3648 EPI-

113 3692 2121 3712 mmm-Q

122 3745 167 3777 (ἰ,
182 3750 196 3778 )
213 3750 270 3775 vm.
287 3751 342 3776 aa.
359 3751 430 3775 Erud.
449 3750 514 3780 Lips.
532 3752 561 3775 A.
582 3755 649 3781 1691.
667 3754 707 3778 Μ.
724 3751 786 3780 Mai.

123 3780 138 3808 ζ
154 3787 177 3803 m
194 3781 206 3809 )
222 3782 284 3810 Eph.
302 3784 335 3806 N.
352 3783 381 3805 C.
398 3783 469 3806 cent.
489 3789 523 3806 10.
540 3782 598 3806 obs.
616 3788 653 3812 56.
716 3783 724 3814 (
741 3791 757 3807 n
774 3784 783 3814 )
799 3782 874 3808 Tom.
894 3791 916 3807 1.

123 3810 139 3838 (
153 3819 167 3839 q
184 3810 197 3839 )
213 3813 247 3836 De
263 3812 341 3837 abdit.
358 3812 435 3836 morb.
453 3812 527 3837 causis
542 3820 562 3837 c.
579 3821 603 3842 7.

849 3753 859 3785 (
875 3753 885 3777 ¹¹
902 3752 911 3783 l
928 3753 1029 3778 Pati-iol.
1046 3755 1063 3777 1.
1080 3756 1104 3777 6.
1123 3760 1145 3778 e.
1164 3761 1200 3783 13.

666 3815 680 3843 (
697 3823 709 3839 r
725 3814 740 3842 )
755 3812 815 3843 Eph.
834 3817 866 3839 N·
886 3816 918 3839 C.
936 3783 1053 3843 eenctf'ff),
1068 3783 1130 3840 ἓξὲξ.-
1146 3792 1186 3844 ΞΑ·
1204 3786 1263 3810 Obs.
1281 3789 1303 3809 ⁶.
1321 3784 1342 3814 ς,
1363 3793 1384 3809 ,-

1247 3757 1261 3785 (
1275 3755 1291 3779 k
1310 3757 1320 3781 >
1338 3758 1413 3781 cent.
1428 3763 1449 3780 2.
1468 3756 1526 3781 obs.
1544 3761 1581 3787 ⁶3·
1646 3758 1660 3786 (
1676 3757 1686 3780 Ι
1701 3757 1715 3785 )
1732 3759 1806 3781 cent.
1825 3767 1845 3788 ς.
1863 3758 1921 3784 Obs.
1937 3766 1977 3789 47·

1444 3788 1459 3817 (
1471 3795 1488 3818 p
1504 3788 1518 3816 )
1533 3790 1604 3812 Cent.
1622 3796 1644 3812 2·
1661 3787 1721 3812 Ob's.
1740 3788 1807 3813 Med.
1826 3797 1864 3818 90.

1231 3818 1245 3845 (
1259 3816 1302 3845 s)
1320 3816 1391 3845 Epist.
1406 3825 1446 3847 4¹·
1464 3825 1487 3842 n.
1506 3827 1528 3847 5-
