2498 4075
418 151 518 217 248

978 146 1135 198 Liber
1169 152 1250 198 111.
1285 146 1369 199 De
1402 143 1610 199 Morbis
1643 147 1852 199 Ventris

353 230 545 274 disjunta,
568 226 656 272 qued
679 225 874 270 quantoillae
898 222 1127 258 descendebant
1139 227 1257 266 magis,
1281 236 1352 258 tan·
1402 226 1531 258 tionum
1554 224 1631 260 Idea
1653 225 1970 265 commendavimus,
1991 235 2028 260 ut
2051 226 2169 270 quibus
2192 234 2301 261 natura
2324 222 2396 262 suos

357 286 394 309 to
416 277 520 319 ipsum
546 273 646 314 magis
668 270 868 304 decrescebat
891 292 900 307 ‚
925 277 960 300 ut
984 267 1121 308 denique
1144 268 1355 302 infrathora-

308 340 311 344 -
356 332 427 353 cern
461 329 523 351 non
550 315 684 356 amplius
717 314 786 346 duae
810 311 906 345 essent
940 312 1044 352 Spinae
1064 332 1073 347 ‚
1107 311 1157 345 sed
1181 320 1265 345 una.
1288 312 1355 344 Eo..

356 364 493 404 demque
515 360 628 393 ordine
654 358 802 389 breviora
826 355 940 388 fiebant
966 353 1140 386 transversa
1163 354 1227 388 ossa
1250 378 1262 395 ,
1284 366 1355 397 quae

354 405 449 442 costis
473 402 695 437 crassitudine,
718 398 888 431 latitudine
909 419 925 443 ³,
953 397 984 427 &
1008 395 1076 431 sede
1099 397 1319 440 respondentia
1342 420 1355 437 ‚

355 453 390 483 in
422 448 480 481 illo
503 446 675 487 Spinarum
698 442 868 474 intervallo
904 440 1025 481 singula
1049 451 1139 474 erant
1163 441 1320 474 collocata
1345 465 1351 472 .

355 491 536 526 Secundum
570 488 602 520 id
636 486 841 520 intervallum
875 481 1036 517 ferebatur
1069 485 1196 526 Magnae
1230 486 1354 518 arteriae

357 545 490 569 truncus
514 529 736 566 Descendens,
762 528 850 561 valde
874 527 996 569 amplus
1022 550 1030 563 ,
1068 536 1101 560 ut
1125 528 1183 570 qui
1213 539 1252 560 ex
1275 527 1355 561 duo-

356 581 434 615 bus,
460 579 493 609 in
517 586 617 609 unum
639 572 899 607 confluentibus,
923 570 1120 606 efficeretur,
1144 582 1245 613 neque
1268 571 1356 604 binas

356 631 507 659 tantuin,
533 618 582 653 sed
608 627 710 650 ternas
735 616 923 650 exordiae,
945 613 1113 656 ternasque
1138 616 1288 647 emittens
1304 616 1357 646 In-

357 664 538 699 tercostales
562 662 691 694 arterias
715 670 780 701 quo
804 658 842 692 ad
865 657 1076 690 intervallum
1100 656 1181 691 illud
1198 656 1333 691 durabat
1350 679 1358 694 ‚

357 719 394 744 ut
419 717 494 751 pote
528 707 582 739 cui
608 716 668 737 una
699 713 806 736 earum
830 701 997 734 inserviret
1024 725 1031 732 .
1066 701 1197 742 Singula
1221 699 1359 735 thoracis

357 754 454 785 latera
477 751 568 787 bini,
591 748 629 781 de
651 747 766 788 quibus
790 745 827 778 ad
851 754 883 778 te
907 744 982 776 alias
1003 747 1018 783 (
1039 755 1057 775 a
1082 747 1092 782 )
1116 743 1222 785 scripsi
1238 766 1246 781 ,
1272 755 1358 778 tene.

357 797 435 829 bant
463 794 571 835 magni
596 792 787 832 pulmonum
812 789 881 822 lobi
908 801 916 823 ε
950 798 1022 820 nam
1045 789 1076 819 &
1109 788 1142 820 in
1165 788 1240 820 bina
1263 788 1359 820 bron-

357 839 430 874 chia
454 834 819 879 singulaedividebantur
843 829 1129 872 arteriaeAsperae,
1154 842 1170 863 a
1195 829 1250 863 suo
1271 842 1359 873 quae-

357 895 419 927 que
442 881 526 915 collo
549 876 770 911 descendentes
785 899 799 921 .·
835 874 964 915 Thymi
988 885 1117 916 quo-que
1150 883 1238 906 erant
1261 875 1327 907 duo
1351 899 1360 914 ,

357 925 413 960 etii
438 938 453 958 a
479 925 586 963 primo
609 924 642 952 in
658 931 756 953 unum
781 918 883 960 Junsti
900 917 1089 950 videbantur
1107 941 1114 948 .
1140 917 1359 951 Pericardium

356 981 457 1003 uuum
480 967 545 1001 duo
567 964 777 1001 continebat,
801 962 928 1003 penitus
953 959 1108 1001 sejuneta‚
1130 960 1226 994 corda
1248 987 1254 993 .
1278 962 1359 994 Haec

356 1006 541 1047 erantintei·
567 1008 594 1042 se
607 1007 760 1049 aequalia,
784 1005 1077 1046 eademqueintus,
1102 1014 1256 1046 extraque
1278 1005 1359 1038 stru-

355 1057 464 1089 &ura.
488 1052 545 1086 Sed
568 1053 601 1084 in
625 1050 675 1084 his
697 1060 803 1083 tamen
828 1047 1048 1089 discrepabant
1068 1070 1080 1088 ,
1105 1050 1248 1090 primum
1270 1049 1358 1091 quod

354 1112 429 1135 curn
454 1099 590 1131 alterurn
616 1096 744 1128 alterius
768 1093 860 1125 lateri
892 1092 1077 1132 proximum
1102 1090 1173 1124 esset
1196 1114 1207 1130 ,
1240 1090 1356 1124 sinistri

354 1143 452 1178 facies
476 1151 545 1184 quae
569 1139 732 1173 dexterum
758 1134 990 1175 contingebat,
1015 1145 1103 1171 erat,
1130 1147 1185 1168 nec
1209 1135 1324 1167 leviter
1347 1156 1356 1171 ,

354 1186 396 1221 fic
420 1192 595 1221 excavata,
621 1192 656 1215 ut
679 1180 857 1214 naturalem
881 1178 1005 1210 dexteri
1016 1180 1255 1211 convexitatem
1270 1200 1279 1215 ,
1305 1181 1358 1212 cui

353 1229 481 1273 prorsus
497 1226 705 1268 respondebat
731 1246 739 1260 ‚
765 1223 948 1263 exciperem
971 1220 1084 1253 deinde
1099 1222 1186 1264 quod
1211 1233 1274 1255 non
1286 1233 1359 1253 ean-

352 1273 426 1307 dem
451 1281 626 1311 utrumque
650 1267 766 1301 faciem
791 1265 896 1301 sternQ
919 1264 1112 1297 obvertebat
1135 1286 1147 1303 ,
1182 1264 1232 1297 sed
1256 1265 1362 1298 dexte.

353 1328 428 1351 rum
460 1313 592 1357 quidem
624 1323 693 1344 eam
728 1320 825 1352 quarn
859 1306 1031 1346 debebat,
1068 1307 1231 1341 sinistrum
1255 1319 1361 1341 autem

353 1372 451 1404 quam
478 1358 581 1391 sterno
604 1356 769 1388 obvertere
793 1350 972 1391 debuisset,
995 1364 1064 1385 earn
1087 1351 1220 1385 dextero
1242 1352 1359 1384 obver-

354 1406 442 1438 tebat
465 1401 555 1435 cordi
578 1424 587 1438 ‚
623 1410 721 1441 eaque
745 1395 841 1429 facies
864 1395 918 1427 illa
943 1405 1008 1428 erat
1031 1417 1040 1432 ,
1073 1406 1144 1437 quae
1166 1420 1175 1435 ‚
1198 1404 1234 1427 ut
1257 1395 1327 1428 dixi
1348 1421 1355 1434 ,

354 1456 509 1482 excavata
544 1442 647 1477 fuerat
670 1467 677 1473 .
710 1441 819 1479 Qam
842 1440 1102 1480 excavationemf
1124 1450 1161 1472 ne
1197 1438 1360 1480 suspiceris

353 1491 422 1535 post
448 1498 584 1523 mortem
603 1499 617 1519 a
640 1485 773 1519 dextero
784 1482 900 1517 corde,
924 1483 1013 1523 quod
1038 1481 1124 1515 forte
1151 1480 1359 1515 finistrodiu-

353 1536 419 1568 tius
443 1529 634 1567 incubuisset
658 1552 666 1566 ,
698 1527 808 1560 induci
833 1524 970 1566 potuisse
995 1538 1005 1563 5
1032 1537 1086 1559 nec
1112 1526 1215 1558 levem
1238 1526 1326 1558 illam
1352 1548 1360 1562 ,

354 1589 391 1612 ut
425 1578 550 1611 diffisum
575 1573 616 1607 est
640 1598 647 1612 ‚
681 1571 771 1606 fuisle
797 1570 983 1602 memineris
1009 1594 1018 1609 ,
1053 1572 1084 1601 &
1109 1581 1177 1601 eam
1202 1572 1360 1610 parietum

353 1622 519 1662 utriusque
544 1617 650 1651 cordis
675 1618 707 1649 in
733 1614 833 1646 vitula
855 1611 936 1649 hac,
964 1610 1100 1654 perfecte
1125 1614 1157 1645 in
1183 1621 1274 1645 utero
1298 1611 1361 1653 jam

353 1667 444 1700 auc'ta
459 1687 468 1702 ,
493 1666 523 1696 δι
545 1660 643 1703 probe
656 1659 798 1693 nutrita,
824 1656 1083 1698 firmitudinem,
1107 1655 1362 1689 crassitudinem-

352 1721 414 1752 que
439 1706 552 1741 fuisse,
577 1704 674 1740 sciis,
700 1711 733 1735 ut
759 1700 831 1731 inde
857 1701 947 1730 islam
972 1710 1035 1730 non
1061 1699 1153 1741 liceat
1178 1702 1362 1732 excavati0<

352 1763 426 1786 nem
450 1758 610 1790 repetere.
743 1742 844 1782 <Q0d
879 1742 899 1773 li
927 1752 961 1773 ut
997 1742 1095 1774 corda
1119 1763 1127 1778 ,
1164 1741 1204 1773 sic
1227 1743 1362 1783 reliquae

353 1797 451 1830 etiarn
475 1801 578 1836 partes
603 1789 678 1823 satis
691 1786 790 1821 firma:
815 1795 886 1818 turn
900 1782 1029 1817 fuissent
1045 1806 1052 1820 ‚
1078 1796 1136 1818 nec
1162 1786 1268 1826 gravis
1280 1785 1363 1818 odor

352 1851 417 1874 non
443 1837 559 1870 secanti
586 1832 706 1871 modO,
733 1830 783 1863 sed
808 1832 838 1862 δέ
860 1827 925 1861 illis
948 1830 1005 1869 qui
1020 1839 1117 1870 prope
1144 1839 1192 1860 ine
1206 1827 1336 1862 aderant
1354 1854 1362 1869 ,

355 1885 476 1922 magis,
504 1878 668 1919 magisque
693 1873 841 1908 molestus
867 1872 958 1904 fieret
984 1884 992 1907 ·,
1027 1871 1088 1903 alia
1114 1881 1265 1913 praeterea
1284 1897 1292 1911 ,
1314 1883 1363 1905 at-

353 1920 423 1970 q‘ne*
442 1925 502 1958 alia
529 1916 722 1965 perlibenter
750 1917 913 1958 inquirere
928 1937 936 1951 ,
960 1917 989 1947 ὃ(
1012 1915 1362 1955 diiigenterexamina-

355 1983 388 2003 re
412 1965 634 2010 perrexissem,
767 1962 890 1993 Eorum
916 1967 1024 1991 tamen
1048 1960 1163 1999 quaein
1188 1967 1298 1991 ventre
1312 1958 1362 1992 su-

353 2021 503 2058 pererant
529 2032 537 2048 ,
561 2007 716 2041 viscerum
741 2003 866 2037 nullum
891 2001 959 2035 vidi
981 2001 1069 2044 quod
1093 2010 1207 2044 praeter
1230 2001 1362 2036 consue-

354 2058 504 2091 tudinem
531 2052 604 2086 esset
628 2050 834 2091 duplicatum
851 2071 858 2078 .

404 2101 453 2142 58.
481 2098 648 2141 Qoniam
673 2102 778 2135 partus
804 2089 978 2123 infelicitas
1013 2100 1085 2131 quae
1110 2089 1144 2121 in
1180 2090 1267 2129 prole
1293 2087 1362 2131 spe-

356 2146 464 2178 &ratur
487 2166 494 2179 ,
523 2152 587 2175 non
615 2138 716 2172 solum
741 2145 818 2168 tunc
843 2133 886 2167 est
909 2144 983 2166 cum
1007 2131 1188 2182 monstrosa
1212 2132 1280 2166 haec
1305 2143 1362 2165 na-

357 2189 479 2222 scitur,
505 2195 614 2218 verum
640 2182 758 2219 etiam,
781 2187 816 2211 ut
840 2177 930 2219 supra
953 2181 966 2216 <
989 2175 1042 2219 b)
1066 2176 1232 2217 posuimus
1252 2199 1261 2213 ,
1288 2187 1362 2209 cum

356 2234 398 2266 est
423 2232 512 2267 aravi
537 2228 601 2262 alio
626 2226 737 2266 aliquo
761 2222 846 2254 vitio
870 2219 1008 2256 affeera3
1033 2218 1070 2253 de
1082 2218 1141 2253 hac
1167 2220 1360 2262 quoquein-

356 2268 517 2310 felicitate
550 2282 647 2314 pauca
673 2267 804 2309 quidem
839 2264 883 2297 ob
918 2263 1098 2306 provectam
1134 2262 1201 2305 jam
1236 2264 1362 2304 longius

357 2320 536 2362 Epislnlarn
567 2338 577 2352 ,
614 2314 808 2353 attingemus
832 2333 841 2348 ,
871 2319 936 2340 non
961 2306 1048 2349 quod
1074 2308 1178 2340 multo
1206 2306 1295 2348 plura
1318 2308 1363 2339 rei

357 2365 500 2398 dionims
516 2387 524 2397 ,
550 2370 645 2399 atque
670 2356 746 2388 adeo
770 2350 929 2385 necessitas
953 2362 1016 2383 non
1042 2350 1235 2392 postularet.
1261 2350 1364 2383 Pauca

357 2393 442 2442 enim
469 2403 631 2438 infantum
657 2399 736 2431 vitia
762 2396 834 2429 sunt
859 2406 930 2436 quae
954 2393 1053 2434 reipsa
1079 2393 1192 2426 cadant
1213 2392 1271 2426 sub
1296 2392 1363 2425 sen-

359 2452 409 2486 sus
427 2473 434 2487 ‚
469 2449 490 2482 si
515 2458 587 2480 cum
614 2444 755 2476 maximo
791 2449 926 2472 numero
947 2435 1093 2470 conferas
1109 2475 1112 2478 .
1127 2437 1329 2469 internorum
1353 2450 1363 2472 3

358 2495 426 2531 haec
451 2501 556 2526 autem
581 2499 650 2531 quae
677 2485 807 2518 liumini
832 2483 954 2529 generis
988 2491 1136 2521 magnam
1162 2488 1284 2529 partein
1309 2480 1365 2512 vix

360 2540 479 2572 editam
504 2534 695 2570 absumunt,
720 2537 812 2561 tanto
837 2525 986 2560 facilius,
1011 2533 1136 2566 quanto
1163 2534 1268 2556 minus
1286 2531 1363 2555 tunc

358 2583 432 2616 visa
456 2603 464 2618 ‚
499 2582 527 2611 ὃ(
555 2575 674 2609 viscera
706 2572 816 2604 omnia
839 2570 883 2601 ob
925 2566 1174 2600 teneritudinem
1198 2578 1233 2600 ac
1258 2566 1364 2599 molli-

362 2611 441 2660 tiem
468 2611 582 2657 idonea
609 2618 679 2651 sunt
702 2639 712 2654 ,
735 2625 769 2647 ut
796 2613 823 2645 se
848 2609 994 2645 adversus
1019 2610 1292 2651 praeternaturales
1314 2608 1363 2642 di-

361 2670 558 2704 stentiones,
582 2658 805 2696 attritionesve
830 2665 980 2689 tueantur
1002 2677 1011 2690 ,
1044 2653 1160 2702 nedum
1185 2663 1221 2685 ut
1246 2654 1363 2685 vitium

362 2712 497 2751 alicujus
523 2708 655 2741 alterius
678 2701 806 2734 visceris
831 2725 839 2738 ‚
872 2706 926 2732 aut
949 2698 1028 2729 vasis
1051 2705 1216 2737 corrigant
1242 2721 1249 2735 ‚
1282 2696 1364 2729 unde

361 2758 425 2791 511ae
449 2752 452 2753 ⁷
472 2762 524 2787 aut
550 2751 620 2784 aliae
644 2750 676 2780 in
702 2746 729 2779 se
752 2742 880 2786 injuria:
906 2740 1172 2781 proficiscuntur.
1196 2739 1364 2789 Hucillud

362 2780 581 2845 grav'iffimum
606 2785 1006 2826 acceditincornrn'ndum‚
1029 2783 1117 2826 quod
1130 2782 1275 2820 Medici,
1302 2794 1364 2815 non

362 2854 399 2879 ut
425 2843 464 2876 ab
489 2839 607 2874 adultis
628 2859 636 2872 ‚
660 2836 702 2867 ita
729 2834 769 2865 ab
794 2829 974 2863 infantibus
999 2829 1193 2860 narrationes
1218 2825 1366 2868 possunt,

364 2897 417 2921 aut
443 2882 656 2926 responsiones
680 2878 843 2917 accipere,
871 2884 909 2906 ex
932 2872 1050 2913 quibus
1075 2871 1281 2912 intelligant,
1305 2881 1368 2911 qua

364 2940 453 2974 parre
477 2925 621 2966 corporis
648 2946 659 2962 ,
695 2923 726 2954 &
748 2931 811 2962 qua
836 2916 978 2950 molestia
1004 2914 1202 2950 afficiantur,
1226 2916 1256 2945 δι
1284 2913 1372 2954 quod

365 2972 593 3010 consequitur,
618 2977 683 3008 quo
709 2963 823 2996 auxilii
849 2970 960 3003 genere
980 2959 1134 2992 utendum
1159 2956 1196 2990 fit
1208 2957 1245 2989 ad
1270 2957 1371 2996 hanc,

366 3017 493 3060 ejusc-ue
518 3010 667 3048 causam,
693 3006 748 3040 nisi
774 3006 848 3039 tolli
874 3011 993 3046 queat,
1020 2999 1367 3036 mulcendamsalteni‚

365 3075 400 3097 ac
428 3037 636 3093 minuendam
659 3077 666 3083 .
702 3052 913 3090 Quapropter
936 3048 1022 3090 inter
1058 3047 1131 3079 illos
1154 3043 1311 3078 excellens
1334 3045 1368 3076 in

365 3107 483 3150 primis
509 3097 692 3133 ssallonius‚
718 3091 876 3127 infantes,
901 3093 931 3123 &
955 3098 1080 3122 teneros
1104 3099 1221 3138 pueros·
1240 3086 1369 3120 misera-

364 3160 439 3183 tus,
463 3155 527 3179 non
553 3152 617 3175 uno
640 3141 713 3172 loco
737 3140 746 3175 (
771 3147 785 3168 c
808 3139 820 3174 )
845 3134 1036 3172 admonuit,
1061 3142 1095 3165 ut
1120 3139 1368 3175 quonlamtunc

363 3193 463 3227 nobis
512 3194 659 3227 tanquam
684 3192 752 3213 cum
776 3179 872 3212 mutis
895 3177 983 3223 aegris
1008 3180 1016 3215 (
1042 3178 1098 3218 qui
1123 3185 1254 3212 tamen,
1281 3173 1369 3206 adul-

367 3218 408 3270 tj¹
441 3215 547 3268 ndtu,
571 3232 600 3261 δι
626 3225 767 3268 gestibus
791 3223 879 3264 plura
904 3219 1108 3262 significant)
1133 3218 1293 3262 agendum
1306 3216 1369 3257 est,·

367 3265 463 3312 ῃῑῖμο
490 3278 520 3308 in
547 3273 611 3305 illis
626 3267 837 3310 diligentius,
860 3275 1061 3310 quaecunque
1074 3262 1257 3304 possumus,
1283 3272 1369 3294 mor-

368 3325 485 3357 bosum
520 3315 639 3351 indicia
664 3313 851 3345 adnotemus
873 3330 881 3344 ‚
917 3309 946 3339 ὃ(
978 3307 1171 3347 εοη]εξίυτί5
1203 3303 1371 3347 persequa-

371 3378 461 3399 mur·
486 3355 708 3400 exemplfsque
732 3354 840 3386 docuit
867 3351 1009 3384 suistum
1034 3351 1066 3382 in
1082 3349 1273 3391 pleuritide,
1301 3357 1370 3380 tum

368 3412 402 3444 in
428 3393 531 3450 lapide
557 3412 669 3436 renum
693 3409 756 3430 non
783 3395 884 3429 solum
908 3405 977 3435 quae
1000 3395 1033 3425 in
1060 3393 1243 3426 viventibus
1269 3393 1372 3434 pueris

370 3454 457 3487 fiofla
481 3440 752 3482 an=madvertiffet
775 3464 786 3479 ,
822 3449 931 3471 verum
955 3438 1053 3469 etiarn
1085 3448 1156 3478 quae
1180 3438 1212 3468 in
1237 3435 1373 3468 denato-

372 3481 443 3530 ςἰῗῐῃ
467 3488 662 3526 corpuszulis
688 3495 741 3526 per
764 3491 931 3516 anatomen
956 3479 1209 3522 deprehendisset
1233 3504 1240 3511 .
1264 3478 1372 3517 Quem

372 3521 429 3573 ηχος
452 3530 573 3573 secuti,
595 3528 727 3565 eandem
749 3528 828 3561 olim
856 3527 942 3559 viam
966 3525 998 3556 in
1023 3523 1225 3557 Medicarum
1238 3522 1373 3554 Institu-

1405 267 1489 312 posse
1513 269 1654 302 indicare
1678 270 1807 302 morbos
1828 272 1979 311 negavit,
2001 270 2074 302 illos
2098 271 2163 304 Ars
2181 292 2193 309 ,
2225 269 2311 312 quasi
2334 282 2396 312 op-

1406 320 1566 354 portuna,
1589 316 1621 344 ὅζ
1649 314 1748 355 amica
1770 314 1924 354 interpres
1947 323 1984 346 ne
1994 313 2145 347 deficiat.
2169 313 2270 355 Quod
2293 311 2397 350 fihaec
2442 330 2448 338 ι

1407 355 1457 387 vel
1479 357 1511 387 in
1535 356 1575 387 iis
1596 354 1774 389 infantium
1798 356 1918 388 morbis
1943 356 2108 389 necessaria
2135 355 2230 396 sunt,
2254 358 2403 398 quicum

1407 396 1466 430 sint
1488 398 1573 436 illis,
1594 399 1772 440 adultisque
1790 410 1996 436 communes,
2022 399 2107 440 signa
2121 399 2256 432 Medicis
2280 398 2399 433 haberit

1407 441 1559 478 notiora3
1583 453 1705 484 quanto
1729 452 1823 475 erunt
1848 444 1946 485 magis
1977 443 2010 475 in
2036 442 2157 475 morbis
2188 443 2251 476 illis
2273 445 2330 486 qui
2351 445 2402 476 ins

1406 482 1548 517 fantium
1573 484 1643 519 sunt
1667 485 1853 527 peculiares!

1451 539 1499 569 59.
1523 528 1661 561 Morbos
1682 527 1862 569 infantium
1886 530 2056 570 peculiares
2081 529 2205 571 appello
2227 530 2286 571 qui
2309 539 2402 563 atur-

1405 573 1483 605 bato
1506 571 1575 604 sunt
1600 573 1752 613 peculiari
1775 574 1808 604 in
1832 575 1909 615 ipsis
1934 583 2052 606 naturae
2074 573 2243 609 instituto,
2268 583 2302 605 ut
2327 581 2404 615 puta

1408 617 1647 649 circumitionis
1673 616 1830 656 sanguinis
1852 615 1890 648 ab
1913 628 1948 648 ea
1973 628 2042 658 quae
2066 617 2100 648 in
2112 615 2195 649 foetu
2222 615 2404 658 requireba-

1409 668 1483 696 tur,
1509 660 1542 690 in
1566 670 1634 691 eain
1658 671 1727 702 quae
1750 660 1784 691 in
1808 669 1881 691 nato
1908 662 2104 701 requiritur,
2129 661 2310 692 mutatione
2332 684 2339 692 .
2366 658 2405 692 In

1408 702 1468 734 illo
1484 727 1492 741 ‚
1515 712 1550 734 ut
1563 703 1668 742 nosti,
1690 714 1705 735 a
1719 702 1864 744 placenta
1889 714 1942 744 per
1955 703 2187 736 Umbilicalern
2209 713 2322 735 venam
2335 700 2408 734 san*

1410 748 1481 787 guis
1504 747 1538 778 in
1563 756 1674 779 venam
1699 755 1864 786 portarum
1888 745 2084 779 inferebatur
2108 768 2116 783 ,
2150 757 2192 779 ex
2213 757 2312 788 eaque
2336 755 2409 787 pars

1414 789 1573 831 sanguinis
1605 800 1659 831 per
1683 788 1906 822 Ca'naliculum
1940 790 2105 822 Venosum
2138 790 2171 822 in
2207 800 2317 822 venam
2341 788 2409 821 Ca-

1413 844 1506 870 vam,
1529 843 1567 865 ex
1580 831 1637 865 hac
1662 842 1766 866 autern
1779 844 1849 872 pars
1873 843 1926 874 per
1939 833 2091 866 Foramen
2106 832 2192 875 quod
2204 832 2309 865 Ovale
2322 833 2410 864 voci³

1413 885 1504 915 tant,
1516 876 1548 908 in
1563 874 1665 909 finum
1679 887 1763 909 venae
1779 876 2072 917 Pulmonaris‚pars
2083 877 2115 908 in
2125 877 2292 909 dexterum
2305 874 2411 908 cordis

1411 919 1680 956 ventriculum,ex
1690 918 1751 953 hoc
1763 928 1870 952 autern
1880 930 1935 961 per
1948 921 2095 953 arteriam
2109 920 2328 953 Pulmonarem
2341 930 2412 960 pars

1409 965 1442 996 iri
1454 963 1638 1004 pulmones,
1664 975 1731 1005 pars
1743 962 1881 1004 denique
1892 973 1945 1008 per
1956 962 2126 996 Tubulum
2150 963 2355 996 Arterios'um
2376 963 2412 995 in

1410 1007 1563 1048 Magnam
1589 1008 1740 1040 arteriam
1760 1030 1768 1043 ,
1802 1017 1840 1037 ex
1862 1016 1953 1047 cujus
1977 1006 2085 1038 Iliacis
2109 1009 2203 1039 ramis
2228 1017 2291 1038 non
2316 1018 2414 1048 parva

1410 1049 1573 1091 sanguinis
1596 1051 1705 1091 portio
1720 1061 1775 1093 per
1800 1051 1929 1082 arterias
1945 1048 2153 1082 Umbilicales
2176 1052 2209 1082 in
2234 1051 2414 1091 placentam

1410 1092 1622 1126 referebatur.
1649 1094 1710 1126 Hae
1734 1104 1816 1126 nunc
1840 1093 1873 1125 in
1898 1091 1961 1133 jam
1984 1102 2060 1125 nato
2082 1104 2156 1126 cum
2180 1104 2254 1126 vena
2278 1092 2416 1135 ejusdem

1409 1137 1549 1169 nominis
1582 1136 1769 1178 obligantur
1794 1158 1806 1174 ,
1840 1145 2109 1178 amputanturque
2133 1161 2142 1175 ,
2175 1145 2210 1171 ut
2233 1134 2297 1177 jam
2331 1136 2414 1170 nihil

1410 1179 1572 1220 sanguinis
1595 1179 1711 1213 inferri
1736 1179 1848 1219 pellit,
1873 1179 1955 1212 nihil
1979 1177 2110 1212 referri.
2135 1180 2344 1213 Canaliculus
2357 1191 2415 1213 au·-

1413 1232 1479 1255 tem
1504 1223 1652 1256 Venosus
1674 1248 1682 1263 ,
1716 1226 1746 1256 &
1769 1223 1954 1255 Arteriosus
1976 1223 2128 1257 Tubulus
2163 1221 2277 1257 sensim
2300 1222 2414 1257 deinde

1414 1265 1628 1299 occluduntur
1653 1289 1662 1303 ,
1698 1267 1779 1300 ficut
1805 1267 1959 1299 Foramen
1981 1265 2119 1309 denique
2141 1266 2270 1306 Ovale,
2292 1266 2381 1309 quod
2406 1285 2416 1301 5

1415 1310 1471 1343 nisi
1496 1310 1705 1348 occludatur,
1730 1309 1808 1343 solet
1832 1309 1982 1342 imminui
2007 1311 2146 1352 .·Igitur
2169 1309 2205 1342 fit
2231 1319 2267 1344 ut
2290 1309 2418 1351 sanguis

1413 1364 1451 1386 ex
1487 1364 1564 1386 vena
1589 1364 1753 1394 portarum
1787 1354 1823 1387 in
1846 1354 1972 1386 Cavam
1995 1363 2059 1384 non
2093 1352 2152 1396 nisi
2176 1364 2231 1395 per
2255 1353 2418 1395 hepaticas

1413 1396 1549 1429 transeat
1573 1396 1669 1438 liujus
1695 1397 1814 1429 radices
1838 1417 1848 1433 ,
1883 1399 1914 1429 δι
1936 1395 2207 1438 quemadmodum
2230 1397 2258 1429 is
2281 1398 2339 1440 qui
2362 1406 2419 1438 per

1412 1441 1535 1472 Cavam
1560 1440 1598 1474 ad
1621 1452 1678 1473 cor
1702 1438 1833 1473 vehitur
1848 1462 1857 1477 ,
1880 1440 1913 1471 in
1930 1439 2156 1473 Pulmonarern
2179 1441 2330 1473 arteriam
2342 1450 2422 1473 con-

1411 1482 1556 1517 truditur
1580 1507 1588 1521 ‚
1626 1483 1666 1516 sic
1690 1482 1775 1516 nihil
1794 1494 1838 1517 ‚ex
1862 1482 1920 1516 hac
1943 1487 2107 1523 pervenire
2132 1485 2166 1516 in
2191 1484 2348 1525 Magnam
2373 1494 2423 1515 ar-

1412 1530 1528 1560 teriam
1565 1526 1658 1568 poffit
1681 1527 1768 1568 quod
1803 1537 1858 1567 per
1882 1537 1995 1559 venam
2022 1528 2250 1561 Pulmonarem
2284 1538 2349 1560 non
2382 1527 2424 1560 sit

1413 1571 1609 1604 convestum
1633 1572 1666 1602 in
1688 1570 1847 1603 sinistrum
1870 1569 1976 1603 cordis
1989 1572 2205 1605 ventriculum
2221 1596 2228 1604 .
2255 1570 2347 1603 Adde
2359 1568 2426 1604 huc

1413 1623 1527 1647 caetera
1551 1625 1589 1646 eo
1614 1622 1760 1655 ternpore
1783 1613 1955 1654 peculiaria
1971 1635 1979 1649 ‚
2003 1615 2032 1645 &
2056 1626 2115 1656 pro
2139 1616 2264 1648 cunffis
2289 1615 2328 1647 iis
2353 1625 2428 1647 rnu-

1414 1657 1594 1690 tationibus
1618 1654 1785 1689 necessaria
1812 1666 1933 1689 naturae
1959 1656 2127 1696 instituta,
2152 1667 2187 1690 ut
2212 1658 2259 1690 lac
2283 1669 2297 1690 e
2321 1668 2426 1689 marn-

1416 1702 1477 1733 mis
1501 1700 1676 1741 sugendum
1702 1700 1759 1735 sit,
1783 1699 2055 1741 deglutiendum,
2079 1703 2108 1734 δε
2133 1700 2296 1733 stomacho
2319 1699 2426 1734 confi·
2446 1725 2456 1737 πμ

1414 1744 1586 1781 ciendum,
1609 1751 1644 1775 ut
1668 1741 1878 1784 diaphragma
1903 1743 2025 1775 alterne
2048 1742 2306 1776 contrahendum
2329 1766 2340 1783 ,
2372 1753 2425 1777 at-

1414 1798 1477 1828 que
1501 1785 1695 1824 laxandum,
1719 1786 1888 1827 pulmones
1912 1786 2094 1828 explicandi
2119 1809 2130 1825 ,
2153 1798 2204 1819 aer
2227 1785 2388 1820 ducendus
2411 1809 2425 1826 ‚

1414 1829 1709 1871 remittendusque‚
1736 1829 1797 1861 alia
1823 1828 2009 1870 hujusmodi
2027 1854 2034 1860 .
2063 1830 2189 1863 Deinde
2213 1828 2254 1863 fic
2278 1831 2388 1872 cogita
2412 1852 2422 1868 ‚

1414 1874 1503 1915 siqua
1529 1872 1615 1905 forte
1639 1874 1783 1912 corporis
1809 1884 1880 1913 pars
1905 1874 1945 1906 fit
1969 1870 2019 1905 his
2044 1875 2138 1905 novis
2153 1897 2163 1913 ,
2185 1873 2426 1915 necessariisque

1414 1917 1599 1949 muneribus
1625 1916 1729 1948 minus
1754 1925 1853 1956 apta,
1878 1926 1932 1948 aut
1956 1919 2057 1957 magis
2082 1914 2222 1950 resistens
2251 1940 2262 1957 ,
2298 1925 2352 1950 aut
2375 1914 2429 1949 fa-

1411 1961 1498 1992 ciens
1523 1968 1558 1992 ut
1582 1958 1687 1991 multo
1713 1960 1827 1996 citius,
1849 1959 2009 1992 tardiusve
2032 1971 2131 1999 quam
2155 1971 2209 2000 par
2225 1960 2287 2000 sit,
2312 1971 2354 1993 eae
2366 1971 2425 1993 oc-

1413 2003 1586 2036 cludantur
1608 2003 1670 2034 viae
1693 2013 1770 2043 quas
1791 2001 2003 2035 occludendas
2027 2001 2106 2043 effe,
2131 2002 2272 2037 diximus
2298 2017 2307 2040 3
2331 2006 2429 2044 cogi-

1413 2056 1447 2079 ta
1463 2067 1472 2082 ‚
1497 2046 1652 2088 inquam,
1678 2045 1757 2086 quid
1781 2043 1869 2087 sequi
1894 2045 2027 2081 debeam
2052 2048 2083 2077 &
2108 2044 2200 2079 facile
2223 2046 2389 2087 intelliges
2410 2069 2424 2085 ,

1413 2100 1510 2132 quam
1537 2089 1640 2125 varii,
1663 2088 1824 2131 multique
1848 2086 1904 2121 effe
1929 2088 2045 2130 possint
2071 2090 2177 2122 morbi
2202 2101 2309 2123 recens
2324 2098 2425 2123 nato-

1414 2135 1500 2165 rium
1525 2130 1702 2174 peculiares
1716 2156 1723 2162 .
2453 2172 2456 2173 ⁷

1456 2179 1509 2208 60.
1536 2174 1697 2209 Illustrare
1731 2174 1798 2209 haec
1822 2175 1913 2219 juvat
1945 2174 2093 2217 exemplo
2127 2176 2236 2210 morbi
2269 2177 2327 2219 qui
2368 2175 2443 2210 sub'

1416 2219 1522 2252 sensus
1546 2218 1637 2252 cadat
1664 2243 1672 2251 .
1707 2218 1953 2262 Nonnunquam
1979 2219 2154 2264 nascuntur
2174 2219 2327 2255 ,infantes
2361 2221 2450 2265 sine,

1416 2263 1545 2304 palato,
1570 2272 1625 2296 aut
1648 2262 1819 2297 nascuntur
1841 2264 1950 2305 palato
1974 2260 2044 2296 fisso
2066 2286 2075 2295 .
2100 2261 2174 2297 Sive
2197 2272 2277 2297 tunc
2300 2262 2404 2296 suffio
2419 2273 2452 2303 ,²
2491 2278 2493 2280 ’

1417 2305 1479 2340 five
1503 2306 1703 2348 deglutitio,
1727 2305 1790 2340 sive
1814 2316 1952 2348 utraque
1975 2305 2175 2348 impediatur
2196 2330 2210 2347 ,
2244 2315 2299 2341 aut
2324 2307 2430 2341 multo

1414 2349 1580 2383 difficilior
1604 2349 1679 2386 fiat·‚
1705 2360 1857 2393 apparet,
1881 2350 1922 2382 sic
1947 2348 2072 2382 fastum
2096 2362 2133 2383 os
2155 2351 2303 2393 ineptum
2330 2373 2341 2390 ,
2374 2358 2431 2384 aut

1418 2397 1524 2425 minus
1548 2403 1658 2434 aptum
1684 2392 1741 2426 effe
1765 2394 1803 2426 ad
1827 2393 2011 2427 laetendurn
2037 2417 2045 2426 .
2070 2393 2129 2428 Sed
2157 2396 2314 2437 quoniam
2341 2404 2435 2427 mor-

1417 2437 1477 2469 bus
1500 2439 1529 2468 &
1554 2435 1742 2469 manifestus
1765 2436 1830 2472 est,
1855 2439 1887 2469 &
1910 2444 2062 2470 externus
2087 2460 2095 2475 ‚
2126 2438 2188 2470 Ars
2214 2438 2348 2472 modum
2375 2449 2434 2470 ex-

1417 2479 1542 2520 cogitat
1566 2479 1711 2512 servandi
1744 2478 1882 2513 infantes
1906 2480 1973 2513 sive*
2003 2480 2041 2524 ad
2067 2481 2170 2521 plures
2201 2480 2267 2515 'dies
2287 2504 2297 2519 ,
2332 2480 2395 2514 five
2423 2505 2435 2521 ‚

1418 2523 1474 2555 ubi
1498 2523 1617 2556 vitium
1645 2523 1750 2555 minus
1775 2523 1813 2556 sit
1837 2546 1850 2563 ,
1888 2523 1924 2556 acl
1950 2524 2078 2565 longam
2104 2533 2231 2557 aetatem
2255 2549 2263 2557 .
2300 2524 2431 2565 Legeris

1416 2565 1537 2599 tradita
1561 2578 1577 2598 a
1599 2566 1652 2598 Cl.
1680 2566 1769 2599 Viris
1794 2566 1977 2603 Maloetm,
2002 2571 2031 2598 r&
2057 2568 2164 2600 Petito
2188 2571 2197 2605 (
2223 2568 2241 2599 d
2264 2571 2277 2606 )
2303 2580 2309 2596 ε
2344 2579 2430 2608 quo-

1416 2621 1487 2642 rum
1512 2610 1567 2642 ille
1591 2618 1704 2642 natum
1730 2608 1794 2641 fine
1818 2609 1927 2651 palato
1951 2606 2046 2642 refert
2071 2608 2181 2642 vixisse
2200 2610 2271 2643 dies
2291 2610 2431 2652 quinde-

1414 2655 1482 2685 cim
1499 2654 1582 2690 ,lac
1608 2664 1645 2685 ex
1668 2652 1828 2685 cochleari
1844 2654 1878 2684 in
1901 2665 1936 2686 os
1950 2652 2173 2689 demittend03
2199 2652 2251 2686 hic
2278 2664 2354 2686 vero
2367 2653 2430 2687 ser-

1419 2705 1509 2729 vatos
1532 2695 1711 2738 quosdam,
1736 2695 1806 2729 fisso
1827 2696 1938 2738 palato
1961 2697 1993 2729 in
2019 2696 2248 2738 lucemeditos
2272 2707 2367 2738 capra
2382 2697 2428 2730 se-

1419 2740 1551 2783 mipleni
1575 2740 1681 2772 uberis
1704 2738 1856 2780 papillam
1882 2740 2065 2780 praebente,
2088 2747 2178 2777 culus
2202 2739 2428 2779 crassitudine,

1418 2783 1647 2826 longitudine,
1672 2783 1811 2815 mollitie
1837 2783 1928 2816 simul
1952 2783 2057 2816 fissura
2084 2784 2184 2825 palati
2209 2806 2218 2821 ‚
2251 2783 2345 2818 simul
2368 2795 2427 2817 na-

1418 2829 1505 2860 rium
1528 2838 1621 2860 cavea
1655 2825 1695 2859 sic
1718 2825 1972 2859 occludebantur
1996 2849 2006 2863 ‚
2030 2836 2065 2859 ut
2090 2826 2223 2861 subinde
2247 2825 2321 2860 esset
2346 2850 2355 2865 ,
2390 2839 2430 2862 ne

1423 2871 1666 2912 respirationem
1689 2869 1861 2911 impediret
1876 2892 1885 2907 ,
1910 2870 1965 2902 illa
1990 2868 2180 2903 retrahenda
2195 2896 2202 2903 .
2228 2871 2304 2904 Hoc
2318 2880 2426 2905 autem

1422 2916 1455 2948 in
1480 2916 1519 2947 iis
1542 2913 1599 2947 esse
1623 2912 1767 2949 factum,
1791 2915 1849 2955 qui
1874 2912 2060 2950 assuescere,
2085 2923 2120 2946 ut
2144 2915 2249 2956 plures
2273 2915 2326 2947 alii
2347 2925 2432 2956 quos

1422 2957 1506 2992 vidit
1527 2982 1536 2996 ‚
1565 2969 1628 2990 non
1654 2956 1828 2998 potuissent
1852 2957 1915 2989 illis
1939 2958 1972 2989 in
1996 2956 2138 2999 sugendo
2159 2980 2167 2995 ‚
2199 2957 2431 2998 deglutiendo-

1421 3013 1482 3044 que
1514 3000 1731 3035 incommodis
1756 3001 1897 3034 motibus
1929 3001 1987 3043 qui
2015 3026 2023 3040 ‚
2058 3012 2130 3034 cum
2154 2998 2258 3034 fissum
2285 3002 2431 3044 palatum

1421 3045 1486 3080 est,
1511 3047 1719 3088 requiruntur
1740 3070 1747 3076 .
1772 3044 1846 3079 Qua
1870 3042 2092 3077 affuefaciendi
2117 3043 2169 3085 spe
2195 3069 2203 3083 ‚
2241 3053 2295 3078 aut
2321 3045 2431 3079 saltem

1420 3090 1545 3122 diutius
1571 3087 1714 3121 servandi
1737 3087 1874 3120 infantis
1897 3087 2007 3129 causa,
2030 3089 2090 3130 qui.
2113 3088 2239 3121 Patavii
2267 3086 2309 3121 fic
2332 3097 2429 3122 natus

1421 3141 1510 3171 erat,
1531 3133 1662 3165 memini
1690 3143 1737 3164 me
1761 3131 1895 3163 interim
1928 3133 2108 3164 nutrientes
2144 3143 2184 3165 ex
2208 3132 2288 3163 laete
2313 3133 2431 3174 clyste-

1420 3186 1467 3208 res
1496 3176 1720 3218 proponendos
1744 3172 1883 3207 curasse.
1909 3175 1968 3206 Sed
1992 3172 2175 3209 manifestus
2201 3185 2265 3208 non
2291 3174 2393 3209 solum
2416 3198 2429 3216 ,

1420 3229 1456 3253 ut
1478 3219 1568 3255 dixi,
1594 3230 1669 3252 tunc
1695 3218 1824 3251 morbus
1846 3218 1910 3258 est,
1934 3228 2045 3252 verum
2067 3217 2158 3252 causa
2182 3217 2250 3259 ejus
2277 3231 2427 3261 quoque.

1550 3263 1603 3295 Est
1629 3273 1732 3295 autem
1758 3261 1838 3296 alius
1873 3260 2057 3295 manifestus
2093 3262 2225 3304 quidem
2258 3263 2421 3298 morbuss

1423 3305 1473 3339 sed
1496 3306 1586 3339 causa
1610 3308 1727 3338 incerta
1742 3327 1752 3343 ‚
1776 3313 1813 3337 ut
1837 3314 1913 3346 puta
1936 3316 2009 3338 cum
2034 3316 2140 3338 recens
2163 3307 2229 3339 nati
2255 3306 2356 3339 ἱᾶῑτο
2378 3303 2426 3338 af-

1423 3348 1580 3383 ficiuntur
1604 3350 1765 3390 graviori3
1789 3360 1861 3380 nam
1885 3349 1949 3381 levi
1974 3349 2113 3391 quodam
2140 3348 2204 3381 fere
2227 3360 2427 3391 omnespau-

1424 3393 1456 3425 lo
1482 3394 1550 3434 post
1572 3404 1679 3425 orrum
1711 3401 1878 3425 tentantur
1897 3417 1904 3424 .
1937 3392 2041 3434 Cujus
2065 3393 2143 3425 levis
2178 3393 2269 3426 ι’ᾶεῑί
2294 3392 2315 3425 si
2338 3401 2424 3425 certa

1424 3435 1512 3468 causa
1537 3435 1631 3472 esset3
1655 3435 1750 3471 esset,
1775 3445 1809 3469 ut
1831 3435 1973 3475 opinor,
1997 3446 2051 3468 aut
2074 3435 2183 3469 saltem
2218 3435 2336 3476 conjici
2360 3436 2428 3477 ple-

1424 3491 1558 3522 rumque
1583 3480 1682 3520 posset
1708 3480 1794 3512 illius
1817 3481 1912 3511 etiarn
1937 3481 2120 3519 gravioris.
2254 3483 2299 3512 At
2322 3479 2427 3512 levio-

1427 3535 1492 3556 rem
1514 3522 1623 3556 audivi
1647 3524 1703 3565 qui
1728 3531 1908 3565 repeterent
1934 3534 1949 3554 a
1974 3532 2118 3556 materno
2143 3524 2224 3556 laete
2257 3522 2347 3571 quod·
2368 3522 2426 3555 sta-

2322 3574 2385 3598 tim

378 3657 2426 3681 w

435 3731 449 3759 ζ
466 3735 480 3749 a
495 3726 508 3753 )
526 3726 596 3751 Epist,
616 3733 651 3752 ιι).
669 3731 691 3746 n.
709 3724 746 3752 48.
811 3719 825 3748 (
840 3717 852 3742 b
869 3719 882 3747 )
900 3727 922 3743 n.
941 3726 978 3745 a7.

377 3763 400 3787 8<
417 3757 519 3787 constit.
537 3758 596 3780 ffilt.
616 3759 642 3778 A.
663 3756 725 3783 1358.
743 3757 798 3776 ante
816 3749 879 3773 nied.

1040 3717 1052 3744 (
1068 3725 1079 3739 c
1094 3716 1107 3744 D
1125 3714 1179 3739 Vid-
1196 3717 1212 3738 l·
1232 3721 1252 3738 1.
1273 3714 1362 3737 Confil-
1380 3719 1419 3745 76.
1438 3716 1462 3740 in
1481 3715 1544 3745 fine,
1562 3717 1584 3740 8:
1600 3715 1669 3744 Epid.
1686 3716 1703 3740 l.
1721 3725 1741 3741 2.
1761 3716 1861 3742 constit.
1880 3702 1996 3742 Autumii.
2022 3720 2052 3742 A.
2072 3725 2137 3747 ¹537.
2154 3716 2180 3741 ad
2198 3718 2220 3739 Ξ.
2249 3718 2270 3740 δι
2288 3715 2312 3741 in
2331 3718 2423 3741 Annot.

944 3750 956 3777 ζ
973 3747 987 3771 d
1004 3747 1017 3776 )
1035 3747 1095 3771 Hist.
1113 3746 1134 3770 ὃ(
1153 3747 1232 3769 Mem.
1250 3745 1277 3768 de
1294 3744 1389 3770 l'Aead.
1409 3749 1436 3770 R.
1454 3754 1493 3771 aes
1511 3748 1547 3771 Sc.
1566 3750 1594 3770 Α.
1613 3755 1677 3776 ¹733-
