2498 4075
345 146 379 186 ἃ
404 148 483 184 huic
508 142 676 182 incubanti
699 141 790 178 cordi
813 141 1076 177 incommodent.
1095 142 1149 176 Sic
1173 151 1278 177 autem
1294 153 1364 176 ma-

345 193 466 230 nifesto
490 198 579 235 patet
599 184 689 231 quod
711 188 747 221 in
772 186 915 221 Scholiis
930 210 944 227 ‚
967 184 1006 219 ad
1028 183 1299 236 Observa-tionem
1319 186 1363 219 il-

344 240 411 273 lam
434 236 553 272 additis
573 231 708 266 XVIII.
732 230 824 265 semel
841 256 851 271 ,
874 230 1015 267 iterum,
1041 239 1077 261 ac
1101 237 1200 263 tertio
1222 229 1364 263 inculca-

344 291 422 323 tur,
445 279 574 316 flatibus
596 274 839 317 erumpentibus
862 274 985 313 levari,
1018 281 1072 306 aut
1105 272 1185 306 solvi
1220 273 1363 318 palpita-

347 328 472 361 tionem
488 336 499 356 .·
520 321 578 365 qui
601 317 625 352 si
647 329 755 352 caveas
777 316 907 355 cordis,
932 325 988 350 aut
1012 316 1184 360 pericardii
1201 341 1211 356 ,
1236 317 1316 351 utin
1326 327 1362 349 ea

347 367 588 404 observatione
620 362 756 406 ponitur
777 385 790 402 ‚
821 368 1014 403 occuparent
1035 371 1047 399 3
1069 360 1158 394 viam
1191 369 1275 393 certe
1308 370 1362 403 per

342 423 441 457 quam
463 415 614 453 repente,
637 414 732 450 atque
756 402 881 439 affatim
903 403 980 439 inde
1002 403 1101 447 usque
1132 412 1361 447 erumperent,

517 459 605 485 rent.

344 467 411 533 no?
433 453 615 539 hageenique
639 491 678 527 ad
701 502 769 527 eam
791 491 888 525 venio
910 491 1135 535 palpitationis
1157 491 1361 534 causamquae

344 544 395 578 evi
422 551 509 578 enter
534 538 698 577 occurrit,
719 546 775 569 nec
797 535 846 568 ita
870 545 943 568 raro
969 559 979 575 ,
1007 538 1041 568 δε
1072 535 1107 567 in
1137 545 1202 577 qua
1234 543 1362 569 tantum

342 586 451 626 abest,
474 593 510 619 ut
535 593 639 627 aqua,
662 590 736 620 aer,
759 587 814 612 aut
837 577 1017 623 quidquam
1040 576 1130 612 aliud
1153 576 1182 611 se
1203 578 1288 611 inter
1310 588 1365 620 pe-

338 622 543 667 ricardium,
569 629 601 660 &
626 634 684 657 cor
705 621 881 665 interjiciat
895 633 909 662 ;
931 621 1146 665 Pericardium
1170 620 1250 654 adeo
1272 619 1365 655 cordi

346 673 490 710 adhaeret
504 697 514 713 ‚
538 679 574 705 ut
598 677 676 702 tunc
699 663 817 705 deesse,
842 664 901 699 nifi
914 673 1060 700 accurata
1071 663 1299 708 perquisitione
1314 664 1365 698 di-

341 718 486 756 scernas,
509 714 730 756 saepenumero
750 708 919 749 videatur,
941 709 1080 751 hincque
1103 706 1256 751 deceptos
1267 708 1364 743 dubi-

340 770 388 797 tet
412 760 485 794 Cel.
508 756 662 792 Hallerus
684 752 751 794 (lq)
778 751 847 796 post
869 752 1026 794 Peyerum
1046 751 1364 802 (lb-Stalpartium

337 807 446 845 (m),
468 798 657 836 Freindium
679 799 773 839 (n),
789 794 971 829 Lancifium
995 796 1036 839 <o
1050 797 1083 836 l,
1106 794 1206 836 hinc,
1229 797 1363 840 inquam

337 848 493 890 deceptos
516 843 608 878 fuiss'e
633 841 708 875 illos
730 840 787 886 qui
811 837 990 875 humanum
1012 848 1070 872 cor
1092 838 1274 881 pericardio
1304 851 1360 874 ca-

336 902 409 926 rens
431 891 461 923 se
483 883 621 926 vidisse,
646 883 866 926 scripserunt,
888 893 973 926 quos
1005 883 1092 915 inter
1113 905 1125 922 ,
1159 891 1276 926 praeter
1306 894 1361 917 eos

335 936 395 979 qui
420 945 437 967 a
460 930 560 966 modo
583 927 723 963 laudatis
747 927 968 970 Scriptoribus
1006 926 1218 961 nominantur
1241 952 1250 967 ,
1282 938 1363 961 con-

338 969 555 1015 numerandus
579 972 623 1007 est
644 971 814 1006 Antonius
836 970 888 1004 M.
911 972 1064 1004 Cananus
1088 970 1174 1013 apud
1196 971 1366 1014 Hippoly-

341 1032 415 1057 tum
437 1020 576 1054 Boscum
597 1020 655 1059 (p
677 1020 711 1057 2,
736 1017 769 1049 &
791 1025 832 1048 ex
853 1014 1085 1048 recentioribus
1106 1014 1201 1047 Alex.
1226 1016 1367 1049 Littrius

338 1068 353 1105 (
374 1077 394 1109 q
415 1068 450 1105 )‚
474 1066 507 1097 &
525 1064 581 1108 Jo.
607 1059 772 1102 Georgius
795 1059 952 1100 Hoyerus
987 1062 999 1098 (
1022 1069 1038 1091 r
1059 1061 1074 1099 )
1098 1083 1106 1090 .
1143 1060 1282 1100 Peyerus
1315 1068 1365 1092 ta-

338 1120 413 1145 men
435 1118 512 1145 cum
533 1105 778 1140 dubitationem
800 1101 893 1135 illam
917 1102 1005 1136 suam
1037 1102 1076 1136 ad
1108 1099 1194 1135 hunc
1226 1100 1361 1136 modum

336 1151 512 1195 exposuit:
538 1149 662 1191 opinari
681 1144 738 1188 fas
754 1145 801 1189 fit
823 1168 836 1186 ‚
866 1145 1081 1189 pericardium
1113 1152 1171 1178 aut
1202 1146 1361 1188 pulmoni-

334 1194 396 1231 bus
410 1218 422 1234 ‚
446 1201 505 1229 aut
527 1192 586 1241 ipfi
608 1192 694 1226 cordi
713 1189 826 1232 potius
849 1189 896 1224 ita
919 1197 995 1225 tunc
1018 1189 1292 1232 adnatumpraeter
1302 1199 1359 1223 na-

332 1246 442 1275 turam
467 1235 597 1280 haefisJe,
620 1242 659 1270 ut
680 1232 859 1273 distinctum
881 1232 988 1267 videri
1009 1241 1070 1265 non
1088 1233 1257 1274 potuerit;
1280 1233 1359 1266 alte-

329 1293 398 1316 ram
423 1280 640 1324 sagacioribus
665 1277 798 1320 reliquit
822 1276 982 1309 rationem
1015 1285 1080 1318 qua
1114 1285 1183 1309 rem
1216 1276 1358 1320 explica.

330 1335 424 1361 rent:
450 1334 547 1368 quam
570 1324 729 1357 rationem
754 1319 909 1359 solertia,
933 1321 965 1353 δι
990 1317 1145 1354 industria
1178 1319 1235 1354 Cl.
1279 1321 1357 1355 Viri

330 1367 514 1404 Abrahami
541 1368 632 1401 Kaav
647 1362 842 1400 Boerhaavii
866 1366 880 1403 (
896 1361 925 1405 s
942 1366 952 1401 )
975 1361 1064 1395 bono
1087 1363 1122 1395 in
1145 1362 1267 1397 lumine
1289 1364 1359 1397 col-

330 1414 474 1452 locatam
497 1410 642 1445 videbis.
668 1411 792 1444 Verum
815 1406 992 1450 pericardii
1016 1416 1080 1441 non
1105 1405 1144 1439 ad
1167 1406 1358 1448 pulmones,

328 1457 383 1492 sed
407 1456 446 1491 ad
470 1467 526 1490 cor
548 1453 761 1489 adhaefionem
775 1474 784 1490 ,
807 1461 905 1493 quam
929 1453 963 1487 &
984 1448 1050 1493 ipse
1072 1461 1111 1499 ex
1136 1450 1252 1483 morbo
1264 1452 1358 1501 igno-

329 1511 368 1536 to
389 1500 440 1535 bis
462 1499 571 1537 vidit,
595 1502 628 1532 δε
652 1496 691 1530 de
713 1506 777 1540 qua
799 1495 872 1528 sunt
896 1506 911 1527 a
935 1494 1028 1527 nobis
1047 1491 1108 1526 >hic
1132 1493 1224 1526 verba
1236 1492 1358 1528 facien-

329 1545 392 1585 da,
415 1543 524 1585 hanc,
546 1543 702 1586 inquam,
726 1538 940 1574 adhaefionem
963 1536 1024 1570 five
1047 1545 1170 1579 repetas
1197 1536 1237 1570 ab
1259 1538 1350 1572 illius

326 1599 417 1632 aquae
440 1586 591 1626 defectu,
615 1584 676 1620 five
698 1595 715 1617 a
737 1580 926 1626 glutinosis,
954 1580 1147 1623 viscidisque
1182 1581 1351 1622 particulis

328 1641 385 1668 aut
408 1642 484 1669 cum
507 1630 566 1665 hac
589 1626 739 1668 secretis,
762 1635 818 1662 aut
842 1625 1075 1661 destillantibus
1099 1635 1138 1658 ex
1152 1623 1349 1672 ulcusculis,

327 1687 403 1722 quae
426 1675 461 1709 in
486 1672 657 1717 pericardii
669 1695 682 1713 ,
706 1677 762 1704 aut
784 1668 917 1709 cordis,
942 1676 996 1702 aut
1021 1666 1188 1710 utriusque
1218 1668 1350 1746 {qperfi-

325 1723 376 1757 cie
390 1711 628 1755 *innascantur3
653 1725 721 1749 rem
743 1712 866 1756 semper
888 1711 1019 1747 facilius
1030 1711 1217 1754 intelliges,
1256 1723 1351 1746 mau-

329 1764 363 1799 sa
385 1761 579 1806 adjungatur
600 1770 672 1803 quae
694 1757 909 1801 pericardium
941 1755 983 1789 ad
1007 1765 1064 1788 cor
1085 1757 1248 1797 apprimat
1272 1778 1282 1793 ‚
1317 1758 1351 1788 &

327 1807 436 1844 cordis
459 1804 559 1849 ipfius
581 1802 639 1838 diu
663 1801 833 1844 languidus
848 1823 859 1840 ‚
885 1803 919 1836 &
943 1800 1080 1842 exiguus
1101 1807 1211 1833 motus
1225 1825 1232 1832 .
1260 1801 1350 1850 Cave

327 1854 440 1890 enim,
463 1850 560 1884 aliter
584 1847 723 1889 accipias
755 1857 826 1888 quae
871 1844 1082 1878 Hermannus
1127 1843 1346 1876 Boerhaavms

326 1900 343 1937 (
366 1903 381 1930 t
402 1899 438 1936 )‚
461 1893 573 1928 eodem
597 1903 632 1925 ae
657 1892 793 1932 Peyerus
814 1891 829 1928 (
852 1899 873 1922 u
894 1892 907 1928 )
918 1911 930 1929 ‚
953 1886 1103 1928 exemplo
1127 1885 1226 1936 usus,
1249 1885 1346 1935 doce-

327 1941 406 1975 bat:
430 1937 561 1986 Qando
582 1933 738 1978 palpebra·
760 1933 926 1967 excoriatae
951 1928 1089 1974 fuerunt
1110 1952 1123 1969 ,
1158 1940 1253 1963 unius
1283 1928 1346 1965 alc-

329 1984 454 2028 quando
475 1980 576 2015 noblis
597 1979 701 2022 quiete
724 1974 941 2017 concrescunt.
968 1978 1020 2007 Ita
1039 1971 1151 2015 pulmo
1173 1983 1244 2006 cum
1254 1972 1346 2022 pleu-

327 2040 365 2063 ra
379 2051 391 2068 ‚
413 2036 464 2060 cor
482 2034 558 2059 cum
575 2019 752 2065 pericardio
773 2017 918 2062 connasci
931 2015 1035 2060 visum
1058 2015 1116 2066 est.
1129 2016 1246 2059 Neque
1258 2026 1346 2050 enim

329 2072 469 2116 pulmo,
492 2076 547 2103 aut
569 2076 627 2100 cor
649 2062 776 2106 prorsus
799 2061 959 2105 quiescere
981 2059 1094 2094 tandiu
1116 2057 1268 2109 poffirnt3
1302 2058 1350 2092 sa-

330 2117 376 2150 tis
399 2114 441 2148 est
464 2121 595 2151 tamen,
627 2106 651 2140 st
683 2105 842 2150 quiescere
876 2102 1112 2148 propemodum
1143 2101 1315 2137 videantur
1339 2127 1347 2135 .

331 2160 386 2194 Sic
409 2168 484 2191 vero
507 2156 553 2189 ibi
578 2153 678 2188 etiam
700 2150 757 2184 ubi
781 2149 822 2182 ab
845 2147 958 2182 eodem
981 2147 1137 2189 scriptum
1160 2145 1202 2196 est
1233 2149 1248 2186 (
1269 2156 1292 2180 x
1314 2150 1348 2196 )·:

330 2201 474 2239 humido
489 2224 501 2242 ,
523 2198 581 2243 qui
606 2193 767 2238 disjunnffh
792 2192 915 2233 servet,
938 2201 1055 2234 vapore
1077 2187 1239 2240 deficiente
1251 2213 1264 2230 ,
1296 2199 1349 2224 νι-

324 2248 400 2292 sum
424 2244 463 2286 est
487 2254 539 2277 cor
562 2252 632 2275 cum
651 2236 828 2281 pericardio
850 2243 1019 2269 connatam
1037 2232 1107 2275 posi
1129 2231 1261 2276 miseras
1294 2244 1352 2283 an-

329 2288 449 2334 gustias
472 2287 515 2322 (φ
534 2281 764 2328 palpitationes
785 2278 926 2313 homines
948 2275 1093 2322 occidisse
1109 2299 1122 2317 ,
1145 2275 1270 2326 qualem
1301 2276 1351 2310 hi-

324 2333 456 2377 storiam
478 2333 618 2372 ‘Peyerus
641 2323 755 2360 habet,
779 2323 851 2362 ibi,
885 2324 1019 2365 inquam
1041 2343 1055 2361 ,
1072 2329 1207 2370 pariter
1237 2331 1351 2353 caven-

331 2378 411 2411 dum
436 2374 500 2413 est,
523 2383 562 2405 ne
586 2369 659 2413 plus
683 2376 781 2409 quam
804 2363 932 2399 fortasse
955 2365 1097 2398 voluerit
1121 2386 1135 2404 ‚
1179 2365 1349 2397 Summum

332 2422 456 2455 Virum
477 2412 613 2452 dixisse,
635 2410 821 2445 credamus.
847 2409 937 2442 Nam
972 2410 1109 2456 Peyerus
1144 2409 1155 2445 (
1173 2417 1199 2448 y
1223 2410 1253 2456 ).
1272 2417 1349 2440 cum

332 2461 546 2507 respiratione
566 2454 762 2491 difficillima
785 2452 958 2486 maximam
980 2449 1113 2494 quidem
1131 2448 1270 2492 perflorzs
1287 2461 1350 2500 ‘an-

333 2509 513 2545 xietatem‚
537 2512 592 2536 nec
617 2508 725 2532 tamen
746 2495 863 2529 diserte
888 2494 1119 2538 palpitationes
1143 2492 1312 2526 adnotavit
1337 2516 1348 2532 ,

334 2550 392 2586 etfi
412 2548 538 2593 pulsum
560 2542 695 2580 debilem
734 2539 859 2582 semper
879 2561 892 2579 ,
925 2541 958 2572 &
990 2547 1125 2587 parvum
1141 2561 1151 2577 ,
1175 2536 1349 2586 tremulum

332 2592 524 2637 aliquando,
549 2584 732 2629 ultimisque
755 2582 873 2616 duobus
896 2581 1049 2625 mensibus
1081 2587 1349 2629 intermittentem

332 2646 427 2681 atque
472 2634 511 2669 ad
555 2639 733 2667 extremum
775 2625 867 2669 plane
890 2635 1038 2667 myurum
1062 2623 1106 2657 (φ
1145 2631 1350 2657 ormicantem

332 2679 429 2717 fuisse
453 2675 597 2720 scripsit.
622 2673 696 2706 Nec
717 2681 795 2704 vero
818 2671 851 2703 in
873 2669 999 2703 cunetis
1021 2678 1092 2718 quae
1131 2666 1172 2700 ub
1195 2677 1232 2698 eo
1266 2667 1350 2717 Boe-

333 2724 463 2760 rhaavii
486 2722 561 2755 loco
583 2715 795 2752 indicantur,
822 2711 1142 2751 Observatiombus,
1176 2720 1278 2752 neque
1315 2722 1349 2744 1n

333 2770 409 2805 aliis
431 2765 577 2810 pluribus
593 2787 602 2801 ‚
625 2771 697 2803 quae
722 2757 877 2791 scribenti
900 2756 969 2790 haec
1003 2753 1088 2788 mihi
1133 2752 1320 2787 succurrunt
1345 2777 1355 2793 ,

336 2811 553 2856 angustiarum
576 2805 720 2847 semper,
745 2800 883 2839 nedum,
908 2800 1186 2845 palpitationum‚
1211 2796 1252 2846 fit·
1272 2808 1359 2830 men-

334 2858 412 2890 tio:
436 2851 524 2897 quod
548 2861 588 2883 ex
608 2848 650 2881 iis
674 2844 838 2889 intelliges
861 2856 933 2890 quae
957 2843 1052 2887 presse
1074 2841 1115 2876 de
1137 2841 1270 2883 lingulis
1281 2852 1361 2875 con-

337 2901 435 2934 tinuo
457 2895 678 2937 attingentur.
1054 2931 1060 2938 .

385 2942 436 2976 18.
460 2940 616 2981 Qatuor
641 2944 680 2967 ex
702 2931 932 2966 vetustioribus
954 2931 1024 2965 sunt
1050 2941 1084 2964 m
1117 2926 1359 2980 Sepulchretoyj

338 2986 392 3022 sed
415 2985 476 3019 alia
501 2981 608 3019 alibi,
631 2976 714 3011 Gul.
754 2975 902 3011 Ballonii
936 2979 947 3015 (
972 2975 1031 3018 z)
1052 2999 1065 3016 ‚
1097 2972 1187 3008 Oth.
1218 2973 1359 3023 Heurnii

337 3032 359 3076 (
374 3042 393 3064 a
414 3033 450 3070 )‚
473 3029 507 3061 δι
530 3023 592 3059 hoc
617 3020 776 3058 senioris,
800 3018 924 3052 Philib.
961 3019 1110 3053 Sarazeni
1143 3021 1158 3057 (
1180 3015 1199 3049 b
1223 3019 1269 3067 ).,
1302 3027 1358 3067 qui

338 3072 459 3110 nemini
480 3076 594 3108 antea,
617 3065 698 3108 quod
711 3063 837 3107 sciret,
858 3061 1055 3105 observatam
1079 3061 1161 3096 hanc
1189 3060 1359 3102 pe1·1card11

339 3116 381 3152 ad
403 3127 460 3150 cor
482 3109 696 3147 adhaefionem
720 3106 871 3141 Hildano
892 3106 1084 3148 fignificavit
1107 3105 1126 3149 (
1144 3117 1160 3139 c
1180 3108 1256 3152 >eo
1289 3115 1357 3146 quo

337 3159 506 3197 Ballonius
528 3162 677 3191 mortuus
701 3149 767 3192 est,
788 3160 873 3183 anno
899 3153 990 3183 1616.
1014 3154 1028 3190 (
1050 3151 1070 3184 d
1090 3154 1131 3192 )‚
1162 3159 1254 3191 cujus
1286 3147 1357 3181 sane

951 61 1111 116 Liber
1143 61 1211 115 11.
1245 64 1332 117 De
1367 62 1579 117 Morbis
1613 62 1874 118 Thoracis

1415 141 1494 175 libri
1511 153 1576 176 non
1588 142 1647 176 nifi
1658 141 1978 187 undevigefimopost
1989 143 2274 187 annoprodierunt
2285 169 2293 177 .
2305 143 2369 179 'Sed
2382 144 2429 178 A.

1418 186 1511 227 1578.
1536 186 1702 219 Ballonius
1725 185 1761 220 id
1782 196 1933 220 noverat.
1958 188 2040 221 Haec
2059 188 2145 221 enim
2165 188 2248 230 leges
2268 189 2353 222 inter
2373 188 2430 222 illa
2463 218 2465 220 .

1413 240 1485 271 quae
1509 239 1563 271 per
1584 228 1652 272 ejus
1675 230 1748 262 anni
1772 240 1827 263 ver
1838 230 2042 264 adnotaverat
2063 234 2153 271 (e):
2175 231 2362 275 Accerfitus
2385 236 2427 264 D.

1412 274 1552 305 Duretus
1575 297 1583 304 .
1598 297 1606 304 .
1621 296 1629 304 .
1646 297 1653 304 .
1678 273 1780 307 omnis
1797 273 2024 316 palpitationis
2047 275 2195 308 cardiacae
2225 275 2350 319 causam
2370 282 2430 308 aut

1412 315 1445 349 in
1489 314 1670 358 oppreffione
1693 338 1705 354 ‚
1749 323 1805 349 aut
1847 317 1879 350 in
1925 316 2093 360 excufflone
2129 318 2225 360 ponit
2250 342 2258 350 .
2292 318 2355 353 Illa
2387 316 2428 358 est

1410 368 1484 391 cum
1528 359 1648 393 malum
1685 360 1727 409 jn
1769 360 1856 393 corde
1899 360 1964 403 ipso
2008 359 2070 409 esi,
2113 368 2172 394 aut
2203 362 2322 395 circum
2344 372 2397 395 cor
2417 384 2426 393 .
2482 393 2485 395 a

1409 404 1452 435 Ut
1495 412 1567 436 cum
1611 402 1712 436 nimia
1753 412 1834 444 aqua
1878 404 1961 437 inter
1979 405 2192 445 pericardium
2211 405 2337 445 crevit,
2370 411 2429 437 aut

1410 445 1495 478 cordi
1511 446 1724 487 pericardium
1745 444 1940 490 adhaerescit.
1963 445 2080 480 Videri
2094 447 2206 490 ‘potest
2228 449 2356 482 Dureto
2369 448 2430 491 ipsi

1411 486 1475 521 hoc
1508 489 1682 531 cognitum
1706 512 1714 518 -
1750 489 1829 522 Sane
1866 489 1923 524 ubi
1956 491 2041 524 inter
2072 491 2296 533 palpitationis
2319 492 2426 526 causas

1413 531 1450 565 id
1474 533 1672 566 enumeravit
1696 531 1883 573 Ballonius,
1906 543 1962 566 nec
1995 544 2013 566 a
2043 544 2109 577 quo
2131 555 2139 570 ‚
2173 545 2230 568 nec
2260 536 2428 577 quomodo

1406 575 1618 610 observatum
1640 574 1714 610 esset
1737 600 1747 615 ,
1779 575 1957 611 indicavit.
1983 578 2036 611 Sic
2059 577 2146 611 enim
2170 576 2293 621 scripsit
2315 581 2330 618 (
2342 577 2372 622 f
2385 582 2423 619 ):

1414 618 1561 662 Adhaefio
1587 619 1762 662 pericardii
1803 620 1925 662 corpori
1959 619 2055 664 ipfius
2097 621 2200 655 cordis
2223 644 2237 663 ,
2269 624 2347 664 quod
2392 623 2427 656 in

1414 660 1533 696 duobus
1557 661 1737 706 hydropicis
1759 661 1957 706 observatum
1978 663 2036 705 esi.
2063 665 2242 709 Utcunque
2276 664 2312 698 id
2346 664 2389 699 est
2413 677 2426 705 5

1414 706 1464 741 hae
1496 704 1568 739 duae
1612 717 1684 748 quae
1730 705 1789 741 sub
1828 706 1973 740 Ballonii
2018 709 2151 742 nomine
2180 707 2389 752 proferuntur
2411 732 2425 750 ,

1413 748 1663 784 Observationes
1685 771 1696 787 ‚
1729 750 1979 792 palpitationem
2018 751 2095 795 ipsae
2139 752 2273 795 quidem
2316 751 2425 787 cordis

1413 801 1620 837 proponunt.
1649 791 1708 827 Sed
1731 791 1844 828 frustra
1867 791 1935 826 haec
1970 795 2005 827 in
2039 795 2184 829 Sarazeni
2203 819 2217 837 ,
2249 798 2284 829 δε
2317 796 2426 830 Heur-

1411 838 1482 877 nii,
1504 846 1663 880 quantum
1685 848 1724 871 ex
1746 835 1956 880 sepu-lchreto
1979 847 2108 881 apparet
2130 863 2141 880 ,
2175 839 2425 874 Observationi.

1411 882 1471 915 bus
1495 881 1713 925 perquiretur.
1739 879 1919 914 Difficilem
1942 890 2076 926 uterque
2099 883 2257 917 adnotant
2290 883 2425 927 respira..

1415 927 1539 958 tionem
1567 936 1578 964 ς
1611 925 1782 957 Sarazenus
1799 948 1813 966 ,
1845 933 1881 957 ut
1915 926 1950 957 in
1981 935 2014 958 re
2045 925 2104 968 ipsi
2139 937 2223 960 nova
2245 950 2258 967 ,
2288 927 2351 960 alia
2373 928 2425 961 i-n-

1416 969 1508 1012 super
1532 992 1542 1009 ,
1574 979 1644 1012 quae
1665 967 1708 1001 ab
1732 978 1798 1001 uno
1822 967 2013 1002 Meckrenio
2057 971 2071 1007 (
2089 979 2112 1011 g
2134 972 2148 1009 )
2190 969 2263 1004 casu
2296 970 2424 1006 forcalle

1416 1011 1609 1046 confirmata
1631 1010 1689 1046 esse
1709 1033 1718 1049 ‚
1752 1012 1847 1046 video
1871 1023 1883 1051 ς
1914 1010 1965 1046 sed
1988 1011 2026 1046 de
2048 1012 2224 1057 angustiis,
2246 1014 2387 1056 pulsibus
2408 1039 2425 1057 ,

1416 1055 1635 1099 palpitatione
1657 1054 1765 1089 nihil.
1791 1056 1843 1088 Sic
1865 1056 1964 1088 etiam
1977 1060 1997 1094 ς’
2013 1064 2049 1090 ut
2072 1055 2111 1089 ad
2133 1057 2342 1092 Recentiores
2366 1061 2424 1103 qui

1416 1099 1633 1141 pericardium
1656 1099 1807 1133 viderunt
1828 1099 1923 1133 cordi
1947 1098 2126 1141 adhaerens,
2150 1101 2368 1143 transeamus,
2390 1105 2425 1137 &

1411 1143 1597 1177 Meckrenii
1621 1145 1635 1182 (
1657 1142 1678 1175 h
1701 1146 1715 1183 )
1741 1142 2037 1184 Observationem,
2060 1145 2094 1176 in
2117 1156 2180 1187 qua
2215 1145 2341 1181 nullum
2374 1155 2425 1181 ta-

1410 1197 1484 1220 men
1508 1186 1546 1219 de
1569 1186 1803 1230 palpitatione,
1829 1195 1884 1220 aut
1907 1186 2014 1229 pulsus
2026 1186 2255 1222 intermiffione
2267 1190 2423 1232 verbum,

1388 1230 1454 1264 ·ob
1477 1229 1665 1274 adjunctum
1689 1229 1796 1263 cordis
1821 1230 1937 1264 vulnus
1960 1233 2272 1273 praetermittarnus;
2292 1234 2422 1268 uLow-e-

1408 1285 1462 1308 rus
1484 1278 1498 1315 (
1519 1276 1532 1307 i
1554 1279 1567 1314 )
1590 1273 1645 1307 etfi
1669 1285 1741 1316 quae
1766 1272 1849 1307 mala
1872 1272 2109 1316 praecess‘erant,
2133 1274 2192 1309 dili
2218 1285 2308 1309 enter
2343 1287 2423 1311 con-

1410 1316 1534 1360 scripsit
1551 1343 1560 1357 ,
1583 1320 1615 1350 &
1639 1318 1674 1350 in
1697 1317 1739 1350 iis
1762 1318 1802 1351 ad
1823 1325 1943 1351 motum
1979 1318 2124 1360 quemvis
2155 1329 2194 1352 an
2219 1318 2385 1354 elationem
2408 1343 2422 1361 ‚

1409 1362 1537 1406 pulsum
1556 1370 1695 1403 parvum
1716 1362 1759 1394 ά*
1781 1361 2050 1395 intermittencem
2062 1383 2074 1401 ,
2099 1359 2247 1396 dolorem
2270 1373 2342 1397 cum
2373 1364 2424 1398 in-

1404 1405 1489 1449 figni
1507 1405 1693 1449 gravamine
1711 1404 1885 1447 pracordia
1909 1401 2107 1447 infestantem
2118 1429 2131 1447 ,
2155 1409 2189 1440 δε
2224 1406 2349 1440 crebras
2382 1407 2424 1446 li-

1407 1448 1613 1494 pothymias;
1639 1448 1676 1482 de
1699 1447 1915 1491 palpitatione
1938 1457 2047 1481 tamen
2071 1458 2110 1482 ne
2135 1449 2266 1484 verbum
2287 1450 2423 1493 quidem

1410 1491 1574 1535 interjecit
1589 1515 1597 1523 .
1625 1493 1761 1534 Peyerus
1783 1500 1891 1525 autem
1912 1494 1927 1531 ζ
1949 1491 1967 1531 l<
1989 1494 2004 1531 )
2026 1490 2064 1524 de
2087 1494 2129 1526 iis
2152 1505 2224 1537 quae
2249 1494 2424 1533 *antecesse-

1400 1546 1472 1573 rant
1495 1535 1573 1571 duas
1585 1559 1597 1575 ,
1623 1535 1728 1569 secum
1749 1546 1766 1568 a
1779 1534 1938 1583 Wepfero
1963 1538 2219 1571 communicatas
2234 1562 2243 1578 ‚
2258 1536 2424 1572 dissectio-

1400 1593 1480 1621 nes,
1504 1579 1594 1613 aliud
1616 1590 1682 1612 non
1703 1577 1829 1612 indicat
1844 1604 1853 1619 ,
1879 1580 1937 1611 nili
1956 1580 2200 1620 praecordiorum
2224 1582 2421 1617 anxietatem

1400 1628 1436 1660 in
1460 1624 1563 1657 altero
1585 1622 1755 1656 dumtaxat
1779 1633 1890 1664 aegro,
1913 1623 1972 1665 qui
1995 1631 2155 1664 nunquam
2177 1625 2236 1668 nisi
2259 1634 2378 1666 pronus
2388 1626 2423 1660 in

1398 1678 1500 1712 genua
1515 1665 1730 1709 provolutus,
1753 1665 1796 1698 &⁸
1818 1663 1938 1699 cubitis
1955 1662 2134 1709 suffultus,
2155 1668 2242 1702 dorm
2251 1669 2319 1706 ire,
2357 1670 2422 1703 imo

1402 1711 1554 1756 respirare
1577 1709 1706 1744 valuit.
1731 1708 1926 1750 Stalpartius
1948 1719 2023 1740 vero
2045 1709 2063 1750 (
2082 1708 2095 1741 l
2116 1712 2131 1748 )
2156 1721 2194 1744 ne
2217 1712 2310 1745 illam
2347 1713 2423 1755 qui-

1402 1756 1498 1791 dem,
1521 1760 1650 1786 tantum
1673 1752 1855 1786 continuam
1879 1751 2059 1800 lentumque
2074 1749 2223 1796 febrem,
2250 1767 2284 1788 ac
2320 1755 2423 1799 tuffim

1400 1811 1463 1842 qua
1487 1795 1680 1837 ejiciebatur
1698 1795 1875 1837 plurimum
1895 1793 2080 1837 sanguinis.
2117 1795 2178 1839 Sed
2214 1799 2425 1842 Malpighius

1399 1847 1410 1882 (
1436 1841 1503 1884 m)
1527 1839 1613 1873 nihil
1637 1840 1774 1872 omnino
1796 1846 1957 1871 memorat
1980 1848 2094 1871 eorum
2128 1851 2201 1882 quae
2235 1843 2423 1877 Landinum

1397 1884 1609 1919 afflixerunt.
1634 1882 1688 1915 Ad
1715 1882 1958 1923 Sepulchretum
1986 1890 2094 1915 autem
2117 1893 2153 1918 ut
2182 1885 2307 1920 redeam
2326 1910 2340 1928 ,
2372 1898 2425 1920 ea..

1396 1939 1458 1971 que
1483 1926 1540 1962 hic
1563 1926 1720 1969 colligam
1740 1936 1811 1967 quae
1836 1922 2102 1974 facilesposs‘unt
2124 1939 2302 1970 quaerentes
2326 1929 2424 1972 fuge·

1399 1979 1455 2012 re,
1478 1981 1556 2004 cum
1578 1969 1640 2003 fint
1663 1977 1753 2002 extra
1778 1968 1859 2001 hanc
1883 1968 2065 2002 Sectionem
2101 1981 2157 2012 per
2202 1975 2279 2008 alias
2324 1983 2422 2018 atque

1400 2016 1477 2049 alias
1502 2013 1663 2056 dispersa;
1685 2023 1742 2045 nec
1766 2013 1932 2046 Garnerus
1956 2013 2044 2054 (n),
2069 2023 2125 2046 nec
2153 2017 2327 2061 Helvigius
2351 2021 2424 2058 (o)

1402 2056 1648 2102 praegrefforum
1671 2056 1834 2089 malorum
1860 2055 2040 2099 quidquam
2062 2059 2235 2094 nominant
2258 2086 2271 2103 ‚
2306 2071 2424 2105 praeter

1400 2111 1577 2137 mammam
1588 2099 1821 2137 exulceratam,
1838 2101 1869 2132 &
1882 2099 2063 2142 hydropem
2074 2122 2084 2139 ‚
2097 2113 2171 2137 cum
2189 2104 2343 2140 adnatum
2368 2117 2423 2148 pe-

1401 2145 1581 2180 ricardium
1604 2154 1661 2177 cor
1686 2152 1741 2177 aut
1766 2144 1920 2187 exiguum
1943 2141 2141 2186 admodum,
2166 2150 2198 2181 δι
2222 2150 2256 2182 in
2278 2150 2310 2182 se
2342 2160 2422 2184 con-

1402 2189 1546 2223 tractum
1565 2210 1574 2226 ,
1598 2196 1653 2221 aut
1676 2185 1832 2220 consueto
1854 2185 1956 2229 duplo
1980 2197 2083 2235 majus
2117 2193 2385 2235 complecteretur
2409 2219 2419 2226 ,,

1404 2233 1563 2268 Hiarnius
1585 2232 1640 2273 (p
1662 2233 1676 2271 )
1700 2240 1816 2273 praeter
1840 2228 1981 2273 spirandi
2006 2231 2234 2269 difficultatem
2251 2260 2258 2274 ,
2290 2240 2322 2270 &
2355 2237 2419 2271 alia

1405 2275 1586 2315 nonnulla,
1608 2273 1647 2307 ad
1671 2274 1846 2308 immanem
1868 2276 1990 2308 ventris
2022 2284 2185 2313 tumorem
2220 2279 2321 2313 ferme
2353 2280 2422 2323 spe-

1405 2320 1526 2353 &antia
1539 2341 1553 2359 ,
1573 2317 1630 2352 vix
1653 2317 1804 2360 aliqualis
1826 2318 1929 2351 cordis
1952 2318 2180 2360 inquietudinis
2193 2322 2271 2356 facit
2282 2326 2423 2358 mentio-

1402 2373 1477 2397 nem
1492 2385 1501 2393 .
1528 2360 1622 2395 Plura
1644 2360 1778 2403 quidem
1798 2360 1838 2395 de
1864 2361 1957 2395 malis
1979 2362 2167 2405 diuturnis,
2191 2370 2225 2400 δε
2248 2366 2311 2402 huc
2343 2370 2422 2402 atti-

1403 2405 1577 2445 nentibus,
1601 2403 1653 2438 sed
1677 2415 1735 2439 nec
1758 2404 1913 2448 pauciora
1936 2404 1975 2437 de
2000 2404 2157 2442 viscerum
2189 2412 2285 2445 noxis
2323 2410 2424 2447 habet

1404 2451 1617 2492 Stegmannus
1640 2451 1655 2487 (
1676 2459 1696 2491 q
1719 2452 1757 2489 )‚
1779 2448 1838 2491 qui
1862 2448 2113 2490 palpitationem
2135 2453 2269 2492 cordis,
2309 2456 2420 2498 pulsus

1401 2492 1683 2536 inaequalitatem,
1708 2494 1741 2524 ὃ(
1764 2491 1955 2534 dyspnoearn
1978 2503 1994 2525 a
2018 2495 2159 2534 pueritia
2182 2495 2280 2540 usque
2304 2509 2420 2542 perpe-

1399 2545 1492 2571 tuam
1515 2546 1643 2569 narrans
1658 2559 1668 2575 ‚
1690 2533 1729 2568 ad
1742 2536 1985 2582 cartilagineam
1995 2537 2155 2579 quandam
2167 2541 2361 2577 excrescenti
2369 2553 2423 2577 am

1400 2580 1493 2624 juxta
1517 2579 1693 2613 auriculam
1716 2577 1824 2612 cordis
1846 2577 2000 2612 hnistram
2012 2602 2025 2619 ‚
2048 2581 2087 2615 ad
2108 2585 2236 2625 copiam
2250 2586 2422 2628 pinguedi-

1401 2625 1452 2658 nis
1475 2634 1532 2658 cor
1553 2622 1786 2661 obducentem,
1811 2630 1849 2655 ut
1873 2632 1938 2655 non
1961 2633 2074 2666 parum
2096 2637 2164 2668 ejus
2188 2639 2315 2671 augeret
2348 2642 2423 2664 rno-

1402 2668 1483 2709 lem,
1512 2667 1551 2701 ad
1570 2667 1718 2712 aliaque,
1742 2676 1806 2699 non
1830 2664 1930 2699 modo
1948 2667 1992 2700 ad
2002 2669 2173 2710 pericardii
2186 2672 2398 2708 adhaefionem
2409 2698 2423 2715 ,

1404 2710 1527 2749 refert,
1549 2709 1647 2754 idque
1670 2710 1847 2753 sapienter,
1871 2708 2045 2752 praesertim
2066 2723 2142 2747 cum
2165 2713 2233 2748 haec
2257 2727 2312 2758 per
2324 2717 2424 2752 fibro-

1409 2754 1458 2789 sos
1482 2755 1651 2789 dumtaxat
1675 2764 1774 2788 nexus
1798 2752 1908 2803 fieret,
1929 2753 2046 2797 eosque
2059 2756 2096 2790 ad
2108 2759 2338 2800 pinguedinem
2350 2773 2423 2805 quae

1410 2798 1550 2833 mediam
1573 2797 1739 2841 operiebat
1762 2797 1866 2830 cordis
1891 2798 2077 2841 regionem,
2101 2804 2297 2844 pertinentes
2319 2830 2326 2837 .
2361 2804 2423 2839 Sed

1411 2843 1556 2886 ubique,
1580 2844 1613 2876 &
1635 2841 1800 2885 undique,
1823 2850 1858 2874 ut
1881 2849 2001 2891 caeferae
2025 2843 2089 2877 fere
2099 2855 2207 2879 omnes
2218 2870 2232 2888 ,
2253 2847 2293 2881 de
2304 2848 2424 2892 quibus

1411 2887 1497 2920 nihil
1520 2886 1706 2928 excipiam,
1731 2883 1870 2918 adhaefio
1890 2883 1955 2918 fnit
1978 2897 1994 2918 a
2017 2887 2254 2926 Genevenfibus
2277 2892 2419 2927 Medicis

1410 2936 1425 2972 (
1447 2942 1463 2962 ν
1484 2934 1498 2971 )
1521 2930 1555 2963 in
1574 2930 1698 2975 Juvene
1722 2929 1873 2963 adnotata
1893 2951 1904 2968 ‚
1939 2930 1993 2963 cui
2011 2927 2191 2973 familiaris
2212 2945 2279 2968 erat
2316 2935 2424 2971 cordis

1400 2974 1590 3018 palpitatio
1620 2999 1628 3007 .
1674 2975 1801 3006 Contra
1834 2995 1848 3012 ,
1892 2972 1934 3005 ab
1979 2974 2184 3019 Hottingero
2227 2981 2242 3019 (
2257 2979 2284 3022 s
2298 2984 2313 3021 )
2358 2991 2424 3014 non

1406 3020 1480 3052 ‘haec
1501 3043 1511 3058 ‚
1545 3016 1597 3050 sed
1620 3015 1863 3065 anhelationin
1887 3016 2025 3051 muliere
2047 3019 2264 3056 animadversa
2286 3023 2356 3065 est,
2389 3026 2426 3058 in

1410 3073 1475 3106 qua
1498 3059 1712 3105 pericardium
1735 3069 1818 3093 coru
1841 3058 1939 3094 instar
1962 3060 2099 3096 crassum
2122 3062 2272 3107 factum,
2295 3071 2328 3101 δε
2361 3066 2424 3102 du.-

1410 3117 1503 3146 rum,
1524 3102 1619 3138 cordi
1643 3102 1775 3137 affixum
1788 3102 2022 3145 deprehendit.
2039 3107 2183 3142 Littrius
2207 3113 2269 3151 (t)
2293 3112 2327 3144 in
2343 3110 2425 3145 duo.

1405 3149 1464 3184 bus
1477 3148 1562 3183 nihil
1573 3147 1688 3181 habuit
1699 3145 1788 3190 quod
1798 3157 2001 3189 memorarem
2013 3160 2089 3184 narn
2102 3159 2237 3197 uterque
2248 3166 2287 3188 ex
2297 3156 2425 3190 vulnere

2292 3209 2383 3232 mor-

349 3305 2415 3330 ..p-*m

1024 3434 1033 3465 (
1053 3442 1066 3457 ο
1081 3433 1096 3462 )
1113 3435 1149 3457 De
1165 3434 1232 3457 Mot.
1249 3434 1326 3458 Cord.
1347 3435 1366 3457 1.
1384 3441 1406 3457 1.
1424 3435 1522 3463 Propos.
1540 3441 1580 3462 ²3-
1598 3432 1622 3457 8:
1639 3433 1665 3458 in
1682 3433 1762 3459 schol.
1779 3435 1810 3460 ad
1826 3435 1886 3461 Hist-

1296 3462 1304 3492 (
1322 3472 1334 3487 r
1350 3464 1359 3493 )
1375 3464 1431 3488 Ast.
1448 3466 1483 3489 N.
1499 3467 1528 3490 C.
1545 3466 1620 3488 Tom.
1640 3473 1662 3494 ς.
1679 3464 1737 3489 obs.
1752 3466 1792 3490 ⁶8.

1347 3635 1523 3679 (r)1.'3.'s

401 3410 449 3442 (k
463 3410 480 3440 )
494 3408 525 3434 ad
541 3407 649 3433 Praelea.
665 3405 752 3441 Βοιὼ.
770 3404 796 3437 §z
812 3410 866 3433 132.
882 3406 933 3427 nor.
950 3410 975 3426 a.
1035 3400 1046 3434 (
1062 3402 1072 3427 l
1086 3402 1100 3432 )
1115 3401 1198 3427 Meth.
1214 3400 1276 3426 Hist,
1294 3403 1369 3427 Anat,
1385 3409 1409 3426 ς,
1423 3405 1449 3427 6,
1466 3403 1491 3428 in
1507 3401 1588 3430 schol,

406 3443 414 3472 (
434 3449 451 3465 n
462 3443 478 3472 )
500 3439 565 3465 nist.
581 3437 676 3464 Medic.
695 3437 737 3462 ubi
753 3435 784 3460 de
800 3437 943 3460 Avenzoare
954 3450 960 3456 .

408 3473 423 3501 (
497 3470 559 3495 nist.
574 3469 604 3494 ele
623 3469 724 3493 l‘Aend.
742 3469 776 3491 R.
791 3466 833 3490 des
848 3466 889 3490 Sc.
906 3465 937 3488 A.
953 3471 1020 3494 ¹7¹²·
1036 3464 1097 3488 ΟΜ.
1114 3465 1190 3488 Anat.
1207 3471 1231 3488 1.

434 3473 558 3532 ff))Nov.
598 3504 719 3525 omment.
740 3499 806 3526 Imp.
823 3498 861 3521 Sc.
878 3494 953 3519 Acad.
970 3495 1094 3529 l’etropol.
1111 3496 1186 3519 Tom.
1207 3501 1225 3518 ι.
1245 3492 1304 3518 Obs.
1323 3497 1397 3518 Anat.
1413 3503 1437 3524 4.

407 3504 426 3562 ἓ
441 3540 456 3556 a·
473 3531 481 3562 )
497 3502 606 3556 eraelefi.
627 3530 651 3561 §.
669 3531 721 3555 182.
784 3529 794 3559 (
808 3533 826 3557 y
842 3526 858 3555 )
872 3533 894 3550 c.
912 3528 939 3549 6.
957 3531 1001 3550 ert.
1066 3526 1080 3555 (
1099 3533 1117 3560 ζ
1135 3526 1142 3554 l
1157 3524 1218 3552 sech
1236 3523 1320 3559 hacss.
1337 3524 1395 3549 obs.
1412 3533 1451 3550 20.

405 3564 421 3591 (
435 3570 447 3587 c
493 3561 549 3586 vid.
565 3561 667 3586 Hildan.
685 3563 759 3595 (gent.
774 3567 798 3588 4.
815 3555 876 3582 Obs.
894 3563 931 3586 3².
993 3557 1010 3591 ζ
1023 3555 1039 3580 d
1054 3561 1063 3586 )
1080 3555 1141 3592 vid..
1153 3555 1248 3580 Ballon-
1265 3557 1350 3580 Vitam
1363 3573 1369 3579 .
1431 3557 1442 3587 (

405 3594 420 3621 (
433 3600 452 3622 g
495 3592 556 3616 Obs.
571 3592 640 3617 Med.
658 3590 727 3615 ehu.
744 3598 765 3615 c.
782 3598 820 3619 35.
879 3583 888 3614 (
909 3587 924 3610 b
943 3587 957 3615 )
975 3587 1038 3611 Ibrd.
1101 3587 1115 3616 (
1131 3595 1140 3610 x
1156 3587 1171 3615 )
1186 3585 1268 3610 Tra&-
1285 3586 1314 3610 de
1329 3586 1409 3611 Corde
1424 3594 1447 3612 e.

409 3625 420 3648 (
437 3624 446 3647 l
462 3623 477 3652 )
493 3624 564 3647 Cent.
584 3631 604 3648 1.
619 3621 681 3646 obs.
699 3629 744 3646 rar.
764 3627 804 3650 37.
865 3619 880 3672 ξ
897 3625 921 3641 m
940 3619 1001 3672 >SDe
1017 3617 1107 3672 Ξόιῒίεὶ,
1126 3617 1275 3672 Gl-antllpssli.dit
1307 3615 1317 3646 (
1333 3625 1350 3640 η
1366 3618 1380 3646 )
1397 3618 1413 3641 1,

404 3656 418 3710 ‹<
431 3655 476 3711 ⁸⁸⁵),
491 3652 760 3709 giffsddeol'bsi‘efdf‘ll.
773 3650 1007 3708 d(esqs)e.n².17'0i.'
1024 3679 1047 3705 a:
1064 3655 1137 3708 &3⁶²2
1155 3655 1181 3672 m
1280 3665 1284 3672 ¹

1650 3402 1665 3432 c
1681 3410 1705 3426 m
1721 3401 1737 3432 )
1751 3404 1825 3429 cent.
1842 3410 1865 3429 ι.
1881 3403 1941 3430 Obs.
1951 3403 2019 3431 Med.
2027 3406 2100 3431 Anat.
2119 3412 2157 3436 37·
2172 3407 2199 3433 in
2214 3409 2308 3436 Adnot.

1947 3437 1961 3466 (
1975 3436 2018 3467 p)
2035 3439 2071 3462 De
2087 3438 2181 3463 Facult.
2196 3441 2272 3465 Anat.-
2287 3441 2356 3469 Lest.
2372 3450 2396 3473 4.

1500 3498 1514 3526 (
1530 3502 1541 3520 ε
1556 3497 1566 3525 )
1582 3495 1688 3520 Praelect.
1706 3495 1731 3520 in
1749 3495 1826 3520 Instit.
1845 3496 1869 3527 §.
1884 3505 1940 3527 7⁰9·
2002 3498 2017 3528 (
2030 3506 2047 3523 u
2062 3497 2071 3530 )
2089 3497 2171 3524 schol.
2187 3500 2230 3526 cit.

1515 3527 1523 3553 (
1543 3534 1558 3548 a
1576 3525 1585 3554 )
1603 3526 1664 3551 Sest.
1683 3533 1705 3550 1.
1722 3527 1782 3551 ΟΜ.
1798 3536 1839 3556 74.
1901 3529 1915 3558 (
1928 3527 1943 3553 b
1961 3527 1975 3556 )
1992 3529 2057 3553 lhid.
2074 3528 2132 3554 obs.
2148 3538 2189 3561 94.

1459 3565 1471 3581 e
1486 3556 1501 3586 )
1516 3556 1626 3586 Epidem.
1644 3560 1660 3581 l.
1680 3565 1701 3581 2.
1766 3559 1780 3587 (
1792 3557 1833 3587 f)
1848 3560 1867 3583 1.
1886 3566 1907 3583 1.
1925 3558 2015 3584 Confil.
2031 3560 2099 3585 Mod.
2118 3568 2171 3590 109.

1463 3595 1489 3611 2.
1552 3589 1565 3616 (
1582 3587 1598 3611 k
1616 3590 1625 3616 l
1643 3587 1722 3612 Schol·
1739 3588 1782 3614 cit.
1799 3588 1869 3618 supra
1886 3605 1893 3618 ,
1911 3590 1941 3613 ad
1957 3597 1982 3614 n.
1999 3597 2039 3619 17.

1430 3626 1446 3647 4
1471 3620 1487 3642 S
1515 3625 1540 3643 a.
1556 3617 1616 3642 Obs.
1632 3626 1655 3647 7.
1673 3618 1694 3648 §.
1714 3626 1737 3643 1.
1799 3621 1841 3649 (ο
1855 3620 1869 3648 )
1885 3620 1903 3645 l.
1920 3627 1942 3649 3.
1960 3623 1984 3645 S.
2001 3620 2115 3645 nsobs.
2134 3629 2174 3647 ιι.
2192 3623 2217 3647 in
2233 3622 2316 3649 Addit.

1528 3668 1532 3672 .
1551 3655 1590 3673 ιο.
1609 3649 1668 3673 Obs.
1689 3658 1707 3680 ς.
1724 3649 1749 3674 in
1767 3650 1849 3675 Addit.
1911 3654 1924 3680 ί
1936 3650 1978 3684 s}
1993 3652 2424 3687 Eph.N.C.Dec-J-A.10.0bs.13r.
