2498 4075
469 166 564 219 ¹30

396 241 467 268 rtem
489 233 651 276 nigricans
674 228 774 266 ferme
796 229 938 273 ubique,
969 230 1133 263 nonnullis
1166 231 1316 268 videlicet
1349 231 1398 264 in-

402 278 542 321 terjeffis
565 274 745 309 minoribus
770 272 904 315 spatiis,
927 283 999 316 quae
1024 273 1126 309 adhuc
1148 275 1322 313 rubebant,
1344 276 1396 309 in-

398 324 586 355 testinorum
609 316 894 354 inflammationi,
927 326 1040 357 magna
1072 316 1136 358 jam
1168 329 1206 352 ex
1238 327 1328 361 parte
1360 320 1395 353 in

394 373 603 407 gangraenam
638 360 882 403 degeneranti,
913 358 1159 395 manifestissime
1188 361 1362 397 debebatur
1385 384 1395 400 ,

394 419 437 441 >eo
462 407 616 440 nimirum
638 406 816 444 intercepto
845 401 975 436 demum
1009 404 1041 437 in
1079 405 1249 437 Portarum
1281 415 1394 438 venam

401 449 566 493 sanguinis
589 447 715 487 reditu,
737 448 775 480 de
796 443 888 487 ,cujus
920 445 1132 481 retardatione
1178 447 1269 489 supra
1312 452 1326 486 (
1349 458 1364 479 r
1385 451 1398 486 )

394 505 414 529 a
438 493 532 527 nobis
553 490 676 525 dii-‘lum
699 490 743 526 est
758 502 768 521 .-
792 499 994 531 gangraenam
1015 488 1155 530 »denique
1189 490 1399 533 sequebatur,

394 546 434 574 nt
457 535 559 574 solet,
581 533 692 568 odoris
715 531 868 567 foetidaS·
894 532 994 568 Erant
1017 531 1166 567 intestina
1187 544 1260 575 ,quae
1283 543 1394 567 tumo-

394 591 463 614 rem
487 578 669 613 faciebant,
694 576 785 618 plena
819 574 1052 617 propemodum
1084 578 1227 610 rnateriae
1244 598 1255 614 ,
1286 577 1393 619 ‚qualis

391 626 428 658 in
452 621 569 660 Ctaffis
590 620 635 658 ‚est
656 619 856 653 stercusanon
882 617 973 652 valde
997 619 1116 658 molle,
1139 629 1295 661 quantum
1329 631 1393 655 uno

391 668 529 701 -illorum
554 663 657 707 postea
680 661 832 702 dissectio,
856 663 1089 703 cognovimu53
1115 670 1151 695 ut
1187 661 1318 696 evidens
1348 663 1394 696 es-

393 709 439 744 set
454 731 464 748 ,
488 716 669 743 remorante
691 707 824 739 materia
845 716 918 747 ,quae
938 705 972 741 in
994 705 1103 741 Crassa
1125 705 1194 738 cito
1229 706 1307 742 solet
1340 706 1394 739 de-

393 752 563 789 scendere,
584 752 617 784 a&
640 749 771 786 flatibus
794 747 930 787 additis,
953 747 1092 789 potuisse
1116 756 1276 782 tumorem
1300 749 1341 783 sic
1357 749 1395 783 ad

391 797 519 830 tactum
543 793 665 832 reniti,
688 801 724 828 ut
748 792 782 824 in
804 792 934 825 vivente
957 802 1197 833 perceperamus
1207 817 1218 829 ,.
1241 792 1308 825 Etfi
1343 804 1396 826 ve-

392 850 431 877 ro
454 839 498 875 ob
522 837 662 875 archim,
685 846 784 877 quam
826 833 896 871 dixi
920 856 932 873 ,
956 835 1194 872 'intestinorum
1239 837 1323 869 inter
1367 837 1396 869 se

390 882 651 919 connexionem,
674 889 758 920 opus
780 876 885 913 fuisset
908 877 1092 923 longiffimo
1136 889 1280 921 tempore
1299 902 1315 923 9
1358 888 1394 913 ut

388 925 539 967 scalpello
561 922 699 959 ,alterurn
716 921 755 954 ab
767 921 867 954 altero
880 919 1122 963 sejungeretur;
1143 922 1291 957 manibus
1308 923 1393 955 enim

391 969 470 1007 hinc
487 993 497 1009 ,
519 970 553 1001 v&
564 965 640 1002 hinc
664 964 821 1000 trahendo
843 963 926 1000 nihil
943 964 1191 1007 proficiebatur3
1214 976 1319 1000 tamen
1329 967 1395 1000 cir-

390 1025 430 1049 ca
459 1011 605 1045 medium
627 1012 657 1043 &
682 1008 843 1045 summum
867 1006 966 1042 ferme
991 1018 1151 1043 tumorem
1174 1020 1249 1044 cum
1287 1010 1395 1042 minus

390 1055 534 1090 difficilis
575 1052 653 1087 ,esset
697 1051 853 1093 sejunctio
873 1072 884 1090 ,
930 1050 999 1086 haec
1031 1053 1077 1086 ibi
1112 1052 1225 1088 saltem
1269 1052 1394 1095 perdta

391 1100 436 1135 est
457 1122 467 1137 ,
503 1100 536 1135 ,δε
560 1096 701 1131 tumoris
723 1096 879 1128 interiora
902 1095 936 1128 in
959 1096 1168 1139 conspe3um
1192 1097 1264 1129 sunt
1297 1096 1393 1134 data,

387 1154 462 1185 quae
486 1141 610 1184 pariter
633 1151 649 1173 a
672 1138 782 1173 subtus
804 1140 1003 1173 coacervatis
1047 1139 1201 1173 intestinis
1243 1138 1362 1172 fiebant
1381 1162 1395 1179 ‚

389 1189 425 1220 ,δε
447 1196 486 1218 ex
509 1193 598 1227 parte
621 1183 759 1224 aliquaa
771 1181 920 1217 mesaraeo
934 1207 944 1222 ‚
965 1181 1054 1223 quod
1066 1193 1165 1224 neque
1176 1183 1292 1216 durum
1310 1203 1319 1219 ,
1339 1192 1396 1214 ne-

388 1240 452 1271 que
474 1226 612 1268 >crassum
635 1224 781 1265 fafitum,
804 1236 907 1268 neque
930 1225 1061 1267 nigrum
1083 1237 1196 1261 ‚omnes
1233 1225 1392 1268 perspice-

387 1273 422 1306 re
446 1279 643 1314 potuerunt,
667 1268 718 1302 sed
739 1269 879 1302 ,omnino
903 1267 1013 1301 sanum
1029 1294 1037 1309 ‚
1062 1270 1093 1301 &
1116 1268 1310 1312 pinguedine
1343 1280 1394 1305 re-

387 1314 531 1356 fertum,
555 1322 591 1347 ut
618 1312 791 1347 secundum
814 1320 965 1344 naturam
990 1311 1091 1350 solet,
1115 1324 1154 1345 ex
1186 1311 1260 1345 albo
1296 1311 1394 1352 flave-

387 1360 492 1396 scente
509 1383 516 1390 .
539 1358 628 1390 Cum
650 1365 816 1389 omentum
839 1353 990 1388 haetenus
1015 1355 1103 1389 nulla
1148 1368 1186 1389 ex
1230 1365 1320 1397 parte
1365 1355 1395 1388 se

388 1399 593 1437 ostendissem
616 1399 728 1433 oculos
750 1399 899 1433 converti
922 1399 961 1432 ad
986 1397 1162 1441 supremam
1210 1399 1326 1431 ventris
1349 1410 1398 1432 re-

387 1448 542 1489 gionem,
567 1443 623 1477 ubi
646 1444 730 1476 inter
753 1452 915 1476 tumorem
937 1441 1159 1484 descriptum,
1184 1441 1400 1484 &diaphrag-

387 1502 440 1524 ma
464 1487 661 1522 ventriculus
687 1485 887 1523 subsidebat:
913 1495 1049 1527 cumque
1072 1497 1111 1519 ne
1135 1486 1177 1520 fic
1198 1485 1330 1527 quidem
1340 1496 1397 1527 ap-

386 1542 535 1577 pareret,
562 1530 613 1564 sed
637 1529 708 1563 alba
752 1529 899 1571 quaedam
932 1527 1020 1571 quasi
1057 1528 1171 1569 fascia,
1195 1529 1297 1569 dura,
1323 1539 1395 1571 gra-

388 1579 461 1616 vis,
484 1578 514 1608 δι
538 1573 636 1609 crassa
664 1573 703 1606 ab
727 1583 792 1606 uno
816 1571 854 1605 ad
877 1571 1013 1609 ⁸alterum
1038 1570 1326 1614 hypochondrium
1352 1573 1392 1619 ‘in

388 1619 604 1654 transversum
627 1616 745 1654 dursta,
769 1616 942 1648 ventriculi
967 1614 1090 1653 fundo,
1114 1620 1146 1648 ά
1179 1614 1255 1649 huic
1289 1615 1392 1658 subJe„

388 1667 442 1697 cto
464 1661 618 1698 intestino
640 1659 729 1691 Colo
751 1657 928 1696 firmissime
954 1658 983 1690 se
1008 1659 1187 1694 annesteret
1208 1679 1218 1694 ‚
1250 1670 1391 1700 quorum

390 1716 565 1747 utrumque
588 1703 646 1739 suo
669 1701 828 1744 pondere,
852 1703 883 1733 δι
904 1700 1111 1737 crassitudine
1155 1701 1354 1743 deprimebat
1379 1714 1390 1740 5

386 1751 445 1783 —vix
466 1749 597 1782 tandem
619 1746 710 1779 illam
734 1742 793 1780 esse
813 1752 1003 1783 omentum,
1027 1744 1166 1786 agnovi:
1190 1744 1278 1786 quod
1314 1752 1391 1778 mox

385 1796 418 1830 ,ἃ
439 1793 549 1830 caeteri
565 1816 573 1829 ,
597 1790 678 1824 bene
701 1786 858 1830 perpensis
889 1787 1043 1820 omnibus
1065 1809 1078 1827 ,
1120 1786 1357 1821 confirmarunt
1383 1811 1391 1820 .

385 1837 514 1873 Scilicet
539 1833 668 1869 Tenuia
692 1831 846 1864 intestina
870 1831 904 1863 in
928 1840 1087 1864 tumorem
1112 1829 1326 1872 assurgentia,
1352 1831 1395 1864 il-

387 1880 440 1914 luc
463 1886 634 1917 omentum
654 1873 737 1911 olim
759 1873 960 1915 repulerant,
980 1872 1072 1916 quod
1096 1874 1127 1907 in
1153 1874 1182 1906 se
1215 1876 1395 1915 complica-

390 1915 461 1958 tum
485 1923 519 1960 in
543 1930 644 1958 unum
669 1916 751 1951 illud
774 1917 937 1951 coaluerat
960 1928 1099 1959 corpus,
1124 1915 1231 1950 fasciae
1264 1918 1358 1951 instar
1380 1940 1393 1958 ‚

387 1957 506 2009 aequali
530 1962 725 2006 superficie,
749 1959 803 1999 sed
827 1971 890 1994 non
915 1959 1136 1994 craffitudine.
1174 1960 1266 1994 Alibi
1303 1962 1390 1999 enim

386 2009 456 2051 haec
481 2008 544 2045 fuit
567 2008 687 2045 unius,
709 2004 849 2043 duorum
871 2005 975 2043 alibi,
1000 2003 1078 2037 alibi
1124 2004 1226 2038 trium
1268 2003 1394 2047 digito.

387 2065 482 2095 rum,
506 2060 543 2090 ut
566 2061 607 2088 ex
630 2047 824 2088 >sectionibus
848 2047 1046 2091 perspe'stum
1069 2045 1134 2083 est:
1160 2048 1302 2081 maxima
1335 2059 1395 2082 au-

389 2093 654 2134 tem'craffitudo
678 2091 896 2135 animadversa
920 2091 962 2125 est
984 2090 1181 2134 potiffimum
1206 2102 1304 2134 prope
1337 2091 1396 2124 lie-

388 2153 485 2178 nem,
512 2147 549 2173 ut
573 2136 678 2178 rigida
701 2136 838 2169 durities
861 2146 1012 2179 quoque,
1038 2133 1079 2167 sic
1103 2144 1139 2168 ut
1187 2133 1245 2168 sub
1289 2134 1397 2168 cultro

390 2188 476 2220 inter
498 2179 716 2220 dissecandum
739 2177 908 2213 strideret.-
943 2187 1093 2212 caeterum
1125 2177 1299 2211 uniformis
1332 2187 1398 2212 erat

390 2221 513 2270 vubique
534 2224 573 2262 ad
597 2224 758 2266 aspectum
781 2221 980 2260 substantia;
1002 2221 1054 2255 sed
1075 2220 1210 2256 durities
1225 2222 1303 2256 alibi
1317 2233 1398 2264 qua-

392 2272 417 2310 si
442 2269 631 2307 ligamenti,
653 2267 733 2303 alibi
757 2265 993 2308 propemodum
1016 2264 1235 2307 cartilaginis.
1261 2266 1312 2299 Sic
1334 2266 1398 2307 igi-

392 2326 449 2351 tur
470 2306 502 2351 se
525 2312 640 2349 habuit
662 2319 856 2349 omentum,
881 2308 937 2342 sub
960 2309 1081 2341 tactum
1103 2309 1136 2341 in
1172 2310 1301 2343 vivente
1332 2319 1397 2343 non

394 2359 533 2396 cadens,
568 2356 690 2398 quippe
723 2355 808 2390 inter
842 2351 978 2387 multam
1010 2350 1193 2387 abdominis
1227 2353 1399 2394 pinguedi-

395 2414 490 2441 nem,
513 2403 543 2433 &
567 2397 714 2431 cedentia
737 2396 854 2429 viscera
880 2393 1117 2433 ventriculum,
1144 2397 1175 2427 δε
1199 2394 1331 2432 Colon,
1355 2395 1400 2431 ob

398 2441 573 2490 depressam
598 2450 703 2474 autem
726 2438 852 2479 sedem,
875 2441 906 2471 &
952 2436 1142 2470 firmiffimas
1185 2439 1402 2473 connexiones

394 2500 499 2533 neque
522 2488 607 2520 inter
631 2494 743 2517 manus
766 2479 1106 2525 comprehendendum
1121 2501 1131 2517 ‚
1155 2489 1191 2513 ut
1217 2482 1401 2523 prominens

397 2535 454 2568 :ille
479 2529 705 2565 intestinorum
731 2535 859 2563 tumor,
884 2535 986 2566 neque
1009 2523 1042 2555 in
1066 2532 1177 2557 utrum
1200 2523 1317 2559 liberet
1355 2524 1401 2557 la„-

397 2588 451 2612 tus
474 2570 691 2609 movendum.
716 2570 806 2606 Tum
831 2567 1027 2603 ventriculus
1050 2566 1209 2609 inspefftus
1232 2568 1297 2600 est.
1334 2568 1402 2600 Ex·-

398 2618 514 2658 hausto
536 2616 679 2661 plurimo
700 2624 794 2656 quem
819 2611 1027 2650 continebat,
1051 2609 1186 2642 humore
1199 2611 1403 2653 nigricante,

400 2654 618 2700 &teterrimi
640 2656 772 2696 odoris,
795 2656 900 2698 qualis
923 2655 957 2690 in
981 2652 1156 2689 noviffimis
1169 2655 1404 2689 vomitionibus

400 2705 634 2751 rejiciebatur,
659 2702 798 2735 interior
821 2697 917 2732 facies
941 2697 1091 2740 apparuit
1113 2708 1152 2730 ex
1173 2695 1330 2733 subrubro
1353 2697 1404 2731 fu-

402 2752 478 2790 sca,
501 2759 540 2783 an
564 2747 604 2780 ab
627 2745 686 2779 illo
710 2743 844 2779 humore
869 2743 911 2776 sic
934 2739 1075 2773 infecta?
1099 2751 1137 2773 an
1161 2742 1258 2774 etiam
1282 2741 1321 2774 ab
1353 2742 1403 2774 in-

402 2786 663 2830 flammatione?
685 2786 725 2824 In
750 2787 979 2829 pyloriautem
990 2785 1099 2818 Antro
1111 2783 1305 2825 quibusdam
1316 2785 1403 2827 quasi

402 2835 551 2872 concreti
575 2832 733 2874 sanguinis
756 2830 913 2873 grumulis
937 2827 990 2862 hic
1013 2827 1082 2860 illic
1105 2826 1193 2860 foeda
1216 2828 1407 2876 videbatur,

406 2882 465 2923 qui
488 2878 679 2919 diligentius
702 2873 863 2916 inspecfffi,
886 2871 972 2907 nihil
997 2880 1084 2903 erant
1107 2870 1219 2910 aliud,
1242 2871 1299 2903 nisi
1335 2882 1408 2913 par-

405 2935 468 2961 va,
493 2924 524 2954 &
547 2917 686 2963 depress'a
710 2915 897 2952 tubercula,
921 2916 1008 2951 intus
1032 2912 1161 2956 quidem
1185 2914 1278 2954 alba,
1300 2916 1331 2947 δε
1354 2914 1408 2948 fir-

404 2978 458 3001 ma
473 2990 483 3007 ‚
505 2961 668 3006 superficie
691 2970 797 2994 autem
820 2957 1129 3001 gangraenaaffeeta,
1152 2957 1308 2991 nonnulla
1331 2969 1409 2990 ova-

406 3011 455 3048 ]i,
481 3010 541 3042 alia
564 3006 633 3040 aliis
657 3004 790 3047 figuris,
813 3006 843 3036 &
868 3000 1105 3045 pofitionibus‚
1128 3000 1275 3044 pleraque
1298 3011 1405 3035 autem

404 3055 455 3086 ita
478 3063 519 3086 ex
542 3048 690 3094 pluribus
713 3045 983 3084 efformabantur,
1008 3054 1043 3077 ut
1068 3042 1227 3078 asteriscos
1249 3044 1335 3086 quasi
1354 3056 1404 3079 ra..

403 3096 533 3134 mosos‚
555 3091 618 3127 five
641 3088 812 3127 flexuofis,
836 3092 865 3122 δι
889 3087 1025 3124 bifurcis
1071 3087 1167 3122 radiis
1197 3087 1368 3121 instrufios
1389 3111 1403 3127 ,

408 3138 694 3182 repraesentarent.
720 3132 778 3166 Sed
802 3144 868 3175 quo
891 3132 993 3174 magis
1026 3131 1065 3164 ab
1098 3131 1199 3165 Antri
1233 3131 1329 3165 initio
1364 3131 1403 3164 ad

403 3183 559 3227 pylorum
583 3176 793 3214 accedebant,
818 3187 856 3208 eo
879 3174 997 3208 fiebant
1022 3175 1167 3212 minora,
1192 3175 1355 3224 rariora„
1373 3177 1404 3207 &

406 3228 537 3261 demum
561 3222 724 3257 solitaria.
751 3218 851 3257 Quod
876 3219 1052 3252 maximum
1074 3229 1113 3250 ex
1135 3218 1286 3252 omnibus
1309 3216 1372 3250 fuit
1391 3238 1402 3254 ,

404 3272 463 3304 vix
490 3268 528 3302 ad
554 3276 658 3309 parvae
683 3264 764 3298 fabae
790 3261 1043 3304 magnitudinem
1078 3261 1283 3303 perveniebat
1308 3286 1314 3293 .
1364 3261 1402 3293 In

403 3313 476 3357 ipso
499 3311 616 3354 pyloro
640 3319 704 3341 non
728 3307 798 3341 sunt
822 3305 912 3345 haec,
934 3303 1050 3337 nedum
1073 3305 1281 3338 excrescentia
1303 3303 1365 3335 nlla
1390 3325 1400 3341 ,

400 3357 589 3392 observata:
612 3352 691 3395 quin
716 3351 768 3383 via
790 3352 920 3383 inventa
943 3347 984 3381 est
1006 3349 1079 3380 illac
1090 3358 1153 3382 non
1165 3347 1205 3384 sic
1216 3346 1401 3385 comm-qa,

403 3409 442 3435 ut
465 3397 623 3432 immitti,
651 3394 730 3428 sicut
755 3392 918 3433 jussimus,
940 3391 1081 3433 digitum
1105 3391 1308 3432 prohiberet.
1342 3391 1399 3423 Sed

401 3452 491 3477 erant
513 3451 621 3476 tamen
644 3438 715 3476 ibi,
738 3440 769 3470 &
791 3437 825 3469 in
847 3446 921 3470 toto
944 3434 1177 3478 propemodum
1199 3436 1324 3482 Antro·
1339 3444 1401 3482 py-

401 3487 487 3522 lori,
510 3487 650 3526 itemque
674 3483 707 3515 in
732 3482 856 3522 prima,
880 3480 956 3513 huic
980 3480 1150 3520 pro-xima,
1174 3477 1325 3511 Duodeni
1349 3487 1400 3526 in-

403 3529 512 3565 testini
535 3536 625 3571 parte
647 3523 734 3559 durae
757 3524 853 3565 adeo,
875 3523 1020 3558 &crassae
1032 3523 1169 3561 tunicae,
1193 3530 1314 3557 utcurn
1335 3530 1400 3559 mig

978 149 1135 203 Liber
1168 150 1260 206 ΙΙΙ.
1291 151 1380 209 De
1413 150 1621 205 Morbis
1653 124 1864 207 Ventris

1449 230 1531 263 nimi
1554 229 1651 272 digiti
1676 232 1796 273 apicem
1821 227 2023 267 crassitudine
2045 237 2228 271 aequarent,
2250 233 2355 277 rigida
2375 234 2440 270 dtu:

1446 273 1520 308 ritie
1544 284 1607 306 non
1629 276 1771 309 multum
1794 274 1940 309 cederent
1963 273 2123 316 descripto
2145 276 2297 315 omento,
2320 280 2371 314 cui
2395 279 2442 312 al-
2493 285 2497 289 ·

1446 315 1486 349 ba
1509 328 1637 359 quoque
1659 317 1889 360 compafiaque
1913 316 2084 351 substantia
2107 329 2195 352 erant
2218 319 2333 355 similes
2355 345 2366 362 ,
2405 325 2440 357 δι

1444 371 1483 393 ex
1506 358 1563 393 hac
1586 359 1651 401 ipsa
1673 359 1823 394 nonnihil
1844 359 2035 402 quibusdam
2058 363 2091 393 in
2113 361 2193 395 locis
2217 366 2440 406 prominente,

1447 402 1504 437 illa
1529 403 1693 438 tubercula
1717 403 1990 440 efformabantur,
2015 403 2054 436 de
2081 406 2202 446 ¹quibus
2237 409 2334 447 paulo
2367 418 2440 442 ante

1447 445 1570 480 elifium
1595 446 1658 480 est..
1679 446 1907 489 Jecurintus,
1927 456 2082 490 extraque
2105 449 2284 489 pallidum,
2317 454 2348 484 ὅ(
2377 453 2439 485 du-

1449 488 1625 529 riusculum
1639 511 1648 526 ‚
1671 490 1723 524 sed
1745 492 1883 532 naturali
1907 489 2028 531 figura,
2051 492 2083 523 &
2106 493 2346 535 magnitudine,
2360 495 2439 536 Ejus

1443 530 1578 565 vesicula
1602 534 1699 567 bilem
1723 532 1929 574 nigrescentis
1954 544 2089 566 amurcae
2111 532 2246 568 similem
2291 540 2439 571 contine-

1441 574 1498 609 bat
1512 600 1521 608 .
1545 577 1644 613 Sanus
1666 578 1751 615 lien,
1777 577 1848 610 sana
1869 577 1993 618 reliqua
2017 576 2157 614 viscera,
2181 578 2438 622 Thoracisquo-

1438 630 1525 661 que,
1548 618 1605 653 ubi
1628 619 1862 662 pericardium,
1882 621 1914 652 ὃ(
1933 631 1990 652 cor
2013 621 2208 662 pinguedine
2229 631 2341 664 operta
2361 634 2442 657 con-

1442 663 1548 703 specta
1571 662 1642 696 sunt
1659 688 1666 695 .
1693 665 1805 696 Unum
1826 671 1933 697 tamen
1957 663 1991 695 in
2015 664 2141 696 Ventre
2165 665 2207 698 est
2228 677 2443 706 pancreasex-

1440 705 1648 747 cipiendum:
1671 707 1757 749 quod
1779 718 1842 749 qua
1864 706 1988 739 ratione
2011 705 2215 752 sehaberet,
2236 718 2312 742 cum
2336 711 2443 751 inqui.

1445 759 1513 781 rere
1537 749 1708 787 vellemu35
1734 751 1837 782 Sociis
1860 750 1936 792 quia
1957 760 2023 782 nox
2045 760 2111 793 jam
2135 751 2265 793 iongius¹
2290 753 2442 792 procede-

1446 791 1503 828 bat
1520 812 1530 828 ,
1555 794 1586 824 δι
1608 793 1718 826 odoris
1742 792 1869 828 foeditas
1889 794 1997 834 ,gravis
2020 803 2103 833 erat,
2127 796 2157 826 &
2180 795 2363 828 lrrmiffimae
2378 796 2443 829 illae

1441 836 1567 868 omenti
1591 839 1805 869 connexiones
1829 836 1974 869 citiffime
2009 838 2144 879 utique,
2166 837 2204 871 ad
2230 839 2442 880 retegendum

1445 889 1619 921 pancreas,
1641 877 1770 915 dissolvi
1791 890 1857 914 non
1881 887 2051 921 poterant,
2074 879 2176 915 visum
2200 880 2244 914 est
2275 881 2349 915 satis
2379 881 2441 917 esse

1445 920 1636 965 quaefitum,

1487 976 1539 1006 27.
1573 966 1617 998 Et
1650 964 1718 999 sane
1751 964 1774 998 si
1807 964 1974 1007 praegressa
1996 966 2192 1005 attenderes,
2216 969 2248 1000 &
2280 976 2443 1002 tumorem

1444 1009 1639 1049 praesertim‚
1664 1007 1755 1050 qu'us
1780 1007 1817 1042 de
1840 1018 1973 1047 natura,
1994 1011 2028 1041 δέ
2051 1009 2140 1046 sede,
2164 1012 2324 1052 praecipua
2359 1013 2441 1045 dum

1445 1052 1585 1086 Antistes
1608 1054 1750 1089 viveret,
1772 1052 1907 1094 quaestio
1930 1051 2059 1089 fuerat,
2084 1052 2159 1085 satis
2183 1053 2352 1095 quaesitum
2385 1056 2437 1088 vi-

1444 1093 1601 1129 debatur.
1626 1096 1736 1138 Atque
1758 1106 1820 1137 ego
1843 1095 1976 1137 quidem
1999 1106 2072 1128 cum
2095 1108 2111 1128 a
2134 1096 2272 1130 sectione
2296 1109 2442 1132 unacum

1444 1138 1546 1172 Sociis
1569 1137 1709 1175 rediens,
1734 1151 1749 1171 a
1774 1139 1860 1171 Viro
1883 1137 2066 1179 graviffimo
2089 1140 2328 1182 interrogarer,
2360 1141 2442 1184 quid

1445 1182 1576 1214 tandem
1600 1191 1762 1222 repertum
1802 1180 1894 1219 esset,
1920 1183 2077 1215 continuo
2109 1194 2168 1224 pro
2200 1184 2350 1218 omnibus
2394 1196 2445 1218 re-

1443 1224 1583 1266 spondi,
1606 1224 1689 1257 nihil
1712 1223 1799 1266 quod
1822 1225 1855 1256 in
1866 1225 2046 1271 Colloquio
2069 1224 2136 1267 jam
2159 1226 2268 1269 aliquo
2281 1228 2378 1260 modo
2392 1229 2445 1261 in-

1444 1269 1590 1301 dicatum
1614 1279 1677 1301 non
1701 1267 1800 1306 esset,
1822 1279 1856 1300 ac
1880 1278 1950 1307 jure
1971 1268 2142 1302 insanabile
2166 1272 2418 1311 pronunciatum
2433 1296 2443 1305 .

1445 1312 1565 1354 Neque
1587 1311 1679 1344 aliter
1701 1312 1915 1345 narrationem
1937 1310 2097 1350 conclusi,
2123 1312 2160 1345 ad
2177 1313 2268 1355 supra
2291 1313 2353 1355 (s)
2376 1314 2446 1348 lau-

1444 1356 1561 1388 datum
1586 1355 1724 1388 scribens
1748 1355 1918 1387 Eximium
1943 1356 2151 1395 Senatorem,
2184 1357 2328 1390 Praesulis
2362 1357 2444 1391 Fra-

1448 1408 1552 1435 trem,
1575 1409 1648 1431 cum
1673 1409 1732 1440 pro
1755 1409 1793 1431 eo
1814 1410 1851 1431 ac
1885 1398 2037 1431 debebam
2060 1420 2069 1435 ,
2091 1399 2332 1434 observatorum
2356 1400 2447 1434 sum·

1449 1453 1536 1475 mam
1582 1440 1734 1484 postridie
1778 1442 1848 1474 misi
1872 1453 1882 1473 .·
1917 1453 2013 1483 quam
2037 1451 2072 1474 ut
2095 1453 2218 1485 gratam
2241 1443 2379 1484 habuit,
2401 1442 2446 1477 fic

1448 1485 1531 1528 apud
1556 1484 1586 1517 se
1610 1484 1767 1518 retinuit.
1792 1485 1863 1517 Nec
1876 1485 2273 1526 veroetsipostmodumin
2296 1488 2446 1521 omnium

1446 1527 1592 1562 manibus
1616 1526 1696 1563 esse,
1721 1526 1852 1566 audivi,
1876 1539 1994 1565 unam,
2018 1538 2113 1570 atque
2146 1530 2280 1563 alteram
2327 1541 2445 1564 eorun-

1444 1571 1516 1604 dem
1542 1570 1720 1607 summam,
1743 1572 1889 1604 emittere
1915 1581 2082 1614 propterea
2106 1573 2195 1606 volui
2221 1586 2322 1607 meam
2338 1597 2348 1612 ‚
2374 1583 2446 1607 tum

1439 1616 1519 1657 ,quia
1544 1614 1653 1648 multo
1676 1614 1741 1647 illae
1764 1615 1865 1657 magis
1887 1614 1971 1647 inter
1994 1614 2044 1654 se,
2067 1626 2163 1657 quam
2187 1626 2309 1656 amea,
2330 1617 2447 1651 discre-

1443 1658 1583 1700 pabant,
1609 1666 1678 1690 tum
1701 1657 1779 1699 quia
1801 1668 1966 1699 nunquam
1990 1659 2079 1691 volui
2103 1660 2236 1693 minime
2261 1660 2445 1694 necessarias

1444 1700 1676 1734 controversias
1701 1700 1853 1741 suscipere
1869 1723 1876 1731 .
1902 1701 1985 1742 Qae
2010 1709 2119 1734 autem
2144 1704 2248 1736 minus
2259 1702 2449 1745 necessaria,

1442 1755 1543 1787 ⁴quam
1566 1754 1637 1786 quae
1660 1742 1762 1784 posset
1785 1742 1928 1785 ipsorum
1950 1744 2009 1785 qui
2031 1743 2242 1778 dissecuerant
2263 1770 2273 1785 ,
2303 1746 2445 1780 Chirur-

1444 1798 1562 1829 gotum
1607 1785 1796 1819 testimonio
1839 1786 1951 1819 dirimi
1977 1790 1987 1819 ?
2031 1786 2132 1824 Quod
2163 1789 2370 1824 recentissima
2413 1793 2449 1824 in

1445 1837 1480 1864 re
1523 1829 1658 1872 quaesivi
1679 1852 1692 1870 ‚
1715 1840 1780 1862 non
1827 1839 1862 1862 ut
1907 1839 1983 1863 tunc
2028 1829 2205 1871 proferrem
2227 1856 2237 1872 ,
2280 1831 2333 1865 sed
2377 1842 2450 1866 tan-

1446 1872 1618 1907 tummodo
1663 1882 1699 1905 ut
1742 1873 1776 1905 in
1814 1882 1966 1914 promptu
1990 1872 2137 1907 haberem
2162 1874 2241 1909 ficut
2263 1874 2386 1913 habeo,
2411 1877 2451 1909 si-

1444 1916 1574 1959 quando
1599 1925 1667 1949 tota
1693 1927 1709 1948 a
1733 1927 1782 1949 me
1806 1915 2044 1949 observatione
2068 1917 2224 1957 producta
2248 1940 2258 1955 ‚
2303 1919 2449 1953 existeret

1442 1960 1529 1998 forte
1553 1959 1669 2001 aliquis
1691 1960 1744 1992 cui
1767 1958 1985 1992 dubitationis
2008 1960 2176 2002 quidpiam
2200 1960 2351 2004 injiceret
2377 1974 2451 2006 par-

1444 2004 1544 2037 ticula
1567 2002 1675 2044 aliqua
1697 2013 1805 2035 earum
1829 2002 2043 2037 summarum.
2070 2005 2108 2036 In
2131 2006 2249 2047 quibus
2284 2016 2323 2039 ne
2367 2017 2453 2040 nunc

1445 2046 1578 2089 quidem
1602 2045 1681 2088 quid
1703 2043 1839 2083 deesset,
1863 2045 1989 2085 dicam,
2014 2055 2069 2079 aut
2092 2048 2169 2088 quid
2181 2048 2370 2090 superesset,
2395 2058 2452 2083 aut

1448 2089 1530 2132 quid
1552 2089 1691 2130 denique
1714 2100 1730 2120 a
1753 2100 1832 2122 vero
1855 2089 2036 2122 aberraret:
2062 2092 2141 2132 quin
2166 2102 2223 2125 nec
2250 2094 2452 2127 mentionem

1448 2133 1548 2169 ullam
1571 2133 1610 2166 de
1631 2133 1672 2166 iis
1694 2129 1862 2173 fecissem,
1885 2131 1942 2167 nisi
1967 2144 1983 2165 a
2006 2141 2037 2167 te
2061 2134 2146 2167 forte
2171 2135 2342 2178 aliquando
2367 2138 2450 2170 visas

1450 2178 1661 2216 miraturum,
1683 2174 1905 2216 credidissem,
1929 2188 1945 2209 a
1969 2187 2019 2210 me
2041 2175 2249 2211 dissimulari.
2272 2179 2347 2212 Hoc
2379 2190 2453 2214 tan-

1452 2230 1523 2255 tum
1544 2220 1652 2253 dicam
1673 2219 1762 2261 quod
1783 2228 1862 2253 tunc
1883 2220 1990 2254 caeteri
2012 2231 2122 2254 omnes
2144 2222 2202 2263 qui
2225 2222 2360 2256 sestioni
2403 2225 2456 2257 in-

1450 2262 1649 2301 terfuerant,
1673 2263 1758 2296 ultro
1782 2263 1934 2297 dicebant
1950 2276 1960 2294 .-
1982 2265 2066 2297 reete
2090 2264 2224 2298 alterum
2249 2265 2366 2307 fateri,
2400 2277 2454 2301 tu-

1451 2317 1573 2340 morem
1595 2305 1635 2339 de
1658 2317 1724 2348 quo
1738 2305 1955 2340 controversia
1980 2304 2106 2343 fuerat,
2130 2319 2169 2341 ex
2179 2309 2349 2343 Tenuibus
2361 2309 2456 2344 fuisse

1450 2350 1610 2384 intestinis
1633 2349 1667 2381 in
1692 2360 1845 2392 magnum
1869 2350 2004 2393 globum
2027 2349 2232 2392 conjunctis,
2264 2355 2294 2386 &
2327 2365 2457 2388 coacer-

1446 2391 1557 2429 'vatis;
1583 2392 1634 2426 sed
1657 2392 1737 2426 illud
1760 2404 1825 2426 non
1849 2395 1954 2433 reete,
1978 2392 2192 2429 fuiffe‘etiam
2215 2406 2254 2429 ex
2276 2396 2457 2441 mesenterio

1449 2436 1623 2479 duriffimo,
1646 2436 1808 2478 eodemque
1830 2436 1927 2471 colore
1948 2438 2056 2479 (nigro
2079 2438 2230 2472 videlicet
2252 2451 2287 2473 ac
2318 2450 2456 2482 gangrae-

1452 2478 1542 2520 noso)
1566 2489 1632 2521 quo
1657 2477 1777 2512 infesta
1801 2489 1891 2513 erant
1903 2491 1936 2512 ea
1950 2479 2122 2522 intestina,
2147 2485 2177 2515 &
2201 2482 2341 2526 denique
2352 2485 2453 2516 tumi—

1452 2525 1509 2556 do.
1533 2524 1584 2556 Sic
1606 2523 1704 2555 etiam
1730 2522 1812 2555 reste
1834 2523 1970 2556 alterum
1992 2533 2107 2557 contra
2130 2525 2284 2558 affirmare
2301 2547 2310 2563 ,
2348 2526 2455 2559 album

1453 2563 1544 2600 fuisse
1569 2565 1817 2605 mesenterium‚
1832 2564 1898 2606 fine
1920 2565 1985 2599 ullo
2006 2574 2150 2606 tumore,
2175 2568 2217 2600 Θ
2238 2568 2377 2609 duritie,·
2398 2570 2457 2603 illa

1455 2620 1533 2642 vero
1561 2619 1627 2642 non
1651 2608 1733 2642 reste
1755 2607 1812 2640 ubi
1834 2608 1956 2642 oblitus
1972 2633 1981 2649 ,
2006 2608 2036 2642 se
2058 2621 2188 2654 quoque
2211 2612 2247 2645 in
2269 2612 2452 2654 Colloquio

1457 2655 1518 2692 (t)
1544 2650 1703 2686 scirrhum
1727 2650 1908 2685 mesenterii
1931 2663 2021 2695 :eque
2043 2664 2077 2686 ac
2091 2658 2239 2693 omenti,
2264 2654 2454 2697 conjecisse,

1455 2707 1521 2730 non
1544 2695 1606 2729 fine
1629 2695 1803 2728 acerbitate
1827 2695 1934 2737 aliqua
1956 2707 2030 2729 eum
2052 2698 2157 2739 carpit
2180 2700 2238 2742 qui
2250 2698 2408 2733 scirrhum
2420 2701 2457 2733 in

1456 2739 1647 2773 mesenterio
1669 2738 1871 2782 conjecerat,
1895 2739 2036 2780 itemque
2057 2741 2114 2774 ubi
2150 2739 2190 2774 de
2231 2740 2457 2777 intestinorum

1454 2783 1599 2820 coalitu,
1623 2784 1654 2815 δε
1675 2782 1714 2815 de
1736 2782 1858 2815 omenti
1882 2781 2004 2816 scirrho
2026 2784 2123 2816 verba
2146 2784 2227 2819 facit
2242 2797 2279 2819 eo
2293 2785 2458 2824 artificio,

1456 2835 1493 2860 ut
1514 2827 1572 2869 qui
1596 2837 1662 2859 rem
1686 2826 1838 2867 ignoret,
1861 2835 1900 2858 ne
1924 2824 2099 2868 suspicetur
2122 2829 2275 2870 quidem,
2306 2829 2457 2864 intestina

1456 2871 1491 2905 in
1515 2880 1615 2902 unum
1640 2868 1774 2914 globum
1796 2878 2007 2910 coacervata,
2031 2879 2129 2913 atque
2153 2870 2343 2915 assurgentia
2376 2873 2457 2906 fuis-

1459 2914 1512 2950 se,
1537 2924 1637 2956 eoque
1679 2921 1841 2946 tumorem
1882 2910 1920 2944 de
1941 2924 2007 2954 quo
2030 2923 2098 2946 erat
2120 2915 2276 2956 quaestio,
2301 2913 2456 2958 effecisse,

1457 2957 1528 2989 imo
1551 2957 1696 2998 cogitet,
1719 2953 1802 2989 nihil
1825 2954 2006 2989 huncaliud
2025 2955 2142 2997 fuisse,
2166 2959 2329 2992 nisiillum
2341 2971 2456 2994 ornen-

1449 3001 1485 3034 .ti
1510 2999 1666 3033 scirrhum
1680 3020 1689 3036 ‚
1711 3000 1768 3041 qui
1789 3007 1875 3031 certe
1898 3010 1963 3031 non
1986 3000 2018 3032 in
2023 2999 2181 3044 superiore
2192 3001 2334 3036 umbilici
2344 3011 2434 3044 parte
2443 3025 2455 3042 ,

1455 3041 1508 3076 sed
1533 3043 1638 3076 multo
1661 3042 1801 3084 superius
1823 3042 1998 3083 incipiebat
2013 3067 2022 3083 ,
2044 3055 2146 3086 neque
2169 3045 2236 3078 ullo
2268 3044 2366 3079 modo
2399 3059 2454 3080 ex-

1453 3086 1566 3124 tabat,
1590 3085 1642 3119 sed
1665 3085 1794 3130 planus,
1817 3084 2038 3129 depressusque
2060 3086 2204 3129 jacebat.
2229 3088 2364 3125 Quanto
2387 3101 2455 3123 ma-

1454 3132 1503 3172 gis
1529 3129 1665 3163 seniores
1686 3127 1766 3161 duos
1789 3128 1863 3160 illos
1885 3128 2033 3162 Medicos
2056 3129 2237 3172 decuisset,
2259 3133 2349 3166 omni
2375 3143 2455 3173 prae-

1454 3172 1620 3213 termissa,
1642 3183 1714 3215 quae
1736 3171 1822 3204 nulla
1845 3171 1980 3218 amplius
2003 3172 2064 3206 esse
2087 3172 2152 3217 jam
2177 3184 2326 3217 poterat,
2347 3175 2385 3209 de
2408 3176 2455 3209 se-

1453 3216 1493 3250 de
1514 3217 1653 3250 tumoris
1676 3215 1915 3253 controversia,
1939 3215 2154 3259 Hippocratis
2176 3221 2241 3258 (u)
2262 3241 2275 3258 ‚
2297 3221 2328 3251 δε
2350 3219 2452 3252 Gale-

1453 3261 1488 3293 ni
1510 3262 1524 3298 (
1545 3270 1566 3292 x
1587 3262 1600 3298 )
1623 3258 1740 3292 illustre
1764 3258 1944 3301 exemplum
1967 3259 2111 3298 imitari3
2135 3264 2167 3294 &
2189 3262 2322 3295 candide
2333 3260 2452 3303 fateri,

1453 3302 1484 3336 se
1507 3304 1539 3334 in
1562 3313 1630 3346 ejus
1655 3300 1857 3343 conjicienda
1881 3310 1992 3335 natura
2014 3302 2109 3337 fuisse
2130 3303 2301 3347 deceptos,
2322 3304 2452 3347 quando

1453 3344 1538 3379 mihi
1562 3355 1715 3379 nonvtam
1738 3353 1956 3392 gratum-erat
1979 3347 2099 3386 tacite,
2124 3348 2212 3390 quod
2235 3348 2273 3381 de
2297 3359 2370 3381 vera
2404 3348 2450 3382 se-

1451 3389 1490 3422 de
1514 3390 1710 3423 mentionem
1734 3399 1813 3421 unus
1836 3389 2014 3433 injecissem
2030 3415 2040 3430 ,
2063 3402 2161 3433 quam
2186 3391 2349 3425 molestum
2395 3402 2452 3433 pa..

1447 3432 1531 3470 lam,
1556 3431 1595 3466 de
1618 3441 1731 3466 natura
1754 3443 1955 3467 communem
1978 3438 2100 3470 caeteris
2113 3434 2338 3478 deceptionem
2361 3433 2448 3470 haud

1448 3475 1698 3521 prorsus'vitare
1720 3477 1880 3517 potuisse.
2011 3506 2014 3510 ,
2094 3493 2096 3498 ⁷

1494 3519 1543 3557 28.
1569 3518 1688 3560 Magni
1709 3520 1794 3553 enim
1816 3518 1947 3554 interest
1971 3532 2081 3555 eorum
2103 3522 2161 3564 qui
2202 3521 2265 3556 Rei
2299 3520 2440 3598 allegi&

2328 3577 2345 3598 u
2371 3576 2405 3599 ιο

416 3665 2451 3685 ῥ-ᾲῄῄ-,ῇ-ῲ--ῴ--ῄ-Ψ--ῇ

909 3754 920 3786 ί
935 3759 946 3779 t
961 3755 972 3781 >
989 3751 1056 3782 supra
1066 3766 1076 3783 2
1091 3758 1116 3777 n.
1128 3757 1169 3779 22:

462 3755 624 3792 gmina.
684 3755 848 3787 (quat.

1227 3751 1242 3781 ζ
1257 3758 1273 3775 u
1291 3749 1299 3780 )
1314 3748 1426 3780 Epiderru
1441 3749 1461 3776 Ι,
1482 3756 1504 3781 5.
1521 3755 1547 3774 n.
1564 3755 1604 3779 14·

1665 3745 1675 3779 s
1691 3757 1706 3774 x
1724 3749 1738 3780 >
1754 3750 1789 3776 De
1805 3749 1853 3776 loc.
1870 3749 1911 3778 aff.
1927 3751 1944 3777 l.
1962 3759 1983 3777 ι.
1999 3759 2018 3777 e.
2027 3759 2049 3783 5.
