2498 4075
550 218 705 285 Epitr-
742 220 903 270 Anat.
938 218 1154 272 Medica
1187 215 1396 270 XXIV.
1434 218 1553 271 Art.
1589 234 1667 286 30.

102 297 269 338 quaestioni
293 298 436 331 occurrit
460 296 547 330 Pasta
568 299 582 335 (
598 293 679 339 f),
702 305 796 339 atque
820 297 945 330 utinam
968 306 1005 329 ne
1028 296 1111 329 inci-

100 339 209 378 derent
233 341 346 383 saepius
367 352 409 374 eae
432 340 575 378 cerebri,
599 349 651 371 aut
664 349 832 373 nervorum
857 339 1017 380 laefiones,
1041 352 1111 383 quae

92 395 201 431 >neque
224 385 324 420 sanari
335 383 460 426 possunt
474 410 482 422 ‚
507 394 605 425 neque
625 383 763 421 mutari,
788 393 888 426 eoque
911 394 1112 425 annosquam

104 431 209 474 plures
231 428 391 471 perstant,
415 430 447 461 &
471 427 508 460 ad
533 435 669 460 mortem
683 426 799 468 usque.
824 425 1030 481 Ejuscemocff
1057 438 1110 460 au-

103 483 170 508 tem
193 471 332 506 laefiones
355 482 427 504 cum
450 469 569 504 sensum
596 469 777 512 plerumque
800 469 928 517 fugiant
950 482 961 509 ς
993 481 1111 503 nurum

103 528 171 551 non
193 515 258 556 est,
280 514 303 548 fi
329 524 381 548 aut
404 525 477 547 cum
500 514 589 546 vitiis
611 512 739 553 cordis,
764 523 816 546 aut
840 514 903 547 sine
925 514 976 547 his
999 514 1034 546 in
1057 524 1113 546 eo-

101 572 174 595 rum
195 558 395 593 cadaveribus
418 558 474 600 qui
497 557 580 590 varie
606 557 756 598 inaequali
780 557 872 599 pulsu
896 556 1040 596 fuerint,
1062 558 1114 590 ni-

104 604 153 639 hil
176 603 374 647 quidquam,
394 602 447 634 cui
473 602 628 642 imputare
653 598 737 633 hunc
760 601 873 647 liceat,
897 599 1113 643 deprehenda-

103 656 158 682 tur
177 673 184 681 .
217 646 284 680 Etsi
321 647 406 677 enim
429 644 485 676 illa
516 642 621 676 cordis
655 644 733 676 vitia
758 644 909 685 ejusmodi
950 643 1010 677 sint
1032 667 1042 683 ,
1076 653 1113 677 ut

104 703 189 726 nunc
220 689 349 734 quidem
374 686 412 720 ad
451 697 549 721 unum
584 685 714 719 modurn
736 709 745 724 ,
779 698 855 721 mox
879 687 917 721 ad
952 688 1050 721 alium
1084 687 1113 721 se

105 735 218 769 habere
254 744 318 766 non
349 732 551 773 potuerint5
587 739 617 763 at
651 729 679 763 se
713 730 821 772 potuit
857 731 894 764 ad
930 732 986 764 illa
1020 730 1114 766 adde-

106 790 139 812 re
162 787 329 812 nervorum
353 773 438 807 laefio
461 773 543 808 unde
566 786 600 807 ea
624 775 758 807 varietas
782 774 950 817 existeret,
972 786 1043 818 quae
1065 784 1114 807 et-

105 824 171 856 iarn
193 821 255 854 sine
278 819 344 851 illis
368 818 458 851 vitiis
481 818 552 851 inde
576 817 633 852 esse
658 816 782 860 potest,
804 826 840 850 ut
864 828 927 851 non
952 817 1116 861 improba-

103 867 166 900 bili
190 863 393 899 dubitatione
417 872 434 894 a
459 860 545 895 Pasta
570 860 746 894 indicatum
769 859 832 893 est.

150 920 203 952 30.
228 908 308 940 Non
340 904 382 938 est
406 903 490 938 mihi
524 907 556 938 in
582 905 691 937 animo
724 915 836 942 ornnes
869 903 935 946 ejus
961 904 1115 945 Epistolae

105 953 213 994 capita
236 948 433 993 percensere,
457 960 552 988 quam
578 949 679 990 legere
703 958 758 990 per
782 957 812 980 te
836 948 927 990 poffis
946 969 955 985 ,
989 950 1022 980 &
1046 948 1118 983 for-

106 995 181 1030 tasse
205 994 269 1036 jam
294 993 407 1034 legeris
422 1017 430 1025 .
456 993 539 1025 Satis
561 990 625 1031 est,
649 990 672 1024 fi
695 991 823 1032 dicam,
847 990 929 1025 nihil
942 989 1041 1024 ferme
1064 1003 1119 1024 eo-

102 1050 175 1073 rum
199 1036 256 1071 esse
278 1033 426 1070 omissum
447 1057 456 1073 ,
485 1047 555 1079 quae
578 1034 656 1069 hinc
691 1046 874 1077 permovere
895 1034 1042 1069 homines
1065 1034 1120 1069 de-

105 1083 181 1116 bent
196 1105 207 1122 ,
229 1090 265 1114 ut
291 1078 441 1113 dubitent
462 1101 472 1116 ‚
504 1090 581 1113 num
605 1078 666 1111 fint
698 1079 732 1111 in
756 1078 937 1111 viventibus
971 1079 1082 1121 polypi
1108 1101 1118 1116 2

103 1126 182 1160 hinc
207 1135 308 1164 vero,
332 1131 365 1156 ut
392 1126 498 1157 minus
520 1121 686 1156 confidant
710 1122 749 1154 iis
772 1122 952 1156 rationibus
974 1134 1044 1165 quae
1069 1122 1118 1156 af-

104 1169 181 1205 ferri
207 1168 308 1202 solent
329 1190 341 1207 ,
374 1176 409 1199 ut
434 1178 487 1200 eos
519 1164 575 1199 esse
599 1167 632 1199 in
663 1164 845 1198 viventibus
867 1190 880 1207 ,
901 1165 1083 1199 ostendatur
1107 1190 1115 1199 .

235 1209 327 1249 Quid
350 1221 448 1253 ergo,
473 1211 581 1252 inquis
603 1232 612 1247 ‚
644 1220 661 1243 a
685 1208 776 1243 nobis
800 1210 917 1242 interea
941 1209 1124 1244 faciendum

104 1254 173 1290 est?
196 1256 260 1288 Vir
283 1254 363 1287 alter
385 1255 568 1296 experiens,
594 1255 626 1286 ὃ(
649 1252 762 1287 ἀοέὶιις
778 1251 820 1285 est
843 1252 1055 1295 expectandus
1066 1255 1123 1296 qui

105 1299 145 1334 ad
169 1299 259 1333 illam
284 1297 463 1340 Epistolam
488 1296 529 1330 fic
554 1296 760 1338 respondeat,
787 1304 822 1329 ut
833 1296 922 1338 quod
946 1296 1028 1330 mihi
1048 1298 1122 1339 qui-

105 1343 180 1376 dem
202 1366 216 1384 ,
252 1341 331 1375 licut
356 1342 433 1377 alias
455 1344 511 1383 (g
532 1345 546 1380 )
570 1340 676 1382 scripsi
699 1363 711 1379 ,
748 1350 812 1372 non
836 1341 881 1372 ita
915 1339 1010 1375 facile
1032 1340 1122 1374 vide-

103 1396 177 1424 tur,
206 1384 369 1428 perspicue
388 1408 399 1425 ,
432 1387 463 1417 <Sc
488 1383 577 1417 firme
602 1384 674 1416 illas
709 1394 818 1416 omnes
841 1384 962 1417 eximat
994 1383 1123 1418 dubita„

107 1432 235 1464 tiones.
262 1429 364 1466 Quod
389 1427 447 1461 nifi
471 1426 552 1466 fiat3
577 1436 668 1460 caute
692 1426 843 1469 equidem
866 1426 903 1460 de
918 1427 1048 1470 polypis
1072 1428 1123 1462 lo-

105 1475 163 1517 qui
188 1483 317 1515 pergam
340 1495 350 1510 ,
386 1483 441 1505 nec
464 1473 670 1504 committam
691 1492 700 1507 ‚
737 1479 771 1504 ut
803 1481 876 1513 quae
909 1470 992 1504 mihi
1024 1469 1121 1507 dubia

104 1518 200 1554 sunt,
222 1528 256 1549 ea
280 1525 395 1549 temere
418 1526 476 1557 pro
500 1517 594 1547 certis
619 1524 737 1554 ponam
769 1537 775 1542 -
801 1514 916 1555 Neque
942 1514 1028 1547 enim
1054 1528 1121 1550 am-

103 1562 189 1605 plius
211 1570 245 1593 ea
271 1560 345 1592 licet
369 1558 569 1592 excusatione
593 1558 665 1596 uti,
687 1569 747 1599 qua
774 1557 1006 1604 antealicebat.
1037 1561 1120 1593 Scri-

105 1603 229 1648 pserat,
254 1603 392 1646 exempli
418 1603 542 1643 gratia,
565 1603 606 1634 A.
639 1600 730 1642 1685.
746 1600 974 1635 Zollicoflerus
998 1602 1030 1635 in
1045 1605 1122 1638 Dis—

107 1648 278 1681 sertatione
301 1647 339 1679 de
364 1645 483 1686 Polypo
507 1644 615 1677 Cordis
638 1645 652 1682 <
674 1641 694 1675 h
715 1647 751 1682 ):
775 1654 808 1677 eo
834 1645 901 1677 ritu
923 1666 932 1683 ,
968 1656 1027 1688 quo
1043 1646 1121 1689 san-

101 1692 174 1735 guis
193 1689 433 1731 pleuriticorum
453 1713 461 1727 ‚
492 1686 734 1732 cachec‘licornm
754 1710 763 1725 ,
793 1691 862 1723 &a
884 1698 968 1722 venae
984 1688 1121 1731 flectione

106 1735 168 1768 emi
192 1744 251 1769 us,
274 1732 348 1765 dum
371 1738 514 1771 motum,
534 1738 642 1772 partes
665 1739 734 1771 ejus
755 1741 860 1764 omnes
872 1741 964 1765 antea
988 1733 1119 1776 miscen-

105 1786 188 1813 tem,
213 1776 255 1809 Θ
275 1775 412 1808 invicem
434 1773 672 1811 obvolventem,
691 1772 854 1814 paularim
873 1776 981 1816 perdit
1003 1798 1012 1813 ,
1034 1777 1119 1820 cras-

97 1820 169 1864 snm
192 1817 295 1852 albam
319 1820 361 1852 (φ
385 1817 544 1864 denfizm,
570 1815 685 1859 polypo
706 1815 803 1855 nostro
820 1817 996 1860 substantia
1018 1821 1118 1854 omni·

104 1874 143 1896 no
159 1861 298 1906 similem
319 1883 329 1897 ,
360 1861 392 1894 in
411 1859 608 1902 superficiem
628 1860 792 1901 protrudit
814 1883 828 1900 ,
859 1861 958 1895 talem
981 1863 1014 1896 in
1037 1864 1117 1906 ejus-

104 1907 188 1941 modi
204 1903 358 1949 subjetiis
382 1904 605 1937 concretionem
627 1903 662 1936 in
683 1903 774 1949 corde
797 1907 839 1938 &-
863 1905 946 1948 vafis
969 1905 1038 1949 ejus
1055 1907 1123 1949 post

104 1957 239 1984 mortem
269 1959 352 1990 aeque
375 1958 411 1980 ac
446 1945 645 1989 insanguine
668 1945 772 1989 emiJJo
798 1947 873 1989 fieri
892 1947 974 1992 posse
997 1972 1009 1988 ,
1039 1949 1123 1985 nihil

106 1993 167 2032 est,
193 1992 272 2034 quod
294 2001 342 2025 me
364 1990 516 2032 impediat
538 1989 657 2022 credere
676 2011 685 2025 ‚
706 1987 877 2031 praesertim
901 2003 972 2026 cum
996 1994 1030 2025 in
1053 1993 1121 2028 illis

99 2035 252 2079 subseliis
275 2044 294 2066 a
317 2030 509 2068 concretione
533 2031 589 2066 illa
608 2031 757 2074 polyposa
772 2031 962 2077 subsidentis
985 2038 1027 2070 δ’
1050 2048 1121 2071 coa·

105 2078 214 2122 galati
239 2076 405 2119 sanguinis
423 2076 586 2118 portiones
618 2075 729 2116 aliquae
745 2076 927 2119 plerumque
963 2080 1119 2121 reperian-

110 2130 166 2155 tur
191 2147 199 2160 ‚
228 2119 349 2164 similes
364 2118 518 2161 sanguini
536 2117 781 2160 pleuriticorum
814 2120 908 2164 craffii
927 2123 975 2160 ζα*
998 2123 1088 2165 nigro
1111 2147 1120 2156 .

102 2165 181 2211 Jam
204 2175 281 2197 vero
303 2161 327 2196 fi
351 2163 390 2196 ab
413 2173 450 2195 eo
476 2171 553 2196 tunc
566 2172 742 2203 quaereres,
764 2174 822 2196 cur
833 2166 902 2206 post
925 2164 1017 2205 haec,
1042 2177 1121 2199 con-

105 2210 202 2243 tinuo
223 2208 303 2241 illuc
327 2203 518 2245 transiisset,
542 2213 578 2238 ut
602 2215 665 2236 non
689 2205 794 2238 solum
819 2207 1023 2248 profiteretur
1049 2233 1057 2247 ,
1091 2208 1122 2242 se

104 2262 212 2286 tamen
235 2250 321 2284 nullo
341 2250 430 2283 modo
452 2249 634 2287 concedere,
651 2251 802 2289 polypum
824 2260 944 2284 omnem
963 2251 1029 2292 posi
1041 2263 1123 2285 mor-

106 2303 171 2329 tem
193 2295 316 2327 demum
331 2289 471 2334 formari
494 2302 506 2329 ;
537 2301 648 2323 verum
670 2292 769 2324 etiam
790 2291 829 2326 de
863 2294 993 2336 polypis
1016 2296 1124 2329 eadem

110 2337 179 2372 fere
202 2347 272 2379 quae
296 2335 429 2374 caeoeri,
452 2332 656 2370 asseverarem
680 2343 795 2377 nempe
815 2346 865 2369 eas
887 2349 964 2380 quas
990 2337 1122 2382 subjicit

107 2384 122 2421 (
143 2381 156 2414 i
178 2383 213 2421 )‚
238 2379 377 2419 rationes
402 2377 447 2412 sui
470 2377 549 2410 facti
574 2377 783 2419 produceret.-
809 2391 915 2423 eaeque
937 2379 996 2423 ipsi
1011 2385 1048 2415 ad
1071 2382 1121 2424 ju-

80 2429 83 2434 ‘
108 2424 187 2458 stam
210 2422 443 2456 excusationem
465 2420 626 2457 valerent,
650 2430 685 2454 ut
709 2433 779 2464 quae
790 2423 831 2455 ab
854 2426 979 2457 nemine
994 2423 1120 2459 fuerant

109 2469 144 2500 in
168 2466 407 2501 dubitationem
431 2472 570 2496 vocatae.
597 2463 704 2498 Nobis
728 2476 803 2498 vero
814 2464 930 2500 iisdem
954 2469 1120 2503 utentibus

108 2522 179 2554 quae
209 2511 338 2543 daretur
361 2506 489 2540 venia?
523 2506 691 2554 postquam
728 2509 794 2542 illae
826 2510 902 2551 ipsae
924 2535 932 2549 ‚
969 2521 1004 2545 ut
1030 2513 1122 2556 supra

113 2554 204 2595 (le)
237 2550 432 2586 ostendimus
451 2576 462 2592 ‚
503 2550 582 2584 adeo
614 2552 685 2585 lunt
731 2564 746 2585 a
781 2553 868 2587 Pasta
914 2554 1083 2589 infirmatae
1112 2582 1120 2589 .

109 2596 211 2637 Quod
234 2596 257 2631 fi
282 2595 354 2628 aliis
379 2595 443 2628 niti
466 2594 601 2628 velimus
616 2596 795 2630 rationibus
810 2620 818 2635 ,
842 2606 879 2632 ut
902 2609 979 2642 puta
993 2600 1033 2633 iis
1045 2611 1122 2644 quas

109 2641 193 2684 apud
228 2640 352 2683 aliquos
385 2639 498 2681 legeris
520 2663 529 2678 ,
563 2637 600 2672 ad
623 2640 764 2682 polypos
797 2640 905 2675 saltem
930 2643 1005 2676 illos
1035 2646 1122 2677 exci-

110 2682 245 2728 piendos
277 2683 335 2726 qui
359 2682 614 2730 ventriculqrum
647 2684 822 2726 parietibus
857 2686 1021 2721 adhaerent
1041 2711 1054 2728 ,
1086 2690 1120 2721 &

110 2727 269 2761 tendineis
293 2726 489 2760 valvularum
522 2726 587 2759 live
606 2726 792 2761 Mitralium
815 2753 827 2770 ,
861 2728 922 2763 five
947 2730 1121 2774 Tricuspi-

110 2771 188 2804 dum
212 2769 342 2804 fibrillis
364 2771 596 2813 implicantur,
621 2780 677 2805 aut
700 2774 758 2815 qui
782 2772 902 2808 d'uritie
923 2798 936 2814 ‚
960 2777 992 2808 ὃς
1016 2774 1119 2808 firmi-

111 2814 223 2849 tudine
246 2826 280 2846 ea
304 2813 374 2847 sunt
395 2837 408 2854 ,
440 2823 476 2847 ut
498 2813 614 2856 digitis
638 2825 794 2857 nequeant
818 2816 946 2851 dissolvi
971 2841 981 2856 ‚
1019 2830 1119 2861 eoque

115 2857 306 2897 ostendant,
330 2857 358 2891 se
380 2869 462 2900 opus
484 2857 541 2891 ell'e
564 2868 628 2891 non
652 2859 819 2893 breviffimi
844 2863 1001 2904 temporis
1023 2873 1033 2900 3
1066 2862 1123 2896 has

112 2912 243 2946 quoque
267 2899 352 2934 Pasta
374 2903 388 2941 (
410 2901 423 2935 l
443 2905 457 2941 )
480 2903 654 2944 occupavit
678 2913 881 2945 exceptiones
898 2929 905 2936 .
932 2906 1021 2939 Nam
1035 2905 1124 2949 quod

117 2946 157 2980 ad
179 2944 359 2983 duritiem,
382 2946 414 2977 &
436 2943 670 2979 firmitudinem
693 2948 833 2988 attinet,
857 2959 1090 2982 commemorat
1115 2971 1125 2987 ‚

116 2997 245 3033 quantae
281 2986 442 3021 interdum
466 3000 507 3022 eae
543 2989 603 3022 fint
627 2991 661 3022 in
684 2989 785 3024 crusta
820 2991 983 3034 sanguinis
1008 3006 1024 3027 e
1047 3004 1125 3026 vena

116 3031 241 3072 emim,
263 3033 295 3065 &
319 3041 413 3073 quarn
436 3032 520 3065 brevi
546 3042 690 3076 tempore
714 3032 782 3068 haec
806 3036 975 3078 gignatur‘
1003 3039 1051 3070 De
1072 3037 1126 3071 ad-

116 3075 253 3111 haefione
277 3083 381 3108 autem
404 3075 442 3109 ad
477 3078 728 3111 ventriculorum
753 3081 886 3121 parietes
906 3102 918 3119 ,
950 3080 1090 3114 affirmat
1112 3104 1125 3121 ,

117 3119 303 3162 sanguinem
327 3142 335 3157 ‚
356 3116 382 3151 fi
403 3118 508 3153 cordis
530 3120 639 3155 bubuli
665 3125 851 3158 ventriculis
877 3124 951 3157 loco
974 3123 1052 3158 vafis
1076 3125 1125 3157 vi-

119 3164 182 3197 trei
203 3163 385 3205 excipiatur
408 3185 420 3202 ,
456 3164 554 3197 modo
577 3167 711 3199 materia
747 3178 834 3210 aeque
860 3168 978 3201 scateat
1002 3179 1040 3202 ex
1062 3180 1125 3211 qua

118 3207 158 3242 fit
179 3206 303 3244 crusta,
325 3216 389 3238 non
414 3204 501 3240 secus
525 3207 681 3242 adhaerere
703 3222 815 3245 eorum
839 3211 1012 3253 parietibus
1028 3223 1125 3255 quam

119 3250 236 3294 polypi
261 3250 381 3285 soleant
404 3262 415 3281 .·
448 3250 535 3293 quod
558 3255 588 3285 &
612 3252 650 3286 de
682 3254 908 3297 implicatione
926 3279 940 3295 ,
972 3257 1092 3298 opinor
1114 3280 1126 3297 ,

118 3295 224 3329 dicere
247 3301 374 3337 poterat
395 3303 471 3327 cum
493 3294 621 3329 fibi-illis
643 3298 843 3334 valvula‘rum
866 3322 876 3338 ‚
908 3299 1036 3342 quando
1058 3301 1127 3333 ani-

121 3337 312 3378 madverm,
334 3334 474 3371 attUliffe
495 3340 510 3376 (
531 3350 561 3372 m
583 3343 597 3379 )
620 3351 657 3374 ex
681 3342 912 3377 Moinichenio
943 3344 1126 3385 exemplum

122 3382 319 3425 polyporum
342 3382 401 3424 qui
432 3381 611 3416 tendinibus
634 3385 812 3421 mitralium
844 3387 1045 3421 valvularum
1068 3389 1128 3421 im-

119 3424 324 3468 plicabantur
344 3450 353 3464 ,
385 3425 470 3457 inter
502 3436 551 3458 eas
582 3427 712 3469 quidem
746 3430 994 3465 Observationes
1025 3443 1094 3474 quae
1117 3454 1129 3471 ,

123 3479 198 3502 cum
220 3469 255 3502 in
279 3469 462 3502 viventibus
484 3469 611 3507 nullum
632 3469 731 3506 fuerit
754 3475 869 3518 polypi
883 3474 1066 3516 indicium,
1090 3475 1130 3509 ad

125 3512 263 3555 polypos
275 3513 412 3545 attinent
435 3514 493 3555 qui
507 3513 577 3555 post
589 3513 716 3550 obitum
728 3517 878 3560 produffi
902 3519 974 3554 sunt
988 3544 996 3552 ,

123 3556 220 3590 Num
241 3567 316 3590 vero
338 3555 413 3590 illos
438 3556 549 3590 saltem
574 3568 639 3591 non
662 3560 719 3593 nifi
743 3562 843 3605 longo
866 3564 1016 3606 varioque
1048 3571 1134 3596 tem-

126 3689 2004 3715 *Μὴ-,ω

507 3766 581 3796 Epist.
600 3769 637 3794 18.
653 3778 677 3794 n.
695 3777 719 3799 9.
781 3771 797 3801 (
811 3773 826 3796 h

188 3764 462 3830 {i2⁹)¹1¹1.¹22,(({
478 3768 491 3829 ζ
505 3798 561 3823 Ast.
578 3801 613 3824 N.
631 3802 661 3826 C.
678 3803 753 3825 Tom-
769 3810 788 3826 ι.
805 3773 976 3832 01))ίῖςέιὲῨᾶ
992 3777 1469 3841 cgfsssseffgfssjmffssfflssss'f§gffim
1480 3819 1516 3836 ιο.

195 3828 209 3856 ί
226 3835 238 3853 r
251 3827 266 3857 2
284 3830 374 3859 opuse.
392 3831 489 3856 Parnoi.
507 3829 565 3855 obs.
584 3837 623 3855 ιο.
683 3835 695 3859 (
712 3832 754 3862 J)
768 3833 828 3859 obs.
846 3843 883 3861 21,

1161 303 1237 339 pore
1260 296 1449 337 compactos
1471 296 1609 339 polypos
1631 295 1723 330 fuisse
1743 320 1756 337 ,
1782 295 1948 331 >credemus
1971 319 1984 337 ,
2018 298 2076 339 qui
2098 296 2161 331 fine

1162 338 1289 376 fibros„
1312 339 1371 381 qui
1394 340 1580 373 membranae
1602 361 1612 376 ‚
1635 339 1776 373 tendinis
1798 364 1809 381 ,
1838 341 1926 373 nervi
1949 362 1958 377 ‚
1995 337 2055 373 s1ve
2079 340 2162 381 aspi-

1162 383 1225 415 cias
1251 404 1260 418 ,
1291 379 1353 414 five
1376 383 1520 417 manibus
1543 382 1620 416 hinc
1636 406 1650 423 ,
1680 386 1712 417 &
1736 383 1812 416 hinc
1844 382 1950 418 trahas
1971 406 1984 423 ,
2017 391 2161 416 naturam

1161 424 1376 469 quadantenus
1399 427 1612 467 aemulentur,
1634 428 1691 469 qui
1715 425 1810 461 strata
1833 425 1995 460 ostendant
2019 427 2081 459 alia
2093 427 2163 459 aliis

1163 467 1314 511 impofita
1337 490 1349 507 ,
1373 479 1426 502 aut
1448 471 1503 512 qui
1527 469 1663 512 denique
1687 470 1876 504 tubulorum
1907 470 2003 504 instar
2026 468 2087 503 sint
2108 480 2162 502 ca-

1162 511 1217 545 vi?
1239 510 1447 546 Crederemus
1472 509 1601 547 fortasse
1623 536 1633 550 ,
1668 512 1726 546 nisi
1749 512 1835 547 Pasta
1856 515 1871 553 (
1892 523 1911 546 n
1929 517 1942 553 )
1964 513 2163 548 observatio-

1163 566 1216 589 nes
1239 554 1419 597 protulisset
1441 578 1455 596 ,
1488 555 1570 590 unde
1592 556 1649 590 illa
1672 557 1781 591 omnia
1804 557 1838 590 in
1861 556 1960 590 crusta
1982 565 2110 600 quoque
2132 566 2166 588 e·

1165 599 1245 632 rniffi
1270 598 1430 641 sanguinis
1452 599 1628 634 luculenter
1659 600 1828 643 conspeeta
1851 597 1909 633 effe
1930 622 1942 640 ,
1974 599 2131 634 constaret
2156 610 2164 630 :

1165 641 1254 684 quod
1288 652 1363 674 vero
1386 640 1424 675 ad
1457 653 1553 677 cavos
1575 644 1691 677 attinet
1722 644 1861 687 polypos
1879 665 1893 683 ,
1925 643 2070 686 quaedam
2097 643 2166 675 ani-

1165 683 1380 720 madvertisset
1404 689 1414 725 (
1438 695 1456 718 o
1476 689 1490 727 >
1510 709 1523 727 ,
1545 695 1584 720 ex
1605 687 1723 730 quibus
1744 686 1902 730 conjicere
1926 688 2070 729 proclive
2093 685 2131 718 sit
2155 707 2167 725 ,

1163 728 1298 763 crustam
1322 729 1527 763 circumcirca
1550 741 1589 763 ex
1610 731 1790 773 quiescente
1813 729 1981 773 sanguine,
2005 727 2074 772 post
2085 738 2171 761 mor-

1165 782 1231 805 tem
1255 771 1427 810 videlicet,
1450 773 1535 806 intra
1557 784 1610 807 vas
1634 774 1765 816 aliquod
1784 798 1797 814 ,
1820 770 1969 807 emerfiffe
1988 797 1998 813 ,
2030 774 2169 806 circum-

1164 819 1275 856 circa,
1297 817 1451 860 inquam,
1475 816 1509 850 id
1532 815 1620 859 quod
1644 816 1969 859 faciliusintelliges,
1991 815 2013 849 fi
2037 815 2170 849 cadaver

1166 859 1301 892 necdum
1312 860 1419 892 calore
1442 861 1529 893 intus
1545 859 1755 899 destitutum,
1781 862 1815 894 in
1827 861 2007 903 oppositam
2032 858 2172 899 faciem,

1167 912 1221 936 aut
1246 903 1351 940 latus,
1375 901 1435 936 five
1459 903 1584 937 lavandi
1605 927 1615 942 ,
1640 904 1700 938 five
1726 905 1786 938 alia
1809 904 1848 938 de
1870 904 1959 938 causa
1982 902 2172 937 conversum

1168 942 1261 979 fuiffe
1283 971 1292 987 ,
1315 958 1440 980 mecum
1464 947 1605 988 posueris
1628 974 1636 988 ,
1667 947 1781 983 deinde
1804 959 1880 981 vero
1904 949 1987 981 inter
2009 945 2175 981 diffefflo-

1170 1000 1264 1030 nem,
1287 998 1343 1024 aut
1366 990 1519 1024 viscerum
1543 992 1774 1026 extrastionem
1797 990 1980 1035 grumosum
1992 990 2176 1034 sanguinem

1171 1044 1187 1065 e
1209 1032 1308 1067 crusta
1332 1032 1537 1075 circumjecta
1561 1035 1700 1077 elapsum
1719 1059 1731 1076 ,
1764 1035 1844 1069 hanc
1869 1036 1971 1068 inanis
1994 1034 2103 1070 tubuli
2125 1035 2177 1066 in-

1172 1075 1231 1109 star
1254 1073 1431 1119 reliquisse.
1565 1078 1610 1110 At
1637 1077 1709 1111 sunt
1731 1078 1866 1121 quidam
1888 1078 2021 1119 morbi,
2042 1079 2076 1111 in
2103 1078 2177 1115 uis,

1173 1120 1219 1153 ita
1241 1129 1315 1153 cum
1340 1120 1464 1162 polypo
1486 1118 1653 1161 coniunc‘ti
1675 1143 1684 1158 ,
1723 1130 1760 1155 ut
1784 1122 1822 1155 ab
1854 1121 1919 1155 hoc
1942 1123 2075 1163 proveni
2102 1132 2118 1154 e
2140 1131 2179 1154 o-

1173 1164 1287 1196 mnino
1309 1161 1495 1196 videantur.
1522 1163 1612 1197 Nam
1636 1165 1778 1206 primum
1791 1165 1959 1199 Schulzius
1980 1166 2036 1207 (p
2058 1168 2071 1205 )
2092 1162 2180 1198 eede-

1173 1216 1259 1240 mata
1284 1205 1437 1249 producit
1461 1205 1551 1246 duo,
1576 1206 1713 1242 alterum
1735 1209 1769 1241 in
1794 1208 1926 1251 pedibus
1949 1231 1961 1248 ,
1994 1210 2027 1241 &
2049 1209 2179 1242 natibus

1173 1249 1402 1289 adolescentis,
1425 1249 1560 1283 alterum
1584 1251 1617 1284 in
1640 1252 1775 1285 dextero
1798 1252 1942 1287 mulieris
1965 1250 2045 1294 pede
2067 1276 2074 1284 .
2099 1253 2181 1286 Erat

1172 1294 1225 1327 illi
1248 1294 1363 1327 cralsus
1397 1293 1537 1336 polypus
1561 1295 1595 1327 in
1625 1305 1701 1328 vena
1725 1296 1812 1329 Cava
1836 1296 1875 1330 ad
1901 1295 2072 1330 Iliacarum
2103 1305 2183 1328 con-

1174 1337 1298 1371 fluxum
1319 1349 1330 1376 3
1353 1337 1483 1371 mulieri
1507 1347 1614 1371 autem
1638 1340 1671 1372 in
1706 1339 1805 1372 Iliaca
1828 1338 1955 1373 dextera
1977 1363 1985 1371 .
2018 1339 2183 1381 Polypum

1174 1382 1278 1422 igitur
1301 1381 1335 1413 in
1358 1391 1520 1427 utroque,
1543 1381 1623 1416 dum
1647 1383 1792 1417 viverent
1812 1406 1826 1423 ,
1855 1381 1948 1417 fuisse
1971 1405 1981 1421 ‚
2018 1390 2147 1426 apparet
2170 1405 2185 1423 ,

1172 1427 1228 1467 qui
1254 1424 1407 1466 expedito
1439 1426 1604 1466 sanguinis
1629 1426 1778 1469 regressui
1814 1427 1845 1460 se
1868 1437 2035 1471 opponens
2060 1449 2073 1467 ,
2095 1424 2186 1459 oede-

1173 1470 1270 1501 matis
1292 1468 1381 1502 causa
1408 1468 1506 1503 fuerit
1528 1494 1536 1502 .
1571 1470 1755 1504 Annuerem
1778 1468 1910 1510 forsan,
1932 1469 1991 1504 nisi
2015 1470 2071 1503 alii
2094 1471 2130 1502 in
2153 1480 2187 1502 a—

1172 1511 1353 1545 dolescente
1378 1510 1507 1547 fuiffent
1531 1512 1670 1555 polypi,
1697 1517 1729 1548 &
1745 1513 1889 1555 stupendi
1911 1513 2044 1557 quidem
2065 1514 2100 1547 in
2113 1523 2188 1547 cor-

1172 1555 1211 1588 de
1226 1577 1235 1593 ‚
1260 1564 1330 1589 turn
1353 1557 1388 1588 in
1411 1556 1728 1591 communicantibus
1752 1567 1826 1591 cum
1851 1557 1922 1600 ipso
1944 1556 2021 1591 valis
2044 1577 2057 1598 ,
2089 1556 2188 1591 nulli-

1173 1610 1234 1641 que
1258 1598 1385 1641 prorsus
1408 1599 1542 1633 illorum
1565 1596 1694 1635 effe6tus
1732 1600 1811 1634 alibi
1835 1598 1864 1633 se
1886 1599 2087 1635 ostendissent
2109 1613 2119 1639 ς
2156 1601 2189 1633 &

1174 1641 1232 1675 nisi
1258 1642 1389 1677 morbus
1420 1653 1486 1686 quo
1509 1644 1654 1675 extincta
1686 1642 1791 1678 fuerat
1825 1642 1961 1678 foemina
1985 1671 1995 1685 ‚
2030 1647 2063 1677 δε
2085 1642 2189 1678 causae

1173 1695 1313 1718 externae
1333 1709 1345 1726 ,
1368 1697 1439 1729 quae
1465 1684 1597 1720 fortasse
1621 1686 1838 1728 praecesserant
1863 1687 1951 1731 pedis
1974 1687 2100 1722 oedema
2119 1711 2132 1729 ,
2155 1689 2190 1721 &

1172 1730 1271 1762 aliine
1294 1729 1328 1762 in
1350 1730 1424 1763 aliis
1448 1740 1577 1772 quoque
1602 1730 1715 1764 diffitis
1738 1731 1815 1766 vafis
1840 1730 1971 1766 fuissent
1984 1732 2098 1775 polypi
2114 1755 2123 1770 ,
2149 1730 2190 1764 fi-

1170 1773 1312 1807 leretur.
1450 1772 1592 1806 Proferes
1625 1773 1738 1809 deinde
1768 1775 1922 1818 quasdam
1950 1775 2061 1810 cordis
2083 1800 2093 1816 ‚
2133 1782 2191 1809 aut

1170 1817 1384 1852 auricula-rum
1409 1816 1640 1859 dilatationes,
1664 1829 1741 1861 quas
1764 1844 1772 1858 ‚
1807 1830 1880 1854 cum
1904 1818 1965 1853 alia
1995 1819 2059 1853 tibi
2083 1829 2191 1853 earum

1173 1860 1265 1893 causa
1289 1862 1466 1894 occurrerit
1480 1861 1565 1895 nulla
1579 1884 1590 1901 ,
1614 1861 1788 1896 contendas
1800 1862 1933 1896 forsitan
1948 1887 1961 1904 ,
1984 1863 2022 1897 ab
2042 1874 2083 1896 ¹eo
2093 1873 2191 1906 quem

1173 1904 1261 1937 intra
1285 1904 1357 1937 illas
1381 1904 1606 1947 conspexeris,
1631 1906 1755 1949 polypo
1779 1906 1927 1941 indusftas
1951 1904 2043 1941 fuisse
2068 1931 2076 1939 .
2102 1906 2191 1940 Noli

1174 1947 1210 1981 id
1232 1947 1425 1980 contendere
1447 1960 1458 1986 ,-
1491 1957 1545 1981 tot
1568 1949 1654 1982 enim
1674 1951 1722 1983 vel
1754 1950 1839 1983 inter
1862 1949 2082 1986 antecedentes
2118 1949 2191 1984 sunt

1172 1990 1272 2024 causae
1298 1991 1531 2025 dilatationum
1551 2016 1563 2033 ,
1588 1995 1620 2025 δε
1643 1993 1808 2028 nonnulla>
1831 2005 1942 2029 earum
1966 1995 2014 2028 ita
2037 1993 2155 2029 abditae
2178 2016 2192 2035 ,

1173 2044 1228 2068 aut
1254 2037 1422 2077 antiquae,
1447 2045 1484 2068 ut
1509 2047 1547 2069 ne
1572 2038 1655 2079 aegri
1674 2037 1805 2080 quidem
1829 2038 1927 2081 ipsius
1950 2037 2089 2075 Medicis
2112 2061 2126 2079 ‚
2158 2040 2192 2071 &

1172 2077 1402 2118 affidentibus,
1423 2090 1462 2111 ex
1485 2079 1612 2121 quibus
1626 2080 1817 2123 sciscitetis,
1842 2082 2021 2125 aliquando
2043 2082 2105 2116 sint
2128 2091 2190 2115 no-

1173 2131 1213 2154 tae
1230 2143 1238 2158 ,
1261 2122 1413 2155 videlicet
1435 2133 1563 2164 graves,
1589 2122 1641 2157 sed
1665 2125 1872 2164 diffimulati‚
1898 2127 2000 2161 animi
2023 2124 2155 2161 affectus
2180 2150 2192 2166 ‚

1173 2165 1369 2206 pulmonum
1393 2166 1454 2199 alia
1476 2175 1592 2207 aetate,
1615 2168 1747 2212 aliisque
1770 2170 1806 2203 in
1830 2171 2017 2214 regionibus
2041 2169 2195 2214 praegres-

1173 2212 1213 2253 1ae
1236 2208 1507 2243 inflammationes
1529 2211 1727 2246 vehementes
1750 2237 1759 2252 ,
1794 2216 1828 2247 &
1849 2225 1920 2257 quae
1939 2223 2093 2258 praeterea
2117 2213 2192 2248 sunt

1174 2250 1333 2292 ejusmodi
1357 2252 1442 2295 apud
1464 2253 1706 2296 Ampliffimum
1731 2257 1899 2291 Senacium
1921 2261 1936 2298 <
1958 2269 1976 2301 q
1999 2261 2014 2299 )
2035 2257 2166 2301 legenda
2180 2281 2191 2291 .

1175 2294 1328 2337 Namque
1352 2295 1446 2334 haec,
1470 2297 1646 2339 praesertim
1669 2298 1692 2331 si
1716 2300 1751 2333 in
1774 2311 1827 2333 eos
1851 2301 2035 2337 inciderunt
2057 2326 2071 2344 ‚
2105 2312 2191 2345 quo-

1173 2348 1244 2383 rum
1270 2350 1328 2372 cor
1350 2338 1389 2373 ad
1412 2339 1640 2375 dilatationem
1662 2341 1737 2377 esset
1760 2343 1952 2387 dispositum
1970 2369 1983 2387 ,
2007 2344 2093 2380 haud
2117 2356 2191 2380 raro

1173 2382 1278 2422 ipsum
1303 2381 1481 2418 dilatarunt
1504 2386 1624 2425 citius,
1649 2395 1704 2421 aut
1729 2386 1855 2422 tardius
1877 2400 1974 2432 prout
1998 2388 2104 2434 major
2127 2390 2192 2423 mi-

1172 2435 1271 2460 norve
1295 2436 1360 2459 erat
1384 2428 1440 2460 illa
1460 2427 1653 2471 dispoliti03
1676 2440 1713 2465 ut
1724 2441 1892 2474 propterea
1914 2433 2020 2475 unde,
2045 2437 2192 2478 &quan-

1174 2467 1218 2502 do
1242 2468 1365 2504 facium
1390 2472 1464 2504 esset
1488 2471 1694 2508 dilatationis
1717 2476 1852 2510 initium
1876 2487 1940 2511 non
1965 2476 2090 2522 semper
2109 2477 2190 2522 aegri

1175 2513 1427 2561 animadvertere
1450 2516 1637 2557 potuerint.
1771 2520 1924 2564 Denique
1946 2522 2073 2557 trahere
2095 2533 2191 2567 argua-

1175 2566 1321 2605 mentum
1346 2557 1446 2599 posses
1470 2558 1666 2605 inspeciem
1691 2562 1798 2596 multo
1830 2564 1969 2601 validius
1992 2578 2031 2601 ex
2053 2566 2190 2602 Illustris

1175 2599 1304 2649 Hellen
1328 2603 1342 2639 <
1365 2612 1380 2633 r
1402 2605 1415 2641 )
1438 2603 1676 2638 Observatione
1688 2629 1701 2647 ,
1724 2618 1797 2650 quae
1822 2609 1857 2641 in
1869 2620 1945 2643 vena
1966 2609 2110 2647 mulieris
2125 2613 2191 2646 Ca-

1175 2654 1212 2676 va
1237 2653 1320 2692 mter
1345 2645 1482 2680 Renales
1504 2657 1596 2681 venas
1610 2674 1620 2690 ‚
1644 2651 1677 2682 &
1701 2649 1819 2684 Iliacas
1840 2652 1922 2687 nihil
1941 2655 2098 2689 navitatis
2120 2655 2189 2690 loco

1165 2685 1354 2731 superfmffie
1376 2711 1387 2728 ,
1419 2693 1576 2733 proponit
1597 2716 1609 2733 ,
1632 2692 1691 2725 nifi
1709 2693 1859 2738 fibrosam
1883 2700 2037 2740 quandam
2057 2722 2070 2739 ,
2103 2698 2190 2742 quasi

1173 2740 1317 2764 carneam
1336 2754 1349 2771 ‚
1380 2733 1562 2777 polyposanc
1585 2737 1628 2769 Θ
1662 2737 1773 2770 duram
1795 2750 1919 2774 carnem
1942 2766 1950 2773 .
1984 2744 2071 2776 Cum
2102 2744 2190 2777 enim

1173 2784 1253 2807 vena
1275 2775 1471 2818 Spermatica
1504 2777 1631 2813 dextera
1651 2803 1664 2820 ‚
1698 2790 1733 2814 ut
1757 2781 1942 2824 sanguinem
1974 2784 2014 2819 ab
2035 2784 2191 2819 inferiore

1174 2817 1280 2851 Aorta
1301 2819 1442 2868 ,illatum
1482 2821 1644 2857 reduceret
1675 2846 1688 2863 ,
1732 2824 1986 2871 immitteretque
2019 2829 2054 2862 in
2076 2835 2190 2863 venant

1176 2862 1386 2912 Uretericam
1401 2888 1412 2904 ‚
1449 2863 1485 2897 ad
1513 2865 1642 2901 Iliacam
1661 2866 1799 2910 ejusdem
1823 2869 1930 2906 lateris
1954 2871 1971 2906 s
1991 2871 2151 2907 etstantem
2173 2896 2189 2914 ,

1177 2907 1343 2940 enormiter
1366 2909 1450 2941 tacta
1475 2909 1550 2942 esset
1572 2910 1669 2944 latior
1689 2934 1702 2952 ‚
1735 2921 1829 2955 atque
1855 2913 1933 2949 adeo
1972 2925 2045 2950 oret
2067 2915 2190 2951 unciali

1176 2949 1353 2988 diametro,
1378 2954 1410 2985 ὃς
1430 2953 1557 2994 perinde
1580 2954 1718 2988 dilatata
1741 2956 1815 2990 effet
1838 2967 1873 2991 ea
1895 2961 2189 3003 quoqueUreteri-

1175 3003 1243 3039 ca3
1278 2994 1405 3028 videtur
1429 2995 1588 3044 polyposa
1624 2997 1680 3044 illa
1714 3002 1883 3034 concretio
1917 3014 1988 3046 quae
2019 3003 2186 3047 sanguinis

1177 3036 1334 3070 ascensum
1366 3038 1537 3081 impediret
1565 3064 1577 3080 ,
1618 3052 1685 3083 jam
1715 3041 1774 3077 diu
1803 3042 1897 3079 fuisse
1934 3056 2007 3081 ante
2041 3047 2187 3082 mulieris

1176 3090 1316 3113 mortem
1340 3107 1348 3112 .
1484 3084 1706 3118 Veruntamen
1737 3097 1809 3120 cum
1842 3090 1997 3126 Hallerus
2033 3092 2152 3125 scribat
2173 3113 2187 3130 ‚-

1177 3134 1288 3157 venam
1312 3124 1357 3157 ibi
1381 3126 1503 3160 Cavam
1530 3127 1620 3162 fuiss‘e
1643 3138 1843 3172 concretam,
1866 3136 1899 3166 &
1922 3136 2104 3176 exemplum
2117 3133 2187 3177 ejus

1175 3169 1390 3217 concretionis
1426 3182 1464 3204 ex
1488 3170 1638 3206 Mantissa
1664 3173 1857 3209 Anatomica
1879 3176 1963 3220 (s)
1986 3177 2113 3212 Rhodii
2137 3179 2190 3211 in-

1177 3210 1262 3245 dicet
1281 3236 1293 3252 ,
1324 3215 1380 3255 qui
1402 3215 1526 3248 Cavam
1558 3216 1720 3258 arflisfime
1742 3218 1884 3263 coalmffe
1900 3243 1913 3260 ‚
1944 3220 2025 3255 dicit
2049 3243 2059 3260 ‚
2094 3228 2132 3255 ut
2153 3230 2191 3256 ne

1171 3255 1337 3299 specillum
1361 3258 1481 3299 quidem
1505 3260 1687 3294 admitteret
1706 3284 1722 3301 ‚
1741 3260 1825 3294 haud
1847 3262 1938 3297 dubie
1961 3262 2001 3297 ab
2022 3264 2188 3299 exulcera-

1178 3301 1261 3332 tione
1280 3323 1295 3349 ,
1326 3302 1358 3332 δε
1383 3301 1604 3347 Solertiffimus
1639 3303 1706 3345 ipse
1735 3305 1888 3341 Hallerus
1922 3316 2068 3342 concretae
2098 3310 2189 3341 Cavae

1176 3351 1263 3376 ‘venae
1286 3353 1320 3375 in
1343 3342 1395 3377 sua
1418 3346 1552 3380 foemina
1575 3348 1728 3381 rationem
1744 3347 1780 3389 fi?
1814 3359 1872 3382 non
1895 3350 2072 3394 intelligere
2096 3373 2106 3389 ‚
2139 3351 2190 3384 fa-

1178 3394 1283 3420 teatur
1294 3410 1307 3427 ,
1331 3398 1400 3420 cum
1425 3390 1457 3421 in
1480 3401 1513 3424 eo
1535 3392 1683 3424 cadavere
1714 3390 1802 3424 nulla
1824 3391 1915 3435 causa
1932 3416 1946 3434 ,
1982 3404 2095 3436 ‘venam
2119 3403 2189 3429 tan-

1180 3438 1247 3464 tam
1271 3431 1470 3472 comprimere
1481 3442 1577 3475 apta,
1602 3443 1723 3476 reperta
1747 3433 1809 3475 fit,
1832 3435 2001 3470 &cratim
2027 3439 2061 3471 in
2074 3437 2188 3472 Thea-

1181 3483 1235 3508 tro
1257 3476 1457 3509 Anatornico
1480 3476 1695 3519 Gottingenst
1715 3477 1882 3512 Profector
1905 3480 2095 3516 Winklerus
2118 3484 2185 3522 (t)

1182 3517 1220 3550 de
1243 3518 1351 3551 eadem
1374 3518 1429 3552 illa
1451 3519 1605 3559 foemina,
1631 3530 1668 3555 ut
1690 3520 1838 3560 videtur,
1862 3522 1995 3566 loquens
2038 3526 2054 3564 (
2074 3534 2193 3569 quam-⁴

1182 3564 1231 3595 vis
1253 3574 1354 3608 neque
1379 3573 1472 3605 mas,
1495 3575 1596 3608 neque
1618 3565 1777 3600 indicatus
1812 3565 2059 3602 Observationis
2093 3580 2193 3604 annus

2014 3622 2151 3656 magno·
2202 3616 2209 3620 *

1469 3780 1633 3810 (I)n.2u.
1695 3780 1858 3811 (m)n.4.
1921 3782 2092 3813 (n)n.2o.

1580 3813 1594 3841 (
1611 3820 1625 3841 q
1641 3812 1655 3841 )
1669 3812 1757 3839 Traitc‘
1773 3814 1807 3839 du
1824 3815 1904 3839 coeur
1919 3816 1968 3845 l.4.
1985 3815 2056 3841 elta.
2075 3823 2127 3845 ης.
2140 3813 2184 3843 &4

946 3838 959 3866 (
974 3844 985 3862 1·
1001 3838 1015 3867 >
1027 3839 1121 3864 niffen.
1137 3841 1166 3866 de
1182 3842 1263 3867 Vasa-,ur>
1285 3842 1386 3868 Lithlzsi
1403 3842 1427 3865 S.
1447 3848 1466 3866 ι.
1484 3842 1507 3873 §.
1518 3845 1547 3884 Ἰ6.
1565 3844 1654 3868 Adnot.
1671 3851 1696 3870 a.
