2498 4075
1910 198 1970 242 25
1982 203 2002 246 5

126 271 252 326 Quas
293 280 441 312 tamen
485 281 572 311 non
611 276 890 314 contemn03
937 280 1025 310 imo
1065 267 1163 311 ideo
1203 266 1348 325 probo*
1370 296 1402 321 ,ξ
1421 267 1542 329 quod
1581 279 1693 309 rarae
1722 294 1736 319 ‚
1775 267 1821 308 &
1849 261 2071 309 mirabiles

69 343 167 386 sunt
196 359 210 394 ;
253 340 428 384 interest
468 349 616 382 autem
658 338 828 381 Medici
869 351 949 380 nec
991 340 1069 383 has
1109 339 1307 393 ignorare
1337 368 1351 393 ,
1402 352 1505 382 cum
1545 338 1651 397 quia
1692 337 1736 380 id
1775 335 1896 392 quod
1939 331 2069 376 semel

68 401 230 456 accidit
258 443 271 465 ,
312 410 448 468 potest
492 411 653 454 iterum
692 409 889 455 accidere
919 438 933 462 ,
973 420 1071 453 tum
1112 412 1233 467 quia,
1256 411 1313 452 sic
1359 410 1434 453 ubi
1477 409 1641 453 sincera
1679 406 1977 464 complurium
2005 416 2071 448 te·

68 485 322 530 stificatione
363 496 428 526 res
465 479 685 524 mirabiles
714 480 1034 526 confirmantur
1064 511 1078 534 ‚
1120 480 1360 528 illaudabili
1391 480 1638 527 multorum
1662 478 1966 526 consuetudini
1995 490 2071 519 oc-

72 558 269 601 curritur
298 584 312 607 ,
354 568 428 609 qu1
472 561 700 609 propterea
740 553 859 607 quod
900 553 1099 599 mirificae
1151 552 1420 599 narrationes
1471 552 1741 596 hominibus
1775 550 2071 609 saepenumero

70 627 368 684 imposuerunt
397 653 411 677 ,
452 622 656 670 videntur
697 622 825 667 nimis
866 623 996 669 facile
1036 624 1227 668 statuisse
1255 653 1269 676 ‚
1308 625 1428 668 nulla
1467 638 1566 680 quae
1616 619 1894 667 admirabilia
1946 619 2027 661 sint
2056 644 2076 670 ,-

65 700 122 743 ab
162 699 203 742 se
243 707 438 750 unquam
478 693 562 740 esse
602 693 820 737 credenda
851 707 862 742 ;
906 695 1024 753 quasi
1067 695 1160 741 fieri
1201 695 1312 738 nihil
1350 695 1482 753 posset
1511 725 1525 750 ,
1565 694 1643 736 nifi
1688 692 1813 747 cujus
1853 689 1982 733 causa
2014 690 2073 731 in·

64 768 205 823 telligi
246 769 302 812 ab
343 766 440 826 ipsis
481 774 652 822 queat.
695 765 762 807 Sic
802 765 935 806 etiam
975 765 1080 809 olim
1122 764 1238 809 multi
1280 767 1478 821 Medici,
1517 776 1566 808 ut
1606 764 1790 825 legimus
1829 760 1947 819 apud
1977 758 2068 801 Ga-

65 841 216 885 lenum
274 837 339 889 (h
369 842 382 891 >
412 868 425 890 ,
484 824 612 881 rerum
652 852 729 892 quae
767 831 956 897 manifeste
996 835 1179 882 videntur
1202 867 1215 890 ,
1257 835 1414 897 causam
1468 836 1623 881 reddere
1679 845 1906 891 nequeuntes
1935 860 1949 885 ,
2008 844 2069 871 eas

69 906 133 970 effe
164 941 177 966 ,
219 912 367 955 omnino
408 906 595 965 negabant
624 937 637 960 ‚
678 907 864 963 ideoque
894 936 907 958 a
949 917 996 949 ut
1041 908 1194 963 opinor
1223 939 1236 963 3
1279 909 1431 964 quidam
1473 909 1588 950 etiam
1633 907 1736 949 ultro
1794 919 1887 949 rara
1941 916 2069 980 excusi-

64 982 132 1039 pla
157 1012 171 1038 2
217 982 282 1026 ubi
323 976 437 1041 causti
484 975 758 1030 deficiebantur
781 1006 794 1029 ,
834 976 1042 1022 reticebam
1070 1007 1083 1031 ,
1123 992 1230 1034 quos
1271 978 1343 1021 ille
1383 978 1454 1021 vel
1495 993 1547 1022 eo
1588 980 1762 1021 nomine
1793 972 2069 1032 reprehendit
2117 986 2118 989 ¹

61 1057 73 1108 (
109 1057 122 1099 i
153 1058 165 1107 )
191 1084 204 1107 ,
249 1055 365 1112 quod
406 1053 436 1095 fi
479 1054 536 1093 ita
578 1050 653 1092 fiat
676 1079 689 1101 ,
720 1048 828 1106 scitu
859 1048 976 1103 digna
1017 1046 1167 1109 infinita
1208 1047 1502 1105 praeterihmztur
1537 1082 1546 1093 .
1597 1051 1704 1108 Qin
1759 1049 1947 1091 veritatis
1980 1040 2071 1097 stm-

62 1122 187 1187 diofiss
217 1155 230 1178 9
274 1126 452 1182 inquit,
502 1137 606 1165 omne
649 1119 756 1162 debet
807 1118 903 1173 quod
947 1114 1190 1180 conspiciat,
1241 1118 1387 1174 etiamsi
1439 1135 1523 1162 emm
1567 1134 1687 1176 angat
1733 1113 1848 1176 ccmfit
1883 1145 1896 1168 >
1934 1110 2070 1175 fldulo

57 1209 243 1251 exponere
276 1228 285 1237 .
330 1195 466 1251 Qiod
513 1208 592 1248 ego
632 1190 849 1232 monitum
879 1220 892 1242 ‚
932 1193 973 1232 S<
1015 1203 1088 1233 eas
1129 1191 1183 1232 de
1224 1190 1383 1246 quibus
1424 1191 1595 1235 dietum
1636 1191 1695 1233 est
1726 1220 1739 1245 ,
1780 1188 1966 1231 rationes
2008 1184 2073 1262 se—

58 1277 186 1310 cutus
219 1298 232 1320 ,
277 1281 362 1310 non
401 1268 567 1310 veritus
609 1263 702 1306 sum
746 1263 787 1303 in
830 1263 895 1303 his
937 1259 1054 1303 libris
1095 1276 1182 1304 non
1234 1260 1366 1310 semel
1419 1264 1472 1305 iis
1520 1276 1696 1319 quoque
1747 1258 2076 1303 Observatiom-

60 1338 141 1381 bus
182 1338 328 1381 locum
370 1338 476 1382 dare
516 1349 614 1392 quae
652 1331 892 1390 explicatus
924 1331 1091 1375 habent
1120 1332 1398 1376 difficillimos
1429 1363 1442 1386 ,
1483 1345 1533 1377 ut
1575 1348 1676 1377 cum
1722 1334 1765 1377 in
1795 1330 1970 1375 robusto
1998 1329 2077 1371 ba*

59 1404 187 1461 julo,
226 1410 547 1466 quinquaginta
597 1391 776 1448 circiter
828 1417 963 1448 annos
1014 1415 1117 1446 nato
1146 1435 1158 1457 ‚
1211 1420 1286 1448 cor
1341 1404 1543 1462 descripsi
1598 1403 1754 1461 puerili
1808 1403 1939 1448 corde
1990 1413 2077 1442 non

54 1479 198 1534 majus
228 1510 240 1533 ‚
295 1494 437 1536 neque
483 1490 632 1536 tamen
657 1509 669 1529 ,
723 1487 772 1518 ut
820 1474 906 1518 alia
959 1490 1278 1532 nonnunquam
1330 1478 1512 1520 inventa
1570 1491 1695 1533 aequo
1754 1478 1928 1518 minora
1983 1485 2080 1549 cor-

55 1551 111 1593 da
141 1581 154 1603 ,
197 1534 447 1608 quidquam
488 1550 656 1592 habens
698 1546 881 1592 laesionis
907 1576 920 1599 ‚
962 1559 1037 1590 aut
1081 1548 1226 1601 vitii,
1271 1561 1324 1589 ne
1368 1549 1412 1590 in
1456 1547 1550 1603 ipsa
1590 1547 1774 1603 quidem
1829 1544 2080 1588 substantlae.

55 1623 390 1670 constitutione.
427 1623 493 1667 Sic
524 1625 565 1667 δέ
596 1619 682 1662 alia
714 1620 849 1661 etiam
890 1618 992 1661 sane
1033 1617 1130 1665 rara
1170 1618 1412 1676 proposui,
1456 1627 1505 1660 ut
1549 1619 1593 1659 in
1645 1617 1758 1660 libro
1798 1618 1881 1660 hoc
1923 1621 2081 1671 quarto

53 1694 250 1739 tunicam
292 1691 413 1738 oculi
454 1692 661 1740 Retinam
691 1688 851 1737 offeam
882 1688 1047 1734 fastam
1078 1719 1092 1742 ,
1134 1691 1176 1732 &
1219 1691 1334 1732 intra
1362 1704 1478 1744 genu
1507 1688 1747 1745 articulum
1779 1687 1913 1732 offeos
1942 1682 2080 1742 pluri-

55 1777 151 1806 mos
193 1765 365 1807 innatos
407 1762 645 1822 globulos,
683 1775 783 1820 quae
823 1763 1030 1817 nemini,
1073 1761 1199 1817 quod,
1236 1759 1366 1807 sciam
1389 1792 1405 1823 ‚b
1444 1770 1544 1804 ante
1585 1774 1656 1804 me
1685 1761 1842 1805 videre
1873 1759 1917 1800 in
1959 1753 2086 1801 ltalia

47 1835 257 1888 contigit.

105 1906 187 1948 sed
227 1913 394 1963 quanto
434 1904 654 1961 majorem
693 1905 749 1950 ad
790 1918 910 1948 raros
940 1934 954 1957 ,
1006 1905 1231 1961 magisque
1280 1905 1337 1948 ad
1388 1907 1656 1963 vulgatiores
1709 1909 1885 1952 morbos
1937 1909 2083 1951 obser-

50 1976 220 2021 vandos
264 1975 538 2023 bsosocornia·
579 1976 706 2019 nobis
747 1975 942 2036 praebent
981 1977 1359 2033 opportunitatem
1390 1995 1400 2031 3
1446 1990 1571 2023 tanto
1615 1980 1771 2039 saepius
1815 1982 1961 2023 vicem
2002 1981 2083 2024 do-

47 2046 117 2090 leo
158 2046 413 2103 priscorum
460 2047 745 2094 Medicorum
774 2078 787 2099 ,
824 2048 898 2104 qui
941 2061 996 2092 ea
1037 2048 1263 2092 caruerint
1305 2052 1476 2095 necesse
1515 2051 1601 2105 est,
1632 2053 1664 2096 s1
1696 2050 1965 2096 Nosocomia
1994 2053 2080 2109 pri-

51 2132 177 2163 mum
220 2118 416 2163 instituta
455 2117 554 2160 sunt
597 2131 686 2160 non
726 2117 859 2172 longo
899 2128 1000 2161 ante
1046 2119 1347 2168 justinianum
1405 2134 1600 2180 tempore
1633 2158 1646 2178 ,
1705 2123 2080 2183 quemadmodum

47 2188 95 2231 in
139 2186 383 2245 Imperialis
425 2188 679 2234 Academiae
723 2187 844 2231 istius
888 2188 1234 2235 Commentariis
1290 2194 1367 2249 (ξ
1393 2197 1423 2249 ),
1463 2194 1547 2237 Vir
1605 2195 1795 2240 ostendit
1854 2194 2080 2239 recondita

46 2259 298 2305 eruditione
338 2259 546 2318 praeditus
586 2258 651 2311 Jo.,
694 2258 834 2302 Henr.
879 2260 1106 2305 Schulzius
1130 2295 1140 2305 .
1187 2264 1331 2322 Qiod
1388 2265 1421 2309 fi
1462 2266 1536 2308 vel
1600 2269 1885 2324 posteaquam
1937 2266 2080 2309 Noso-

47 2332 196 2376 comia
232 2330 316 2374 effe
358 2340 590 2385 coeperunt
615 2360 629 2382 ‚
675 2320 852 2373 morbos
892 2345 981 2379 non
1023 2333 1067 2376 in
1109 2336 1426 2389 aegrotantibus
1468 2337 1617 2381 solum
1642 2369 1656 2392 ,
1698 2340 1773 2383 sed
1813 2344 1856 2383 δέ
1903 2340 1948 2380 in
2000 2337 2078 2380 de-

48 2403 162 2445 natis
207 2401 295 2460 post
335 2414 632 2458 quancunque
675 2402 1001 2454 aegrotationem
1032 2433 1047 2456 ,
1083 2407 1340 2449 examinare
1383 2407 1566 2452 licuisset
1600 2426 1612 2461 3
1666 2411 1695 2452 ii
1751 2426 1827 2467 per
1884 2410 2077 2452 insecuta

45 2472 199 2519 decem
242 2472 481 2516 admodum
527 2470 684 2516 saecula
735 2471 923 2516 Medieae
974 2475 1208 2519 Pacui-tatis
1255 2479 1498 2535 progressus
1532 2480 1712 2524 fuissent
1736 2512 1750 2535 ‚
1792 2496 1904 2539 quos
1939 2481 2077 2537 conji-

44 2558 145 2588 cere
183 2536 320 2586 'facile
368 2543 430 2584 est
479 2557 538 2586 ex
585 2544 653 2585 his
699 2556 808 2600 quos
850 2544 955 2589 fecit
989 2548 1218 2607 postquam
1254 2550 1432 2592 tandem
1470 2561 1709 2610 utrumque
1747 2553 1856 2597 illud
1894 2552 2078 2612 permit—

42 2620 79 2658 ti
125 2617 260 2671 coepit
310 2615 431 2657 circa
478 2604 657 2657 initium
705 2614 853 2659 saeculi
905 2617 1029 2660 XVI.
1080 2618 1187 2676 Quo
1228 2621 1366 2674 magis
1414 2623 1668 2666 nostrarum
1718 2629 1909 2681 partium
1969 2626 2029 2667 est
2064 2654 2077 2675 5

44 2699 286 2741 eorumque
329 2687 531 2729 omnium
578 2690 656 2743 qui
703 2689 819 2732 Rem
866 2688 1090 2737 Medicam
1138 2692 1204 2735 his
1249 2693 1520 2748 temporibus
1569 2694 1833 2750 profitentur
1871 2728 1884 2751 ‚
1934 2696 2075 2752 jactu-

45 2771 140 2803 ram
187 2765 253 2798 tot
297 2756 462 2800 saeculis
509 2756 672 2801 sanam
709 2758 944 2813 diligenter
994 2760 1186 2806 sarcire.
1235 2764 1449 2806 Omnium
1497 2775 1647 2807 autem
1696 2766 1792 2829 dixi
1847 2780 2073 2826 propterea

46 2828 152 2883 quia
199 2827 242 2867 in
284 2838 438 2882 tanto,
485 2840 536 2872 ut
583 2829 780 2873 diximus
803 2860 818 2883 ,
862 2825 1051 2876 numero
1097 2836 1459 2892 inquirendarum
1515 2836 1751 2880 causarum
1778 2868 1792 2891 ,
1841 2850 2070 2883 notarum-

46 2911 133 2955 que
181 2910 259 2953 per
303 2912 413 2954 quas
461 2900 609 2944 causas
656 2901 996 2946 internoscamus
1026 2934 1039 2956 ,
1089 2906 1168 2948 nifi
1214 2907 1451 2958 unanimi,
1498 2917 1631 2963 atque
1680 2909 1843 2953 assiduo
1878 2910 2028 2953 labore
2054 2940 2071 2962 ,

47 2972 90 3014 &
137 2967 279 3011 studio
325 2972 639 3016 contendamus
663 3003 682 3027 ,s
720 2972 967 3016 verendum
1014 2976 1074 3019 est
1095 3007 1110 3030 2
1159 2992 1213 3021 ne
1257 2978 1468 3035 posteris;
1521 2991 1776 3035 quanquam
1825 2982 1925 3038 ipsis.
1959 2996 2070 3039 quo-

46 3053 135 3098 que
178 3037 369 3082 multum
409 3043 586 3087 restabit
636 3044 803 3100 semper
835 3074 848 3096 ,
895 3054 944 3086 ut
999 3047 1043 3088 in
1092 3049 1303 3092 immenso
1350 3051 1668 3105 propemodum
1719 3066 1850 3108 opere
1887 3085 1900 3106 ,
1948 3054 2067 3110 quod

46 3109 292 3163 adjiciant3
343 3125 424 3154 'nos
464 3124 613 3158 tamen
660 3115 893 3172 aliquanto
939 3118 1083 3162 minus
1119 3135 1254 3177 quam
1290 3120 1502 3177 possemus
1527 3152 1541 3174 ,
1578 3121 1782 3166 allevaffe
1818 3139 1972 3167 eorum
2010 3127 2069 3166 in·

48 3180 270 3237 quirendi
299 3196 413 3225 onus
461 3187 692 3232 videamurv
728 3219 738 3226 -
960 3190 1040 3232 Sed
1100 3192 1208 3249 quid
1253 3205 1332 3246 ego
1383 3194 1480 3236 haec
1540 3194 1645 3236 meis
1700 3195 1850 3250 primis
1897 3196 1954 3237 ad
2000 3195 2067 3237 Te

48 3249 204 3294 litteris
252 3262 344 3295 tam
394 3253 525 3309 longo
566 3258 767 3302 sermone
809 3268 956 3301 tecum
992 3275 1075 3316 ago
1098 3292 1112 3313 ‚
1149 3264 1269 3318 quasi
1307 3266 1403 3307 haec
1436 3273 1586 3308 omnia
1621 3275 1698 3306 aut
1737 3278 1824 3307 non
1873 3266 2027 3309 melius
2054 3296 2068 3319 ,

47 3335 184 3378 quam
224 3324 309 3380 ipse
339 3353 354 3377 ³-
394 3325 530 3370 noffes
561 3358 577 3381 2
616 3340 695 3372 aut
739 3344 826 3374 non
870 3344 993 3387 aeque
1036 3332 1225 3375 libenter
1278 3349 1329 3378 ac
1381 3349 1463 3390 ego
1486 3366 1500 3388 ‚
1553 3336 1717 3378 faceres
1749 3344 1766 3376 ἒ
1814 3338 2065 3432 Νἰιέῑίηυιηί

1902 3407 1914 3432 1
1945 3407 2010 3434 111·-

126 3583 272 3623 (hyde
295 3585 365 3616 Lic.
391 3586 438 3617 aff.
463 3585 483 3617 l.
508 3599 534 3624 5.
559 3599 584 3619 c.
609 3599 635 3620 2.

126 3627 138 3660 ζ
162 3635 170 3652 1
191 3626 203 3662 )
226 3629 260 3654 de
284 3625 374 3656 Cius.
405 3626 477 3656 Puls.
502 3626 520 3656 l.
546 3639 571 3659 2..
596 3640 620 3659 c.
654 3641 696 3669 ις,

127 3669 139 3705 «Γἱ
161 3665 179 3695 k
203 3670 215 3703 J
238 3665 337 3696 Tum.
364 3674 407 3703 ιζ.
430 3665 525 3698 Claff.
549 3669 661 3701 Histor-
