2498 4075
422 117 508 177 '3:¹3²'

354 196 500 238 5ceptam
520 191 794 235 effe-referendam
827 198 894 240 jure
928 197 1069 234 censebat
1093 219 1106 229 .-
1150 202 1274 234 Verum
1305 204 1375 242 q'uae

353 235 572 285 symptomata
590 250 645 281 eas
668 239 876 281 praecesserint
893 250 1019 279 ¹mortes
1032 252 1122 282 ‚aaut
1143 255 1212 286 quat¹
1236 256 1318 278 noxa
1341 245 1376 276 in

350 289 565 329 ,mortuorum
611 283 819 323 interioribus
863 295 984 327 reperta
1029 284 1067 318 iit
1102 310 1114 327 ‚
1160 299 1259 330 neque
1288 287 1373 329 apud

348 322 476 374 'ipsunb
511 336 610 367 neque
631 326 716 367 apud
740 328 823 361 alios<
843 327 949 370 legisse
964 355 972 368 ‚
995 339 1077 362 nunc
1099 332 1229 365 memini
1252 357 1259 365 .
1285 331 1373 364 Nam

350 366 447 416 „quod
471 368 643 417 Ardoynus
666 369 734 412 (g)
759 370 977 413 symptomata
1000 372 1037 404 ab
1061 373 1122 406 hoc
1146 384 1273 407 veratro
1295 385 1372 407 enu-

351 421 459 453 merat
484 422 652 444 immanem
672 412 740 444 alvi
765 414 909 454 fluxum,
932 414 1279 459 adustionernlinguae‚
1301 429 1373 452 eru-

349 455 732 500 ,stationemppluriniam
746 480 758 496 ,
780 459 812 492 δι
837 458 1061 499 inflationem,
1087 469 1198 503 praeter
1220 461 1279 493 alia
1303 461 1372 493 aliis

351 496 572 542 quibusdam,
602 500 634 534 δι
669 500 702 532 in
726 498 778 534 his
810 501 950 536 elleboro
982 503 1053 536 albo
1087 505 1272 537 communia
1293 527 1304 543 ‚
1336 505 1370 538 in

356 537 471 582 quibus
495 541 567 576 sunt
591 541 781 586 praefocatio
803 567 815 583 ,
847 544 990 589 syncope
1012 568 1022 583 ‚
1058 548 1176 580 virium
1199 546 1335 589 dejeetio
1355 569 1370 587 «5

352 583 466 621 sudor„
478 581 619 626 frigidus
642 611 651 626 ,
684 589 716 621 δεῖ
741 588 881 630 spasmus
905 590 943 622 ab
967 588 1171 631 inanitione,
1193 590 1267 624 fiex
1293 601 1370 632 pro-

348 625 469 673 posita,
498 627 743 672 Observatione
763 630 925 676 judicium,
957 631 1126 668 ferendum
1148 633 1192 667 est
1216 657 1229 674 ‚
1272 635 1373 676 magis

360 667 492 719 sortasse
517 671 667 717 pleraque
691 673 759 711 haec
784 676 1002 718 symptomata
1012 676 1155 711 elleboro
1177 678 1372 710 conveniunt

359 713 435 764 albo
451 735 460 751 ‚
485 726 582 765 quam
605 717 723 762 nigro.
751 719 848 750 Certe
873 720 906 751 in
926 718 1090 763 descripto
1119 722 1191 753 viro
1221 732 1286 753 non
1319 732 1372 762 ap-

346 762 523 808 pfrue'runt
548 784 556 790 .
591 760 640 793 At
663 772 775 799 eorum
797 761 944 804 quaedam
967 773 1040 796 curn
1062 763 1243 798 vehementi
1267 768 1372 796 vomi-

351 804 471 847 tiones,¹
492 813 590 845 quam
613 804 691 836 reste
716 805 770 838 ille
795 805 868 837 albo
891 805 1063 846 adscribit,
1095 808 1128 840 in
1152 809 1193 841 iis
1216 807 1369 840 adnotata

352 842 508 892 suntssqui
534 845 573 878 ab
597 846 674 891 albo
698 846 826 890 sumpto
850 850 1029 890 perierunt,
1066 860 1102 884 ut
1135 852 1168 883 in
1202 850 1333 884 muliere
1356 875 1368 890 ,

350 898 446 929 quae,
470 888 518 933 uti
542 887 800 934 refertJoannes
825 891 862 925 de
885 893 1031 929 Muralto
1053 894 1128 933 (h)
1150 917 1163 933 ,
1197 893 1264 935 post
1300 905 1366 926 cre-

345 929 506 972 berrimos
530 933 670 967 vomitus
694 956 706 974 ‚
736 933 1059 978 ¹horrendis'agitata
1104 937 1365 972 convulsionibus

351 974 508 1015 occubuit
533 998 542 1013 ,
579 985 677 1020 utque
700 979 734 1011 in
758 987 865 1011 tenero
887 981 1001 1013 catello
1033 980 1072 1013 de
1095 993 1161 1024 qno
1177 1001 1181 1004 >
1196 979 1364 1022 Wepserus

347 1020 362 1056 (
384 1018 397 1051 i
418 1021 611 1058 )‚1mortuo
633 1021 673 1068 ad
696 1020 830 1057 eundem
855 1022 988 1057 modum
1012 1036 1023 1062 5
1059 1035 1242 1066 quanquam
1277 1026 1362 1057 canis

349 1059 387 1097 de
410 1073 476 1103 quo
499 1064 695 1101 Courtenius
712 1064 772 1105 ,(,4
794 1069 825 1107 )‚
849 1067 1029 1109 quadruplo
1050 1079 1088 1100 ex
1110 1068 1222 1100 eodem
1246 1068 1364 1100 ellebo-

347 1115 387 1154 rp
406 1105 565 1153 devorato
589 1107 689 1149 passus
713 1108 845 1151 quidem
869 1108 912 1143 est
935 1111 1113 1151 vomitus,
1135 1110 1327 1153 dejeEtiones
1350 1134 1362 1151 ‚

350 1147 507 1198 singultus
533 1173 542 1187 ‚
576 1149 797 1189 suffocationes
820 1177 830 1194 ,
862 1152 988 1187 dolores
1012 1155 1110 1187 etiam
1134 1179 1142 1194 ,
1176 1163 1211 1187 ut
1236 1152 1364 1187 videba-

348 1201 401 1228 tur
425 1204 436 1230 5
470 1192 520 1230 sed
545 1192 640 1228 evasit
664 1204 768 1229 tamen
794 1220 802 1230 .
841 1197 891 1230 Ut
914 1207 949 1233 ut
972 1196 1013 1231 est
1034 1209 1047 1237 ;
1078 1210 1148 1239 quae
1170 1199 1205 1231 in
1228 1195 1290 1236 hoc
1314 1199 1361 1230 vi-

361 1242 401 1268 'i‘o
424 1236 600 1271 acciderint
633 1237 786 1284 ab.nigro
817 1240 957 1274 elleboro
981 1263 990 1278 ‚
1023 1240 1170 1283 accepisti
1194 1263 1214 1280 ‚·
1237 1250 1272 1274 ut
1306 1241 1361 1273 illa

351 1280 476 1323 pariter
489 1291 572 1329 ,quae
596 1281 630 1314 in
654 1292 732 1324 ejus
753 1281 926 1319 visceribus
957 1283 1017 1323 sint
1054 1283 1243 1326 deprehensa
1267 1309 1275 1317 .
1307 1283 1363 1322 Ab

345 1321 422 1358 albo
445 1333 531 1356 enim
555 1323 697 1358 elleboro
716 1328 933 1369 ventriculum
957 1328 1147 1368 rubentem,
1171 1329 1239 1361 imo
1260 1328 1356 1361 etiam

346 1366 471 1416 interne
494 1367 660 1403 corrosum
685 1391 695 1406 ,
720 1370 753 1404 &
776 1370 987 1413 nigricantem
1010 1380 1170 1412 repertum
1194 1369 1252 1404 effe
1274 1394 1287 1411 ,
1323 1383 1361 1404 ex

344 1410 454 1442 catelli
479 1436 488 1450 ‚
522 1413 554 1446 ἃ
579 1412 723 1446 mulieris
749 1411 786 1446 de
809 1414 924 1457 quibus
947 1414 1046 1448 modo
1069 1414 1251 1448 indicatum
1285 1414 1326 1450 est
1349 1438 1361 1455 ,

346 1453 490 1496 vulgatis
515 1454 708 1493 seffionibus
733 1455 808 1489 scire
843 1467 969 1501 poteras
994 1483 1000 1489 .
1036 1459 1091 1491 Ab
1127 1459 1362 1501 nigroautem

348 1498 427 1540 quid
451 1497 608 1532 humanus
630 1500 844 1540 ventriculus,
867 1504 900 1535 δε
922 1501 1070 1535 intestina
1093 1500 1284 1536 detrimenti
1308 1513 1360 1534 ce-

346 1541 453 1583 perint
467 1565 479 1582 ,
501 1540 653 1582 fortaffe,
677 1542 741 1578 nifi.
760 1555 798 1577 ex
821 1543 924 1577 nostra
946 1544 1184 1587 descriptione,
1215 1557 1276 1588 pro
1298 1556 1364 1578 cer-

347 1592 384 1634 to
406 1585 594 1628 cognoscere
618 1597 682 1620 non
707 1585 876 1629 potuisses.
905 1588 1004 1629 Qod
1028 1587 1052 1621 fi
1074 1589 1156 1623 illud
1180 1600 1218 1622 ex
1241 1600 1303 1629 eo,
1325 1598 1362 1623 ut

342 1627 490 1667 videtur,
515 1641 620 1665 revera
642 1629 820 1670 acciderit,
843 1631 929 1673 quod
955 1633 990 1671 is:
1005 1632 1054 1664 vir
1078 1631 1147 1673 post
1171 1632 1361 1667 devoratum

342 1673 541 1713 extractum,
563 1673 674 1715 larga,
697 1682 733 1711 ut
752 1676 886 1711 caeteri,
910 1677 1051 1717 potione,
1067 1675 1148 1715 seri,
1170 1675 1208 1709 ab
1230 1676 1361 1719 Hippo-

352 1724 438 1749 crate
463 1716 521 1758 (l)
544 1716 640 1749 etiam
665 1716 733 1759 post
759 1725 919 1751 veratrum
942 1720 1071 1761 nigrum
1095 1720 1274 1760 imperata,
1295 1730 1361 1751 non

355 1757 394 1792 fit
420 1758 515 1800 usu55
540 1759 616 1795 hinc
639 1771 767 1811 quoque
791 1760 847 1794 illa
871 1771 940 1803 quae
964 1762 1056 1804 supra
1078 1764 1162 1801 (m)
1185 1761 1325 1797 diximus
1350 1785 1360 1800 ‚

347 1802 386 1836 de
408 1803 469 1838 'seri
492 1804 526 1836 in
550 1804 590 1838 iis
612 1814 669 1846 qui
694 1815 762 1837 acre
784 1815 941 1838 venenum
965 1804 1154 1848 sumpserint
1177 1827 1190 1845 ‚
1234 1805 1362 1839 utilita-

345 1854 399 1884 te,
425 1845 679 1883 confirmantur.
705 1845 807 1882 Fuisse
831 1858 938 1882 autem
964 1851 1069 1882 virum
1103 1848 1143 1882 ad
1178 1848 1361 1882 inflamma-

343 1891 472 1925 tionem
497 1890 604 1933 perse
628 1889 843 1934 dispositum,
867 1902 924 1926 nec
947 1893 1064 1935 copia,
1087 1903 1143 1925 nec
1166 1891 1359 1926 constitutio

342 1933 505 1976 sanguinis
529 1934 719 1975 ostendunt,
743 1936 864 1978 quippe
887 1946 961 1970 cum
987 1946 1105 1979 paucus
1128 1959 1141 1976 ‚
1175 1938 1207 1968 δι
1240 1935 1358 1969 fluidus

341 1977 462 2014 fuerit.
487 1978 604 2025 Neque
627 1980 713 2012 enim
736 1979 769 2012 in
793 1978 984 2022 quibusdam
1007 1979 1188 2022 negaverim
1211 2002 1225 2019 ,
1246 1980 1358 2012 veneni

340 2019 477 2059 effeetus
508 2034 524 2057 a
555 2023 703 2065 corporis
735 2021 946 2065 dispositione
979 2024 1088 2065 augeri
1111 2045 1121 2061 ‚
1156 2033 1231 2056 cum
1265 2021 1358 2056 facile

348 2066 516 2109 agnoscam
538 2088 551 2106 ,
584 2078 599 2100 a
630 2076 725 2112 prava
759 2065 827 2108 ipsa
859 2067 1005 2109 corporis
1037 2065 1232 2109 dipofitione
1256 2066 1354 2099 inter-

339 2120 418 2145 num
441 2109 614 2152 aliquan-do
638 2109 723 2152 polle
745 2120 898 2143 venenum
921 2111 1032 2152 gigni.

390 2164 438 2195 17.
463 2155 508 2189 Et
532 2153 602 2187 sane
625 2162 742 2187 veteres
767 2164 892 2196 quoque
916 2153 1037 2186 Medici
1061 2155 1130 2193 (n)
1162 2151 1277 2196 eosdem
1294 2153 1354 2196 fle-

347 2196 377 2229 ri
403 2195 532 2241 affractus
560 2222 569 2238 ,
602 2196 812 2239 agnoscebant
836 2219 844 2235 ,
870 2197 912 2230 ἔν
935 2209 953 2229 ιι
975 2195 1103 2230 lethalis
1124 2197 1234 2230 veneni
1250 2198 1359 2238 ,potio-

345 2250 381 2283 nsse
408 2263 419 2280 ‚
453 2241 493 2275 &⁸
516 2252 533 2273 a
557 2241 750 2282 corruptione
773 2251 837 2283 quie
869 2251 887 2273 a
919 2249 1043 2281 corpore
1077 2247 1182 2273 ortum
1211 2238 1324 2272 habeat
1345 2263 1359 2281 ,

342 2282 493 2317 videlicet
514 2281 599 2328 poffe
616 2283 697 2318 hanc
721 2281 777 2317 esse
801 2283 879 2317 adeo
901 2282 1111 2317 uehementem
1135 2305 1145 2320 ‚
1177 2290 1214 2317 ut
1249 2284 1359 2317 veneni

343 2334 414 2361 tum
460 2326 626 2362 ualitatem
649 2351 661 2369 ,
693 2335 762 2362 tum
784 2327 869 2361 vires
891 2333 989 2369 aequet
1013 2351 1031 2367 ,Ἰ
1052 2327 1169 2368 Neque
1191 2338 1229 2359 ex
1253 2325 1356 2368 poste-

337 2372 381 2403 ris
408 2382 426 2412 p
442 2371 548 2413 erique
572 2369 717 2413 deinceps
741 2370 837 2403 alieni
861 2369 991 2404 suerunt
1014 2369 1052 2402 ab
1074 2367 1133 2402 hac
1167 2368 1319 2403 sententia
1343 2394 1352 2403 .

340 2415 450 2451 Quam
495 2413 602 2447 nescio
626 2425 663 2447 an
705 2414 772 2448 ulla
795 2413 984 2446 confirmare
1016 2413 1192 2452 evidentius
1225 2412 1318 2456 poffit
1340 2436 1353 2452 ,

341 2457 532 2501 quamhaec
557 2457 776 2497 observatio,
799 2468 922 2490 mecum
946 2456 1027 2488 olim
1052 2457 1290 2490 communicata
1315 2456 1354 2489 ab

336 2502 461 2546 Joanne
484 2501 863 2544 Franciscos-Cicognino
886 2497 1096 2533 Foroliviensi
1120 2522 1133 2540 ,
1179 2498 1322 2541 spe&ato
1345 2522 1357 2539 ‚

344 2539 422 2578 dum
452 2544 574 2577 viveret
598 2568 607 2583 ,
640 2545 877 2587 experientique
900 2542 1068 2585 Chirurgo
1091 2566 1103 2583 ‚
1142 2544 1198 2585 qui
1222 2551 1257 2576 ut
1283 2542 1357 2575 Plo-

338 2589 448 2621 rentice
482 2586 641 2633 didicerat
663 2611 675 2628 ‚
721 2585 762 2621 fic
808 2586 906 2622 Redii
952 2597 1042 2619 more
1086 2586 1266 2629 periculum
1310 2585 1357 2618 se-

342 2641 390 2665 c1t
415 2657 423 2665 .

392 2676 440 2707 18.
467 2674 691 2708 FILIOLUS
714 2673 874 2707 Francisci
904 2671 1031 2706 Ridolfi
1063 2673 1199 2707 vietor-is
1230 2672 1356 2706 Poroli-

336 2716 450 2752 vienlis
465 2741 478 2759 ,
501 2720 654 2752 Tertiana
678 2716 765 2751 febre
788 2726 984 2756 maceratuS,
1008 2716 1274 2759 extenuatusqne‚
1296 2726 1356 2748 no-

336 2761 453 2794 viffime
476 2760 555 2795 diris
578 2761 833 2795 convulsionibus
857 2760 1079 2802 ingruentibus
1101 2758 1265 2793 confeuus
1287 2758 1355 2793 sue-

338 2815 406 2840 rat.
540 2805 805 2839 ABDOMINE
828 2805 952 2844 inciso,
986 2812 1196 2846 apparuerunt
1233 2802 1352 2836 intesti-

340 2860 379 2880 na
405 2848 441 2881 ad
465 2849 666 2882 contr-aetum
690 2848 913 2882 mesenterium
938 2849 1097 2887 retraRa,
1130 2858 1242 2881 eorum
1266 2847 1352 2880 tuni-

337 2893 384 2927 cis
409 2891 602 2934 subrigidis,
628 2895 659 2925 &
682 2891 769 2934 quali
793 2891 980 2925 exsiccatis.
1016 2891 1099 2931 Qae
1120 2914 1132 2932 ,
1161 2900 1197 2925 ut
1232 2890 1351 2923 ventri-

338 2935 430 2968 culus
461 2947 589 2978 quoque
608 2959 621 2975 ,
655 2935 793 2969 multam
824 2934 1030 2968 continebant
1061 2933 1268 2977 aeruginosam
1300 2933 1350 2965 bi-

338 2980 423 3019 lem,
447 2977 536 3020 cujus
560 2979 682 3013 attaetu
707 2978 868 3019 scalpellus
894 2978 1037 3012 violaceo
1060 2978 1168 3011 colore
1189 2976 1350 3011 inficieba-

341 3031 413 3058 tur.
438 3020 586 3054 Eundem
612 3022 794 3064 scalpellum
820 3048 829 3063 ‚
865 3021 972 3055 eadem
994 3021 1058 3054 bile
1080 3020 1250 3054 stillantem
1273 3045 1283 3060 ,
1313 3022 1347 3053 in

336 3076 462 3108 carnem
486 3064 600 3102 unius,
625 3067 658 3097 &
684 3065 813 3098 alterius
834 3064 975 3098 columbi
997 3076 1071 3098 cum
1095 3063 1349 3106 leviterimpres-

340 3107 444 3142 fiffent
469 3108 508 3141 fic
532 3107 662 3150 quidem
687 3132 696 3146 ,
732 3110 767 3141 u‘t
789 3108 863 3141 bilis
887 3109 971 3141 intra
996 3108 1109 3141 vulnus
1140 3117 1311 3141 remaneret
1331 3118 1344 3145 ,-

343 3150 428 3185 haud
462 3146 566 3185 multo
598 3150 668 3194 post
690 3160 820 3194 uterque
853 3161 1009 3188 tremens,
1034 3154 1065 3184 &
1088 3151 1257 3186 convulsus
1291 3162 1343 3193 pe-

339 3196 397 3227 riit
421 3219 428 3227 .
461 3196 552 3237 Qin
588 3195 684 3228 etiam
716 3197 799 3228 mica
833 3196 921 3236 panis
945 3217 957 3235 ,
991 3195 1045 3227 illa
1079 3194 1212 3228 admista
1245 3195 1310 3227 bile
1332 3216 1343 3232 ‚

339 3250 355 3274 a
378 3238 464 3284 gallo
487 3238 661 3279 devorata,
685 3237 740 3272 hic
762 3249 887 3281 quoque
908 3249 1018 3281 parem
1040 3236 1155 3274 habuit
1177 3239 1300 3273 exitum
1314 3263 1321 3270 .

673 118 828 174 Liber
864 117 950 171 IV.
986 118 1070 173 De
1090 120 1314 176 2-Morbis
1347 122 1704 193 Chirurgicis,
1736 127 1791 179 δι
1829 121 2219 181 Uni-versalibus

1474 212 1520 242 19.
1545 202 1615 236 Etfl
1640 202 1777 235 eximius
1808 203 1888 236 olim
1920 204 2005 235 inter
2038 206 2206 239 Patavinos
2230 204 2431 242 *Pro-feffores
2470 222 2472 225 ·

1428 245 1574 279 Medicus
1604 247 1660 290 ΙῘο.
1684 246 1843 279 Dominus
1867 248 1934 280 Sala
1958 247 2021 288 (o)
2058 246 2244 283 asseverabat
2262 273 2274 288 ,
2306 253 2429 283 interna

1428 299 1542 322 venena
1567 300 1636 322 raro
1655 289 1798 331 generari
1819 289 1851 321 in
1874 290 2051 331 corporibus
2074 292 2209 334 alioquin
2244 293 2317 328 boni
2338 291 2429 326 habi-

1424 338 1476 365 tus
1499 355 1509 370 ,
1542 335 1581 366 ἴθ’
1614 332 1712 365 nullis
1743 332 1902 374 commiffls
1935 332 2123 374 erro'ribm3
2156 337 2259 369 rarius
2291 339 2338 370 ira
2373 345 2426 367 re-

1417 384 1511 415 pente
1538 400 1547 415 ,
1578 384 1614 409 ut
1638 385 1676 408 ex
1697 375 1771 408 aliis
1801 374 1947 416 parribus
1980 398 1993 414 ‚
2026 385 2082 410 aut
2115 378 2189 411 aliis
2218 376 2430 412 accidentibus

1422 428 1498 460 aeger
1519 429 1578 452 non
1596 418 1790 459 praevideam
1811 427 1914 451 tamen
1939 414 2000 451 hoc
2023 419 2094 461 ipso
2115 420 2201 463 quod
2237 433 2308 455 raro
2330 445 2339 460 ‚
2375 430 2429 454 aut

1423 461 1569 495 rariffime
1592 461 1834 503 contingereid
1858 460 1963 504 posse,
1987 472 2051 494 non
2073 465 2234 506 negabat,
2268 465 2368 498 ab-iis
2389 465 2429 497 de

1420 503 1539 546 quibus
1563 504 1653 546 supra
1676 509 1731 546 (p
1752 508 1766 544 )
1787 503 1962 539 indicatum
1985 504 2027 538 est
2049 507 2296 550 „discrepabat
2320 507 2429 541 Medi-

1422 549 1468 580 cis
1494 569 1503 584 ‚
1536 549 1592 590 qui
1616 552 1629 588 (
1651 551 1702 591 q‘)
1726 549 1910 582 extantibus
1941 549 2050 589 aliquo
2083 550 2115 584 in
2149 550 2280 585 homine
2319 552 2432 584 veneni

1424 591 1521 633 signis
1544 614 1555 631 ,
1589 592 1721 624 minime
1741 590 1955 632 dubitabant,
1979 591 2082 634 fizcile
2117 594 2245 635 discerni
2262 593 2346 638 poffe
2374 605 2425 627 eos

1423 636 1477 676 qui
1498 644 1647 667 venenum
1664 634 1884 676 sumpserunt,
1908 635 1946 668 ab
1969 636 2011 668 iis
2034 635 2094 677 qui
2121 638 2245 671 aliunde
2267 660 2276 676 ,
2315 648 2431 679 nempe

1424 680 1510 711 intus
1533 680 1645 720 genito
1668 688 1788 710 veneno
1813 703 1821 716 ,
1855 676 1960 721 affet‘ffi
1976 677 2053 720 sunt
2078 704 2086 713 .
2119 681 2189 717 Qui
2213 682 2298 714 enim
2316 681 2431 724 suapte

1423 729 1538 754 natura
1556 720 1663 762 probis
1685 720 1865 754 humoribus
1887 720 2097 760 abundarent,
2122 736 2158 756 ac
2173 722 2322 765 sanorum
2344 734 2430 757 more

1425 764 1452 796 se
1477 762 1627 806 gessissent
1643 787 1651 802 .
1676 775 1729 797 eos
1751 774 1902 798 venenum
1915 764 2100 806 ‹sMWPftffi's
2124 767 2268 808 aiebant.
2297 766 2353 800 Est
2365 777 2434 800 cer-

1420 817 1453 840 te
1477 807 1598 849 aliquid
1621 809 1653 840 in
1678 819 1716 839 eo
1740 805 1930 848 proferendo
1953 807 2096 849 judicio,
2121 809 2209 844 sanus
2224 834 2234 850 ‚
2256 821 2296 843 an
2320 817 2383 843 non
2406 811 2436 842 is

1419 850 1520 886 horno
1544 848 1616 883 esset
1639 863 1704 894 quo
1728 850 1764 883 de
1789 851 1915 892 agitur.
1941 851 2028 883 Nam
2052 853 2084 884 in
2110 853 2259 888 Severino
2282 853 2431 889 Falcki05

1418 904 1455 928 ut
1479 895 1591 937 petitis
1614 898 1653 927 ex
1675 893 1885 934 Sepulclireto
1906 896 1969 931 (r)
1998 896 2151 937 exemplis
2187 906 2257 930 utar
2282 909 2293 935 5
2312 926 2313 929 ,
2329 907 2431 939 neque

1417 940 1563 972 omnium
1586 949 1656 980 quae
1682 937 1838 977 sumeret,
1860 937 2013 973 ,vomitus
2029 960 2038 974 ‚
2070 950 2125 972 nec
2150 941 2344 974 ventriculus
2377 942 2428 973 in-

1418 990 1468 1015 tus
1492 980 1685 1015 rubicundus
1707 1004 1720 1021 ,
1753 984 1785 1013 &
1823 990 1949 1017 tantum
1975 992 2039 1014 non
2061 986 2244 1017 excoriatus
2277 986 2388 1016 veneni
2414 1009 2426 1023 ‚

1416 1025 1578 1058 noviffime
1602 1023 1775 1067 praesertim
1799 1023 1889 1064 dati„
1913 1023 2126 1066 suspicionem
2166 1038 2292 1059 movere
2329 1037 2424 1069 pote*

1417 1078 1507 1105 rant,
1542 1079 1615 1101 cum
1649 1066 1836 1108 scorbutus,
1870 1078 1954 1108 vagae
1989 1066 2124 1108 febres,
2160 1070 2233 1104 dein
2266 1071 2426 1112 appetitus

1414 1111 1576 1153 deje&us‚
1604 1113 1636 1144 δε
1660 1109 1811 1143 saeviffimi
1837 1109 1993 1144 stomachi
2032 1110 2160 1146 dolores
2195 1113 2261 1157 jam
2293 1114 2352 1148 diu
2374 1124 2430 1147 vea-

1414 1154 1551 1188 xassent.
1588 1156 1714 1187 Contra
1750 1155 1784 1186 in
1812 1154 1935 1198 Juvene
1957 1154 1994 1187 de
2016 1166 2082 1197 quo
2114 1156 2192 1191 Sal‘ae
2212 1160 2429 1200 -quaerebatur

1413 1199 1565 1232 sententia
1580 1224 1588 1238 ‚
1613 1206 1727 1239 praeter
1749 1207 1860 1230 caetera
1884 1197 2023 1230 exhibiti
2045 1201 2155 1233 veneni
2179 1201 2322 1240 indicia,
2347 1199 2433 1235 illud

1412 1241 1500 1285 quod
1523 1241 1601 1275 boni
1638 1238 1710 1273 esset
1741 1239 1872 1274 habitus
1894 1263 1907 1281 ‚
1939 1243 1970 1273 &
2003 1241 2080 1274 bene
2113 1245 2230 1277 valeret
2254 1268 2267 1284 ‚
2301 1253 2430 1277 tantum

1413 1285 1497 1328 apud
1521 1286 1623 1318 Salam
1646 1294 1791 1326 poterat,
1814 1294 1850 1318 ut
1873 1295 1946 1317 cnm
1971 1285 2004 1317 in
2027 1285 2198 1320 Relatione
2222 1288 2320 1320 altera
2345 1287 2426 1321 fuis-

1413 1328 1444 1362 se
1468 1330 1495 1362 is
1515 1329 1648 1373 Juvenis
1671 1327 1858 1360 scriberetur
1880 1328 2157 1370 valetudinarius,
2180 1333 2213 1363 &
2236 1331 2315 1364 mali
2332 1329 2426 1364 habi-

1414 1381 1466 1406 tus
1482 1398 1490 1412 ,
1514 1373 1568 1407 ille
1591 1372 1676 1405 suam
1700 1369 1909 1413 suspicionem
1931 1372 2071 1413 primam
2095 1374 2426 1413 molli1·et.,‚Tamen

1415 1426 1451 1449 ut
1476 1415 1594 1459 sapiens
1617 1416 1665 1461 vi-i·
1687 1423 1777 1454 erat,
1801 1426 1901 1457 neque
1924 1415 2030 1456 primo
2053 1414 2145 1451 fuisse
2160 1439 2169 1454 ,
2192 1428 2293 1460 neque
2318 1418 2428 1452 secun-

1416 1458 1459 1493 do
1483 1471 1546 1493 non
1569 1458 1841 1503 fuilleven-enum
1864 1456 2049 1495 exhibitum
2064 1484 2072 1498 ‚
2108 1471 2167 1503 pro
2198 1470 2288 1494 certo
2319 1462 2430 1495 voluit

1416 1502 1600 1546 respondere
1623 1526 1631 1535 .
1664 1503 1708 1548 Et
1733 1504 1800 1535 iane
1824 1510 1860 1536 nt
1893 1500 2029 1535 abundet
2052 1514 2171 1545 corpus
2192 1504 2286 1538 bonis
2309 1502 2429 1538 humo-

1415 1547 1503 1580 ribus
1529 1559 1539 1585 5
1574 1545 1629 1582 ista
1652 1545 1718 1587 ipsa
1743 1545 1936 1579 abundantia
1969 1544 2049 1579 facit
2074 1571 2084 1586 ,
2116 1556 2152 1582 ut
2185 1546 2286 1582 homo
2313 1547 2427 1590 suspe—

1415 1590 1465 1623 &a
1488 1589 1597 1623 habere
1619 1588 1695 1621 bona
1711 1588 1770 1632 sua
1793 1587 1900 1622 debeat
1923 1610 1932 1626 ‚
1965 1590 2119 1624 nimirum
2144 1602 2181 1624 ne
2204 1600 2286 1625 retro
2300 1614 2312 1631 ‚
2342 1590 2428 1633 quasi

1415 1634 1505 1666 ruina
1528 1633 1678 1675 quadam,
1703 1624 1924 1669 revolvantur:
1948 1643 2017 1674 quae
2042 1633 2128 1670 Celsi
2154 1639 2164 1673 (
2180 1635 2207 1683 s
2220 1638 2257 1675 )‚
2290 1635 2428 1677 Hippo-

1413 1677 1509 1709 cratis
1531 1679 1545 1715 (
1566 1677 1605 1718 t)
1627 1676 1789 1709 monitum
1815 1675 1938 1715 secuti,
1962 1675 2033 1709 sunt
2057 1676 2168 1710 verba.
2195 1677 2349 1711 Nefarios
2372 1688 2429 1711 au-

1412 1729 1477 1751 rem
1500 1719 1674 1758 veneficos,
1696 1728 1731 1752 ut
1754 1718 1840 1751 nulla
1865 1718 1921 1752 suo
1945 1718 1982 1752 de
2006 1719 2117 1758 scelere
2138 1719 2279 1762 suspicio
2290 1720 2351 1761 sit,
2374 1719 2427 1754 af-

1412 1761 1504 1796 feetae
1526 1761 1718 1795 valetudinis
1741 1761 1936 1794 occasionem
1961 1761 2046 1796 haud
2069 1774 2142 1795 raro
2165 1765 2348 1806 aucupari,
2367 1774 2428 1800 no-

1413 1806 1518 1839 vimus
1538 1818 1547 1839 :
1569 1804 1656 1848 quod
1683 1807 1715 1838 &
1737 1815 1798 1838 una
1821 1803 1986 1838 monst'rat
2008 1817 2048 1838 ex
2072 1804 2285 1847 superioribus
2310 1805 2427 1840 nostris

1415 1848 1703 1883 observationibus
1726 1853 1740 1889 (
1762 1858 1782 1880 u
1803 1851 1817 1888 )
1840 1871 1850 1887 ‚
1885 1851 1917 1882 &
1942 1848 2017 1881 alias
2039 1848 2115 1882 alibi
2140 1848 2260 1887 fabium
2283 1848 2340 1883 esse
2372 1860 2430 1883 au-

1413 1893 1515 1935 tiquis
1538 1894 1635 1925 etiam
1659 1892 1882 1934 temporibus,
1907 1892 2189 1930 animadvertimus
2209 1919 2216 1925 .
2244 1894 2295 1927 Sic
2319 1892 2429 1928 versu-

1409 1932 1523 1969 tiffirna
1546 1935 1681 1969 foemina
1704 1958 1713 1973 ,
1736 1937 1768 1968 δε
1800 1934 1870 1967 fi-lio
1894 1936 1995 1976 magis
2018 1959 2031 1976 ,
2055 1948 2152 1979 quam
2187 1936 2389 1980 genitoribus
2411 1960 2427 1976 ‚

1408 1979 1506 2022 digna
1532 2002 1545 2020 ,
1576 1980 1759 2022 Agrippina
1784 1982 1795 2018 (
1818 1989 1840 2012 x
1860 1981 1874 2018 >
1896 2001 1908 2018 ,
1931 1990 2004 2011 cum
2028 1981 2182 2013 maritum
2214 1992 2336 2014 veneno
2359 1980 2426 2013 tol-

1409 2023 1471 2056 lere
1493 2022 1643 2057 statuiffet
1666 2042 1694 2062 ‚-
1712 2021 1800 2063 isque
1824 2021 2005 2056 valetudine
2028 2022 2153 2056 adversa
2176 2033 2346 2065 correptus
2376 2022 2424 2056 es..

1410 2065 1476 2106 set,
1500 2066 1579 2099 hanc
1604 2065 1661 2099 fibi
1675 2063 1810 2098 oblatam
1835 2063 2022 2106 occafionemn
2040 2076 2104 2099 non
2127 2066 2342 2100 omittendam
2364 2077 2424 2109 pu-

1412 2111 1495 2143 tavit
1516 2132 1529 2150 ,
1566 2108 1733 2150 eademque
1757 2107 1795 2141 ad
1819 2107 1942 2141 facinus
1964 2109 2192 2143 occultandum
2223 2111 2296 2144 aliis
2330 2109 2420 2144 insu-

1411 2164 1466 2196 per
1498 2163 1561 2186 non
1593 2151 1734 2186 insolitis
1771 2149 1983 2185 veneficorum
2018 2152 2154 2186 fallaciis
2177 2153 2228 2187 usa
2253 2153 2316 2187 est.
2343 2153 2423 2187 Ideo

1414 2199 1498 2229 enim
1520 2219 1534 2236 ,
1563 2206 1599 2230 ut
1634 2196 1752 2238 opinor
1773 2217 1786 2233 ,
1819 2206 1972 2228 venenum
1994 2195 2171 2230 delecflabili
2204 2196 2269 2231 cibo
2305 2195 2421 2230 boleto-

1414 2251 1483 2274 rum
1511 2239 1635 2273 infudit
1671 2240 1741 2271 viro
1780 2235 1950 2281 avidzffimo
1985 2238 2125 2273 ciborum
2156 2238 2272 2273 talium
2305 2241 2360 2282 (y
2382 2243 2417 2278 )‚

1412 2293 1448 2317 ut
1480 2284 1619 2318 multum
1653 2294 1691 2316 ex
1728 2283 1768 2315 iis
1801 2280 1999 2316 comedendo
2020 2306 2033 2323 ‚
2064 2293 2182 2316 noxam
2215 2291 2284 2317 tum
2307 2296 2346 2318 ex
2369 2284 2421 2316 ni-

1408 2328 1475 2361 mia
1510 2328 1603 2369 copia
1631 2352 1640 2368 ‚
1674 2336 1743 2360 tum
1766 2336 1804 2358 ex
1835 2325 2015 2368 pernicioso
2049 2325 2151 2368 fungo
2183 2326 2295 2369 aliquo
2319 2351 2328 2365 ‚
2360 2326 2422 2359 bo-

1407 2371 1480 2403 letis
1517 2369 1603 2413 quasi
1636 2381 1690 2412 per
1723 2369 1822 2411 coqui
1854 2379 1990 2402 errorem
2028 2368 2199 2411 interjeeto
2231 2393 2243 2408 ‚
2289 2379 2419 2403 contra-

1406 2413 1484 2448 xiffe
1515 2412 1714 2450 videretur,
1747 2410 1807 2445 five
1831 2435 1844 2452 ,
1875 2420 1910 2446 ut
1935 2411 2050 2446 accidit
2073 2436 2085 2452 ,
2117 2413 2330 2447 excruciarent
2363 2414 2418 2446 do-

1405 2457 1485 2491 lores
1508 2482 1517 2497 ‚
1548 2455 1608 2489 five
1630 2456 1715 2500 nisus
1736 2456 1880 2489 vomendi
1901 2478 1911 2493 ‚
1944 2455 2003 2490 live
2021 2456 2126 2498 soluta
2150 2455 2263 2494 alvus,
2290 2456 2349 2489 sive
2372 2465 2420 2489 et-

1411 2501 1475 2533 iarn
1498 2498 1603 2542 febris
1634 2501 1734 2542 magis
1766 2508 1942 2532 exercerent
1968 2512 1978 2538 5
2012 2497 2096 2532 hanc
2127 2501 2211 2532 enim
2245 2503 2277 2532 δε
2313 2500 2417 2542 plures

1410 2554 1504 2577 annos
1536 2554 1606 2576 cum
1629 2543 1694 2586 ipso
1717 2540 1826 2585 vixisse
1848 2565 1860 2582 ,
1893 2545 1925 2575 δε
1947 2553 2017 2576 cum
2041 2542 2094 2575 illo
2117 2544 2150 2574 in
2173 2542 2286 2576 caelum
2310 2543 2418 2585 venis—

1403 2586 1438 2630 se
1459 2609 1472 2626 ‚
1503 2587 1546 2621 Ι...
1571 2587 1712 2620 Annaeus
1748 2587 1859 2619 Seneca
1892 2588 1982 2628 (ιζ)
2017 2586 2173 2618 indicavit
2197 2609 2204 2616 .
2239 2586 2312 2619 Hos
2337 2608 2345 2620 ,
2379 2585 2414 2619 δε

1409 2630 1491 2663 alios
1515 2629 1671 2672 ejusmodi
1693 2629 1778 2663 casus
1801 2629 1823 2662 fi
1847 2639 1970 2662 mecum
1993 2628 2255 2662 animadverteris
2280 2641 2289 2667 3
2321 2628 2416 2663 simul

1408 2672 1604 2706 scelestorum
1626 2673 1796 2707 hominum
1819 2671 1935 2710 dolos,
1958 2672 2015 2714 qui
2036 2671 2174 2706 Medicis
2198 2671 2415 2713 saepenumero

1407 2717 1581 2758 imponunt
1604 2740 1613 2755 ‚
1637 2718 1671 2749 in
1694 2714 1881 2759 quibusdam
1905 2717 1999 2756 aegris
2021 2713 2150 2749 facilius
2175 2717 2293 2756 poteris
2317 2719 2417 2749 inter-

1405 2761 1531 2794 noscere
1547 2783 1558 2800 ,
1581 2768 1633 2793 ant
1658 2759 1765 2792 saltem
1780 2782 1790 2797 ,
1815 2768 1907 2800 atque
1930 2760 2051 2792 utinam
2074 2761 2106 2791 in
2130 2768 2291 2799 tempore,
2316 2759 2417 2801 suspi-

1404 2805 1491 2844 cari,
1515 2802 1605 2836 simul
1628 2814 1691 2836 non
1714 2804 1836 2836 ratione
1861 2802 1985 2842 solum,
2019 2801 2071 2834 sed
2095 2813 2133 2834 ex
2167 2800 2415 2836 Observationi-

1402 2846 1460 2880 bus
1483 2848 1578 2880 etiam
1601 2847 1780 2889 intelliges,
1804 2855 1886 2878 certa
1916 2845 2060 2888 quaedam
2093 2845 2307 2887 symptomata
2334 2868 2343 2882 ,
2373 2853 2411 2879 ut

1401 2889 1487 2923 sitim
1501 2916 1508 2930 ‚
1531 2893 1562 2924 δε
1585 2900 1688 2923 certos
1711 2889 1864 2932 quosdam
1888 2889 2042 2928 morbos,
2064 2898 2100 2922 ut
2124 2887 2269 2928 febrem,
2289 2900 2360 2930 quae
2372 2890 2413 2922 ab

1398 2934 1563 2968 nonnullis
1585 2933 1684 2967 adesse
1708 2934 1881 2969 dicuntur,
1904 2931 1928 2964 fi
1952 2943 2104 2966 venenum
2127 2933 2312 2974 ingenitum
2334 2932 2373 2965 fit
2397 2955 2407 2970 ‚

1399 2976 1497 3011 adesse
1519 2978 1618 3010 etiam
1641 2976 1725 3019 posse
1748 3000 1760 3017 ,
1791 2987 1864 3010 cum
1884 2985 2036 3009 venenum
2059 2975 2229 3018 praebitum
2253 2976 2316 3013 est,
2341 2976 2409 3007 imo

1398 3032 1525 3063 quoque
1548 3021 1744 3063 praeceffilse.
1771 3022 1881 3062 Itaque
1915 3018 2061 3053 laudatus
2086 3020 2155 3054 Sala
2179 3043 2192 3059 ,
2226 3017 2281 3051 etsi
2313 3030 2410 3051 vene-

1399 3075 1476 3097 num
1496 3064 1638 3107 generari
1652 3063 1718 3105 fine
1734 3060 1847 3106 febre,
1869 3062 2002 3103 negabat
2028 3074 2038 3100 5
2063 3074 2124 3096 non
2147 3071 2252 3095 tamen
2276 3071 2407 3104 propte-

1399 3119 1448 3141 rea
1472 3109 1506 3139 in
1531 3105 1661 3140 secunda
1686 3104 1896 3147 Responsione
1920 3105 1996 3139 huic
2019 3105 2107 3147 signo
2131 3116 2255 3139 tantum
2279 3106 2408 3147 tribuit,

1395 3160 1430 3184 ut
1453 3160 1621 3184 mortuum
1644 3149 1705 3183 esse
1728 3150 1821 3183 illum
1840 3149 1995 3193 Juvenem
2021 3150 2058 3182 ab
2091 3151 2238 3192 ingenito
2261 3159 2406 3188 veneno,

1396 3194 1581 3227 affirmaret.
1607 3194 1680 3226 Nec
1702 3204 1777 3226 vero
1800 3200 1835 3225 ut
1859 3190 1945 3225 idern
1969 3191 2159 3229 affirmemus
2173 3218 2180 3230 ,
2202 3192 2292 3234 cogit
2314 3191 2404 3234 quod.

1395 3237 1501 3272 nullus
1512 3236 1661 3270 insolitus
1672 3237 1753 3270 odor
1765 3260 1774 3276 ‚
1793 3243 1850 3268 aut
1863 3234 1967 3278 sapor,
1978 3236 2116 3272 nullusve
2129 3238 2162 3269 in
2176 3235 2399 3278 deglutiendo,

1659 3285 1666 3290 “
2310 3289 2364 3312 aut

691 3407 2396 3429 w———ssn—p———ss—fi———ffl

372 3531 375 3533 <
425 3524 443 3544 g
459 3514 472 3544 )
488 3517 524 3539 De
539 3516 645 3541 Veneriis
661 3516 679 3540 1.
697 3524 718 3545 3·
735 3523 757 3539 c.
777 3523 812 3546 13.
873 3517 888 3546 (
904 3517 919 3540 h
933 3516 947 3545 )
962 3515 1084 3544 Sepulchr.
1101 3518 1119 3540 l.
1136 3523 1157 3545 3.
1174 3517 1198 3540 S.
1213 3516 1238 3540 Β.
1255 3514 1313 3539 obs.
1330 3518 1355 3539 6.

425 3546 441 3569 k
461 3548 469 3574 )
486 3545 572 3575 Saggio
588 3546 651 3571 dene
666 3546 782 3571 Transaz.
798 3546 862 3571 trad.
879 3547 918 3571 dal
936 3546 1053 3570 Dereham
1070 3548 1101 3571 Τ.
1119 3555 1142 3575 3.
1160 3553 1181 3570 c.
1200 3554 1221 3575 9.
1242 3546 1264 3576 §.
1280 3549 1303 3569 6-

634 3578 648 3606 (
663 3585 679 3600 η
695 3578 704 3608 )
720 3577 778 3600 Vrd.
796 3577 852 3601 Gal.
870 3577 885 3601 l.
903 3580 924 3600 6.
943 3578 971 3600 de
988 3577 1034 3600 loc.
1051 3577 1090 3601 aff.
1106 3584 1128 3600 c.
1145 3585 1168 3606 ς.

420 3613 436 3635 ρ
453 3606 466 3633 )
482 3614 506 3630 n.
527 3614 561 3635 ¹7·
624 3607 631 3634 (
651 3615 666 3636 q
682 3608 690 3636 )
707 3607 793 3630 Galen.
809 3615 829 3631 c.
848 3616 869 3636 ς.
886 3606 943 3631 ibid.
960 3606 1001 3630 cit.

427 3637 544 3697 13Sest.
561 3644 580 3661 1.
597 3637 661 3665 Aph.
680 3645 702 3665 3-
764 3638 779 3666 ζ
793 3646 809 3661 u
826 3638 838 3666 )
856 3646 879 3661 n.
896 3641 920 3661 6.

398 3517 412 3545 (

396 3548 409 3574 (

397 3578 412 3633 ίζ
426 3585 449 3599 m
471 3577 476 3602 Ἰ
494 3584 518 3599 n.
535 3584 572 3601 11.

398 3639 414 3695 ἓ
485 3667 537 3692 vid.
553 3668 652 3694 Sueten.
667 3667 697 3693 de
711 3667 816 3694 dundee.
833 3668 943 3694 Caesarib.
961 3667 979 3693 1.
997 3676 1016 3697 ff·
1034 3675 1055 3693 c.
1070 3676 1109 3700 42.
1134 3679 1137 3681 ⁴

1368 3546 1382 3575 (
1398 3546 1409 3569 l
1426 3547 1435 3576 )
1452 3548 1487 3569 De
1505 3547 1594 3570 Intern.
1610 3542 1696 3576 Affee‘t5
1711 3551 1733 3567 n.

1230 3577 1238 3606 (
1255 3584 1267 3599 o
1286 3577 1297 3602 )
1313 3575 1370 3599 Vid.
1388 3575 1511 3604 Sepulchr.
1529 3577 1545 3599 l.
1565 3584 1587 3604 3.
1605 3576 1628 3598 S.
1645 3582 1671 3602 7.
1689 3580 1714 3596 in
1730 3574 1811 3597 Schol.
1828 3573 1860 3597 ad
1879 3573 1940 3597 Obs.
1958 3581 1980 3600 1.
1997 3573 2060 3599 &aa

1063 3610 1076 3635 (
1092 3615 1103 3630 r
1119 3607 1132 3635 )
1149 3606 1208 3631 ΟΜ.
1228 3613 1248 3630 1.
1265 3606 1288 3629 ὃς
1304 3614 1326 3628 2.
1345 3607 1419 3630 modo
1435 3606 1479 3631 cit.

983 3638 997 3666 (
1012 3645 1026 3661 x
1043 3638 1057 3665 )
1074 3637 1129 3663 Vid.
1146 3637 1229 3662 Tacit.
1246 3636 1335 3660 Annal.
1354 3636 1371 3659 l.
1387 3642 1424 3660 12.

1172 3669 1186 3698 (
1202 3674 1220 3696 z
1236 3667 1245 3697 )
1263 3666 1443 3697 Apocolocynt.

1417 3515 1432 3544 ζ
1448 3514 1486 3543 ἰ)
1501 3514 1518 3539 ἵ.
1534 3522 1558 3543 4.
1575 3515 1599 3538 S.
1617 3513 1660 3536 hac
1679 3517 1716 3537 roz
1732 3512 1758 3536 in
1775 3512 1901 3537 Additam.
1918 3512 1977 3536 Obs.
1995 3515 2017 3537 22.

1750 3546 1789 3572 45.
1805 3544 1868 3572 apud
1886 3542 2017 3568 Marinell.

1539 3605 1607 3635 (f)
1623 3606 1658 3629 De
1676 3604 1766 3630 Medic.
1783 3606 1800 3629 l.
1819 3611 1842 3628 2.
1864 3611 1886 3629 c.
1904 3611 1933 3629 2.
