2498 4075
352 176 507 243 Epist.
542 176 707 230 Anat.
743 175 962 231 Medica
997 175 1208 229 XXXI.
1245 175 1372 228 Art.
1396 190 1466 242 13·
1489 190 1564 242 14.
1590 177 1759 238 15.16.
1780 180 1835 233 δι
1857 194 1932 242 17.

131 256 209 291 dum
231 254 522 296 exulcerationem,
544 253 769 289 ostenderunt.
796 257 883 294 Imm
912 255 999 299 quod
1012 256 1143 289 mirabi-

131 301 195 335 lius
214 297 320 332 visum
343 299 405 339 est,
428 300 488 332 illo
509 311 575 343 quo
598 299 824 341 obliniuntur,
847 311 943 334 muco
969 324 981 341 ,
1012 301 1062 334 uti
1085 312 1142 333 vo-

67 362 77 363 *
129 352 225 382 cant,
251 353 315 375 non
339 343 507 377 carebant.

180 385 317 431 13aSed
351 398 427 420 num
460 387 500 420 lic
524 387 642 429 pariter
673 387 708 421 in
740 388 881 421 cruentis
914 386 1103 429 dysenteriis
1124 384 1141 419 .?

131 435 291 467 Cruentas
312 431 398 464 enim
421 429 476 463 hic
498 428 623 469 dicam,
648 440 684 464 ut
709 431 747 464 ab
771 432 945 465 incruentis
962 430 1140 470 secernam,

130 475 170 511 de
192 475 307 518 quibus
332 475 477 516 proxime
499 473 624 508 cli-etum
646 473 687 507 est
708 486 718 512 3
750 474 944 517 dysenterias
967 473 1042 507 alibi
1066 497 1078 514 ,
1107 476 1141 507 δε

131 528 360 561 moxquoque
392 517 455 551 fine
479 519 608 551 alterius
642 519 730 551 vocis
765 517 971 561 adjunffitione
1004 529 1054 551 eas
1084 528 1141 559 ap-

129 563 331 608 pellaturus,
354 571 390 596 ut
400 562 506 595 Graeci
530 560 673 594 solebant
684 561 834 602 Medici,
855 573 926 604 quae
949 560 1021 595 sunt
1031 571 1143 595 cruen-

130 617 196 646 tae3
220 606 356 640 tormina
381 605 505 648 antiqui
529 604 638 637 Latini
664 605 788 638 Medici
813 606 952 638 vocitare
974 604 1143 638 consueve-

129 646 433 691 rant.⁴Utrumque
455 659 494 680 ex
517 646 612 680 Celso
635 645 723 690 (f)
746 651 779 681 in
805 650 918 692 primis
942 648 984 681 est
1005 657 1140 697 notum.

184 727 189 733 ,
261 695 329 727 Hic
352 704 425 725 vero
446 702 512 724 non
537 690 671 725 dubitat
692 715 704 732 ,
726 694 759 726 in
783 692 961 734 dysenteria
985 693 1072 726 intus
1094 702 1143 724 in-

130 738 238 779 testina
261 736 435 772 exulcerari
453 758 465 775 ³
497 745 708 779 cruoremque
731 748 770 769 ex
794 735 844 770 his
867 736 956 770 modo
977 746 1049 769 cum
1072 736 1143 776 qui-

128 781 256 825 busdam
279 778 362 822 quasi
384 777 515 821 mucofis
538 780 686 819 excerni,
709 780 865 813 interdum
883 778 981 821 fimul
1005 779 1141 827 quaedum

129 824 255 866 carnosa
279 822 476 864 descendere,
499 821 684 856 vetustiores
698 822 844 857 Medicos
857 845 865 860 ‚
891 825 923 854 δε
941 823 974 855 in
999 823 1039 855 iis
1054 822 1141 863 Hip-

129 872 294 913 pocratem
318 868 373 909 (g
395 870 409 906 )
431 864 555 899 secutus
576 889 587 905 ‚
619 868 677 909 qui
701 875 806 898 tamen
843 866 934 900 velut
957 864 1142 898 carunculas

127 913 251 946 dixerat
267 934 274 941 .
302 911 346 942 Et
370 908 449 952 saepe
472 908 601 949 quidem
626 909 847 943 exulcerantur
869 908 1014 943 intestina
1036 922 1046 940 .·
1078 918 1145 940 non

126 965 233 990 tamen
258 953 376 996 semper
398 978 406 986 .
442 952 593 994 Qorum
617 962 790 996 utrumque
811 951 1036 986 ostendendum
1069 950 1111 984 est
1134 976 1143 985 .

127 1000 208 1033 Sunt
231 998 318 1031 enim
340 998 482 1037 primum
499 996 666 1033 nonnulli,
693 996 802 1039 quales
825 996 950 1042 audivit
967 996 1064 1028 etiarn
1086 994 1140 1044 Cl.

126 1044 291 1076 Pantonus
315 1039 383 1084 (h)
399 1064 409 1080 ,
432 1040 490 1082 qui
513 1043 569 1073 vix
591 1052 731 1083 unquam
755 1039 788 1074 id
801 1039 891 1081 fieri,
916 1047 1025 1080 ajunt.
1051 1039 1137 1086 QJ-

123 1085 183 1120 bus
206 1095 241 1118 ut
266 1083 331 1127 ipse
354 1084 500 1126 proprias
524 1084 774 1117 Observationes
799 1083 952 1126 opposuit
971 1081 1075 1122 duas,
1096 1083 1139 1132 iic

122 1138 160 1164 tu
185 1129 260 1163 alias
283 1126 376 1161 addes
398 1136 469 1159 tum
492 1138 531 1160 ex
554 1128 700 1164 Seffione
739 1127 796 1162 hac
819 1128 879 1160 XI.
904 1125 1104 1176 Sepulchreu
1126 1150 1140 1168 ,

122 1182 196 1208 tum
220 1171 350 1207 aliunde*
371 1172 510 1213 petitas,
535 1173 567 1203 &
591 1171 788 1205 nominatim
811 1182 848 1204 ex
861 1171 1017 1216 Brunneri
1032 1172 1138 1203 Com-

122 1217 282 1252 mentario
303 1219 317 1254 (
344 1214 409 1258 i).
436 1214 503 1246 Hic
527 1216 611 1247 enim
637 1215 669 1248 in
681 1214 893 1250 Dv'senterica
917 1214 1023 1248 oscula
1047 1214 1139 1256 glan-

122 1261 273 1295 dularum
307 1256 460 1293 Duodeni
484 1258 626 1291 intestini
660 1258 763 1300 arrosa
794 1258 878 1293 vidit
902 1272 909 1290 :
947 1260 1026 1300 quin
1051 1261 1083 1291 δε
1108 1260 1142 1291 in

121 1306 195 1339 aliis
217 1303 375 1339 diuturno
398 1301 461 1334 alvi
496 1301 584 1336 fluxu
609 1301 827 1338 laborantibus
864 1301 968 1337 ulcera
992 1312 1045 1335 ceu
1068 1313 1141 1335 can-

121 1347 205 1392 crosa
228 1345 455 1380 intestinorum
480 1345 649 1388 conspexit
673 1350 687 1389 (
711 1346 788 1389 Ις),
812 1347 846 1380 in
870 1346 936 1378 alio
950 1354 1055 1394 autem
1078 1344 1139 1387 (l)

119 1403 216 1436 quem
239 1391 343 1426 fluxus
365 1389 518 1424 coeliacus
541 1411 550 1427 ‚
583 1392 615 1423 δε
637 1391 672 1422 in
696 1390 760 1423 alio
782 1393 797 1430 (
818 1401 848 1424 m
871 1393 885 1430 )
907 1399 1002 1432 quem
1026 1389 1139 1421 lientes-

119 1437 167 1470 ria
190 1435 271 1468 male
295 1433 471 1472 habuerat,
494 1432 660 1476 ulcerosam
686 1434 719 1467 in
744 1433 806 1467 hoc
816 1434 895 1466 Coli
919 1432 1060 1467 intestini
1076 1432 1139 1475 dis-

115 1479 300 1523 positionem
320 1501 332 1518 ,
363 1477 399 1509 in
423 1476 482 1508 illo
517 1487 572 1518 per
594 1485 702 1510 totum
739 1477 964 1512 intestinorum
997 1476 1138 1510 trastum

116 1522 203 1557 ultra
221 1521 387 1565 sexaginta
399 1520 577 1555 numeravit
587 1519 767 1565 ulcuscula:
792 1532 863 1567 quae
886 1530 1138 1554 commemorare

119 1565 177 1600 hic
198 1566 289 1598 volui
314 1564 405 1598 simul
432 1573 467 1596 ut
490 1563 654 1604 nosceres,
677 1575 748 1609 quae
773 1566 873 1599 caulae
897 1563 1061 1598 interdum
1085 1573 1139 1595 ac-

116 1609 256 1649 cedant,
278 1616 316 1642 ut
339 1608 476 1641 irritatis
501 1606 557 1640 ubi
583 1607 686 1641 ulcera
711 1609 783 1642 lunt
805 1632 815 1648 ,
840 1607 1000 1642 intestinis
1023 1616 1138 1642 conta-

115 1654 172 1688 ἂιι
196 1663 309 1686 eorum
331 1662 402 1693 quae
426 1651 501 1684 illac
528 1649 688 1683 transeunt
708 1672 717 1688 ,
742 1661 837 1685 tanto
859 1653 957 1687 citius
971 1651 1036 1685 haec
1063 1661 1138 1693 pro-

117 1696 279 1740 pellantur
300 1719 310 1735 ,
341 1693 519 1735 chylo'nec
544 1691 689 1737 perfec‘to
708 1717 721 1733 ,
752 1706 808 1729 nec
832 1697 977 1730 ε’Χῑι-εᾶο
1000 1719 1013 1736 ,
1046 1694 1137 1728 simul

115 1750 222 1774 autem
246 1747 283 1773 ut
305 1738 501 1781 intelligeres
522 1762 532 1778 ,
566 1736 587 1769 {i
612 1738 646 1770 in
671 1735 857 1781 hujusmodi
891 1740 1031 1775 fluxibus
1056 1740 1138 1772 inte-

114 1783 195 1818 stina
219 1781 379 1817 ulceribus
402 1781 567 1816 interdurn
592 1782 836 1826 corripiuntur,
860 1793 984 1824 quanto
1008 1782 1138 1818 facilius

115 1827 237 1870 corripi
263 1824 378 1861 iisdem
403 1824 518 1867 poffint
541 1823 598 1858 ubi
622 1824 773 1860 dolorum
797 1827 952 1861 acerbitas
977 1826 1101 1872 indicat
1123 1850 1137 1867 ‚

113 1879 211 1906 tanto
248 1868 403 1915 majorem
424 1867 482 1903 ess‘e
513 1869 727 1902 acrimoniam
748 1893 761 1911 ,
797 1881 907 1913 nempe
933 1872 966 1904 in
990 1870 1135 1912 dysente-

112 1916 182 1949 ria.
205 1915 236 1948 A
259 1925 322 1956 qua
346 1924 383 1947 ne
408 1911 549 1946 recedere
576 1912 741 1946 videamur
761 1925 773 1954 3
805 1913 880 1950 duas
904 1913 1031 1948 attende
1056 1915 1140 1947 Val-

114 1958 208 1993 salvae
233 1957 488 1992 Observationes
509 1981 518 1995 ‚
553 1954 588 1988 id
612 1954 655 1989 est
687 1967 751 1989 non
775 1968 844 1991 eam
867 1958 967 1992 modo
989 1970 1061 2001 quae
1085 1957 1137 1992 su-

112 2013 170 2046 pra
193 2004 207 2043 (
230 2012 250 2034 n
270 2004 285 2041 )
308 1999 465 2042 descripta
487 1998 529 2033 est
552 2021 561 2036 ‚
595 1999 804 2033 adolescentis
829 2003 863 2034 in
887 2013 954 2045 quo
979 2001 1049 2044 post
1073 2000 1135 2042 dy-

113 2045 281 2081 senteriam
304 2042 466 2078 diarrhoea
499 2042 564 2077 fine
597 2043 794 2078 torminibus
827 2044 1014 2080 succedente
1037 2068 1050 2086 ,
1083 2045 1134 2078 ul-

111 2091 229 2126 timam
262 2096 386 2130 partem
420 2087 479 2121 Ilei
504 2085 647 2121 intestini
670 2110 683 2128 ,
717 2089 749 2120 86
773 2091 912 2130 primam
943 2089 1022 2123 Coli
1048 2089 1135 2121 inve-

111 2134 164 2167 nit
187 2132 407 2171 exulcerata53
443 2128 496 2165 sed
519 2133 551 2165 &
575 2128 657 2165 hanc
680 2142 780 2176 quam
803 2135 954 2175 protinus
980 2131 1133 2175 subjicie-

148 2188 203 2211 ts.

112 2188 206 2264 mi4.
232 2220 320 2253 VIR
344 2228 443 2252 annos
464 2218 603 2260 triginta
626 2226 721 2251 natus
740 2240 754 2257 ,
785 2215 965 2260 dysenteria
987 2218 1132 2260 corripi..

92 2273 185 2300 stur.
213 2263 284 2298 Diu
307 2262 376 2297 haec
398 2261 492 2296 durat
516 2260 617 2293 donec
640 2259 764 2293 accedit
788 2259 949 2303 sanguinis
974 2260 1129 2304 sputum,

112 2311 146 2341 &
170 2317 273 2341 mors.
410 2305 464 2339 IN
489 2304 696 2338 VENTRE
722 2305 852 2338 Tenuia
886 2304 1019 2350 quidem
1043 2306 1129 2339 inte-

109 2350 191 2386 stina
214 2348 313 2384 illaesa
337 2357 458 2391 reperta
483 2346 555 2382 sunt
580 2359 589 2381 .·
613 2356 645 2380 at
668 2345 778 2381 Craffa
799 2349 966 2383 nonnullis
989 2350 1023 2382 in
1047 2349 1130 2383 locis

111 2403 185 2431 atro
206 2394 316 2428 colore
338 2391 459 2428 infecta
477 2416 486 2430 ,
509 2390 730 2433 glandulisque
756 2413 769 2431 ,
805 2392 876 2425 aliis
900 2393 1029 2435 penitus
1060 2404 1129 2427 ero-

109 2437 151 2473 sis
177 2463 187 2478 ,
221 2438 354 2479 reliquis
377 2435 529 2469 omnibus
553 2443 687 2467 cruento
710 2434 845 2469 humore
868 2436 902 2468 in
927 2436 998 2479 ipso
1021 2447 1129 2473 excre-

110 2482 201 2516 torio
223 2481 334 2516 osculo
360 2479 496 2513 imbutis
515 2502 523 2510 .
560 2478 599 2511 In
624 2477 751 2520 hepatis
785 2478 918 2513 vesicula
945 2491 1044 2522 pauca
1075 2480 1128 2513 bi-

110 2525 154 2559 lis
171 2549 179 2557 .
313 2524 350 2557 In
373 2522 536 2558 Thoracis
561 2532 642 2555 cavo
667 2519 822 2556 inferiora
844 2522 949 2557 versus
983 2533 1049 2556 non
1073 2534 1128 2565 pa-

108 2579 181 2604 rum
204 2567 366 2611 sanguinis
388 2564 476 2600 effusi
501 2590 509 2598 .
543 2564 599 2599 Ad
622 2564 775 2599 inferiora
798 2577 926 2609 quoque
960 2567 1128 2608 pulmones

106 2612 241 2647 infarcti
264 2620 373 2650 erant,
399 2610 546 2652 arctaque
559 2607 762 2643 adhaerebant
786 2608 1016 2644 suislateribus
1037 2611 1128 2653 pleu-

109 2667 153 2691 rae
173 2680 186 2697 ‚
216 2667 288 2699 quae
310 2657 343 2689 &
377 2651 446 2696 ipsa
468 2652 630 2686 evidenter
652 2652 723 2686 laesa
748 2677 755 2685 .
781 2653 994 2688 Ventriculus
1016 2654 1126 2689 dexter

109 2699 220 2736 cordis
243 2698 433 2741 polyposam
457 2697 699 2731 concretionem
723 2695 881 2732 habebat.

158 2754 209 2786 ις.
234 2743 319 2785 Qae
351 2743 385 2775 in
409 2740 543 2774 thorace
575 2739 714 2783 spestata
737 2740 811 2774 sunt
831 2764 843 2782 ‚
867 2741 932 2775 alio
955 2742 1093 2775 attinent
1116 2766 1129 2775 .

112 2780 203 2831 Οὲεέ
220 2795 325 2821 autern
347 2785 382 2818 in
404 2793 537 2825 ventre,
562 2782 633 2817 sunt
659 2783 753 2826 hujus
776 2784 860 2818 loci.
887 2784 946 2818 Sed
969 2787 1125 2829 quoniam

111 2825 147 2866 ea
170 2842 241 2873 quae
263 2828 302 2863 de
324 2827 550 2862 intestinorum
574 2826 734 2870 glandulis
759 2827 910 2862 Valsalva
935 2828 1126 2870 adnotavit,

110 2885 188 2909 cum
209 2875 252 2908 iis
271 2870 478 2907 consentiunt
501 2880 573 2906 tum
595 2883 667 2913 quae
691 2872 725 2904 in
750 2871 897 2905 &stione
930 2871 990 2907 hac
1013 2873 1125 2915 Sepul-

110 2918 217 2953 chreti
239 2919 255 2958 <
277 2928 294 2950 ο
315 2919 330 2956 )
350 2913 472 2949 videbis
495 2926 533 2949 ex
558 2916 680 2956 Peyero
704 2914 839 2958 produci
857 2939 870 2956 ,
902 2925 973 2950 turn
996 2920 1067 2959 quae
1090 2919 1123 2950 in

112 2963 220 3006 prima
251 2957 361 2993 vidisti
384 2969 423 2992 ex
453 2959 550 3001 paulo
583 2968 657 2992 ante
680 2959 731 3001 (*
751 2963 767 3000 )
789 2959 939 2993 indicatis
966 2960 1124 2994 Brun-neri

114 3002 412 3041 Observationibus
431 3014 443 3041 3
465 3001 501 3036 id
523 3011 651 3036 tantum
673 3002 763 3046 quod
786 3001 826 3037 de
858 3014 954 3045 pauca
978 3006 1012 3037 in
1043 3004 1124 3046 cysti

70 3071 71 3074 =
113 3048 201 3085 bile,
225 3046 371 3090 Spigelio
393 3043 628 3087 adversaretur,
651 3045 674 3081 fi
699 3046 753 3080 hic
775 3068 785 3085 ‚
810 3046 902 3090 quod
925 3048 1026 3091 aliqui
1051 3049 1124 3082 Do-

110 3093 160 3127 &ci
185 3091 261 3124 Viri
286 3090 378 3133 ajunt
398 3112 409 3129 ‚
441 3089 554 3131 cystim
578 3100 722 3132 magnam
755 3090 788 3124 in
810 3090 1012 3134 dysentericis
1035 3089 1092 3125 esse
1116 3116 1126 3132 ‚

111 3132 373 3180 pronunciasset,
396 3143 467 3167 cum
482 3132 561 3177 saepe
582 3132 750 3169 dumtaxat
775 3132 804 3166 se
827 3133 960 3175 vidisse,
983 3135 1125 3169 tradide-

114 3180 161 3216 rit
183 3183 198 3220 (
217 3189 240 3222 p
261 3182 294 3220 ).
321 3176 422 3218 Qod
448 3188 462 3217 ,·
491 3176 515 3210 fi
538 3186 644 3211 totam
668 3176 751 3212 hanc
773 3178 953 3212 Sestionem
978 3181 1123 3213 excutia-

112 3220 207 3262 ηψπ
231 3222 268 3254 ab
292 3222 364 3255 aliis
387 3220 480 3255 semel
497 3220 695 3257 observatum
708 3221 887 3256 videbimus
902 3246 909 3253 .
937 3223 1031 3256 Unus
1043 3225 1130 3259 enim

114 3269 314 3302 Cummenus
337 3269 351 3306 <
373 3276 392 3308 q
413 3269 427 3305 )
450 3265 484 3297 in
518 3262 654 3298 foemina
677 3263 865 3308 folliculum
889 3262 985 3309 fellis
1023 3271 1128 3302 maxi-

114 3322 203 3345 mum
225 3310 268 3344 &¹
290 3308 353 3346 bile
385 3307 614 3356 repletzffimum
636 3309 863 3343 animadvertit
884 3334 893 3342 .
927 3309 1016 3343 Nam
1036 3311 1127 3345 Bon*-

116 3357 183 3389 tius
204 3357 218 3393 (
241 3363 258 3386 r
279 3357 293 3394 )
316 3377 330 3395 ‚
365 3354 397 3386 &
420 3353 641 3394 Lamomerius
672 3356 688 3393 (
702 3352 732 3394 s
743 3357 757 3393 )
792 3352 968 3387 distentum
993 3355 1126 3397 quidem

114 3399 304 3432 invenerunt
317 3408 329 3436 3
353 3395 404 3431 sed
426 3393 482 3429 hic
505 3406 600 3437 pure,
625 3396 680 3428 ille
703 3395 772 3430 albo
796 3396 932 3431 humore
955 3398 1049 3438 instar
1053 3400 1125 3441 pul.

117 3442 164 3477 tis
187 3452 225 3477 ex
246 3440 350 3485 amylo
376 3463 389 3482 ,
420 3448 457 3474 ut
481 3437 558 3473 bilis
578 3449 614 3474 ne
635 3440 799 3484 vestigium
821 3440 952 3485 quidem
979 3442 1124 3479 relib'ium

2066 197 2131 246 ²9

1192 252 1288 298 effet3
1312 266 1384 288 curn
1407 256 1565 299 Spigelius
1589 269 1605 290 a
1627 258 1715 300 copia
1738 257 1815 293 bilis
1838 270 1898 302 qua
1909 259 2100 302 impleatur,
2123 260 2201 295 adeo

1192 299 1343 340 grandem
1365 298 1572 333 indicaverit.
1598 299 1657 334 Sed
1680 302 1862 337 Franciscus
1888 303 2028 338 Platerus
2049 306 2115 344 (t)
2138 314 2202 338 non

1191 342 1292 376 modo
1314 341 1378 374 bile
1410 353 1475 375 non
1498 343 1670 378 distentum
1692 368 1706 385 ,
1741 354 1776 378 ut
1800 357 1899 389 neque
1932 347 1991 380 alii
2013 346 2164 380 videntur
2186 369 2201 387 ,

1191 387 1249 429 qui
1274 384 1388 425 filent,
1412 385 1462 419 sed
1481 387 1575 429 plane
1597 398 1732 421 vacuum
1755 390 1899 424 invenit.
2031 391 2135 424 Porro
2155 403 2200 424 ae-

1191 440 1245 472 ger
1269 428 1406 473 Hateri,
1430 429 1567 464 ulcerata
1591 430 1705 465 habuit
1727 432 1875 467 intestina
1907 432 1977 475 post
1998 433 2118 467 dierum
2140 434 2203 467 ali-

1191 480 1267 516 quot
1289 471 1502 513 dysenteriam
1523 486 1534 512 5
1568 485 1605 507 ne
1631 473 1717 508 forte
1741 486 1830 518 putes
1849 500 1862 517 ‚
1893 487 1958 509 non
1981 475 2039 509 nisi
2072 479 2106 510 in
2129 476 2202 511 diu-

1193 526 1285 550 turna
1310 514 1371 549 hoc
1396 516 1552 550 accidere.
1581 520 1751 553 Innumera
1775 529 1882 554 autem
1903 530 1990 553 erant
2012 520 2202 560 ulcuscula,

1192 560 1312 603 quippe
1335 560 1368 592 in
1394 567 1467 593 toto
1491 561 1561 593 Ileo
1584 562 1736 596 intestino
1755 588 1765 604 ‚
1787 575 1884 607 eaque
1905 565 2005 597 trium
2027 564 2201 607 digitorum

1194 603 1363 637 latitudine
1387 604 1472 636 inter
1486 603 1514 637 se
1526 602 1698 648 distantia,
1721 617 1757 641 ut
1781 606 1922 641 conferri
1947 606 2013 640 haec
2028 607 2200 651 quadante-

1193 657 1251 680 nus
1278 644 1389 687 poffint
1412 657 1485 680 cum
1509 647 1743 683 Observatione
1765 651 1818 684 Cl.
1844 650 1936 684 Baffii
1960 654 2029 690 (u)
2050 652 2106 693 qui
2130 650 2202 693 post

1192 689 1406 730 dysenteriam
1428 690 1514 723 idern
1548 692 1734 728 intestinum
1757 694 1944 728 distinctum
1973 694 2059 728 vidit
2083 694 2203 728 ulceri-

1194 734 1253 768 bus
1275 734 1315 765 ad
1336 733 1515 773 distantiam
1535 745 1612 777 pene
1635 737 1803 781 transversi
1825 738 1920 780 digiti
1940 762 1949 777 ,
1983 748 2201 779 nonnunquam

1192 776 1357 819 pollicaris
1378 777 1510 811 articuli
1532 789 1592 812 uno
1608 777 1679 824 fere
1701 780 1806 815 tractu
1823 780 1879 825 seu
1906 780 1987 822 serie
2006 781 2202 823 procedenti-

1195 819 1253 853 bus
1267 842 1276 857 ,
1300 819 1573 862 quemadmodum
1598 824 1724 864 pffiura
1745 836 1874 868 quoque
1896 827 1910 863 <
1931 834 1953 858 x
1974 827 1989 865 )
2022 823 2166 866 expreffit
2188 835 2202 864 3

1195 862 1254 895 nili
1277 862 1363 905 quod
1381 862 1537 909 Jejunum
1563 869 1663 909 magis
1679 890 1687 906 ,
1711 879 1809 910 quam
1822 868 1925 902 Ileum
1949 867 2204 910 videturreprae-

1195 906 1334 945 sentare3
1357 906 1607 949 descriptionem
1630 910 1862 952 confirmante,
1885 912 1919 945 in
1929 923 1991 955 qua
2014 912 2122 945 eadem
2132 922 2205 954 quae

1193 950 1292 993 paulo
1316 960 1388 983 ante
1410 951 1649 994 indicavimus,
1676 956 1786 997 Peyeri
1811 955 1928 998 placita
1952 955 2205 999 comprobantur

1193 993 1358 1027 verisimili
1382 994 1563 1036 conjedtura
1577 1018 1587 1033 ‚
1609 998 1696 1041 quod
1719 1009 1802 1034 cum·
1816 999 1905 1033 illius
1927 998 2008 1033 dieti
2032 999 2206 1041 glandulo-

1192 1035 1215 1070 fi
1242 1037 1354 1079 plexus
1377 1037 1535 1078 deessent,
1561 1039 1678 1074 horum
1701 1051 1807 1075 autem
1840 1042 1925 1076 sedes
1949 1042 2085 1085 singulas
2108 1053 2207 1077 occu-

1191 1092 1266 1123 pare
1299 1079 1481 1116 viderentur
1505 1084 1624 1125 lingula
1648 1085 1775 1125 ulcera,
1799 1085 1951 1119 credibile
1975 1087 2061 1120 fieret
2078 1112 2088 1127 ,
2110 1087 2208 1121 initia

1190 1124 1371 1159 erofionum
1396 1126 1429 1157 in
1453 1125 1564 1160 iisdem
1591 1128 1737 1167 plexibus
1762 1131 1817 1170 qui
1833 1129 1961 1164 tandem
1984 1131 2118 1163 omnino
2128 1142 2207 1164 con-

1192 1168 1312 1211 sumpti
1336 1166 1453 1208 client,
1475 1170 1635 1206 extitiss'e.
1661 1172 1754 1211 Quin
1778 1173 1959 1207 Brunnerus
1982 1175 2017 1206 in
2039 1184 2074 1206 ea
2087 1173 2208 1207 Obser-

1191 1216 1322 1245 vatione
1344 1215 1399 1254 (y
1423 1216 1436 1254 >
1460 1213 1493 1246 in
1527 1225 1588 1256 qua
1610 1214 1683 1258 plus
1715 1213 1877 1258 sexaginta
1900 1218 2082 1251 numeravit
2116 1218 2207 1251 ulcu-

1192 1255 1302 1294 scula,
1326 1266 1385 1290 non
1409 1255 1488 1290 alibi
1511 1257 1579 1291 haec
1594 1282 1607 1300 ,
1630 1269 1724 1300 quam
1746 1260 1779 1292 in
1803 1259 1878 1303 isfis
1896 1260 2046 1304 plexibus
2072 1285 2082 1300 ,
2101 1260 2208 1302 sedem

1191 1298 1351 1342 habuiffi?‚
1378 1299 1505 1335 testatus
1529 1302 1592 1336 est.
1620 1304 1700 1336 Sane
1722 1312 1829 1337 autem
1852 1304 1887 1336 in
1911 1304 1973 1338 alvi
1999 1303 2137 1338 fluxibus
2152 1315 2208 1347 per

1193 1343 1249 1377 has
1274 1342 1470 1384 potiffimurn
1492 1370 1500 1384 ‚
1533 1356 1588 1380 aut
1613 1346 1691 1380 alias
1724 1347 1890 1390 glandulas
1913 1350 2031 1383 irruere
2054 1348 2208 1382 humores

1193 1388 1228 1420 in
1252 1385 1399 1422 intestina
1422 1411 1431 1425 ‚
1466 1387 1606 1430 ipsarum
1630 1391 1728 1424 etiam
1753 1390 1945 1434 magnitudo
1968 1391 2105 1425 ostendit
2124 1414 2138 1432 ,
2169 1401 2208 1426 ut

1193 1433 1228 1464 in
1252 1431 1327 1464 aliis
1352 1431 1551 1475 quibuslibet
1572 1435 1649 1468 dum
1674 1435 1746 1478 plus
1757 1434 1944 1474 secernunt,
1969 1434 2104 1469 adaueta
2122 1460 2129 1468 .
2156 1437 2209 1469 Ita

1191 1475 1227 1507 in
1261 1486 1327 1517 quo
1351 1474 1420 1517 post
1453 1476 1645 1513 diuturnum
1669 1479 1733 1511 alvi
1769 1477 1893 1514 fluxum
1915 1478 2001 1513 idem
2026 1480 2208 1514 Brunnerus

1196 1522 1210 1558 (
1234 1531 1258 1562 z
1279 1523 1293 1560 )
1318 1521 1402 1552 circa
1426 1518 1521 1553 finem
1539 1520 1651 1563 Jejuni
1675 1520 1819 1556 intestini
1845 1522 1950 1557 ulcera
1973 1522 2209 1564 deprehendit,

1193 1573 1258 1596 non
1284 1562 1383 1597 modo
1409 1563 1453 1596 ibi
1479 1567 1600 1606 pariter
1623 1563 1734 1599 tubera
1756 1564 1841 1598 vidit
1862 1565 2043 1608 glandulosa
2064 1589 2076 1606 ,
2101 1565 2151 1601 sed
2175 1568 2209 1600 δε

1192 1605 1421 1641 intestinorum
1453 1608 1598 1641 tunicam
1620 1609 1807 1642 interiorem
1829 1608 1962 1644 crassam
1985 1609 2106 1644 factam
2131 1632 2140 1647 ‚
2174 1612 2208 1644 &

1191 1661 1263 1692 quae
1286 1662 1304 1683 a
1325 1649 1482 1693 principio
1506 1650 1599 1694 usque
1632 1653 1672 1686 ad
1693 1652 1815 1686 exitum
1847 1660 1918 1687 tota
1941 1661 2058 1696 quanta
2076 1653 2211 1696 glandu-

1190 1692 1255 1735 losa
1274 1717 1284 1734 ‚
1304 1693 1519 1736 glandulzsque
1542 1695 1708 1731 luxurians
1718 1696 1899 1732 videretur.
1923 1698 1968 1730 Et
1980 1697 2018 1731 de
2041 1696 2103 1732 suis
2115 1700 2211 1733 Duo-

1190 1736 1266 1770 deni
1291 1737 1455 1779 glandulis
1477 1740 1491 1776 (
1513 1749 1531 1771 a
1553 1742 1589 1780 J,
1608 1738 1738 1781 solent,
1762 1740 1895 1783 inquit,
1919 1740 2074 1784 craffiores
2098 1740 2152 1785 effe
2175 1741 2209 1775 in

1192 1782 1234 1814 iis
1257 1782 1310 1823 qui
1333 1791 1371 1815 ex
1393 1779 1498 1814 morbo
1522 1782 1734 1822 intestinorum
1749 1808 1756 1822 ‚
1780 1782 1934 1819 diarrhoea
1956 1793 2013 1819 aut
2031 1783 2209 1827 dysenteria

1191 1826 1389 1859 moriuntur.-
1414 1823 1600 1868 easdemque
1626 1825 1794 1870 induruiffe
1817 1828 1915 1862 etiam
1935 1851 1948 1868 ,
1983 1828 2029 1868 ait
2061 1827 2116 1871 (b
2137 1831 2151 1868 )
2173 1828 2210 1861 in

1190 1866 1389 1945 ‹ciiysenterica
1422 1867 1479 1902 illa
1502 1870 1538 1903 in
1571 1880 1633 1913 qua
1656 1880 1765 1905 earum
1800 1870 1905 1908 oscula
1928 1872 2032 1916 arrosa
2063 1870 2174 1907 vidiss‘e
2196 1893 2208 1913 ,

1216 1922 1357 1945 iximus.

1239 1958 1286 1989 16.
1311 1957 1478 1990 Caeterum
1504 1957 1570 1991 haec
1595 1959 1714 1993 ultima
1739 1960 1899 1995 Brunneri
1922 1961 2150 2003 Observatio,
2173 1964 2208 1996 &

1188 1997 1259 2032 duae
1283 2011 1362 2042 quas
1385 2002 1483 2043 paulo
1505 2011 1576 2035 ante
1602 2007 1612 2042 (
1637 2015 1653 2036 c
1674 2007 1689 2043 )
1711 2015 1750 2037 ex
1775 2005 1928 2048 Platero,
1952 2006 2099 2039 &Baffio
2123 2014 2209 2040 retu-

1190 2042 1313 2082 limus,
1337 2046 1369 2077 &
1395 2056 1466 2086 pars
1490 2046 1579 2081 illius
1603 2058 1675 2090 quae
1699 2046 1754 2081 sub
1767 2048 1905 2084 initium
1928 2048 2025 2092 hujus
2049 2049 2207 2093 Epistolae

1187 2088 1203 2125 (
1226 2087 1246 2118 d
1266 2090 1288 2126 )ρ
1302 2098 1341 2121 ex
1366 2088 1515 2123 Valsalva
1540 2088 1703 2133 proposita
1728 2091 1771 2125 est
1792 2116 1805 2134 ,
1827 2094 1878 2128 vel
1903 2093 1978 2128 solae
2003 2093 2079 2128 satis
2102 2094 2208 2128 osten-

1186 2129 1291 2170 dunt,
1318 2142 1516 2174 praepropere
1540 2134 1705 2176 scriptum·
1719 2133 1777 2169 esse
1800 2149 1817 2170 a
1831 2137 2013 2178 Panarolo,
2035 2136 2129 2172 ficuti
2150 2138 2207 2173 hic

1187 2173 1222 2204 in
1246 2173 1459 2222 Sepulchreto
1481 2181 1543 2217 (e)
1567 2176 1661 2211 habes
1674 2203 1685 2221 ‚
1707 2179 1740 2212 in
1758 2178 1975 2223 superioribus
1986 2180 2206 2224 dysenterico-

1186 2226 1259 2249 rum
1282 2216 1437 2256 intestinis
1459 2230 1519 2253 non
1538 2221 1620 2266 poffe
1642 2220 1717 2263 fieri
1739 2225 1982 2259 excoriationem
2005 2226 2205 2269 &corr-ofia-

1183 2269 1253 2293 nem
1265 2283 1277 2300 ‚
1302 2267 1340 2293 ut
1363 2262 1480 2296 accidit
1494 2264 1536 2296 >in
1560 2263 1663 2306 craffis
1686 2290 1695 2303 ‚
1717 2267 1927 2310 praecipueque
1950 2268 1984 2302 in
2005 2269 2077 2303 Colo
2099 2296 2108 2305 .
2141 2270 2205 2305 Vi.

1182 2302 1244 2336 deo
1284 2302 1416 2346 quidem
1437 2306 1472 2338 in
1495 2307 1652 2353 plerisque
1675 2308 1965 2346 observationibus
1989 2337 1998 2353 ,
2020 2325 2097 2357 quas
2119 2315 2204 2349 inter

1181 2346 1253 2382 duae
1276 2348 1342 2380 illae
1367 2349 1466 2383 etiam
1490 2352 1561 2384 lunt
1585 2352 1638 2384 Cl.
1667 2353 1807 2388 Pantoni
1830 2352 1937 2397 (f),
1960 2354 2002 2389 fic
2025 2357 2202 2401 essereper-

1182 2398 1275 2430 tum,
1299 2393 1332 2423 &
1358 2392 1454 2426 facile
1479 2395 1638 2428 Pa'narolo
1660 2396 1852 2432 crediderim
1872 2424 1881 2439 ‚
1904 2397 1946 2432 fic
1970 2402 2090 2442 pariter
2112 2403 2202 2446 inse-

1181 2434 1280 2467 ctione
1304 2432 1396 2485 fuisse
1419 2438 1721 2479 quamplurimorum
1744 2453 1826 2483 quos
1848 2442 1973 2476 indicat
1996 2456 2004 2477 .·
2029 2443 2096 2488 ejus
2119 2458 2202 2490 quo-

1180 2488 1243 2519 que
1276 2487 1398 2511 rationi
1439 2479 1634 2522 astipulabor
1658 2507 1667 2520 ‚
1700 2482 1872 2519 humorem
1906 2487 2132 2523 corrodentem
2163 2492 2199 2524 in

1180 2521 1354 2555 Tenuibus
1388 2522 1548 2557 intestinis
1572 2523 1728 2559 facillime
1762 2528 1858 2563 fluere
1878 2540 1889 2568 3
1922 2531 1956 2563 in
1980 2532 2071 2566 Colo
2093 2542 2199 2568 autem

1181 2564 1226 2597 ob
1248 2564 1379 2599 cellulas
1403 2565 1543 2601 restitare
1567 2581 1577 2602 :
1610 2571 1691 2612 quin
1714 2571 1811 2605 etiam
1836 2572 2014 2608 addiderim
2036 2600 2049 2617 ,
2072 2577 2106 2611 in
2130 2579 2199 2613 Te-

1180 2608 1299 2657 nuibus
1322 2609 1402 2652 saepe
1424 2611 1541 2654 chyli,
1565 2612 1678 2655 saepius
1700 2615 1915 2651 remediorum
1938 2630 2057 2662 aquea,
2081 2623 2198 2657 &mu-

1179 2651 1355 2693 cilaginosa
1380 2656 1532 2697 portione
1555 2656 1687 2691 admista
1711 2662 1880 2702 temperari
1900 2675 1911 2700 3
1944 2663 1979 2696 in
2001 2663 2110 2698 Crassa
2141 2678 2198 2700 au-

1179 2704 1246 2728 tem
1269 2695 1438 2737 intestina,
1461 2700 1630 2745 postquam
1653 2701 1712 2735 illa
1736 2703 1850 2737 seceffit
1863 2706 2002 2739 maxima
2013 2718 2052 2741 ex
2063 2711 2196 2750 partein

1178 2738 1440 2784 vasachylifera‚
1464 2744 1659 2786 tuncipsum
1681 2744 1883 2780 descendere.
1908 2750 2014 2791 Haec,
2037 2752 2166 2794 inquam
2181 2776 2195 2794 ‚

1179 2784 1290 2817 omnia
1315 2786 1347 2817 ὃς
1370 2786 1485 2825 video,
1508 2791 1539 2822 δι
1556 2787 1660 2821 fateor
1675 2814 1684 2821 .
1705 2790 1879 2831 Attamen,
1904 2801 1940 2825 ut
1965 2794 2104 2829 rat-iones
2116 2797 2197 2832 alias

1176 2829 1331 2861 omittam
1363 2832 1480 2873 quibus
1502 2830 1690 2873 oppositum
1724 2833 1888 2868 interdum
1912 2836 2053 2871 accidere
2072 2838 2159 2881 posse
2183 2866 2194 2883 ,

1175 2870 1392 2914 ostenderem
1414 2876 1501 2908 nulla
1526 2885 1588 2906 non
1611 2875 1687 2908 dico
1709 2878 1875 2911 rationum
1898 2880 1972 2920 vis,
1995 2879 2045 2914 sed
2069 2893 2107 2916 ne
2119 2883 2195 2917 Oba

1177 2913 1390 2950 servationum
1413 2917 1546 2960 quidem
1569 2926 1658 2951 tanta
1682 2920 1863 2955 multitudo
1884 2921 1942 2956 esse
1965 2924 2068 2966 potest
2086 2950 2099 2967 ,
2129 2936 2192 2970 qua

1173 2959 1211 2992 id
1257 2958 1320 2992 uod
1352 2960 1457 3011 reapse
1481 2961 1657 3004 aliquando
1687 2963 1894 3008 conspe&um
1917 2965 1959 3001 est
1977 2991 1991 3009 ,
2023 2967 2092 3005 fieri
2124 2982 2191 3006 non

1177 3014 1221 3046 po
1248 3014 1288 3042 e,
1311 3013 1478 3039 evincatur
1491 3030 1500 3037 .

1224 3057 1272 3088 17.
1299 3047 1360 3080 Sed
1383 3047 1444 3081 sive
1465 3050 1500 3082 in
1524 3050 1693 3086 Tenuibus
1715 3075 1729 3093 ,
1751 3051 1813 3086 five
1836 3055 1871 3086 in
1894 3054 2009 3089 Craffis
2032 3057 2195 3095 intestinis

1176 3086 1238 3123 sint
1262 3089 1369 3124 ulcera
1394 3104 1405 3130 3
1431 3092 1506 3127 satis
1530 3105 1568 3127 ex
1592 3093 1643 3128 his
1666 3096 1792 3131 cunffis
1817 3096 2109 3136 observationibus
2131 3114 2192 3147 ap-

1176 3142 1288 3175 paret,
1313 3135 1346 3166 in
1370 3137 1409 3169 iis
1432 3136 1643 3180 dysentericis
1668 3141 1701 3173 in
1724 3141 1841 3183 quibus
1874 3140 1994 3175 habitae
2018 3142 2091 3177 sunt
2113 3168 2127 3186 ,
2155 3159 2189 3179 e-

1174 3178 1335 3211 xulcerata
1358 3176 1449 3214 fuisse
1473 3181 1641 3216 intestina.
1666 3185 1759 3218 Num
1771 3196 1846 3218 vero
1869 3185 1901 3217 in
1924 3185 1965 3218 iis
1977 3197 2108 3229 quoque
2130 3189 2192 3233 dy.

1181 3219 1342 3256 sentericis
1366 3235 1505 3266 quorum
1533 3228 1604 3259 ‘non
1626 3228 1723 3262 liceat
1745 3226 1966 3262 diss'eetionem
1989 3229 2152 3266 instituere
2174 3257 2189 3277 ,

1170 3264 1252 3298 ‘ideo
1275 3267 1452 3301 exulcerata
1476 3268 1628 3305 credenda
1652 3271 1732 3309 sint,
1757 3271 1845 3314 quod
1868 3282 1942 3306 cum
1967 3282 2079 3308 cruore
2101 3287 2190 3320 quae-

1177 3308 1251 3342 dam
1274 3309 1361 3352 quasi
1386 3313 1538 3354 mucosa,
1561 3324 1598 3348 ut
1622 3316 1668 3348 ait
1690 3315 1800 3348 Celsus
1824 3319 1910 3358 (g),
1936 3316 1970 3348 ἃς
1991 3318 2117 3353 carnosa
2139 3323 2188 3354 in-

1176 3352 1304 3386 terdum
1326 3353 1519 3398 egesserint,
1540 3369 1644 3400 operae
1668 3359 1808 3401 pretium
1833 3358 1875 3392 est
1899 3358 2088 3401 diligentius
2111 3375 2190 3397 con-

1175 3396 1308 3430 siderare
1330 3425 1338 3432 .
1378 3400 1424 3432 Et
1447 3401 1529 3435 olim
1551 3401 1681 3445 quidem
1704 3412 1770 3435 non
1793 3401 1986 3437 dubitabant
2006 3427 2016 3442 ,
2046 3406 2126 3448 quin
2150 3407 2190 3441 ab

1175 3440 1248 3483 i-pso
1269 3440 1366 3485 hujus
1390 3444 1498 3478 morbi
1520 3446 1621 3481 initio
1644 3456 1780 3489 corpora
1801 3445 1951 3491 quaedam
1974 3449 2109 3493 pinguia
2134 3462 2193 3486 ex-

2040 3505 2150 3528 cerne-

114 3577 2204 3606 *Q

256 3638 293 3671 pe
309 3636 402 3662 Medic.
418 3637 436 3662 l.
452 3646 475 3667 4.
491 3644 514 3663 c.
533 3644 571 3668 ¹5-
587 3637 614 3663 in
630 3637 710 3668 princ.
771 3641 787 3670 (
798 3651 817 3673 g
833 3641 847 3670 )
863 3642 925 3667 sest.
944 3649 969 3670 4-
986 3641 1078 3670 Aphor.
1093 3643 1133 3666 ²6.

212 3667 219 3672 ¹
258 3675 283 3691 in
300 3669 384 3693 Pancr.
400 3668 495 3694 secund.
512 3675 535 3694 c.
551 3677 577 3700 7.
638 3672 649 3695 <
664 3668 681 3694 k
697 3671 712 3699 )
727 3677 749 3696 c.
767 3679 804 3697 ιο.
865 3675 876 3698 <
892 3673 902 3696 l
920 3672 927 3702 )
944 3680 965 3697 c.
980 3682 1004 3703 7.

262 3698 346 3732 ·Schol.
360 3698 390 3724 ad
406 3699 465 3724 obs.
480 3709 504 3729 4.
567 3702 583 3731 (
596 3699 611 3715 ’ς
628 3700 637 3730 )
653 3709 678 3725 n.
697 3707 734 3730 13.

262 3735 287 3753 111
302 3729 387 3754 Addit.
405 3729 465 3755 ΟΜ.
481 3739 504 3761 3.

266 3765 288 3784 ε.
305 3768 329 3789 7.
346 3760 405 3785 ibid.
422 3761 466 3786 cit.

585 3762 595 3792 )
610 3762 637 3786 in
652 3770 700 3787 ear.
715 3763 921 3791 demonstratione
936 3767 1091 3793 anatomia.

264 3789 330 3822 supra
339 3809 349 3823 ‚
363 3799 388 3818 n.
404 3800 440 3823 ¹3·

586 3792 654 3823 supra
671 3793 733 3820 ibid.

234 3730 251 3819 vvv
232 3634 251 3726 ub>-

501 3761 570 3824 (523

1067 3672 1081 3702 (
1097 3680 1122 3697 m
1137 3672 1152 3702 )
1166 3673 1272 3698 Exercit.
1290 3675 1319 3698 de
1337 3673 1466 3700 Glandulis
1482 3674 1506 3699 in
1525 3677 1642 3702 Duodeno

796 3703 811 3732 (
824 3707 842 3732 p
859 3704 866 3732 l
884 3705 920 3728 De
936 3703 1006 3729 hum.
1023 3711 1089 3734 corp.
1106 3703 1169 3728 fabr.
1188 3705 1203 3728 l.
1220 3707 1244 3728 8.
1260 3712 1284 3730 c.
1300 3713 1336 3735 ¹3-

566 3732 576 3762 (
596 3740 612 3756 u
630 3732 640 3762 )
657 3731 711 3756 obs
731 3733 806 3758 Anat.
825 3734 893 3759 chir-
911 3736 981 3760 Med.
999 3739 1056 3761 Dec.
1074 3744 1099 3766 3.
1116 3734 1178 3761 Obs.
1195 3744 1221 3765 7.

1197 3644 1209 3668 (
1225 3642 1240 3666 h
1254 3642 1272 3671 )
1285 3644 1321 3666 De
1338 3640 1438 3667 observ.
1455 3644 1525 3669 Med.
1545 3646 1568 3669 8c
1585 3647 1658 3670 Anat.
1675 3646 1752 3677 Epist.
1773 3652 1799 3676 4.’

1654 3677 1691 3733 ‹§'r
1703 3678 1838 3738 {012th
1853 3678 1867 3707 ³
1883 3684 1964 3741 nii)
1980 3710 2041 3736 obs.
2061 3715 2096 3742 η.

1586 3772 1597 3796 (
1613 3770 1629 3795 d
1644 3769 1659 3798 )
1672 3740 1742 3796 ibyzi
1761 3740 1828 3801 sup?
1839 3740 1880 3801 eid)
1889 3749 2013 3802 ‘'61:513’15.

1265 3737 1299 3771 ¹(
1313 3745 1328 3761 x
1347 3735 1355 3764 )
1369 3705 1608 3769 rib?2'<15’}{·g.¹}.

1153 3766 1297 3798 cbiibnd.
1360 3767 1523 3800 (c)n215.

1300 3819 1316 3831 θ
