2498 4075
492 228 647 294 Epist.
679 227 848 281 Anat.
865 204 866 208 '
885 226 1104 283 Medica·
1140 226 1348 280 xxm.
1380 227 1505 282 Art.
1529 245 1602 281 10.
1622 230 1677 282 az
1694 243 1770 282 n.

98 303 197 341 hente
220 303 250 340 {e
266 303 396 349 ⁴Magna
417 307 558 346 arteria,
580 311 625 349 ut·
639 314 713 342 cum
729 304 849 347 ⁴portio
882 304 972 344 illius
1010 305 1115 346 aliqua

99 348 135 380 in
158 345 316 385 sinistrum
338 348 446 383 cordis
470 346 686 387 ventriculum
723 355 804 381 tunc
836 347 952 382 rediret
984 348 1116 392 quando

87 389 154 431 ,hic
178 390 303 436 alium,
325 395 507 430 venientem
529 391 789 433 apuimonibu5‚
812 390 995 435 sanguinem
1020 391 1115 426 debes-

96 434 155 470 bat
178 435 320 478 excipere
328 447 341 476 ,-
364 434 532 470 necessario
555 434 665 474 fieret,
688 444 816 468 ut‘tam
840 437 961 478 portio,
982 434 1084 469 redux
1101 459 1115 476 ,

104 487 200 520 quarn
224 479 358 521 portio,
383 489 514 523 propter
537 478 736 517 obstaculum
756 479 858 522 -paulo
881 488 954 513 ante
976 490 1043 513 nou
1058 490 1113 515 ex-

97 519 204 560 trusa,
230 531 352 565 partem
375 532 567 565 occuparent
590 522 731 564 aliqua-m
753 522 820 566 ejus
843 523 909 557 loci
925 548 935 563 ‚
967 523 1032 566 qui'
1059 531 1114 557 to-

94 572 153 599 tus
175 576 216 601 ex
239 565 391 601 instituto
414 575 536 603 naturae
560 564 736 601 adventuro
757 578 772 600 e
796 566 1007 608 pulmonibus
1041 565 1116 602 san-

88 608 191 651 ,gpini
215 608 409 644 debebatur.
434 610 518 651 Quae
542 620 589 643 res
612 607 751 653 denique
775 610 1018 653 &pulmones
1038 632 1051 651 ‚
1082 612 1115 644 δε

98 662 158 685 cor
180 663 246 686 non
265 664 468 696 praegravare
492 663 558 686 non
581 661 729 696 poterat,
755 655 787 686 δε
810 652 874 687 hoc
897 665 1012 697 cogere
1033 661 1116 693 ,ut

95 694 232 737 subinde
277 697 394 741 majori
437 705 560 731 conatu.
599 696 784 739 sanguinem
814 698 852 730 *in
898 696 935 731 se·
971 696 1124 738 restitanf.

94 748 162 773 tem
186 739 313 783 ejiceret
333 766 340 773 .
376 740 458 776 Haec
479 752 550 782 quae
573 741 659 774 ratio
688 740 933 782 praemonstrarev
957 739 1116 782 videtur,
1138 750 1152 768 ἰ

97 794 164 817 non
197 795 259 817 una
292 784 563 820 Anatomicorum
604 783 805 820 Observatiot
829 783 1000 818 confirmat
1021 783 1042 816 .”
1065 783 1118 825 Sic

95 827 300 867 Vieuffenius
320 830 384 869 (q)
407 828 441 860 in
453 829 556 864 Viro,
584 828 778 861 &Matrona
791 851 804 868 ,
826 840 964 871 quorum
988 836 1114 868 utrum-

88 884 158 916 ⁷que
181 871 289 905 cordis
313 871 509 913 palpitatio,
536 874 568 905 δε
591 869 726 905 cubandi
753 870 872 908 humili
909 874 1016 915 capite
1047 871 1112 903 im-

93 917 241 958 potentia
265 915 321 949 diu
345 923 533 947 vexaverant
557 939 569 955 ,
600 926 674 948 cum
710 914 870 956 pulsuum.
891 915 1111 958 inaequal-itate

92 958 275 1001 conjuneaae
287 982 298 998 ,
322 959 465 993 inventas
488 957 584 991 refert
604 960 651 999 jin
679 959 838 999 Matrona
866 959 1005 1003 quidem
1020 959 1115 995 -Aor-

93 1012 187 1043 tarn,
210 1000 341 1044 ejusque
365 1002 509 1037 valvulas
532 1001 628 1036 osseas
649 1025 662 1042 ,
693 1003 727 1035 in
761 1004 847 1036 Viro
878 1012 984 1038 autem
1001 1022 1003 1025 ⁴
1018 1002 1111 1038 illam

94 1045 299 1088 praeduram‚
323 1048 356 1078 δε
379 1053 533 1089 tanquam
546 1046 811 1088 cartilaginearn,
834 1045 1112 1089 valvula-squenon

90 1089 193 1123 modo
215 1087 313 1122 osseas
327 1112 338 1126 ‚
361 1088 413 1123 sed
436 1092 469 1123 δε
488 1089 602 1128 limbis
624 1089 754 1124 discissis
773 1113 786 1130 ,
818 1088 996 1133 iisdemque
1030 1090 1113 1132 lapi-

91 1133 165 1171 deis
186 1143 291 1166 revera
317 1131 440 1174 fafitis,
464 1145 496 1165 re
512 1159 521 1173 ,
545 1135 700 1176 inquam,
723 1144 818 1173 vera3
853 1145 892 1168 ne
916 1132 1010 1166 -forte
1042 1145 1113 1166 cre-

88 1177 169 1217 das,
193 1187 229 1211 ut
253 1176 331 1209 alibi
355 1175 555 1220 aliquando,
578 1178 626 1209 ita
648 1178 682 1210 in
705 1176 802 1211 corde
825 1188 952 1221 quoque
971 1176 1009 1211 ,id
1021 1176 1108 1219 quod

89 1221 164 1256 effet
186 1219 329 1259 osseum,
353 1231 413 1263 pro
436 1220 771 1265 lapideovirnposuisse
787 1245 794 1253 .
818 1222 907 1255 Nam
932 1230 1047 1264 praeter
1057 1232 1107 1254 eas

88 1277 162 1308 quae
185 1263 273 1298 infra
296 1263 585 1305 memorabuntur,
608 1265 790 1308 consimiles
824 1266 858 1299 in
895 1264 1108 1307 Sepulchreto

88 1307 151 1352 hic*
169 1307 252 1350 leges
275 1307 444 1351 aliquanto
468 1308 652 1342 vetustiores
676 1308 950 1346 Observationes,
974 1318 1010 1347 ut
1022 1309 1108 1342 Gre-

88 1351 328 1396 goriiHmstii
354 1351 485 1395 majoris
510 1357 521 1391 (
545 1363 560 1385 r
583 1356 594 1391 )
608 1376 620 1393 ‚
641 1353 700 1396 qui
734 1352 891 1387 calculum
914 1363 953 1386 ex
985 1359 1108 1389 tartaro

86 1403 267 1430 concretum
292 1394 505 1438 deprehendit
529 1394 745 1438 membranosae
766 1395 973 1433 valvularum
995 1396 1108 1429 dexte-

85 1441 115 1474 ri
137 1439 308 1473 ventriculi
330 1438 438 1473 cordis
456 1437 632 1481 substantiae
654 1439 823 1475 adnutum,
848 1442 880 1472 &
901 1438 964 1481 lJo.
998 1440 1106 1473 Geor-

85 1483 135 1527 gii
158 1481 315 1524 Greiselii
338 1481 446 1525 (s),
470 1483 529 1525 qui
551 1494 710 1519 unamex
733 1483 775 1516 iis
804 1481 963 1526 quibusde
995 1483 1106 1525 loqui-

84 1538 180 1567 mur,
202 1525 474 1570 Aortae—-valvulis
498 1527 632 1559 mediam
655 1524 740 1559 vidit
759 1524 854 1568 plane
866 1525 1081 1568 consumptam
1095 1549 1104 1564 ,

84 1572 130 1605 (ἐν
152 1568 374 1614 deperditam,
397 1570 440 1603 (ὣ
463 1568 554 1602 illam
571 1575 702 1611 ,partem
725 1569 781 1602 nbi
811 1570 937 1602 arteriae
968 1570 1105 1603 adhaere-

85 1611 286 1657 bar,;,etiam
305 1610 476 1657 friabilem
491 1612 527 1646 ἐκ
543 1609 836 1653 [Σητίίενη-ανεηιῑω
860 1635 869 1649 ,
917 1624 951 1645 ac
998 1611 1105 1652 fuerat

79 1656 247 1699 particula
271 1656 413 1699 quaedam⁴
433 1654 505 1688 alba
539 1653 635 1693 instar
659 1656 781 1698 ,unguis
814 1656 941 1691 minimi
973 1656 1070 1699 digiti
1092 1680 1102 1695 ,

82 1701 213 1743 quaervin
234 1698 388 1742 sanguine
411 1707 476 1730 erat
500 1698 597 1740 paulo
620 1697 714 1740 supra
736 1699 871 1733 initium
896 1700 1020 1741 arteriae
1033 1700 1106 1733 Ma-

84 1742 179 1787 gnae,
201 1754 275 1785 pars
297 1740 449 1776 videlicet
473 1741 609 1775 valvulae
632 1754 731 1786 quam
765 1742 929 1776 noviffime
975 1742 1104 1785 sanguis

85 1786 261 1830 avulserat;
282 1785 379 1826 corde
402 1787 437 1818 in
461 1785 634 1824 ambobus,
663 1785 732 1828 post
756 1787 1005 1829 palpitationem
1015 1798 1105 1820 mor-

83 1828 266 1874 tuiS,'1ton
291 1829 376 1864 secus
400 1841 434 1862 ac
457 1830 491 1862 in
515 1830 603 1862 Viro
626 1829 688 1862 illo
712 1829 891 1865 Vieussenii
913 1830 1018 1864 fuerat
1028 1841 1105 1862 ven..

83 1874 220 1908 triculus
241 1872 385 1911 sinister,
409 1884 604 1915 permagno.
632 1873 741 1916 Igitur
763 1873 853 1917 quod
873 1874 997 1907 limbos
1035 1874 1103 1907 val-

82 1917 512 1960 vularumSemilunarium
532 1915 681 1959 ,lapideos
713 1916 810 1950 abse
842 1918 992 1952 inventos
1024 1917 1104 1953 scri-

83 1962 184 2005 pserit
207 1959 409 1996 Vieuffeuius
421 1984 435 2001 ,
455 1970 522 1993 nou
539 1960 709 1995 miraberis
734 1986 743 1995 .
777 1960 865 1994 Illud
901 1962 1069 1995 miraberis
1090 1986 1103 2004 ,

82 2003 172 2049 quod
197 2004 313 2045 semel,
335 2005 518 2047 iterumque
541 2005 728 2046 negaverit,
753 2003 782 2038 se
805 2002 913 2046 legisse
937 2017 1104 2048 unquam,

83 2058 138 2084 aut
162 2046 338 2089 audivisse,
360 2047 463 2081 ullam
483 2048 518 2080 in
541 2049 581 2081 iis
603 2047 741 2081 valvulis
779 2049 935 2085 naturalis
966 2049 1104 2085 strustu-

80 2105 124 2128 rae
147 2092 365 2126 mutationem
388 2091 447 2125 esse
463 2091 510 2135 ¹ab
533 2092 741 2130 Anaromicis
753 2091 980 2134 deprehensam
994 2116 1007 2132 ,‚
1027 2104 1105 2127 cum

81 2137 132 2171 vel
155 2136 213 2171 ista
235 2135 388 2170 Greiselii
403 2157 417 2175 ‚
441 2146 458 2167 a
483 2135 613 2172 Boneto
636 2136 744 2174 edita,
769 2134 1010 2169 observatione
1024 2147 1104 2178 prae-

83 2179 242 2219 termina,
267 2190 333 2213 non
355 2176 491 2212 deeffent
513 2180 549 2211 in
573 2179 770 2221 pervulgatis
793 2178 885 2219 libris
908 2181 979 2214 aliae
1003 2177 1103 2213 ossea-

90 2236 163 2259 rum
185 2225 302 2258 Aortae
326 2222 549 2258 valvularum‚
573 2231 609 2255 ut
632 2233 731 2264 quarn
753 2222 922 2264 Raygerus
967 2223 1002 2257 in
1035 2223 1106 2263 Mi,

83 2268 249 2303 scellaneis
273 2266 358 2299 Nat.
384 2264 514 2297 Curios.
539 2267 552 2303 (
575 2272 590 2297 r
612 2268 626 2305 )
638 2288 651 2304 ,
674 2267 707 2297 ὃ(
731 2275 828 2306 quam
847 2264 1039 2308 -Ruysehius
1070 2266 1106 2298 in

84 2308 381 2345 observationibus
404 2306 834 2350 Anatomico-Chirurgicis
857 2311 872 2348 <
893 2320 914 2345 u
938 2313 973 2351 )4,
994 2321 1109 2352 quarn-

83 2356 133 2389 vis
154 2353 265 2389 addita
287 2352 405 2394 Figura
428 2355 442 2391 <
465 2361 487 2384 x
509 2355 523 2390 )
547 2353 681 2385 minime
704 2350 883 2394 ipsodigna
894 2375 907 2392 ‚
932 2352 1109 2394 proposue-

86 2408 180 2435 rant.
194 2398 265 2431 Has
287 2395 465 2432 consecutae
488 2392 561 2429 sunt
582 2393 688 2437 postea
701 2407 713 2434 5
737 2402 774 2428 ut
798 2395 874 2428 alias
899 2405 1107 2437 praeteream3

84 2441 264 2484 Cowperi‚
285 2442 320 2473 ,ὃς
344 2439 483 2471 aliorum
526 2438 710 2480 Anglorum
754 2437 1007 2473 Observationes
1055 2439 1108 2473 sex

84 2490 142 2527 (y
162 2488 197 2525 )‚
221 2494 292 2526 quae
314 2482 454 2514 valvulas
478 2480 600 2519 easdem
624 2482 806 2522 exhibent,
839 2492 894 2515 aut
939 2484 973 2515 in
1019 2493 1107 2525 parte

84 2540 149 2573 qua
167 2524 414 2565 excrescebant,
438 2534 492 2559 aut
517 2526 656 2558 omnino
676 2524 796 2565 osseas,
823 2534 876 2559 aut
900 2525 1109 2569 lapideasxfa-

85 2575 177 2612 Cras,
200 2578 255 2604 aut
277 2568 435 2611 gypseas,
458 2577 513 2602 aut
536 2568 676 2612 denique
707 2570 755 2603 ita
790 2568 899 2603 densas
922 2592 933 2607 ,
977 2579 1108 2603 contra-

85 2617 173 2654 ξτες,
198 2616 230 2647 &
254 2611 375 2646 albidas
391 2634 401 2650 ‚
423 2621 460 2646 ut
483 2624 561 2646 mox
585 2612 676 2647 offeae
692 2636 705 2653 ,
728 2621 784 2647 aut
809 2613 944 2656 lapideae
982 2612 1105 2648 futurae

84 2657 141 2692 esse
156 2657 367 2690 viderentur.
391 2655 522 2696 Quibus
546 2657 838 2691 observationibus
863 2667 925 2690 tres
959 2656 1070 2691 saltem
1093 2681 1106 2699 ‚

84 2711 262 2746 quatuorve
285 2700 361 2733 alias
384 2699 477 2734 addes
486 2701 646 2734 Virorum
658 2700 970 2736 Praeclariffimorum
989 2702 1106 2741 Theo-

86 2746 162 2784 dori
188 2744 350 2787 Zwingeri
374 2746 389 2783 (
410 2755 435 2787 z
458 2747 490 2784 )‚
509 2743 647 2790 Josephi
671 2745 781 2786 Exup.
817 2745 944 2777 Bertini
980 2750 990 2785 (
1014 2756 1032 2778 a
1056 2749 1067 2784 )
1092 2769 1106 2787 ,

87 2792 119 2823 δε
143 2787 274 2822 Alberti
297 2787 422 2820 Halleri
447 2792 458 2828 (
482 2786 502 2820 b
523 2791 560 2828 ),
584 2789 642 2831 qui
665 2787 787 2822 easdem
809 2788 950 2823 valvulas
963 2787 1105 2823 offende-

92 2840 169 2875 runt
195 2832 317 2873 primus
341 2832 375 2863 in
399 2832 477 2864 Sene
498 2843 562 2874 qua
593 2842 683 2874 parte
715 2831 922 2867 cohaerebant
953 2834 1067 2866 Aortae
1090 2857 1104 2874 ‚

88 2877 183 2909 duras
207 2873 403 2912 admodum,
427 2877 460 2908 ὃ(
483 2874 748 2918 cartilaginosas‚
775 2876 855 2909 alter
899 2878 933 2909 in
978 2876 1101 2911 duabus

87 2917 285 2961 Virginibus
308 2916 429 2958 osseas,
454 2920 486 2951 &
509 2918 551 2952 fic
576 2918 768 2962 dispositaS,
790 2921 847 2953 vix
888 2929 925 2955 ut
958 2922 1100 2955 calamus

88 2962 279 3005 scriptorius
303 2962 387 2994 inter
409 2972 458 2995 eas
481 2961 648 3004 transiret,
671 2965 786 2997 tertius
808 2964 843 2996 in
861 2964 985 3009 Juvene
1008 2964 1102 3000 sabu-

87 3005 190 3040 losam
214 3005 381 3039 materiam
402 3006 487 3039 inter
509 3004 579 3040 suas
602 3007 801 3041 membranas
817 3032 826 3047 ,
860 3006 958 3042 osseas
992 3019 1100 3042 autem

89 3050 270 3092 squammas
293 3048 358 3083 suis
379 3050 415 3083 in
437 3049 622 3084 tendinibus
654 3049 809 3085 habentes
840 3049 882 3083 fic
918 3061 955 3086 ut
985 3052 1100 3096 rigidae

91 3093 209 3131 essent,
233 3095 266 3126 δε
289 3093 551 3135 inexplicabiles„
1101 3121 1103 3124 .

125 3144 185 3172 Δις).
210 3136 295 3169 Noli
318 3144 426 3171 tamen
447 3136 596 3179 credere,
619 3139 653 3172 in
677 3138 763 3173 hisce
796 3139 949 3174 omnibus
979 3138 1102 3174 Obser-

90 3179 279 3214 vationibus
301 3179 410 3213 cordis
433 3181 681 3223 palpitationem
705 3184 900 3217 memorari.
926 3184 1017 3218 Nam
1060 3184 1101 3218 de

90 3233 231 3268 quatuor
253 3222 381 3258 ultimis
402 3224 437 3256 in
459 3223 615 3266 postrema
638 3236 788 3268 tantum,
810 3238 879 3260 eam
903 3228 986 3270 leges
1009 3252 1022 3269 ,
1068 3231 1102 3262 &—

90 3270 145 3302 cui
169 3266 368 3310 portiffimum
385 3267 476 3300 vitio
499 3267 537 3301 de
558 3279 610 3303 tot
634 3272 705 3304 aliis
728 3271 934 3313 gravioribus
956 3283 1027 3314 quae
1050 3272 1102 3305 in-

91 3309 141 3346 fra
165 3314 181 3354 (
199 3323 216 3344 c
238 3314 252 3351 )
274 3311 445 3351 dicentur,
467 3312 636 3347 tribuenda
659 3313 754 3355 esset,
775 3313 959 3349 dubitabis:
984 3325 1021 3349 ut
1043 3313 1103 3350 du-

92 3356 214 3390 bitares
236 3356 271 3388 in
295 3356 401 3398 prima
424 3365 577 3397 quoque,
598 3356 622 3391 si
641 3359 832 3402 ¹palpitatio
876 3357 1068 3402 praeceffiffet
1091 3374 1102 3398 ς

91 3409 159 3433 erat
182 3399 269 3446 enim
292 3399 496 3432 Pulmonaris
520 3402 635 3434 arteria
659 3402 811 3436 nonnihil
845 3403 1070 3445 cartilaginosa
1091 3426 1102 3442 ‚

92 3447 126 3477 δι
149 3454 207 3488 cor
228 3442 311 3484 justo
333 3441 507 3486 grandius,
531 3452 568 3476 ut
591 3445 670 3478 alibi
718 3451 730 3488 (
753 3447 805 3487 d)
853 3447 1069 3481 indicavimus
1092 3459 1104 3485 3

92 3484 310 3530 praecesserant
334 3495 440 3521 autern
462 3485 654 3523 diuturnum
689 3488 809 3525 asthma
830 3512 840 3528 ‚
885 3492 919 3524 &
964 3490 1109 3525 thoracis

2000 244 2102 295 ²39

1161 302 1331 346 hydrops.-
1354 311 1393 342 >ut
1416 305 1450 338 in
1474 303 1598 340 duabus
1623 305 1750 339 Bertini
1767 305 1945 340 :anxietates
1960 329 1973 346 ,
1995 307 2095 343 animi
2117 306 2174 343 d-e..

1167 348 1269 390 lli-quia
1280 370 1293 388 ‚
1316 349 1348 380 &
1373 348 1571 385 omnimodae
1596 347 1745 391 pulsuum
1766 349 2019 391 inaequalitates.
2053 351 2175 388 Pariter

1166 392 1205 426 de
1229 390 1282 428 sex
1304 390 1372 423 illis
1394 392 1583 434 Anglorum
1606 391 1750 426 historiis
1772 392 1889 427 ultima
1927 396 1941 431 (
1963 403 1978 426 e
1999 394 2013 430 )
2045 391 2175 428 dumta-

1163 443 1220 469 xat
1243 433 1494 477 palpitationem
1516 436 1671 479 proponit
1692 435 1882 475 notamen,
1904 445 1942 471 ut
1962 436 2003 471 ab
2027 437 2111 470 arcta
2122 448 2178 480 pe.

1164 477 1297 513 ricardii
1321 476 1360 511 ad
1383 479 1566 512 universum
1587 490 1645 512 cor
1667 479 1845 515 adhaefione
1880 489 2041 523 repetatur
2067 491 2080 519 5
2110 492 2173 524 qua

1165 521 1204 558 de
1228 532 1260 555 re
1285 521 1354 564 post
1375 525 1390 561 <
1405 519 1435 564 f
1447 525 1463 562 )
1484 521 1796 564 videbimus;.ce1·te
1818 523 1909 563 haec,
1933 523 2056 566 aliaque
2090 535 2176 567 prae-

1166 575 1215 602 ter
1238 574 1470 605 naturam‚1ut
1494 577 1609 609 magna
1632 568 1666 600 in
1688 568 1806 610 primis
1838 565 2035 601 finistrarum
2064 567 2174 602 cordis

1166 620 1330 644 cavearum
1355 607 1511 646 dilatatio
1527 633 1540 649 ,
1556 621 1631 644 non
1653 610 1804 645 deerant.
1829 610 1957 652 Qarta
1972 619 2087 645 ‚autern
2106 635 2117 652 ,
2140 614 2174 648 &

1165 653 1296 696 quincta
1320 652 1366 685 nil
1390 652 1479 686 aliud
1501 664 1598 696 quam
1620 653 1830 704 hydropem,
1853 656 1885 687 δε
1908 652 2027 687 asthma
2037 666 2178 688 comme-

1148 731 1152 736 ,
1168 705 1296 735 morant
1315 708 1324 728 .-
1347 704 1471 733 caeterae
1489 696 1604 739 ,pulsus
1617 699 1894 737 intermittentes,
1916 699 1949 730 &
1962 691 2094 738 secunda
2105 699 2180 732 bre-

1166 739 1321 782 viffinia-rn
1364 747 1514 782 praeterea
1555 739 1819 784 respirationem,
1843 741 1951 774 minus
1972 740 2184 778 commodum

1169 781 1361 824 decubitum
1384 807 1395 824 ‚
1439 782 1564 821 sensum
1585 784 1747 828 quendam
1770 785 1808 819 ad
1831 795 1888 818 cor
1909 784 2079 823 molestum
2093 808 2113 822 x‚
2144 789 2179 821 δι

1149 828 1268 865 ‚animi
1293 826 1392 860 refert
1414 825 1630 866 defectiones3
1655 837 1692 862 ut
1716 829 1989 872 palpitationem,
2011 827 2155 863 fifuiffet
2167 853 2181 870 ,

1164 881 1229 904 non
1252 870 1416 906 videretur
1439 869 1610 906 omiffura.
1634 872 1731 905 Hanc
1753 883 1854 917 neque
1876 870 2063 915 Ruyschius
2094 876 2108 912 (
2127 884 2150 917 g
2171 877 2186 913 )

1164 915 1347 948 nominavit
1370 939 1382 956 ‚
1414 925 1487 950 cum
1512 914 1702 958 asphyxiam
1726 926 1792 950 non
1817 916 1940 956 modo,
1962 919 1996 949 &
2026 915 2181 960 lipothy-

1165 960 1269 998 enias,
1291 970 1363 1001 quae
1388 960 1542 993 eXtremis
1564 959 1701 999 diebus,
1724 959 1775 993 sed
1798 960 1896 993 etiam
1920 958 2067 1001 asthma,
2087 959 2179 1004 quod

1161 1003 1218 1037 diu
1245 1011 1319 1037 ante
1341 1001 1471 1043 fuerat,
1493 1013 1557 1035 non
1581 1004 1868 1046 praetermitteret.-
1893 1001 2069 1046 consulto,
2091 1015 2182 1040 anex

1162 1045 1355 1085 oblivione,
1377 1045 1497 1079 viderit
1514 1046 1578 1087 qui
1603 1046 1783 1083 Blancardo
1804 1047 1929 1089 magis,
1952 1058 2050 1090 quam
2081 1046 2141 1091 ipsi
2163 1071 2178 1088 ,

1163 1088 1293 1126 credat3
1317 1088 1386 1123 haec
1409 1090 1496 1123 enim
1519 1089 1576 1122 illa
1600 1088 1749 1122 diffeffio
1771 1089 1814 1124 est
1835 1114 1846 1130 ,
1877 1090 1931 1124 cui
1974 1089 2181 1134 Ruyschium

1164 1130 1344 1169 interfuisse
1367 1131 1540 1166 dumtaxat
1556 1155 1566 1170 ,
1589 1131 1611 1165 fi
1636 1133 1766 1175 Superis
1791 1134 1920 1176 placet,
1942 1141 1979 1166 ut
2002 1135 2104 1169 initio
2125 1134 2180 1169 rest

1166 1178 1292 1213 di&um
1316 1178 1330 1215 (
1352 1175 1374 1209 h
1395 1180 1432 1216 ),
1454 1175 1650 1219 significavit
1664 1200 1672 1207 .
1697 1176 1744 1209 At
1767 1175 1790 1209 fi
1814 1177 1864 1210 illi
1886 1175 2047 1212 credimus
2065 1202 2074 1216 ‚
2111 1179 2181 1221 pal-

1160 1223 1355 1265 pitationem
1378 1219 1540 1257 interdum
1565 1230 1629 1252 non
1653 1218 1787 1254 defuisse
1805 1231 1819 1260 ,·
1852 1219 2018 1255 credamus
2050 1233 2181 1265 quoque

1160 1263 1278 1299 necesse
1302 1262 1446 1304 est‚vcor
1469 1262 1560 1298 fuiffe
1585 1262 1687 1306 duplo
1709 1262 1836 1305 majus,
1858 1275 1955 1307 quam
1977 1264 2100 1301 soleat:
2123 1276 2182 1301 cu-

1160 1308 1209 1353 jus
1233 1307 1349 1341 sinistri
1374 1306 1548 1342 ventriculi
1581 1305 1735 1341 dilatatio
1765 1319 1840 1342 cum
1878 1308 1953 1344 aliis,
1981 1320 2054 1351 quae
2088 1317 2180 1343 erant

1159 1361 1275 1396 praeter
1298 1360 1470 1392 naturam,
1493 1352 1529 1385 in
1553 1350 1711 1394 plerisque
1734 1350 1805 1385 sane
1827 1362 1933 1387 earum
1968 1352 2183 1388 Observatio-

1158 1408 1236 1430 num
1259 1396 1485 1437 proponitur,
1502 1405 1580 1437 quas
1602 1393 1703 1428 modo
1726 1407 1765 1428 ex
1789 1395 1909 1437 Anglis
1932 1395 2143 1433 laudabamus
2167 1420 2178 1429 .

1156 1441 1220 1478 Illa
1242 1439 1375 1483 quidem
1398 1450 1497 1481 quam
1519 1446 1612 1473 antea
1655 1437 1799 1473 ediderat
1844 1440 2012 1482 Raygerus
2057 1443 2073 1480 (
2096 1441 2109 1474 ι’
2129 1444 2144 1481 )
2161 1463 2184 1481 a

1158 1484 1306 1517 omnium
1328 1484 1463 1516 minime
1486 1482 1614 1516 videtur
1637 1492 1745 1524 patere
1769 1482 1952 1517 istiusmodi
1976 1484 2185 1527 exceptioni·-

1157 1527 1217 1561 bus
1231 1550 1240 1565 ‚
1264 1536 1342 1560 curn
1364 1526 1398 1560 in
1421 1534 1489 1561 toro
1512 1535 1637 1568 corpore
1660 1525 1742 1559 nihil
1765 1524 1940 1568 morbosum
1953 1550 1965 1567 ,
1988 1526 2184 1569 nifastem&

1157 1570 1353 1605 ternam-sale
1377 1578 1537 1613 repertum
1561 1568 1741 1609 scribatur,
1763 1568 1822 1610 nzfi
1844 1570 1924 1611 quod
1946 1577 2012 1604 tres
2034 1569 2176 1605 vacuulae

1150 1613 1362 1658 semilunares
1376 1636 1388 1653 ,
1411 1613 1451 1646 ad
1459 1612 1596 1650 *arteriae
1617 1622 1738 1655 magnae
1761 1623 1800 1646 ex
1816 1612 1939 1654 fimstro
1962 1612 2065 1646 cordis
2094 1624 2180 1647 aven-2r

1156 1657 1274 1692 triculo
1318 1656 1465 1701 egreffum
1502 1655 1573 1698 fitae
1607 1653 1688 1698 offeae
1701 1654 1850 1698 fuerint.
1876 1657 1910 1688 Si
1935 1665 2044 1691 tamen
2066 1658 2180 1692 omnia

1155 1713 1227 1744 quae
1252 1699 1290 1735 de
1314 1711 1352 1733 eo
1375 1699 1508 1733 homine
1533 1699 1720 1733 indicantur
1734 1723 1746 1740 ,
1768 1698 1959 1742 diligentius
1982 1700 2153 1744 perpendas
2166 1712 2184 1741 3,

1157 1746 1239 1780 nulli
1264 1743 1479 1779 incommodo
1501 1743 1685 1779 obnoxium
1709 1741 1827 1782 fuisse,
1846 1742 1982 1779 ,fortasse
2005 1745 2184 1779 arbitrabe—

1156 1792 1201 1823 ris
1246 1788 1349 1822 donec
1394 1788 1559 1830 repentina
1593 1797 1723 1826 morte,
1744 1798 1943 1830 quaecunque
1967 1786 2065 1831 hujus
2086 1785 2182 1827 causa

1156 1833 1282 1871 fuerit,
1306 1831 1450 1865 sublatus
1473 1830 1516 1864 est
1541 1857 1549 1865 .
1687 1832 1813 1865 Verum
1835 1842 1911 1865 cum
1935 1831 2002 1865 illae
2035 1843 2106 1875 quae
2124 1844 2180 1874 ‚ex

1155 1877 1229 1913 aliis
1254 1876 1401 1909 Patrium
1423 1873 1608 1916 conjunetis
1633 1874 1815 1910 laefionibus
1849 1876 2056 1918 exceptiones
2088 1885 2181 1920 repe-

1156 1929 1293 1958 tuntur,
1318 1919 1367 1953 ibi
1393 1919 1493 1960 magis
1517 1919 1629 1952 locum
1654 1917 1769 1955 habere
1793 1917 1931 1961 poffint,
1966 1919 2024 1954 ubi
2060 1917 2184 1963 quaeriss,

1156 1974 1236 2006 tur,
1257 1975 1328 2006 quae
1354 1963 1585 2005 palpitationis
1608 1962 1701 1996 causa
1724 1961 1851 2003 fuerit,
1873 1974 1973 2006 quarn
1996 1963 2052 1998 ubi
2084 1975 2179 2007 ¹quae-

1156 2009 1242 2043 ritur
1261 2033 1270 2048 ‚
1294 2018 1351 2042 cur
1376 2017 1439 2041 non
1462 2005 1586 2045 fuerit,-
1613 2018 1671 2039 nos
1693 2007 1918 2048 exceptiones,
1941 2018 2024 2050 quas
2044 2006 2178 2043 subinde

1155 2052 1393 2091 indicavimus,
1417 2062 1455 2083 eo
1479 2050 1636 2084 servantes
1660 2050 1715 2084 ubi
1739 2048 1779 2083 de
1803 2049 1955 2093 pulsuum
1978 2051 2069 2087 vitiis
2084 2064 2185 2095 ‚quae

1155 2096 1248 2130 fimul
1274 2093 1434 2134 aderant,
1457 2094 1550 2132 verba
1576 2093 1731 2128 faciemus
1753 2093 1808 2137 (lz
1829 2098 1862 2134 )=
1890 2096 1958 2129 illis
1982 2094 2191 2134 hicutemur*

1156 2138 1459 2172 Observationibus
1473 2138 1507 2171 in
1530 2138 1646 2181 quibus
1669 2149 1744 2173 cum
1766 2138 1883 2172 Aortae
1904 2139 2039 2178 valvulae
2062 2139 2188 2182 rigidae

1157 2180 1279 2221 essent,
1302 2191 1399 2224 atque
1419 2181 1604 2222 inflexiles,
1628 2182 1803 2224 palpitatio
1826 2190 1934 2217 tamen
1957 2183 2046 2217 nulla
2078 2195 2175 2218 com-

1157 2234 1379 2259 memoratur:
1403 2224 1491 2267 quod
1515 2226 1642 2260 incuria
1667 2235 1817 2266 tanturn,
1848 2234 1903 2260 aut
1935 2226 2103 2261 oblivione
2141 2229 2180 2263 in

1159 2269 1227 2303 illis
1249 2268 1414 2306 omnibus,
1430 2267 1618 2312 acccidiffe,
1641 2270 1706 2302 veri
1733 2269 1836 2305 simile
1859 2280 1925 2304 non
1935 2270 2065 2305 videtur
2072 2282 2183 2314 ,praev

1161 2313 1273 2347 sertim
1294 2323 1368 2346 cum
1390 2310 1426 2345 id
1449 2320 1534 2345 certe
1559 2311 1642 2345 mihi
1666 2323 1731 2346 non
1755 2311 1936 2355 acciderit,
1971 2314 2066 2349 sicuti
2099 2316 2184 2353 rese-2

1160 2357 1222 2390 &cis
1245 2354 1438 2399 quibusdam
1462 2366 1570 2389 earum
1594 2367 1671 2398 quas
1695 2357 1773 2391 alias
1806 2357 1948 2395 misimus
1972 2384 1983 2401 ,
2028 2358 2184 2397 historia-l

1159 2410 1232 2434 rum
1256 2398 1351 2433 facile
1373 2399 1565 2442 cognosces.
1592 2399 1681 2435 Vide
1703 2402 1813 2441 enim,
1839 2412 1875 2436 ut
1898 2403 1933 2435 in
1957 2405 2073 2440 Sutore
2095 2407 2110 2446 (
2130 2406 2144 2441 l
2161 2408 2183 2449 )

1159 2441 1257 2477 essent
1279 2455 1323 2477 eae
1346 2443 1482 2476 valvulae
1507 2444 1540 2475 in
1565 2442 1593 2475 se
1616 2446 1815 2487 contrastae,
1836 2445 2013 2490 subrigidae
2024 2473 2038 2490 ,
2083 2459 2179 2495 atque

1158 2486 1374 2525 duriusculae‚·
1395 2497 1560 2528 nunquam
1583 2495 1713 2528 tamen,
1736 2500 1811 2522 curn
1834 2489 1873 2523 de
1896 2500 1949 2526 tot
1973 2493 2045 2527 aliis
2067 2506 2180 2538 quere-

1158 2540 1268 2569 retur,
1294 2529 1333 2563 de
1357 2529 1572 2572 palpitatione
1595 2531 1800 2575 conquestum
1824 2532 1940 2576 fuisse,
1961 2539 2090 2581 accepi.
2115 2538 2180 2574 At*-

1160 2585 1222 2616 que
1243 2586 1254 2613 5
1301 2582 1337 2607 ut
1361 2574 1477 2610 Anum
1497 2573 1660 2621 quandam
1684 2575 1751 2617 (m
1775 2580 1790 2617 )
1812 2580 1987 2622 omittam,
2009 2594 2080 2626 quae
2103 2595 2179 2619 cum

1157 2620 1319 2658 Aortam,
1342 2618 1375 2649 &
1401 2627 1499 2651 unam
1521 2630 1536 2650 e
1553 2629 1586 2651 us
1611 2618 1810 2656 valvularurn
1833 2621 1875 2657 {ic
1897 2622 1999 2659 ferme
2021 2626 2177 2665 constitu.

1158 2671 1207 2695 tas
1231 2660 1381 2699 haberet,
1406 2669 1443 2694 ut
1467 2673 1501 2695 ea
1539 2663 1661 2696 oemina
1683 2666 1703 2704 (,
1720 2674 1740 2696 n
1762 2668 1797 2705 )‚
1821 2677 1838 2698 a
1860 2678 1923 2710 qua
1945 2670 1980 2702 in
2004 2668 2090 2704 hunc
2112 2671 2176 2706 ser-

1156 2716 1288 2739 monem
1314 2703 1517 2748 ingrediendi
1541 2704 1665 2741 occasio
1688 2706 1760 2741 data
1782 2708 1848 2750 est,
1872 2710 2031 2748 similibus
2064 2706 2173 2750 tamen

1156 2745 1398 2785 Affeffionibus
1421 2750 1556 2782 minime
1578 2750 1749 2784 vexabatur
1763 2763 1774 2790 3
1800 2754 1893 2787 Senes
1925 2756 1990 2790 tibi
2018 2757 2173 2802 descripsi

1155 2792 1239 2827 duos
1261 2796 1275 2832 (
1298 2804 1314 2826 ο
1338 2796 1374 2834 ),
1396 2804 1535 2836 quorum
1559 2794 1769 2828 incommoda
1793 2800 1902 2831 omnia
1925 2811 2000 2834 cum
2032 2800 2174 2845 diligem,

1155 2838 1222 2871 tius
1245 2835 1421 2870 sciscitarer
1438 2859 1451 2876 ,
1475 2837 1513 2871 de
1536 2837 1644 2870 cordis
1668 2838 1938 2880 palpitationibus
1961 2842 2046 2878 nihil
2078 2845 2174 2881 audi-

1155 2881 1214 2921 vi,
1240 2880 1348 2923 pulsus
1369 2890 1498 2921 autem,
1522 2889 1557 2914 ut
1581 2881 1615 2913 in
1631 2881 1747 2914 Sutore
1772 2894 1921 2927 quoque,
1944 2898 2020 2922 nam
2043 2887 2082 2923 de
2092 2890 2173 2924 Anu

1155 2935 1214 2966 pro
1236 2933 1326 2957 certo
1353 2935 1417 2957 non
1442 2924 1601 2962 memini3
1624 2933 1700 2958 tunc
1723 2926 1920 2967 potiffimum
1940 2932 2098 2967 cumsunt
2116 2943 2172 2968 ,at->

1154 2967 1331 3008 tendendi,
1355 2967 1389 3000 id
1413 2967 1455 3001 est
1478 2977 1566 3001 extra
1589 2967 1824 3010 lipothymias‚
1847 2975 1878 3005 δι
1902 2977 2087 3016 graviorem
2121 2978 2172 3011 ἱρὰ,

1151 3011 1241 3045 brem
1257 3034 1266 3048 ‚
1289 3023 1353 3044 non
1377 3009 1601 3052 intermisisse,
1623 3022 1829 3055 compertum
1850 3015 1974 3052 habui:
2002 3022 2036 3054 δε
2058 3030 2168 3055 tamen

1151 3054 1317 3098 utriusque
1341 3056 1428 3087 Senis
1449 3056 1573 3097 Magna
1597 3058 1711 3090 arteria
1731 3056 1825 3092 osseis
1848 3060 1936 3095 intus
1946 3062 2076 3098 laminis
2088 3075 2172 3107 prae-

1150 3099 1221 3133 dita
1238 3121 1247 3137 ,
1270 3098 1415 3145 valvulas
1439 3098 1579 3133 ostendit
1603 3102 1637 3133 in
1661 3101 1767 3134 altero
1791 3101 1847 3136 hic
1870 3105 1942 3138 iflic
1965 3106 2060 3141 duras
2089 3133 2100 3149 ‚
2133 3103 2169 3146 ‘m

1150 3143 1253 3177 altero
1275 3153 1340 3184 jam
1363 3142 1490 3184 prorsus
1515 3142 1629 3185 osseas,
1649 3144 1832 3186 inflexiles,
1855 3150 1889 3181 δε
1911 3149 1968 3183 suo
1990 3151 2072 3193 ipsas
2095 3163 2171 3185 cor-

1151 3198 1229 3230 pore
1252 3185 1340 3229 quod
1364 3185 1402 3219 ab
1423 3184 1545 3219 orificii
1568 3189 1743 3230 parietibus
1775 3189 1912 3225 distabat
1935 3214 1946 3230 ,
1985 3194 2168 3230 introrsum

1152 3230 1418 3274 protuberantes,
1439 3230 1637 3272 corpusculis
1659 3235 1757 3266 etiam
1780 3244 1851 3275 quae
1873 3237 1907 3268 in
1929 3237 2042 3271 medio
2062 3238 2169 3274 limbo

1152 3275 1248 3314 sunt,
1269 3271 1361 3307 osseis
1377 3299 1385 3312 ,
1409 3275 1441 3306 δε
1464 3275 1548 3308 mole
1573 3276 1695 3310 auRis:
1727 3286 1880 3320 erantque
1911 3288 2064 3322 praeterea
2096 3281 2169 3318 Mi..-

1152 3319 1249 3351 trales
1271 3317 1406 3351 valvulae
1429 3319 1464 3350 in
1488 3318 1552 3352 hoc
1576 3319 1758 3359 crassiores,
1783 3321 1819 3353 in
1842 3322 1990 3357 illo.non
2015 3324 2103 3359 secus
2127 3338 2165 3360 ac

1154 3361 1384 3400 Semilunares,
1410 3360 1463 3394 hic
1486 3362 1557 3395 illic
1580 3363 1688 3397 durae.
1816 3364 1879 3399 Sed
1897 3367 1935 3400 ’ὃς
1958 3368 2031 3402 aliae
2054 3380 2171 3412 praeter

1155 3408 1227 3483 illas
1242 3428 1250 3442 ,
1274 3403 1358 3482 {nihi
1382 3404 1453 3439 sunt
1478 3406 1755 3447 Observationes,
1777 3418 1886 3443 earum
1900 3421 1975 3444 non
1986 3410 2168 3456 absimiles,

1158 3461 1194 3484 ve
1211 3460 1248 3483 ut
1284 3459 1362 3481 iaec.
1411 3477 1414 3480 ,
1864 3477 1867 3480 .

1207 3504 1255 3527 11.
1277 3493 1427 3528 ANUM
1448 3493 1643 3538 decrepitam
1665 3504 1843 3537 gangraenae
1856 3518 1870 3536 ‚
1891 3508 1963 3541 quae
1984 3498 2057 3542 post
2079 3499 2170 3545 supe-

2018 3551 2127 3578 ratum

98 3623 2164 3644 Μὴ,-

154 3695 170 3719 (
184 3698 200 3720 q
216 3689 232 3719 )
247 3688 337 3727 Traite‘
353 3691 385 3715 du
402 3693 482 3717 Coeur
497 3691 535 3716 eh.
552 3696 590 3719 16.
653 3691 663 3722 (
681 3701 693 3717 r
709 3692 718 3724 )
735 3693 793 3719 obs.
811 3702 848 3725 35.
909 3696 924 3725 (
936 3695 976 3727 s)
1005 3694 1067 3724 ΟΜ.
1086 3701 1123 3724 13-
1183 3695 1198 3725 (
1212 3702 1223 3720 ἰ
1239 3696 1254 3725 )
1272 3698 1329 3721 Dec·
1348 3702 1370 3719 1·
1389 3698 1417 3719 Α.
1436 3704 1457 3726 3-
1477 3696 1537 3721 Obs.
1555 3699 1610 3722 282.
1673 3699 1688 3729 (
1702 3707 1718 3722 u
1732 3699 1748 3729 )
1763 3700 1822 3725 obs.
1839 3703 1872 3730 69
1940 3701 1955 3731 ζ
1971 3702 2013 3732 x)
2032 3703 2077 3732 Fig
2105 3713 2135 3736 57

153 3722 171 3752 (
182 3728 201 3752 y
219 3724 228 3751 )
245 3722 332 3756 Saggm
346 3722 410 3747 delle
425 3723 544 3748 Transaz.
561 3723 669 3749 tradotte
683 3724 722 3749 dal
737 3725 843 3750 Derham
858 3727 936 3751 Tum.
951 3735 975 3751 2.
997 3727 1023 3751 P.
1040 3733 1063 3751 2.
1080 3733 1102 3750 c.
1119 3734 1142 3755 3.
1159 3726 1183 3757 §.
1198 3736 1223 3756 ⁷·
1240 3730 1265 3752 8.·
1280 3736 1302 3754 9.
1321 3733 1356 3755 ¹3·
1373 3726 1397 3750 δε
1413 3727 1468 3755 Ρίκ-
1483 3728 1554 3752 Tab:
1566 3738 1586 3758 5.
1648 3730 1663 3759 (
1677 3739 1697 3759 z
1712 3731 1726 3759 )
1741 3732 1797 3756 Aet.
1813 3733 1848 3756 N.
1865 3733 1886 3756 C
1911 3733 1989 3758 Tom.
2003 3742 2026 3759 ι.
2043 3735 2098 3761 Qbs
2115 3737 2150 3765 78²

153 3756 163 3783 (
180 3760 195 3775 a
206 3751 221 3781 )
238 3754 328 3783 Quaest.
345 3755 416 3789 Med.
432 3762 463 3778 an
479 3754 548 3779 eausa
564 3761 626 3780 mot.
642 3755 728 3780 altern.
745 3757 813 3781 cord.
830 3757 939 3787 multipl.
956 3766 981 3783 n.
999 3766 1022 3788 3.
1087 3757 1102 3787 (
1116 3758 1131 3781 b
1148 3758 1158 3787 )
1173 3759 1264 3787 opusc.
1282 3757 1412 3786 Patholog.
1428 3758 1489 3785 ΟΜ.
1508 3767 1543 3790 5²·
1606 3760 1618 3784 (
1633 3766 1644 3782 c
1660 3761 1674 3790 )
1692 3769 1719 3786 n.
1738 3770 1764 3787 ιε
1828 3765 1836 3792 (
1854 3762 1871 3786 d
1886 3767 1897 3790 >
1915 3759 1989 3793 Epist.
2004 3766 2042 3790 18.
2059 3774 2083 3791 n.
2100 3775 2118 3796 4

154 3785 170 3814 (
185 3792 196 3806 e
212 3783 226 3812 2
258 3791 280 3808 c.
300 3793 334 3819 3.
364 3791 408 3810 cit.
444 3785 469 3815 §.
502 3793 540 3816 13.
603 3786 672 3816 (f)
704 3794 733 3822 n..
762 3795 799 3816 17.
831 3790 854 3813 διε
886 3788 949 3818 seqq.
1011 3789 1026 3817 (
1039 3796 1059 3819 g
1074 3789 1089 3818 2
1120 3789 1161 3814 cit.
1195 3790 1263 3820 supra
1281 3807 1287 3819 ,
1319 3789 1348 3813 ad
1382 3797 1406 3813 n.
1440 3797 1462 3819 9.
1522 3792 1536 3820 (
1553 3790 1596 3819 h)
1628 3797 1652 3815 n.
1685 3801 1704 3818 ι.
1766 3794 1781 3823 (
1795 3794 1834 3825 ἑ)
1866 3793 1933 3824 supra
1961 3803 1992 3820 fn.
2025 3805 2047 3827 9.

156 3816 172 3844 (
187 3813 204 3837 k
219 3819 228 3840 )
261 3816 334 3848 Epist.
364 3824 401 3845 24.
434 3824 459 3840 n.
492 3824 541 3851 ιι..
590 3815 600 3845 (
617 3817 627 3841 l
643 3816 657 3845 )
688 3817 764 3847 Epist.
797 3820 834 3844 18.
868 3827 892 3844 n.
924 3827 948 3844 2.
1010 3821 1025 3850 (
1040 3828 1064 3843 m
1079 3821 1095 3849 )
1124 3820 1198 3851 Epist.
1231 3829 1268 3851 19.
1301 3831 1325 3846 n.
1357 3829 1396 3851 49.
1456 3825 1470 3853 (
1485 3832 1503 3848 n
1521 3824 1536 3853 )
1567 3825 1635 3854 supra
1667 3832 1694 3849 n,
1723 3825 1746 3848 8.

159 3848 173 3873 (
186 3852 199 3868 a
214 3843 224 3876 )
243 3846 316 3875 Epist.
332 3856 356 3877 7.
375 3857 400 3873 n.
418 3855 440 3877 9.
458 3847 481 3872 ἃ
497 3847 571 3878 Epist.
590 3855 629 3872 21.
648 3856 674 3873 n.
694 3857 731 3880 ις,
