2498 4075
495 245 651 313 Epist.-
688 247 850 298 Anat.
885 245 1101 301 Medica
1136 243 1309 298 XVII.
1349 244 1465 297 Art.
1508 261 1585 309 31.
1622 244 1676 296 &
1697 258 1775 310 32-

114 326 308 360 occurrendo
331 328 584 363 incrementum,
608 323 866 372 progressumque
889 328 1095 369 interciperet
1109 349 1118 358 .

117 369 317 403 Occurrendi
344 373 429 405 ratio
453 372 508 405 illa
532 369 574 403 est
597 368 636 400 ab
658 368 1017 411 ejusstudiorumsocio
1029 371 1119 412 Hip-

116 411 236 453 polyto
259 415 427 449 Francisco
450 414 626 449 Albertino
658 414 671 450 (
694 413 706 445 i
730 416 741 450 )
774 414 905 456 vulgata
928 425 935 446 ;
970 425 1065 456 quam
1097 412 1120 445 si

117 454 318 496 perlegeris;
351 460 512 492 continuo
545 465 670 489 mecum
703 455 900 490 existimabis
921 481 930 497 ‚
962 458 1122 490 neminem

117 498 216 544 alium
240 498 334 533 facile
359 500 495 535 extitisse
518 502 574 543 qui
599 506 665 532 tam
689 499 789 533 severa
813 500 985 544 diligentia
1007 510 1123 533 execu-

116 549 168 574 tus
192 542 230 574 sit
255 543 345 586 quod
369 547 589 587 Hippocrates
612 546 627 582 (
648 543 666 584 l<
687 546 702 583 )
724 544 805 575 olim
828 545 863 577 in
887 554 1038 577 venarum
1072 544 1123 576 in-

114 591 276 619 ternarum
299 588 478 627 varicibus,
500 586 539 620 de
561 588 679 631 quibus
704 585 793 628 supra
816 590 829 626 (
852 587 864 620 l
885 587 897 626 ')
921 586 1046 620 dietum
1057 585 1123 625 est,

115 627 148 660 in
175 628 258 662 hunc
283 632 416 665 modum
442 640 660 674 praeceperat.-
684 631 827 665 conducit
850 638 956 664 autem
980 629 1121 668 talibus,

108 671 138 714 fi
160 671 199 704 ab
223 673 315 707 initio
339 676 489 708 curandos
505 673 654 717 suscipies
676 698 688 713 ,
725 681 762 706 ut
786 675 828 706 Θ·
850 685 932 707 vente
954 673 989 706 de
1022 673 1123 706 mani-

112 714 171 747 bus
187 714 372 758 sanguinem
397 720 573 758 emittant,
595 720 637 752 &⁶
661 719 751 752 diam
776 728 791 751 e
814 727 874 758 qua
897 727 989 758 quam
1015 715 1122 757 sicces·

105 757 227 799 fimus,
252 759 294 792 Θ
316 759 553 804 exan'rueffimus
572 761 654 804 fiat.
680 760 739 794 Sed
763 769 860 793 tantae
882 759 1043 792 severitati
1067 769 1123 801 par

112 801 240 835 utilitas
276 804 387 847 respon
413 806 466 837 it.
502 806 590 839 Nam
613 803 701 847 quod
727 804 945 846 Hippocrates
969 802 1121 845 subjecit:

107 843 137 887 fi
173 853 323 880 curentur
354 848 525 891 incipiente
557 847 663 883 morbo
684 871 697 888 ,
729 847 837 889 rursus
870 847 902 879 in
936 846 1003 878 loco
1036 856 1120 879 venae

110 887 273 929 confidunt
307 892 347 924 ad
378 892 465 925 latus
491 918 499 932 ,
532 890 722 934 humilesque
748 889 834 933 fiunt'
858 913 866 926 ,
901 888 985 923 idem
1030 899 1120 931 pror-

110 930 159 963 sus
193 931 232 963 ab
270 935 380 968 eadem
420 937 586 969 curatione
617 958 637 975 „
672 937 705 968 in
750 944 895 976 tempore
940 931 1086 965 adhibita
1108 954 1122 972 ,

110 973 186 1017 ipsis
221 987 347 1021 quoque
382 979 500 1013 accidit
533 980 658 1013 arteriis
682 1004 689 1012 .
724 979 840 1019 Neque
873 976 938 1009 ho‘c
970 976 1121 1008 Valsalva

110 1029 149 1050 ex
182 1019 375 1060 pulsationis
412 1023 579 1057 dumtaxat
612 1042 622 1060 >
664 1029 913 1062 caeterorumque
959 1017 1121 1061 signorum

103 1060 289 1097 rdisceffione
312 1067 497 1107 intellexit,
519 1078 590 1110 quae
615 1063 796 1107 aneurysma
829 1062 985 1106 incipiens
1018 1063 1121 1096 comi-

109 1114 253 1146 tantur;
285 1107 337 1142 sed
370 1113 402 1144 ἅς
434 1109 508 1153 ipsis
542 1110 645 1144 oculis
677 1108 841 1151 usurpavit
866 1131 874 1139 .
907 1107 994 1139 Cum
1032 1108 1119 1139 enim

110 1149 174 1181 Vir
206 1150 342 1186 Nobilis
361 1177 374 1194 ,
404 1166 498 1196 quem
534 1154 576 1186 sic
609 1152 829 1195 persana'verat
852 1174 865 1191 ,
899 1161 937 1183 ex
971 1150 1037 1182 alio
1061 1161 1118 1191 po-

107 1192 170 1225 stea
204 1196 320 1229 morbo
353 1196 438 1230 forte
471 1196 671 1237 interiisset‚·
704 1195 876 1234 arteriam,
899 1194 932 1226 in
953 1205 1015 1236 qua
1037 1194 1118 1226 olim

108 1238 337 1280 aneurysmatis
368 1241 501 1275 initium
538 1240 643 1274 fuerat
666 1263 674 1278 ‚
710 1238 913 1273 cono-aetam
937 1236 1041 1270 rursus
1077 1237 1118 1270 ad

107 1282 286 1315 naturalem
310 1283 466 1322 modum,
490 1284 541 1318 sed
565 1282 649 1328 quasi
674 1282 826 1316 callosam
850 1292 889 1313 eo
920 1280 996 1313 loco
1018 1305 1031 1321 ,
1065 1280 1118 1313 de-

105 1324 299 1365 prehendit.
324 1328 402 1361 Hoc
424 1327 553 1371 quidem
576 1353 588 1368 ,
621 1336 657 1361 ut
691 1327 793 1360 multa
831 1325 893 1358 alia
926 1326 1015 1357 annis
1045 1325 1114 1357 illis

105 1367 338 1411 posterioribus
362 1372 509 1405 Valsalva
532 1371 667 1404 scribere
691 1368 914 1412 praetermisit:
939 1379 1012 1402 curn
1044 1369 1116 1402 aliis

105 1420 213 1445 tamen
236 1416 491 1449 communicavit
512 1439 521 1453 ‚
557 1427 591 1448 ac
615 1415 811 1447 nominatim
842 1423 916 1446 cum
949 1411 1112 1445 Praestanti

104 1454 239 1490 Medico
262 1482 271 1497 ‚
306 1458 515 1502 speetataeque
532 1482 540 1496 ‚
564 1458 660 1501 siquis
684 1457 764 1491 alius
783 1480 796 1498 ,
818 1455 893 1496 fidei
917 1456 1001 1490 Viro
1019 1457 1121 1500 Joan-

105 1509 144 1531 ne
167 1500 319 1534 Antonio
348 1503 514 1535 Stancario
537 1525 549 1542 ,
583 1515 597 1534 a
621 1512 687 1544 quo
711 1500 776 1544 ipse
799 1522 810 1547 ².
845 1511 918 1534 cum
951 1498 994 1532 A.
1025 1500 1118 1541 1728.

102 1543 257 1577 Bononia
280 1543 469 1586 transirem,
493 1545 548 1583 id,
573 1548 604 1578 δε
636 1556 707 1587 quae
741 1543 908 1587 subjiciam
928 1566 941 1583 ‚
976 1545 1084 1585 accepi
1109 1567 1119 1575 .

102 1587 240 1621 ‘Scilicet
266 1586 359 1622 misso
382 1612 396 1629 ,
426 1598 581 1632 quantum
604 1587 777 1629 oportebat
800 1609 811 1624 ,
852 1586 1001 1629 sanguine
1025 1610 1033 1624 ‚
1070 1585 1119 1620 fa-

104 1629 227 1673 ctisque
260 1632 383 1665 caeteris
406 1643 477 1674 quae
501 1631 602 1673 postea
617 1629 741 1672 scripsit
754 1630 965 1669 Albertinus,
987 1629 1116 1669 cibum,

105 1683 287 1717 potumque
313 1674 460 1707 Valsalva
484 1675 609 1717 magis,
632 1673 800 1718 magisque
824 1675 858 1706 in
881 1673 949 1707 dies
972 1672 1116 1716 singulos

103 1717 295 1751 imminuere
319 1717 513 1752 consuevisse
537 1718 631 1761 usque
654 1717 732 1751 dum
763 1729 801 1751 eo
832 1717 1011 1760 perveniret
1036 1739 1045 1753 ‚
1080 1726 1116 1751 ut

102 1761 205 1802 pultis
227 1760 377 1794 selibram
402 1773 491 1794 mane
523 1760 611 1795 daret
631 1784 643 1801 ,
676 1760 802 1804 vespere
837 1770 940 1794 autem
975 1760 1119 1793 dimidio

101 1807 211 1838 minus
233 1827 247 1845 ,
281 1816 383 1848 neque
416 1804 503 1839 aliud
536 1813 688 1849 praeterea
709 1828 723 1846 ,
756 1803 778 1839 fi
800 1816 917 1848 aquarn
942 1806 1081 1848 excipias
1107 1829 1116 1843 ‚

102 1850 137 1881 &
170 1846 252 1881 hanc
284 1860 411 1891 quoque
445 1849 527 1891 intra
565 1857 690 1882 certum
722 1847 847 1890 pondus
870 1872 881 1887 ,
924 1859 1021 1891 quam
1062 1856 1116 1882 aut

100 1891 174 1933 gelu
198 1914 209 1930 ‚
242 1900 278 1926 ut
312 1902 427 1925 vocant
449 1902 460 1934 ‚'
489 1891 730 1935 cydoniorum,
756 1901 810 1925 aut
834 1891 939 1935 lapide
962 1891 1120 1925 osteocol-

101 1935 133 1967 la
153 1957 166 1974 ,
201 1934 381 1968 medicabat
406 1935 438 1968 in
462 1935 677 1969 tenuissimum
702 1935 865 1977 pulverem
887 1936 1114 1969 comminuto.

102 1978 172 2011 Ubi
198 1978 273 2012 satis
297 1990 417 2020 aegrum
443 1979 503 2013 hac
527 1980 651 2012 ratione
676 1978 881 2020 macerasset,
905 1988 940 2013 ut
964 1987 1029 2021 prae
1054 1979 1115 2011 im-

100 2021 281 2056 becillitate
303 2023 358 2056 vix
380 2034 395 2055 e
419 2023 540 2057 leotulo
564 2024 597 2055 in
632 2035 697 2065 quo
719 2047 732 2063 ,
768 2022 839 2066 ipso
872 2024 1078 2065 praecipiente
1103 2046 1117 2062 ,

99 2065 165 2109 jam
187 2065 261 2099 inde
286 2078 302 2098 a
326 2067 491 2109 principio
514 2065 723 2100 decumbebat
739 2092 747 2106 ‚
771 2078 902 2100 manum
942 2065 1115 2099 attollendi

100 2108 291 2143 facultatem
315 2107 467 2149 haberet,
491 2110 648 2152 paulatim
672 2111 705 2143 in
725 2111 796 2144 dies
820 2110 958 2153 singulos
983 2110 1115 2143 alimen-

100 2162 173 2187 tum
199 2152 315 2187 auxisse
340 2175 349 2191 ,
383 2152 485 2186 donec
508 2152 668 2187 rediissent
702 2152 875 2187 necessariae
910 2153 948 2186 ad
985 2152 1115 2194 surgen-

101 2196 179 2232 dum
203 2198 306 2230 vires.
332 2197 411 2229 Hoc
434 2204 541 2229 autem
574 2195 708 2228 addebat
744 2197 923 2229 Stancarius
946 2220 955 2234 ‚
987 2204 1023 2228 ut
1055 2196 1112 2238 qui

100 2240 166 2284 ipse
211 2250 337 2283 quoque
370 2239 531 2281 juniorem
568 2237 765 2284 Monacham
795 2263 808 2280 ‚
845 2237 952 2272 eadem
987 2238 1114 2270 ratione

101 2284 174 2317 usus
199 2307 211 2322 ‚
243 2282 384 2316 feliciter
420 2281 605 2325 pereni-aflet
625 2303 637 2322 ,
672 2281 785 2322 primis
818 2281 885 2314 illis
918 2281 1035 2324 quibus
1068 2280 1111 2314 fic

102 2327 206 2361 curati
240 2326 362 2368 surgere
394 2326 555 2367 incipiunt
581 2348 594 2365 ,
625 2323 735 2359 diebus
772 2325 987 2368 pulsationem
1026 2324 1111 2358 redi-

103 2382 167 2408 τες
215 2368 265 2403 sed
299 2369 411 2402 terreri
447 2380 512 2402 non
547 2377 732 2411 oportere;
765 2381 866 2413 neque
900 2369 986 2402 enim
1020 2369 1110 2402 illam

102 2412 258 2458 perstare,
282 2414 350 2445 imo
372 2412 501 2445 demum
524 2413 661 2444 omnino
683 2413 890 2452 evanescere,
913 2423 1013 2455 neque
1045 2424 1112 2445 am-

103 2458 188 2500 plius
212 2456 350 2495 reverti,
373 2454 430 2487 nisi
455 2454 540 2488 forte
565 2454 712 2489 homines
736 2457 841 2489 nolint
866 2455 893 2489 se
919 2456 1006 2489 intra
1041 2468 1112 2489 mo-

102 2500 224 2534 deratas
247 2498 375 2532 vivendi
401 2499 482 2540 leges
503 2499 668 2532 continere
692 2523 699 2530 .
729 2500 850 2544 Juveni
874 2501 961 2533 enim
983 2502 1113 2534 Dosto-

102 2546 155 2583 ri,
179 2544 235 2586 qui
259 2542 422 2576 id'noluit
445 2564 456 2579 ,
491 2541 604 2575 frustra
629 2555 662 2576 ea
687 2543 818 2578 curandi
843 2555 959 2577 norma
983 2544 1112 2577 Valsal-

100 2599 174 2622 vam
209 2596 298 2620 antea
332 2585 546 2629 pulsationem
579 2585 768 2624 abstulisse;
802 2587 883 2621 hanc
928 2589 1015 2620 enim
1062 2599 1109 2619 rc-

100 2631 219 2663 versam
251 2632 369 2664 iterum
391 2653 403 2670 ,
437 2632 470 2663 &
501 2640 573 2663 cum
605 2642 638 2662 ea
671 2631 817 2665 morbum
854 2630 1020 2664 hominem
1053 2631 1109 2664 de·-

100 2671 388 2717 nique'confeciffe
411 2698 418 2704 .
445 2672 558 2714 Haec,
596 2673 618 2706 si
652 2674 730 2707 velis
752 2698 765 2716 ,
802 2673 938 2717 adjicere
972 2676 1013 2707 iis
1049 2686 1110 2715 po—

101 2720 181 2751 teris
212 2730 283 2760 quae
318 2716 455 2752 tradidit
489 2716 679 2752 Albertinus
702 2741 715 2758 ,
751 2722 782 2751 δε
813 2730 940 2753 mecum
986 2719 1109 2751 interea

102 2760 376 2798 animadvertere,
397 2772 494 2804 quam
518 2761 612 2804 longe
635 2771 652 2793 a
675 2762 834 2796 Valsalvae
857 2764 980 2796 ratione
1002 2786 1014 2802 ,
1048 2763 1107 2805 qui

101 2805 151 2837 vel
177 2816 289 2846 aquam
314 2816 376 2837 non
400 2804 458 2837 nisi
483 2806 567 2837 intra
591 2815 715 2839 certum
751 2805 877 2848 pondus
913 2805 1073 2849 praebebat
1097 2832 1106 2846 ,

100 2860 211 2889 eorum
237 2847 314 2881 absit
338 2846 529 2885 consilium,
554 2849 611 2891 qui
644 2848 960 2890 thermopotatz'oncm
995 2849 1107 2882 eodem

103 2891 226 2925 affcetis
259 2892 375 2925 morbo
408 2892 708 2926 commendarunt:
742 2895 774 2925 &
808 2902 921 2927 contra
952 2916 965 2934 ,
1009 2904 1106 2934 quam

101 2946 200 2979 prope
247 2935 283 2968 ad
333 2935 422 2968 illam
464 2937 589 2969 curatio
638 2936 765 2969 accedat
807 2948 905 2979 quam
939 2936 1108 2970 Bernardi-

101 2990 160 3012 nus
195 2979 308 3021 Genga
356 2983 454 3019 (m)
487 2979 629 3012 feliciter
661 2989 809 3022 expertus
840 2979 943 3014 fuerat
962 3004 971 3019 ,
1003 2980 1107 3024 joan-

102 3034 156 3056 nes
190 3031 293 3055 autem
327 3023 431 3055 Maria
464 3022 626 3057 Lancisius
660 3026 751 3062 (n)
786 3025 904 3056 merito
937 3024 1110 3059 confirma-

103 3067 151 3098 vit
175 3089 188 3105 ‚
222 3065 260 3098 ad
286 3067 445 3099 exteriora
479 3066 700 3109 aneurysrnata
725 3067 762 3100 ab
786 3068 884 3100 initio
920 3067 990 3111 ipso
1022 3080 1111 3102 coer-

102 3109 225 3148 tenda,-
250 3119 285 3143 ut
310 3108 367 3142 nisi
391 3110 632 3151 Hippocrates,
657 3110 931 3153 quemadmodum
956 3111 1046 3154 supra
1061 3115 1111 3146 in-

103 3153 248 3186 dicatum
272 3152 337 3193 est,
360 3153 578 3195 quadantenus
615 3153 882 3196 praemonstrasset
908 3178 920 3195 ,
955 3157 1109 3190 translata

104 3196 170 3237 ipsa
194 3208 248 3238 per
270 3195 453 3229 Valsalvarn
478 3197 516 3230 ab
539 3197 752 3231 exterioribus
776 3198 814 3231 ad
838 3199 993 3232 interiora
1017 3211 1110 3235 aneu-

105 3238 244 3281 rysmata
263 3240 365 3272 videri
390 3239 508 3282 posset⁴

147 3293 200 3326 31.
226 3283 308 3316 Non
334 3284 402 3330 sum
426 3283 570 3323 nescius,
594 3284 663 3318 fore
687 3285 791 3327 plures
807 3308 819 3326 ,
852 3287 969 3329 quibus
1006 3288 1111 3321 multo

104 3328 233 3369 gravior
257 3328 414 3373 Valsalvae
438 3328 704 3371 curatiosxquam
731 3331 1039 3372 anem-ysmasnum‚
1063 3332 1112 3363 vi-

104 3370 216 3405 deatur
240 3382 277 3403 eo
302 3372 483 3414 prcesertim
505 3379 648 3413 tempore
672 3385 739 3415 quo
763 3375 817 3406 illa
843 3373 900 3407 esse
924 3375 1016 3408 utilis
1039 3375 1113 3416 pos-

95 3413 172 3452 ¹set3
195 3415 275 3447 levia
301 3417 387 3448 enim
412 3424 488 3448 tunc
511 3415 734 3454 incommoda,
762 3428 859 3460 neque
881 3419 997 3452 instans
1009 3417 1113 3452 adhuc

106 3458 291 3504 periculum
308 3459 364 3492 sibi
387 3469 490 3502 aegros
514 3459 547 3490 in
570 3459 707 3498 morbo,
731 3472 826 3504 quem
864 3472 928 3494 non
962 3462 1075 3496 vident
1099 3487 1111 3503 ,

105 3502 246 3534 blandiri
270 3501 375 3537 sinunt
392 3528 400 3543 ‚
426 3505 522 3545 longe
546 3502 637 3535 aliter
660 3502 801 3538 sensuros
825 3517 900 3539 cum
924 3517 963 3538 eo
986 3518 1032 3539 res
1057 3505 1111 3539 de-

104 3544 193 3578 dieta
217 3543 340 3588 fuerit,
363 3557 399 3581 ut
424 3557 525 3589 neque
548 3546 754 3593 gravissimae,
788 3548 973 3591 affiduaeque
1010 3551 1111 3582 mole-

104 3588 192 3628 stiae,
215 3600 314 3632 neque
337 3602 423 3624 mors
447 3589 516 3632 ipsa
540 3590 573 3621 in
597 3589 734 3632 singulas
756 3591 851 3626 horas
884 3593 1072 3636 impendens
1096 3617 1109 3635 ,

190 3635 402 3678 Morgagm'de
413 3635 478 3667 Sed.
497 3633 635 3676 &faust
651 3636 754 3670 Morb.
768 3638 868 3670 Tom.
884 3640 912 3672 Ι.

1171 325 1240 358 ullo
1264 322 1400 364 amplius
1424 321 1570 365 praefidio
1593 322 1689 354 vitari
1712 333 1827 365 queant
1843 323 1935 363 ‚Qi
1957 322 2047 356 illam
2071 322 2103 353 in
2126 321 2174 353 ci—

1171 369 1214 401 bo
1238 366 1462 409 parsimoniam
1474 388 1483 403 ‚
1506 377 1579 399 cum
1604 365 1708 398 sanare
1723 375 1847 406 poterat
1860 366 1974 407 ,ferre
1984 366 2150 398 noluerant
2164 386 2174 400 ‚

1171 410 1312 444 inediam
1344 409 1515 452 aliquando
1546 418 1717 442 extremam
1742 420 1820 447 ‚aeut
1855 409 2017 452 proposita
2060 408 2174 440 mulier

1172 456 1223 497 (ο
1244 457 1280 494 ),
1306 454 1372 495 pati
1396 464 1577 494 coguntur,
1602 464 1671 494 qua*
1696 463 1758 483 non
1783 453 1915 486 salutem
1948 451 2056 486 afferat
2079 476 2090 491 ,
2124 449 2174 482 sed

1175 507 1312 530 mortem
1335 497 1470 539 potiuS,
1493 497 1610 538 quippe
1625 494 1858 537 infirmissimo,
1883 495 2094 537 exhaustoque
2106 493 2173 536 jam

1175 552 1333 583 corpore,
1358 540 1526 572 acceleret.
1554 538 1611 572 Ob
1635 537 1826 581 eandemque
1849 539 2073 572 infirmitatem
2096 561 2107 577 ,
2139 540 2172 569 ἃ

1175 584 1337 626 sanguinis
1361 584 1580 624 paucitatem,
1604 593 1754 616 venarum
1765 583 1942 624 sestiones,
1965 595 2034 625 quae
2047 585 2079 614 in
2093 590 2174 614 tem-

1174 639 1251 668 pore
1276 627 1432 660 auxilium
1458 625 1624 666 tulissent,
1647 627 1752 660 exitio
1776 627 1867 660 sunt.
1892 628 2015 659 Contra
2040 649 2052 666 ,
2075 634 2174 668 quan-

1175 681 1244 704 tum
1269 671 1341 710 hae,
1364 673 1395 704 δε
1420 668 1612 713 parsimonia
1636 670 1693 703 illa
1717 671 1817 703 initio
1840 669 1978 712 poffint,
2002 668 2084 701 nihil
2109 678 2174 699 ma-

1173 717 1245 756 gis,
1268 725 1365 756 quam
1388 723 1591 755 utrarumque
1615 713 1751 746 ostendit
1777 714 1905 748 utilitas
1917 713 2056 746 Medicis
2074 720 2176 750 nota,

1174 758 1196 791 fi
1220 758 1268 791 vel
1292 756 1457 790 moderate
1483 755 1523 790 ad
1547 757 1775 798 aneurysmatis
1799 757 1863 799 jam
1888 756 1968 790 faeti
1994 780 2005 796 ,
2039 753 2175 787 necdum

1173 811 1279 834 tamen
1303 801 1399 834 nimis
1412 800 1579 843 provesti,
1601 800 1805 834 retardandos
1817 799 2059 843 progressus‚in
2083 798 2175 831 usum

1172 845 1340 878 trahantur
1358 869 1365 876 .
1390 843 1450 878 Sed
1473 844 1585 877 Anum
1616 854 1675 885 ego
1708 845 1863 878 Bononiae
1897 843 1964 876 vidi
1986 867 2013 889 ³.
2029 853 2100 886 quae
2132 840 2175 873 ob

1173 899 1300 931 gravem
1343 887 1513 921 oculorum
1545 886 1833 921 inflammationem
1868 889 1900 920 in
1935 887 2175 919 Nosocomium

1172 941 1304 974 excepta
1327 930 1430 965 fuerat
1453 955 1462 964 .
1485 933 1572 963 Cum
1596 930 1702 972 pulsus
1728 933 1861 975 plenos,
1885 931 2048 970 vibratos,
2072 932 2103 961 δε
2128 939 2176 960 re·-

1173 977 1310 1008 nitentes
1333 975 1547 1018 perciperem,
1571 974 1605 1005 in
1629 975 1715 1007 collo
1739 984 1843 1008 autem
1867 976 2020 1007 micantes
2041 972 2177 1007 Caroti-

1171 1020 1225 1052 des
1270 1020 1398 1051 arterias
1444 1018 1614 1060 {perstarem
1637 1041 1651 1058 ,
1687 1017 1842 1052 sinistram
1873 1017 2049 1061 prasertim
2071 1038 2080 1053 ‚
2104 1027 2175 1058 quae

1171 1062 1256 1096 haud
1279 1062 1390 1103 procul
1414 1061 1453 1094 ab
1476 1061 1606 1101 larynge
1641 1062 1675 1093 in
1707 1061 1891 1103 aneurysma
1925 1061 2133 1094 extuberabat
2164 1082 2177 1098 ,

1170 1116 1297 1148 aequans
1320 1116 1431 1137 nucem
1456 1102 1663 1145 juglandem;
1684 1103 1812 1144 quaesivi
1833 1129 1846 1145 ‚
1880 1116 1986 1137 recens
2007 1128 2019 1145 ,
2054 1114 2091 1136 an
2124 1113 2178 1135 ve-

1171 1159 1222 1183 tus
1245 1148 1279 1181 id
1303 1145 1400 1187 esset,
1425 1149 1457 1180 &
1482 1146 1550 1179 haec
1573 1158 1642 1188 quae
1668 1146 1824 1185 referam,
1850 1147 1982 1181 audivi.
2008 1148 2096 1182 Ante
2118 1156 2178 1192 nq-

1170 1204 1243 1225 vem
1266 1202 1363 1224 annos
1388 1201 1463 1224 curn
1486 1189 1515 1222 se
1539 1188 1675 1223 biduum
1700 1190 1823 1225 assiduis
1848 1190 2011 1224 laboribus
2026 1214 2037 1231 ,
2064 1200 2127 1223 non
2138 1190 2178 1221 s1-

1169 1248 1207 1269 ne
1233 1236 1337 1268 totius
1362 1235 1510 1276 corporis
1533 1234 1768 1274 contentione,
1791 1233 1971 1277 fatigasset,
1997 1246 2030 1267 ca
2054 1245 2123 1277 quae
2144 1233 2177 1263 in

1169 1280 1258 1312 collo
1282 1276 1569 1313 animadverterem
1584 1301 1592 1315 ,
1616 1277 1731 1309 oborta
1755 1277 1812 1311 esse
1829 1303 1836 1309 .
1863 1279 1946 1321 Qae
1971 1289 2043 1311 cum
2067 1275 2177 1310 Medi-

1168 1324 1216 1356 cis
1239 1322 1362 1356 duobus
1385 1332 1449 1354 non
1474 1320 1675 1363 ignobilibus
1700 1319 1907 1362 ostendissem
1938 1331 2111 1363 utrumque
2145 1319 2177 1351 id

1167 1366 1256 1410 quod
1279 1364 1405 1399 evidens
1428 1373 1493 1397 erat
1510 1386 1520 1402 ,
1546 1363 1732 1406 aneurysma
1756 1365 1832 1404 esse,
1859 1365 2102 1408 pronunciasse.-
2127 1361 2180 1395 secl

1173 1412 1271 1443 alium
1294 1408 1382 1443 aliud
1407 1407 1577 1441 confilium
1599 1407 1714 1441 dedisse
1730 1432 1737 1437 .
1763 1409 1910 1442 Alterum
1927 1413 2013 1442 enim
2028 1433 2037 1446 ,
2063 1417 2098 1441 ut
2114 1407 2180 1440 san-

1171 1455 1303 1497 guinem
1326 1453 1468 1486 mitteret
1492 1452 1625 1484 alternis
1650 1450 1805 1485 mensibus
1821 1476 1832 1492 ,
1855 1450 2054 1494 imperavisse
2070 1465 2080 1483 .-
2102 1451 2181 1484 alte-

1172 1509 1268 1537 rum,
1292 1508 1330 1529 ne
1353 1496 1478 1538 sanguis
1504 1496 1710 1534 mitteretur,
1735 1494 1788 1527 sed
1811 1497 1919 1537 potius
1945 1507 1978 1529 ut
2004 1495 2087 1528 cibis
2111 1505 2182 1537 par-

1171 1553 1205 1573 ce
1229 1549 1390 1577 uteretur,
1417 1539 1540 1581 aliaque
1563 1537 1597 1571 id
1622 1550 1719 1581 genus
1744 1537 1945 1581 praecepiss'e,
1970 1540 2096 1572 ratione
2120 1538 2183 1571 hac

1171 1583 1301 1621 addita,
1324 1591 1439 1617 notum
1463 1582 1521 1615 sibi
1546 1579 1637 1615 fuisse
1662 1580 1853 1622 hominem,
1875 1583 1928 1615 cui
1953 1582 2031 1616 dum
2055 1582 2182 1625 sanguis

1171 1640 1209 1661 ex
1233 1627 1332 1660 incisa
1356 1638 1433 1659 vena
1455 1624 1625 1665 efflueret,
1650 1623 1837 1667 aneurysma
1860 1637 1899 1658 eo
1933 1626 2003 1668 ipso
2037 1635 2182 1667 tempore

1170 1671 1352 1712 disruptum
1375 1667 1469 1703 esset:
1495 1667 1598 1707 Quod
1622 1667 1683 1701 slve
1712 1667 1784 1702 casu
1818 1668 1941 1703 facturn
1978 1670 2020 1703 est
2039 1693 2051 1709 ,
2085 1670 2183 1702 nimis

1170 1714 1322 1748 videlicet
1365 1712 1429 1756 jam
1476 1713 1654 1746 extenuatis
1677 1736 1688 1751 ‚
1722 1715 1755 1745 &
1788 1711 1977 1746 semilaceris
2008 1712 2183 1756 parietibus

1171 1757 1402 1800 anenrysmatis
1428 1766 1560 1797 ruptura
1584 1768 1639 1797 per
1662 1755 1690 1788 se
1715 1757 1928 1798 imminente,
1951 1755 2012 1790 five
2024 1757 2088 1790 haec
2103 1768 2183 1799 pau-

1173 1802 1277 1835 lulum
1302 1801 1473 1833 accelerata
1497 1798 1624 1832 fortasse
1644 1798 1687 1832 est
1703 1822 1715 1838 ,
1747 1798 1900 1833 nonnihil
1935 1802 2033 1835 auc‘to
2060 1826 2068 1840 ‚
2103 1800 2182 1834 dum

1173 1845 1301 1888 sanguis
1326 1856 1341 1876 e
1365 1856 1441 1877 vena
1466 1843 1632 1882 efflueret,
1657 1842 1773 1885 reliqui
1797 1844 1831 1876 in
1855 1842 2013 1886 ejusmodi
2047 1846 2181 1886 parietes

1172 1889 1513 1935 sanguinisqimpenm
1547 1886 1620 1920 addi
1654 1885 1785 1928 quidem
1810 1885 1873 1920 hoc
1900 1888 2006 1930 potest·
2038 1887 2078 1921 ael
2117 1900 2181 1921 cac-

1170 1941 1251 1965 teras
1274 1936 1400 1972 causas,
1424 1942 1481 1964 cur
1503 1940 1649 1963 extremo
1674 1939 1838 1972 tempore,
1866 1941 1919 1964 aut
1957 1944 2029 1966 cum
2064 1941 2182 1973 ruptu-

1169 1987 1210 2009 rae
1232 1975 1296 2019 jam
1322 1975 1387 2018 jam
1411 1974 1556 2008 instantis
1581 1974 1702 2007 indicia
1726 1973 1798 2006 sunt
1828 2000 1839 2015 ,
1874 1974 1959 2008 nihil
1998 1988 2012 2008 a
2048 1975 2184 2009 Medico

1169 2017 1367 2053 movendum
1413 2017 1451 2051 sit
1474 2042 1487 2058 ,
1520 2017 1694 2060 praesertim
1726 2028 1801 2051 cum
1823 2041 1835 2058 ,
1869 2028 1983 2060 praeter
2016 2019 2187 2052 Ballonia--

1168 2074 1244 2096 num
1268 2066 1323 2103 <p
1345 2067 1382 2102 )‚
1408 2062 1543 2095 alterum
1567 2060 1653 2094 haud
1678 2062 1724 2093 ita
1747 2060 1891 2095 absimile
1903 2063 2089 2105 exem-plum
2114 2074 2180 2095 non

1167 2107 1314 2148 ignorem
1337 2128 1347 2143 ,
1379 2104 1466 2147 quod
1492 2116 1568 2138 mox
1594 2103 1806 2147 subjicit-tum
1832 2116 1895 2138 non
1921 2116 2028 2140 tamen
2064 2105 2182 2149 prohi-

1166 2149 1237 2182 bere
1261 2149 1352 2182 debet
1386 2148 1591 2183 utilissimum
1614 2172 1628 2189 ,
1662 2148 1838 2190 incipiente
1861 2171 1870 2185 ,
1904 2152 1937 2183 δε
1973 2150 2182 2194 progredien„

1166 2200 1197 2225 te
1221 2192 1459 2233 aneurysmate,
1485 2203 1569 2224 vente
1594 2191 1747 2225 sessionis
1771 2191 1954 2234 praefidium
1976 2218 1987 2226 ,
2021 2189 2123 2237 Qod
2148 2197 2181 2227 δε

1164 2237 1192 2267 ei
1215 2235 1253 2268 de
1276 2246 1340 2279 qua
1366 2247 1488 2268 narrare
1511 2247 1674 2280 coeperam
1709 2234 1854 2269 foeminae
1888 2237 1945 2270 etsi
1979 2238 2078 2271 nimis
2112 2237 2182 2280 pla-

1163 2279 1232 2312 cuit
1255 2302 1267 2318 ,
1312 2278 1387 2312 satis
1432 2289 1538 2311 tamen
1585 2278 1712 2321 prosuit
1736 2302 1744 2309 .
1780 2280 1901 2313 Prioris
1935 2282 2021 2313 enim
2053 2280 2179 2314 Medici

1162 2321 1336 2356 consilium
1359 2323 1495 2356 omnino
1518 2321 1646 2363 secuta,
1670 2321 1798 2355 alterius
1823 2332 1929 2356 autem
1953 2325 2001 2357 vel
2015 2336 2049 2357 ea
2062 2326 2094 2357 in
2107 2335 2182 2367 par-

1163 2376 1194 2399 te
1219 2388 1229 2403 ‚
1260 2378 1358 2409 quarn
1382 2370 1414 2405 δέ
1437 2367 1527 2409 prior
1550 2366 1606 2399 illc
1630 2375 1713 2400 certe
1738 2365 1893 2409 probasset
1920 2392 1929 2406 ‚
1965 2368 2062 2411 usque
2100 2368 2180 2401 adeo

1164 2410 1281 2445 exosa,
1303 2418 1338 2443 ut
1363 2422 1468 2453 quos⁷
1497 2412 1528 2443 ὃς
1552 2419 1758 2455 quotcunque
1790 2408 1853 2444 five
1888 2410 2013 2446 occasio
2045 2410 2142 2446 ferret
2171 2436 2179 2451 ,

1164 2453 1225 2486 five
1251 2456 1434 2496 appetentia
1462 2455 1663 2496 suggereret,
1686 2456 1720 2488 in
1745 2455 1827 2488 reeta
1852 2454 1981 2490 vivendi
1995 2467 2106 2490 norma
2132 2469 2180 2491 er-

1166 2508 1254 2530 rores
1280 2499 1501 2537 admitteret,
1539 2509 1654 2531 novem
1689 2508 1795 2531 tamen
1831 2499 1916 2541 ipsos
1951 2511 2082 2540 annos5
2119 2502 2176 2536 en‘i

1165 2540 1275 2574 cordis
1311 2552 1455 2587 quoque·
1476 2542 1708 2585 palpitationes
1745 2543 1909 2578 interdum
1955 2543 2177 2586 accesserant,-

1163 2583 1226 2617 sine
1259 2584 1327 2617 ullo
1362 2586 1488 2626 prorsus
1530 2587 1731 2620 incremento
1773 2598 1807 2619 ea
1853 2586 1986 2629 pertulit
2031 2601 2100 2633 quae
2145 2592 2177 2623 in

1162 2628 1254 2661 collo
1287 2627 1435 2672 descripsi
1461 2654 1468 2660 .
1506 2630 1628 2664 Verum
1664 2631 1744 2664 hanc
1781 2632 1904 2664 imitari
1931 2631 2099 2667 foeminam
2126 2647 2177 2676 pe-

1163 2670 1370 2711 riculosum5
1414 2673 1472 2706 nisi
1516 2674 1589 2716 quit
1630 2673 1715 2708 forte
1749 2675 1937 2709 tantundem
1973 2678 2083 2719 gignat
2110 2678 2178 2711 sana

1162 2716 1270 2758 guinis
1293 2739 1305 2755 ,
1337 2728 1495 2760 quantum
1530 2717 1595 2759 ipsa
1632 2719 1783 2762 oignebat
1808 2743 1816 2751 .
1852 2720 1940 2753 Nam
1966 2731 2080 2762 praeter
2104 2732 2177 2756 eum

1161 2760 1218 2802 qui
1256 2758 1357 2793 altero
1388 2771 1516 2804 quoque
1550 2771 1652 2794 mene
1697 2762 1890 2796 mittebatur
1916 2789 1924 2802 ‚
1973 2775 2057 2796 anno
2102 2776 2175 2798 ante

1160 2814 1257 2845 quam
1288 2803 1354 2845 ipse
1388 2804 1529 2850 viderem
1551 2827 1564 2844 ,
1599 2805 1668 2847 post
1701 2806 1876 2840 tussiculam
1913 2808 2175 2849 expeetoravcrat

1161 2857 1231 2880 eam
1277 2848 1407 2888 copiam
1451 2849 1612 2891 sanguinis
1652 2872 1663 2889 ‚
1708 2859 1743 2883 ut
1789 2849 1827 2883 ad
1872 2860 2012 2883 extrema
2066 2862 2177 2894 perve-

1160 2893 1244 2923 nerit
1270 2915 1278 2928 ,
1315 2901 1414 2934 neque
1449 2894 1482 2923 in
1516 2891 1699 2925 cachexiam
1744 2902 1849 2927 tamen
1884 2893 2036 2927 inciderit
2060 2919 2069 2934 ‚
2104 2896 2174 2929 imo

1160 2933 1295 2977 denique
1319 2937 1406 2976 gravi
1427 2958 1439 2975 ,
1474 2945 1508 2968 ut
1532 2934 1626 2975 dixi,
1649 2936 1819 2970 oculorum
1843 2936 2104 2971 inflammatione
2129 2940 2177 2972 la-

1160 2977 1288 3010 boraret
1303 3002 1311 3009 .

1208 3033 1259 3064 32„
1307 3023 1405 3056 Nunc
1453 3023 1589 3055 alterum
1623 3023 1708 3058 illud
1741 3024 1830 3068 quod
1864 3025 1960 3069 paulo
1995 3034 2067 3059 ante
2100 3025 2174 3068 spo-

1163 3064 1266 3108 pondi
1289 3088 1303 3112 ,
1348 3066 1531 3113 exemplum
1580 3068 1688 3109 accipe
1711 3091 1723 3107 ,
1770 3068 1855 3102 haud
1900 3072 1946 3102 ita
1970 3091 1980 3105 ,
2027 3069 2086 3103 nifi
2113 3069 2174 3102 fal-

1163 3111 1234 3149 lor,
1266 3121 1331 3151 cJus
1354 3109 1499 3142 dissimile
1522 3110 1611 3152 quod
1634 3112 1724 3145 Anui
1758 3123 1937 3146 narraverat
1982 3113 2130 3146 Medicus
2164 3138 2173 3146 .

1162 3154 1225 3186 Vir
1260 3153 1395 3186 Nobilis
1430 3164 1527 3185 annos
1566 3164 1656 3187 natus
1692 3156 1828 3198 amplius
1859 3158 2091 3199 quinquaginta
2116 3156 2196 3189 sub-

1162 3197 1297 3230 initium
1343 3196 1426 3238 Maii
1460 3198 1502 3229 A.
1544 3207 1635 3241 1730.
1671 3201 1838 3234 Patavium
1869 3201 1956 3232 venit
1978 3223 1990 3239 ,
2023 3208 2058 3232 ut
2090 3211 2139 3232 me
2162 3222 2174 3240 ,

1163 3240 1318 3283 simulque
1361 3241 1495 3273 alterum
1540 3241 1720 3275 consuleret
1765 3242 1919 3277 seniorem
1964 3242 2132 3277 Medicum
2163 3268 2172 3278 .

1163 3284 1325 3317 Narrabat
1358 3307 1368 3321 ,
1411 3294 1450 3316 ex
1493 3294 1560 3326 quo
1602 3283 1660 3318 fibi
1708 3286 1881 3320 recidivam
1924 3286 2061 3320 scabiem
2108 3286 2173 3321 sul-

1164 3326 1289 3370 phureo
1332 3336 1500 3369 unguento
1530 3329 1695 3370 repulisset
1718 3353 1727 3367 ‚
1761 3343 1799 3363 ex
1835 3341 1873 3362 eo
1906 3339 2085 3371 tempore3
2118 3330 2173 3363 de-

1164 3374 1268 3404 cimus
1304 3381 1380 3404 tunc
1422 3381 1519 3404 annus
1549 3381 1615 3404 erat
1628 3385 1650 3413 .;
1686 3374 1866 3407 obnoxium
1912 3373 2068 3415 paulatim
2115 3372 2172 3406 esse

1168 3415 1293 3451 fafitum
1324 3414 1458 3448 molesto
1488 3415 1615 3448 cuidam
1647 3416 1796 3459 ponderis
1832 3415 1967 3457 sensui,
2015 3421 2047 3450 &
2092 3428 2172 3449 con-

1165 3460 1339 3494 strictionis
1360 3482 1370 3497 ,
1406 3457 1491 3504 quasi
1523 3470 1598 3492 cum
1631 3461 1664 3492 in
1711 3460 1819 3494 medio
1865 3459 2044 3503 oesophago
2076 3459 2170 3494 bolus

1163 3503 1298 3538 haeret:
1346 3501 1413 3544 ejus
1459 3500 1562 3536 sensus
1607 3502 1711 3537 sedem
1742 3504 1843 3538 videri
1878 3502 1936 3535 fibi
1969 3505 2002 3536 in
2037 3504 2172 3538 thorace

1163 3549 1284 3581 intimo
1307 3556 1423 3579 contra
1456 3544 1597 3580 mediam
1631 3547 1723 3581 sterni
1755 3549 1956 3591 regionem5
1991 3546 2050 3580 nisi
2082 3546 2172 3591 quod

1161 3601 1389 3633 nonnunquam
1412 3612 1424 3630 ‚
1456 3588 1510 3622 sed
1541 3601 1614 3624 raro
1635 3615 1648 3633 ‚
1689 3603 1727 3625 eo
1773 3592 1871 3634 usque
1912 3590 2141 3637 extendebatur
2163 3615 2174 3633 ,

1780 3654 1783 3655 ν
2017 3640 2054 3670 ut
2078 3636 2131 3668 in-

164 3832 178 3861 (
194 3835 204 3857 i
219 3836 233 3864 )
249 3835 339 3864 opusc.
357 3835 399 3859 cit.
417 3835 485 3865 supra
497 3852 505 3865 ,
522 3834 550 3859 ad
569 3842 591 3858 n.
610 3844 630 3866 ς.
696 3833 706 3862 (
723 3834 739 3859 k
756 3834 765 3864 )
783 3837 819 3859 De
836 3835 932 3861 Morbis
949 3836 966 3860 l.
990 3843 1010 3860 ι.
1028 3844 1051 3861 n.
1070 3845 1107 3863 ιο.

165 3865 179 3892 ί
195 3874 210 3889 n
226 3867 240 3896 )
256 3869 290 3891 De
305 3869 370 3892 Mot.
389 3867 462 3892 Cord.
482 3867 504 3891 Sc
520 3868 610 3891 Aneur.
627 3869 645 3892 1.
664 3873 686 3889 2.
703 3873 725 3891 c.
744 3874 767 3891 1.
784 3864 881 3894 Propos.
901 3874 936 3891 11.
954 3868 979 3892 in
996 3868 1036 3892 fin.

1098 3869 1162 3899 (o)
1183 3872 1267 3903 supra,
1286 3875 1310 3890 Π·
1328 3872 1364 3894 ²3-

1370 3832 1379 3864 (
1396 3841 1420 3857 m
1436 3837 1446 3860 )
1463 3835 1537 3859 Anat.
1555 3836 1668 3864 Chiruru.
1686 3833 1702 3856 1-
1720 3840 1742 3858 2.
1761 3842 1784 3861 c.
1801 3846 1838 3869 ²4-

1167 3839 1267 3872 (l)n.
1285 3843 1306 3860 1.
1540 3870 1544 3874 ι
1698 3864 1703 3868 ,

1427 3865 1441 3894 (
1455 3872 1472 3895 Ρ
1490 3870 1497 3900 )
1516 3869 1572 3894 Vid.
1591 3876 1614 3892 n·
1631 3868 1678 3898 seq.
1698 3874 1722 3890 m
1739 3866 1780 3893 sin,
