2498 4075
308 224 473 258 diuturnae
496 216 722 264 palpitationis
745 239 758 257 ,
780 215 883 259 ejusve
919 212 1084 248 causarum
1120 213 1233 249 effenu
1265 214 1322 248 ha-

310 268 385 302 beas
404 277 418 306 ,·
439 267 473 298 in
496 260 657 308 plerisque
682 270 787 293 earum
810 257 996 302 quindecim
1027 257 1069 290 de
1110 259 1226 301 quibus
1273 259 1320 291 lo-

309 312 442 354 quimur
466 332 476 348 ‚
522 305 798 341 Observationum
846 302 905 335 alia
950 302 1092 335 invenies
1137 314 1207 344 quae
1238 303 1321 336 mul-

311 364 347 387 to
393 353 494 392 tnagis
537 359 568 382 te
613 357 806 380 morentur.
831 347 1005 387 Namque3
1032 355 1068 378 ut
1091 344 1129 379 de
1163 348 1202 378 iis
1234 344 1319 378 nihil

309 397 475 434 dicamus,
496 403 574 435 quas
597 402 671 429 cum
695 388 928 433 proferremus,
952 386 1007 421 ista
1031 387 1264 428 indicavimus,·
1286 391 1319 421 in

309 441 425 474 oeiava
448 437 616 480 pulmones
640 443 727 467 erant
751 433 870 466 imbuti
894 430 973 464 adeo
997 431 1103 465 scrofis
1125 435 1224 465 succis
1239 456 1249 472 ‚
1283 441 1319 466 ut

308 474 448 520 thoracis
471 491 585 514 cavum
596 479 733 512 omnino
756 475 928 517 implerent
942 487 952 507 ,ς
975 475 1110 507 innona
1124 475 1316 517 pericardii,

305 515 408 562 cordi*
422 523 632 561 adhaerentis‚
656 532 725 564 pars
751 518 887 552 scatebat
907 519 1041 564 minutis
1063 517 1242 552 absceffibus
1262 522 1318 561 qui

308 567 560 603 inflammationi
584 563 807 600 successerant:
831 564 864 595 in
885 561 968 596 sexta
982 583 991 598 ‚
1015 563 1172 604 septima,
1194 561 1317 597 decima

303 614 423 654 tertia,
444 612 569 648 decima
592 617 726 652 quarta,
750 605 888 640 auricula
914 606 990 641 alias
1014 604 1164 646 dextera,
1187 606 1264 639 alias
1276 604 1314 638 si—

304 656 423 696 nistra‚
446 664 499 692 aut
522 652 639 690 finister
662 652 672 684 i
700 650 729 684 se
754 650 947 686 ventriculus
971 647 1193 681 incredibilem
1216 660 1313 691 prope

307 703 343 734 in
366 692 501 734 niodum
527 705 616 729 erant
640 693 673 729 di
691 703 795 727 atara.
822 693 927 726 Mitto
950 701 1088 731 caetera,
1111 701 1146 725 ut
1178 694 1211 725 in
1247 694 1314 734 ple-

305 744 409 788 risque
433 742 547 776 harum
571 737 733 781 quatuor,
755 735 818 774 ossa
842 745 895 769 aut
917 737 951 769 in
977 736 1099 772 arteriae
1112 736 1240 778 Magnae
1251 737 1314 770 ini-

307 789 380 827 tio,
406 794 459 819 aut
483 786 515 821 in
539 780 738 824 pericardio,
762 789 816 813 aut
840 781 875 812 in
898 788 968 812 tota
992 779 1130 815 auricula
1155 779 1284 826 dextera
1302 803 1313 819 ,

306 840 361 866 aut
384 841 457 863 cum
479 826 608 860 finisti-:e
632 824 766 857 immani
790 822 846 869 illa
880 822 1074 856 dilatatione
1108 824 1315 865 conjunetam

305 865 480 911 anoustiam
503 873 535 907 ,δι
560 870 752 911 parvitatem
776 865 892 908 adieffi
919 866 1113 906 ventriculi,
1136 877 1173 900 ut
1195 868 1229 900 in
1262 867 1315 901 de-

304 901 503 960 cimaquarta
519 937 531 953 ‚
553 921 608 946 aut
632 911 768 953 denique
790 911 937 946 innatum
960 909 1141 951 pericardio
1160 909 1220 956 ipsi
1253 922 1315 953 qua

302 960 404 994 costas
427 957 643 1002 respiciebat,
666 963 851 994 tumorem,
874 963 973 986 ovum
996 952 1163 990 modicum
1186 965 1316 997 aequan-

303 1015 394 1044 tem,
422 1007 452 1036 δε
476 1009 630 1034 concreto
654 997 807 1041 sanguine
830 997 959 1040 plenum
980 1019 992 1036 ‚
1038 1006 1073 1031 ut
1117 998 1151 1030 in
1193 997 1316 1032 decima

302 1049 398 1082 tertia
413 1071 421 1079 .
446 1047 525 1086 Qo
550 1043 588 1077 de
611 1053 677 1079 uno
701 1051 828 1078 tumore
851 1049 888 1074 ut
910 1039 1035 1083 aliquid
1070 1040 1174 1074 dicam
1196 1054 1206 1079 5
1241 1052 1315 1075 nam

301 1094 340 1127 de
363 1091 488 1125 caeteris
512 1087 613 1121 ferme
636 1085 787 1124 omnibus
809 1084 890 1117 alibi
913 1083 1004 1122 dixi,
1027 1086 1059 1121 δε
1082 1086 1116 1117 in
1141 1095 1251 1127 parte,
1275 1094 1312 1121 ut

301 1136 340 1171 de
363 1132 522 1178 ejusmodi
545 1140 674 1173 quoque
696 1127 878 1166 tumoribus
903 1132 913 1166 (
937 1126 956 1160 b
975 1129 1018 1169 ),
1039 1126 1185 1161 ἀίἃιπυς
1210 1127 1278 1161 sum
1299 1140 1310 1166 ;

298 1179 370 1214 vide
385 1201 397 1218 ,
420 1176 551 1220 quaem,
574 1184 671 1217 pauca
695 1173 752 1209 illa
774 1183 844 1214 quae
869 1173 902 1204 in
927 1179 1070 1203 extremo
1091 1170 1180 1204 libro
1215 1173 1241 1207 I.
1272 1170 1311 1206 de

302 1218 592 1262 Aneurysmatibus
616 1220 627 1256 (
652 1228 668 1248 c
690 1220 704 1255 )
731 1214 789 1249 fibi
812 1216 897 1252 inter
922 1212 1147 1254 scribendum,
1171 1223 1208 1248 ut
1241 1213 1278 1247 fit
1299 1238 1309 1254 ,

300 1266 462 1300 memoriae
485 1264 577 1299 caula
601 1259 810 1295 adnotaverat
834 1256 1020 1296 Lancifius:
1042 1258 1191 1291 „Adverte
1212 1257 1264 1291 hic
1274 1260 1310 1293 de

296 1310 396 1354 fignis
418 1317 529 1350 agere,
551 1303 663 1347 quibus
687 1300 889 1345 distinguitur
918 1300 1121 1342 ¹,Aneurysma
1153 1302 1253 1335 cordis
1289 1314 1308 1338 a

295 1350 466 1396 ‘pericardii
490 1358 611 1388 tumore
622 1371 632 1381 .,
658 1346 799 1383 Vidimus
822 1345 905 1378 enim
936 1345 1100 1386 quemdam
1143 1345 1308 1379 inaurato-

299 1408 365 1431 rem
379 1419 391 1437 ,
414 1394 469 1437 qui
492 1403 563 1426 cum
585 1391 732 1429 viveret,
754 1388 856 1425 cordis
874 1386 1112 1431 palpitatione,
1135 1388 1178 1420 Θ*
1205 1388 1307 1430 spiri-

301 1449 355 1476 tus
401 1436 550 1480 angustiis
584 1430 773 1472 laborabat,
796 1432 910 1473 quique
931 1432 934 1434 ’
937 1430 1048 1473 palam
1070 1432 1307 1474 aAneurysmate

297 1491 381 1518 certe
403 1488 547 1520 tentatus
569 1475 771 1515 credebatur3
794 1476 823 1507 is
867 1474 908 1518 ost
929 1474 1038 1507 varias
1052 1473 1222 1520 sanguinis
1235 1474 1307 1520 mis-

292 1527 396 1571 fiones
418 1536 437 1563 a
460 1522 575 1565 quibus
598 1518 746 1553 alleviari
766 1518 839 1555 pide
860 1525 955 1557 atur,
980 1524 1104 1559 repente
1127 1515 1209 1554 obiit
1229 1544 1236 1552 .
1277 1522 1312 1554 In

295 1570 388 1609 cujus
410 1567 508 1610 postea
533 1565 682 1601 cadavere
702 1561 893 1608 praegrandis
915 1560 1063 1608 absceffus
1084 1586 1094 1601 ‚
1127 1563 1182 1603 qui
1216 1561 1314 1607 disru-

294 1610 372 1657 ptus
396 1611 550 1653 liquorem
572 1605 799 1645 meliceroiclem
822 1602 935 1648 effudit·
958 1615 966 1636 .·
1000 1602 1173 1646 occupabat
1205 1614 1309 1641 aurem

292 1654 469 1700 ‘pericardii
491 1652 609 1694 bafim,
632 1658 725 1682 unam
749 1647 833 1680 inter
854 1673 865 1688 ‚
900 1646 1096 1689 alteramque
1131 1649 1273 1683 tunicam
1298 1671 1307 1680 .

293 1701 385 1734 Hinc
407 1706 490 1732 certe
512 1694 692 1735 intelligis,
716 1689 801 1733 posse
824 1689 996 1732 aliquando
1030 1689 1078 1722 vel
1111 1702 1210 1724 unum
1255 1702 1309 1734 per

295 1744 325 1777 se
368 1750 529 1778 tumorem
575 1734 747 1781 pericardii
777 1760 787 1779 ‚
836 1734 1062 1782 palpitationis
1105 1734 1230 1771 causam
1275 1734 1319 1770 es.

294 1787 326 1826 st
340 1813 393 1866 ἑο.
421 1830 506 1866 Quae
530 1837 604 1863 cum
626 1826 672 1860 ita
697 1822 782 1863 {ints
805 1821 894 1857 vides
919 1820 1068 1865 profeao
1086 1844 1100 1862 ‚
1126 1823 1161 1857 in
1194 1833 1315 1869 propo-

295 1875 354 1910 sita
378 1872 575 1917 quaestione,
601 1880 639 1903 an
663 1867 831 1911 pericardii
857 1864 896 1900 ad
930 1876 988 1898 cor
1033 1862 1171 1910 adhaefio
1217 1864 1314 1906 ,huius

294 1918 548 1963 palpitationem
569 1914 687 1949 excitet
703 1934 712 1948 ‚
739 1911 845 1949 multo
868 1910 969 1953 pluris
986 1907 1052 1958 *esse
1062 1907 1223 1958 faciendas
1237 1908 1312 1958 Qb-

297 1963 492 1998 servationes
517 1960 590 1994 illas
616 1967 671 2001 per
694 1966 770 1997 quas
794 1956 828 1987 in
851 1951 1052 1989 cadaveribus
1095 1951 1180 1988 nihil
1224 1951 1313 1989 aliud

295 1998 400 2047 vitii,
424 2012 538 2048 praeter
563 2013 633 2038 eam
678 1997 888 2034 adhaesionem
910 2019 923 2036 ‚
956 1994 1187 2038 deprehensum
1223 1995 1278 2046 'est
1302 2021 1310 2030 .

293 2050 399 2094 Cujus
422 2048 546 2091 generis
570 2048 654 2081 inter
677 2053 787 2076 omnes
814 2053 885 2085 quae
909 2040 1001 2083 supra
1036 2040 1092 2089 (a
1114 2044 1128 2080 )
1160 2038 1311 2073 indicatae

295 2096 367 2128 sunt
391 2118 404 2135 ,
435 2093 578 2134 quinque
602 2086 799 2132 potiffimum
821 2092 997 2132 occurrunt
1020 2105 1033 2123 ‚
1064 2082 1144 2132 idest
1177 2084 1311 2117 Saraze..

295 2140 329 2173 ni
353 2162 364 2180 ‚
410 2136 537 2171 Loweri
560 2156 573 2174 ,
619 2129 854 2165 Genevensium
878 2151 890 2168 ‚
932 2125 1072 2176 Heisterl
1104 2151 1126 2177 ,.
1159 2127 1274 2176 Queye
1299 2151 1306 2160 .

296 2184 342 2215 Et
366 2177 597 2225 palpitationis
620 2173 754 2219 quidem
776 2172 901 2208 mentio
923 2169 960 2205 fit
983 2180 1019 2202 in
1042 2178 1147 2221 ‘tertia
1167 2194 1180 2213 ,
1212 2180 1309 2205 item-

295 2238 356 2264 que
400 2226 436 2257 in
479 2223 595 2258 ultima
622 2243 629 2253 ·
677 2218 737 2254 Sed
780 2218 814 2250 in
838 2214 896 2251 hac
919 2236 929 2251 ‚
975 2223 1012 2248 ut
1038 2224 1072 2249 in
1097 2224 1200 2257 prima
1224 2225 1309 2257 quo-

295 2265 356 2313 que
380 2292 392 2309 ,
428 2267 560 2301 mininie
586 2272 715 2306 apparet
738 2284 752 2306 ³
783 2258 950 2303 quomodo
973 2258 1094 2300 reliqua
1125 2257 1155 2294 se
1186 2257 1309 2293 habue-

296 2316 362 2346 rint
385 2311 502 2344 viscera
525 2334 537 2349 ‚
571 2310 602 2340 δε
627 2304 697 2339 vasa
723 2316 731 2337 :
762 2313 904 2347 quorum
927 2302 1009 2338 vitia
1040 2300 1192 2351 quaedam
1221 2300 1309 2346 poffe

297 2356 459 2390 interdum
483 2349 708 2397 palpitationis
731 2347 789 2381 effe
810 2345 922 2395 causas·
939 2368 952 2385 ,
980 2347 1014 2380 &
1037 2354 1122 2395 ratio
1146 2368 1156 2384 ,
1182 2349 1214 2379 &
1237 2357 1309 2388 quae

299 2399 430 2435 subinde
453 2397 504 2431 his
525 2393 663 2432 Litteris
687 2387 793 2433 scripfi
817 2412 831 2429 ,
865 2388 940 2422 satis
977 2387 1123 2422 indicant
1146 2414 1154 2423 .
1192 2390 1310 2422 Lowe-

299 2456 353 2478 rus
376 2451 482 2476 autem
507 2464 519 2481 ‚
554 2441 587 2472 δε
610 2434 773 2470 Heisterus
796 2442 870 2469 curn
895 2432 929 2464 in
952 2440 1142 2468 >caeterarum
1175 2432 1309 2467 cadave-

298 2499 370 2523 rum
394 2486 523 2521 suorum
547 2481 688 2525 partium
710 2476 854 2510 examine
879 2497 889 2512 ,
925 2483 961 2509 ut
985 2486 1023 2511 ex
1058 2474 1224 2518 utriusque
1255 2475 1309 2509 de-

300 2532 476 2573 scriptione
499 2534 586 2570 patet
610 2547 620 2562 ,
653 2521 824 2563 diligentes
847 2516 1003 2568 fuerunt,
1024 2527 1112 2568 tum·
1128 2516 1234 2571 fiquid
1266 2520 1309 2553 il-

299 2579 338 2611 ]ae
362 2574 511 2608 haberent
533 2569 633 2605 vitii,
659 2564 756 2601 facile
779 2573 843 2604 prae
865 2572 990 2595 caeteris
1012 2585 1026 2605 ,
1058 2573 1179 2612 quippe
1202 2574 1239 2613 in
1258 2564 1308 2598 Re

298 2611 495 2654 Anatoniica
520 2611 720 2658 praestante5‚
746 2616 878 2649 uterque
902 2614 1050 2652 poterant
1072 2606 1306 2641 internoscere.

297 2664 394 2698 Num
416 2671 492 2694 vero
515 2666 651 2695 eorum,
675 2660 729 2688 aut
754 2650 900 2684 Sarazeni
924 2649 1175 2697 Observationes
1205 2650 1310 2692 palpi-

299 2707 384 2743 tatio
431 2698 621 2741 raecesserit‚
642 2709 682 2733 ex
704 2697 745 2731 iis
766 2705 837 2737 quae
863 2716 875 2733 ,
911 2693 1050 2736 singulas
1092 2704 1273 2726 memorans
1298 2718 1310 2734 ,

300 2762 374 2785 cum
395 2717 457 2783 (pde
479 2744 577 2780 retuli
601 2767 614 2784 ,
648 2737 822 2782 cognosces
846 2761 854 2769 .
990 2735 1049 2771 Sed
1072 2746 1110 2770 ne
1134 2736 1220 2783 forte
1243 2748 1311 2770 cre-

300 2796 376 2831 das,
404 2788 617 2836 pericardiurn
639 2784 715 2827 ipsis
739 2791 794 2817 aut
816 2779 1046 2830 non-undique
1069 2803 1081 2820 ‚
1114 2790 1169 2815 aut
1206 2782 1309 2816 laxius

300 2838 392 2874 cordi
417 2833 579 2868 adhaerens
601 2825 804 2865 occurrisse5
837 2822 1001 2860 Heisterus
1044 2833 1130 2857 certe
1173 2822 1263 2859 fuisse
1297 2848 1310 2865 ‚

303 2884 349 2916 ait
409 2869 572 2920 arft'iffime
594 2884 664 2909 cum
688 2870 774 2904 corde
797 2868 932 2910 undique
955 2875 1157 2917 concretum,
1176 2869 1240 2918 ‘ita
1273 2876 1311 2902 ut

298 2926 363 2971 fine
373 2905 571 2958 >laceratione
592 2915 678 2950 nullo
700 2913 787 2948 modo
810 2911 880 2945 inde
894 2909 1036 2955 fhparari
1055 2919 1217 2952 potuerit,
1236 2913 1309 2960 *Lo-

309 2978 412 3003 werus
436 2972 563 2999 autem,
589 2958 673 2993 cordi
696 2956 758 2991 toti·
780 2954 891 2996 ubique
915 2955 989 2988 adeo
1012 2954 1095 2990 ανῑίε
1118 2953 1281 3000 accrevisse
1297 2978 1311 2996 ,

304 3020 341 3046 ut
363 3009 474 3053 digitis
497 3015 559 3039 non
581 3000 638 3044 m'ft
662 3010 737 3042 cegre
761 2998 799 3032 ab
822 2997 878 3033 illo
895 2997 1038 3039 separari
1057 2999 1203 3039 potuerit
1227 3021 1234 3034 ‚
1259 3000 1311 3033 in-

305 3058 397 3101 super
420 3048 513 3089 fuisse
536 3045 691 3093 craffum,
714 3052 842 3085 opacum
865 3064 877 3080 ,
917 3042 967 3091 ,Θ
998 3040 1092 3078 velut
1132 3041 1281 3083 callosum
1308 3053 1316 3075 .-

303 3097 391 3142 quod
413 3093 500 3130 addo
522 3115 536 3132 ,
567 3101 604 3123 ne
631 3088 716 3125 sorte
739 3084 763 3121 fi
786 3086 820 3117 in
844 3084 1004 3127 plerisque
1048 3095 1154 3119 earum
1200 3085 1319 3119 Obser-

304 3142 499 3179 vationum,
521 3137 556 3172 in
599 3131 716 3179 quibus
759 3129 1005 3172 palpitationem
1050 3126 1139 3164 fiu'ffe
1161 3151 1174 3169 ³
1218 3128 1287 3162 dixi
1310 3154 1319 3169 ‚

308 3182 523 3229 pericardium
568 3176 702 3215 erassum
729 3198 738 3214 .
782 3172 963 3220 durumque
993 3173 1107 3214 legeris
1131 3183 1141 3209 3
1177 3171 1253 3206 hinc
1277 3171 1318 3205 il-

311 3231 375 3263 lam
420 3227 530 3270 potius
563 3247 576 3264 ,
619 3229 716 3267 quam
762 3216 800 3250 ab
847 3215 1044 3265 adhaesione·
1061 3240 1070 3255 ‚
1114 3214 1319 3259 repetendam

307 3273 365 3306 effe
388 3295 397 3310 ‚
444 3267 611 3310 suspiceris
636 3277 647 3306 ς
692 3270 875 3305 quanquam
920 3260 1083 3296 Heurmus
1104 3282 1117 3299 2
1164 3262 1321 3310 Peyerus‚

311 3315 533 3357 Hottingerus
553 3335 566 3352 ‚
614 3306 756 3343 Laubius
777 3327 791 3344 ³
837 3301 1056 3337 Hoffmannus
1081 3328 1090 3343 ,
1136 3315 1193 3346 qui
1238 3303 1322 3337 cras-

310 3361 377 3393 sum
403 3384 414 3399 ‚
458 3356 574 3391 durum
598 3376 609 3394 ‚
644 3349 890 3390 cartilagineum
911 3370 924 3386 ‚
958 3347 1126 3383 carnosum
1150 3346 1319 3387 viderunt,

313 3403 562 3445 palpitationem
587 3423 597 3439 ‚
643 3405 681 3432 ut
714 3393 807 3435 supra
850 3393 936 3432 (e)
978 3390 1087 3432 dixi,
1122 3402 1186 3427 non
1217 3390 1321 3424 adno-

309 3454 441 3482 tarunt.

321 3592 1304 3614 W

374 3680 415 3707 (b
432 3682 445 3709 )
461 3679 523 3704 infra
539 3686 565 3703 n.
581 3685 619 3710 ²³·
684 3677 721 3708 (c
735 3678 749 3707 )
767 3673 861 3705 Propos.
880 3683 901 3704 5.
919 3673 944 3698 in
962 3672 1011 3703 ipso
1028 3672 1075 3698 fine
1088 3688 1096 3699 ,
1157 3672 1171 3701 (
1186 3671 1202 3695 d
1221 3671 1323 3702 Jn.18.

374 3710 534 3741 (hm-:puk
555 3711 640 3733 lV.ri.
661 3714 695 3738 19.
762 3707 916 3737 (ι’)ν.η.
937 3712 974 3733 ¹⁹-
1040 3702 1204 3732 (k)V111.
1223 3709 1246 3725 n.
1264 3705 1287 3725 6.

378 3743 387 3774 ζ
405 3751 421 3767 n
437 3742 450 3771 )
467 3742 563 3765 xxiv.
582 3747 606 3764 n.
627 3745 662 3765 ιι,
681 3740 766 3766 XXX.
782 3746 805 3763 n.
822 3746 845 3767 7.
864 3736 968 3761 XXXV.
988 3742 1011 3760 n.
1031 3741 1067 3759 12.

1350 3701 1364 3730 c
1381 3702 1390 3726 ι
1406 3701 1420 3729 )
1437 3703 1526 3726 xviii
1546 3708 1568 3724 n.
1588 3709 1627 3735 35·

1130 3735 1144 3762 (
1159 3742 1171 3757 0
1191 3735 1198 3762 J
1232 3731 1300 3761 (p)
1333 3734 1345 3762 ζ
1364 3740 1378 3761 q
1396 3732 1408 3760 J
1425 3733 1483 3757 locis
1500 3732 1610 3757 indicatis
1629 3730 1711 3760 supra,
1727 3732 1754 3755 ad
1771 3739 1798 3756 n.
1817 3733 1855 3756 18.
1873 3733 1896 3756 ἃ
1915 3740 1952 3762 19.

898 137 1056 190 Liber
1090 135 1156 188 ΙΙ.
1190 133 1276 188 De
1312 131 1519 187 Morbis
1554 131 1816 189 Thoracis

1425 222 1475 245 21.
1508 211 1639 250 Quaeres
1673 210 1726 244 hic
1759 210 1854 245 facile
1889 210 2053 254 (quando
2085 211 2123 245 ad
2158 222 2271 254 paucas
2294 210 2373 245 adeo

1372 255 1620 290 Observationes
1665 255 1803 288 redimus
1824 258 1838 293 )
1879 255 1913 287 in
1954 256 2070 297 quibus
2117 255 2262 290 Valsalva
2286 279 2298 295 ,
2343 258 2377 289 &

1372 302 1403 332 ὃς
1438 311 1497 340 ego
1531 298 1743 340 pei-icardium
1767 298 1907 332 vidimus
1928 299 2019 331 cordi
2045 297 2207 332 adhaerens
2226 323 2239 340 ‚
2271 300 2305 332 in
2334 299 2376 333 iis

1371 342 1471 376 fuerit
1496 365 1504 379 ‚
1537 353 1577 375 an
1601 353 1665 374 non
1697 341 1801 375 fuerit*
1830 340 2041 383 palpitatio?
2076 343 2177 385 Qod
2209 342 2250 376 ad
2279 343 2375 378 illum

1372 388 1490 419 attinet
1515 398 1525 423 3
1558 397 1633 419 cum
1656 393 1704 417 ter
1726 384 1844 418 viderit
1866 407 1878 424 ,
1912 384 2005 419 semel
2028 385 2062 418 in
2084 396 2184 428 puero
2226 397 2294 429 quo
2336 387 2376 420 de

1371 430 1449 462 alibi
1473 426 1555 472 (f)
1579 428 1734 462 scribetur
1757 451 1769 467 ,
1802 429 1921 462 iterum
1957 437 2062 464 autem
2089 454 2099 469 ‚
2130 440 2166 462 ac
2197 430 2296 463 tertio
2339 431 2375 464 in

1369 474 1448 505 viris
1471 472 1595 505 duobus
1620 498 1629 512 ‚
1660 471 1698 505 de
1720 471 1835 513 quibus
1859 473 2006 515 proxima
2028 472 2187 515 superiore
2230 473 2377 516 Epistola

1370 521 1425 559 (g
1447 519 1458 554 )
1483 515 1642 558 scriptum
1664 514 1707 550 est
1731 526 1742 553 3
1776 515 1814 548 de
1840 526 1940 557 puero
1962 514 2094 559 quidem
2123 516 2208 550 nihil
2243 516 2375 551 adnota-

1370 560 1419 592 vit
1442 559 1529 592 aliud
1552 583 1564 598 ‚
1606 558 1665 593 nisi
1689 559 1789 591 macie
1812 558 1996 594 confectum
2019 558 2169 593 interiisse
2194 572 2202 591 :
2238 562 2273 593 in
2295 563 2375 596 viris

1370 612 1477 636 autem
1499 614 1573 636 cum
1598 603 1687 645 plura
1710 625 1724 642 ‚
1758 604 1790 635 δε
1815 603 1900 635 varia
1934 603 2193 638 animadverterit
2217 615 2228 642 3
2262 603 2374 640 frustra

1364 658 1397 678 ea
1424 647 1560 688 releges,
1582 657 1618 682 ut
1641 645 1679 679 de
1702 645 1937 688 palpitatione,
1962 650 1994 680 &
2017 647 2055 680 de
2067 647 2279 689 peculiaribus
2303 649 2376 690 pul-

1366 690 1454 723 suum
1479 690 1572 722 vitiis
1595 689 1771 732 quidquam
1795 691 1951 730 reperias:
1976 694 2009 723 &
2031 699 2137 725 tamen
2161 690 2373 734 pericardium

1366 744 1430 766 non
1454 732 1554 766 modo
1578 733 1718 775 undique
1742 731 1835 765 cordi
1869 733 1902 765 in
1926 731 1978 766 his
2000 735 2152 769 omnibus
2163 734 2372 774 adhaerebat,

1367 776 1418 811 sed
1441 777 1474 809 in
1499 787 1610 810 eorum
1642 778 1742 809 altero
1766 799 1775 814 ‚
1811 776 1861 808 cui
1900 777 2037 818 peftoris
2082 776 2224 820 angustia
2271 777 2374 813 suerat

1367 824 1377 860 (
1400 832 1498 863 quam
1522 819 1617 863 siquis
1641 820 1758 859 malit,
1781 818 1895 854 referre
1917 820 2001 857 alio,
2026 821 2159 864 potest)
2194 830 2260 854 erat
2292 833 2374 865 prae-

1366 873 1450 896 terea
1474 863 1553 897 alibi
1576 863 1788 898 craffiffimum
1807 887 1818 902 ,
1852 862 1930 895 alibi
1964 865 2063 898 etiam
2096 865 2338 908 cartilagineum
2362 890 2370 899 .

1367 908 1442 949 Ego
1463 919 1539 941 vero
1562 906 1674 949 septies
1697 907 1803 939 inveni
1825 905 1917 939 cordi
1944 906 2103 941 adherens
2130 930 2139 946 ,
2171 911 2205 942 &
2241 909 2373 951 quidem

1367 950 1530 993 undique.
1555 950 1752 992 Cuiusmodi
1777 949 1982 985 historiarum
2005 961 2145 993 quatuor
2167 951 2204 985 ad
2229 961 2260 984 te
2293 953 2371 986 alias

1367 992 1542 1037 descriptas
1564 993 1658 1035 miii,
1683 993 1853 1027 Stabularii
1891 997 1904 1033 (
1926 992 1946 1026 h
1967 997 2004 1035 ),
2035 995 2207 1028 Piscatoris
2251 998 2265 1033 (
2287 996 2335 1040 i)
2358 1019 2372 1037 ‚

1366 1039 1523 1073 Lanionis
1547 1041 1561 1077 (
1583 1038 1602 1079 l<
1623 1041 1660 1078 ),
1683 1042 1716 1072 δε
1742 1037 1876 1072 telarum
1899 1038 2060 1071 lanearum
2084 1038 2242 1072 Tonsoris
2265 1041 2280 1078 (
2302 1039 2314 1072 l
2330 1040 2369 1081 ):

1367 1082 1401 1117 in
1424 1092 1563 1124 quorum
1586 1082 1676 1117 nullo
1698 1092 1736 1115 an
1759 1092 1816 1113 cor
1841 1079 2047 1123 palpitasset,
2070 1092 2169 1124 neque
2192 1093 2229 1115 an
2240 1081 2372 1117 fuissent

1367 1125 1619 1166 praecordiorum
1645 1125 1816 1166 angustiae,
1839 1127 1870 1158 &
1895 1124 2043 1167 pulsuum
2067 1127 2146 1159 vitia
2168 1149 2180 1166 ,
2204 1125 2282 1159 scire
2315 1138 2374 1170 po-

1367 1168 1511 1207 tuimus3
1535 1180 1592 1201 nec
1616 1170 1756 1207 mirum,
1778 1178 1852 1202 cum
1877 1169 1981 1201 Lanio
1999 1167 2071 1202 esset
2095 1169 2230 1207 stultus,
2255 1170 2372 1214 reliqui

1364 1219 1470 1245 autem
1495 1212 1575 1244 alius
1600 1212 1661 1246 alia
1687 1212 1778 1245 causa
1802 1212 1971 1254 repentino
1995 1211 2110 1245 morbo
2122 1212 2374 1255 sublati:quan-

1359 1265 1456 1297 quam
1478 1256 1511 1288 in
1536 1254 1682 1289 Tonsore
1705 1266 1878 1297 magnum,
1902 1257 1933 1289 ἃ
1969 1256 2112 1289 vicinum
2143 1255 2234 1289 cordi
2278 1267 2374 1291 aneu-

1360 1298 1467 1340 rysma
1489 1310 1556 1332 rem
1577 1298 1709 1333 dubiam
1733 1298 1919 1332 reddidisset
1943 1321 1953 1337 ,
1989 1298 2164 1342 praesertim
2189 1310 2263 1333 cum
2287 1302 2374 1344 peri-

1362 1341 1506 1376 cardium
1530 1353 1593 1375 non
1618 1354 1673 1385 per
1695 1342 1725 1376 se
1748 1341 1841 1376 cordi
1875 1339 1949 1375 esset
1996 1354 2154 1376 annexum
2172 1366 2189 1383 ,
2224 1342 2275 1377 sed
2320 1355 2375 1387 per

1361 1385 1524 1419 mucosam
1546 1388 1734 1421 materiam.
1757 1386 1805 1421 At
1828 1386 1862 1418 in
1891 1384 2050 1419 Piscatore
2075 1395 2180 1420 tamen
2203 1409 2213 1424 ‚
2248 1390 2280 1420 δε
2303 1389 2375 1420 Sta-

1361 1428 1490 1462 bulario
1511 1452 1524 1470 ‚
1560 1441 1701 1473 quorum
1721 1431 1850 1473 utrique
1874 1440 1937 1462 non
1963 1429 2047 1463 secus
2072 1441 2107 1463 ac
2130 1431 2295 1469 Lanioni‚
2319 1442 2375 1474 per

1361 1472 1391 1505 se
1413 1470 1592 1506 adhaerebat
1615 1496 1625 1510 ,
1662 1474 1749 1507 &in
1773 1475 1880 1516 primo
1909 1472 2041 1516 quidem
2075 1474 2159 1508 arete
2191 1473 2270 1508 adeo
2291 1498 2304 1515 ,
2336 1484 2374 1509 ut

1366 1515 1430 1549 fine
1451 1516 1561 1551 cordis
1582 1516 1776 1550 laceratione
1800 1516 1894 1549 avelli
1918 1527 1983 1549 non
2006 1515 2109 1561 posset
2132 1541 2143 1556 ‚
2180 1516 2267 1552 haud
2291 1517 2375 1552 faci..

1367 1560 1396 1593 le
1417 1559 1516 1593 credo
1538 1581 1547 1597 ‚
1581 1571 1695 1603 magna
1718 1558 1809 1593 fuisse
1831 1559 1973 1594 thoracis
2017 1561 2228 1596 incommoda
2253 1585 2270 1606 ‚·
2298 1573 2374 1596 cum

1366 1606 1490 1645 primus
1517 1605 1614 1646 paulo
1637 1612 1709 1637 ante
1731 1613 1870 1643 mortem
1907 1602 2041 1638 ferendo
2085 1604 2227 1645 piscatus
2269 1606 2375 1639 labori

1361 1658 1418 1689 pai·
1440 1646 1513 1680 esset
1537 1672 1545 1681 .
1580 1647 1778 1681 Stabularius
1802 1655 1907 1684 autem
1931 1655 2004 1680 ante
2049 1647 2199 1681 ultimam
2246 1649 2377 1692 apople-

1369 1691 1457 1726 xiam
1480 1698 1531 1724 ter
1553 1691 1586 1723 in
1610 1690 1848 1724 Nosocomium
1871 1698 2041 1731 exceptus,
2063 1700 2227 1733 nunquam
2249 1692 2287 1726 de
2309 1693 2378 1735 pal-

1371 1733 1532 1777 pitatione
1555 1732 1680 1777 questus
1701 1732 1797 1774 esset,
1821 1734 1891 1766 irno
1912 1734 1945 1765 in
1969 1744 2003 1765 ea
2025 1732 2069 1766 ob
2091 1745 2188 1775 quam
2212 1737 2377 1778 perpaucis

1371 1778 1507 1811 omnino
1530 1786 1601 1811 ante
1624 1775 1782 1813 mensibus
1805 1776 1850 1810 ibi
1874 1775 2050 1812 cubuerat‚
2082 1775 2224 1812 thoracis
2247 1779 2378 1813 inflam-

1370 1823 1533 1861 matione,
1556 1829 1675 1863 praeter
1694 1820 1823 1855 solitam
1846 1820 1880 1852 in
1903 1831 1941 1853 eo
1974 1819 2096 1854 morbo·
2121 1820 2274 1856 duritiem
2298 1845 2307 1861 ‚
2343 1835 2377 1857 ac

1366 1863 1583 1908 frequentiam
1610 1863 1781 1906 pulsuum,
1802 1864 1930 1898 nullum
1954 1864 1987 1896 in
2011 1862 2063 1896 his
2095 1865 2214 1899 vitium
2247 1866 2381 1900 habuis--

1365 1907 1410 1943 set
1432 1931 1445 1948 ‚
1478 1907 1751 1950 quemadmodum
1776 1906 1815 1940 ab
1837 1908 1878 1940 iis
1899 1908 1956 1948 qui
1996 1917 2204 1949 curaverant,
2237 1910 2377 1944 Medicis

1365 1959 1487 1985 recente
1510 1952 1609 1986 etiarn
1631 1961 1701 1985 tum
1728 1951 1771 1983 rei
1799 1951 1949 1985 memoria
1974 1951 2092 1985 certior
2124 1952 2194 1987 sum
2239 1952 2343 1989 faetus
2368 1978 2376 1986 .

1364 1995 1436 2027 Nec
1460 2004 1566 2028 tamen
1590 1995 1795 2037 negaverim,
1821 1994 1924 2037 postea
1947 2017 1960 2034 ‚
1990 1993 2033 2027 ob
2065 2004 2196 2038 eamque
2241 1997 2343 2039 ipsam
2366 2022 2378 2039 ‚

1363 2047 1399 2073 ut
1446 2039 1696 2080 Henningerum
1722 2062 1734 2078 ,
1777 2036 1984 2080 Ruyschium
2006 2061 2020 2079 ,
2053 2038 2246 2080 Agricolam
2279 2041 2379 2075 adno-

1362 2080 1456 2119 tasse,
1481 2080 1554 2117 dixi
1576 2084 1590 2121 (
1612 2092 1644 2114 m
1664 2084 1678 2120 )
1702 2081 1993 2126 inflammationem
2015 2104 2025 2120 ,
2060 2084 2231 2124 pericardii
2266 2085 2379 2119 adhae—

1361 2123 1484 2158 sionem
1507 2124 1670 2167 incipere,
1696 2126 1728 2157 &
1752 2123 1793 2158 fic
1817 2122 1948 2158 tortasse
1970 2135 2041 2167 quae
2065 2133 2155 2159 antea
2177 2126 2321 2169 cordis,
2344 2132 2379 2163 δε

1361 2169 1512 2211 pulsuum
1536 2167 1618 2205 mala
1642 2179 1706 2201 non
1728 2177 1840 2208 erant,
1864 2166 1992 2202 existere
2016 2167 2156 2210 potuiffe
2180 2195 2187 2202 .
2222 2172 2382 2214 Reliquas

1360 2212 1468 2246 autem
1491 2222 1556 2246 tres
1580 2223 1662 2245 meas
1687 2209 1961 2248 Observationes,
1986 2222 2052 2245 uno
2075 2213 2109 2245 in
2130 2213 2225 2254 viro,
2248 2217 2280 2247 &
2302 2215 2379 2249 dua-

1360 2255 1418 2291 bus
1440 2257 1475 2289 in
1501 2255 1650 2288 foeminis
1673 2254 1823 2296 habitas,
1847 2256 1882 2288 in
1905 2255 1978 2287 aliis
2003 2255 2041 2287 ad
2064 2267 2142 2298 quas
2166 2258 2269 2300 magis
2302 2259 2378 2292 atti-

1360 2308 1458 2337 nent,
1483 2300 1638 2342 Epistolis
1661 2300 1717 2341 (n
1739 2303 1753 2339 )
1776 2299 1883 2341 leges:
1908 2298 2117 2339 videbisque,
2137 2301 2171 2334 in
2195 2312 2257 2335 una
2281 2301 2382 2337 dum-

1362 2352 1452 2377 taxat
1477 2343 1753 2376 intermittentem
1779 2342 1929 2384 pulsum,
1954 2342 2272 2384 &palpitationem‚
2295 2345 2383 2381 hanc·

1363 2396 1470 2420 autem
1494 2385 1588 2420 facile
1613 2386 1651 2419 ab
1674 2385 1844 2419 arftiffima
1869 2385 2040 2428 pericardii
2086 2385 2266 2422 adhaesione
2312 2400 2384 2423 non'

1362 2429 1463 2465 modo
1485 2429 1525 2464 ad
1549 2441 1607 2462 cor
1630 2429 1836 2470 universum,
1862 2427 1991 2471 ejusque
2002 2429 2179 2462 auriculam
2192 2430 2380 2472 dexteram,

1362 2471 1413 2506 sed
1437 2474 1522 2507 ultra
1544 2471 1643 2508 balim
1666 2472 1773 2507 cordis
1796 2473 1833 2507 ad
1843 2473 1966 2517 Magna
1991 2472 2090 2505 etiam
2112 2472 2207 2514 vasa,
2229 2485 2305 2509 cum
2316 2476 2379 2510 hoc

1360 2526 1638 2552 communicantia
1651 2541 1659 2551 .

1405 2572 1457 2604 23.
1505 2558 1597 2601 Qid
1648 2570 1726 2602 ergo
1769 2559 1812 2593 est
1846 2581 1855 2596 ‚
1901 2559 2011 2602 inquis
2036 2579 2045 2596 2
2089 2559 2177 2603 quod
2224 2562 2378 2597 Lowerus

1362 2609 1373 2646 (
1396 2616 1413 2638 o
1437 2608 1448 2643 )
1472 2627 1485 2644 ,
1530 2602 1734 2638 Vietiffenius
1777 2601 1868 2645 (p)
1891 2625 1904 2642 ,
1949 2601 2166 2638 Michelottus
2200 2606 2214 2643 (
2236 2617 2255 2649 q
2277 2608 2291 2644 )
2314 2618 2382 2641 non

1363 2647 1463 2682 modo
1508 2646 1647 2690 spirandi
1692 2645 1921 2683 difficultatem
1944 2669 1958 2687 ‚
2001 2644 2053 2679 sed
2098 2650 2131 2680 δε
2178 2649 2290 2690 pulsus
2328 2651 2383 2686 in«

1362 2690 1587 2725 termiffionem
1635 2693 1759 2734 primus
1781 2715 1793 2732 ,
1837 2690 1945 2724 cordis
1977 2700 2055 2722 vero
2100 2693 2199 2726 etiam
2237 2693 2381 2736 oppres.

1361 2735 1481 2770 fionem
1526 2735 1640 2768 tertius
1666 2758 1678 2775 ,
1722 2737 1755 2768 ἃ
1801 2734 2050 2777 palpitationem
2097 2734 2185 2778 sequi
2231 2737 2344 2771 debere
2366 2761 2380 2778 ,

1360 2780 1540 2815 docuerunt
1576 2802 1588 2818 ,
1634 2777 1737 2821 posita
1782 2776 1954 2820 pericardii
1986 2799 2000 2816 ,
2046 2775 2121 2811 duri
2168 2779 2342 2820 praesertim
2369 2804 2381 2821 ,

1367 2822 1405 2858 ad
1450 2833 1505 2855 cor
1550 2820 1727 2855 adhaefione
1752 2820 1764 2855 ?
1810 2821 1931 2854 Nonne
1973 2820 2015 2852 ob
2050 2819 2131 2854 hanc
2164 2823 2383 2864 pericarclium·

1364 2865 1562 2900 contractius
1609 2864 1732 2901 faetum
1754 2888 1767 2905 ,
1813 2874 1969 2899 annexum
2014 2861 2071 2897 fibi
2119 2877 2135 2899 a
2167 2876 2279 2902 natura
2312 2868 2383 2902 dia-

1363 2909 1518 2952 phragma
1564 2908 1686 2943 sursum
1733 2908 1904 2942 reimerum
1952 2905 2054 2940 servat
2084 2930 2098 2947 ‚
2143 2907 2272 2956 ejusque
2304 2923 2382 2947 cum

1361 2953 1493 2995 spiritus
1538 2952 1670 2988 ducitur
1714 2950 1938 2993 depreffionem
1983 2952 2091 2985 minus
2136 2951 2268 2988 facilem
2311 2955 2382 2990 red-

1367 2997 1418 3031 dit
1441 3019 1450 3034 ,
1496 2995 1591 3039 idque
1634 3007 1673 3028 eo
1715 2996 1818 3036 magis
1863 3005 1929 3036 quo
1952 2993 2168 3036 pericardium
2192 2997 2298 3041 ipsum
2321 2998 2384 3035 du-

1369 3042 1434 3074 rius
1459 3039 1502 3074 est
1527 3038 1540 3074 ?
1584 3040 1706 3075 Nonne
1727 3036 1914 3084 descendens
1937 3047 2044 3071 tamen
2087 3048 2164 3073 tunc
2209 3040 2384 3086 diaphrag-

1371 3095 1422 3117 ma
1448 3109 1457 3123 ‚
1503 3082 1721 3126 pericardium
1766 3084 1871 3115 secum
1895 3092 1926 3116 ra
1952 3081 2048 3116 iendo
2083 3081 2182 3118 efficit
2206 3109 2216 3124 ,
2246 3095 2282 3120 ut
2305 3096 2384 3121 tunc

1371 3129 1472 3171 magis
1507 3139 1523 3159 a
1557 3124 1736 3170 pericardio
1767 3136 1824 3158 cor
1855 3136 1915 3158 con
1945 3126 2090 3169 tingatur
2111 3151 2120 3166 ,
2160 3130 2193 3161 &
2225 3128 2267 3162 fic
2300 3131 2385 3165 mul-

1371 3182 1408 3205 to
1430 3170 1596 3206 difficilius
1619 3168 1714 3212 hujus
1736 3179 1902 3204 cavearum
1926 3169 2077 3211 expansio
2097 3169 2152 3204 fiat
2174 3196 2185 3212 ‚
2219 3173 2302 3208 unde
2324 3185 2386 3216 op-

1373 3215 1484 3257 preffio
1506 3237 1516 3254 ,
1551 3213 1659 3257 pulsus
1692 3212 1880 3246 intermiffio
1896 3237 1908 3253 ,
1931 3214 1964 3245 &
1988 3213 2163 3256 palpitatio
2185 3217 2386 3259 consequan-

1372 3267 1425 3293 tur
1450 3262 1460 3290 ?
1597 3258 1673 3298 Ego
1694 3267 1772 3288 vero
1796 3253 1849 3288 etfi
1875 3256 1912 3289 de
1936 3256 1987 3290 his
2010 3257 2113 3292 tribus
2137 3256 2303 3297 effthibus
2335 3260 2386 3295 fa-

1372 3302 1469 3335 cilius
1516 3299 1645 3333 fortasse
1689 3300 1847 3334 rationem
1892 3299 1987 3332 video
2010 3324 2022 3340 ‚
2065 3311 2121 3334 cur
2152 3305 2273 3345 priores
2297 3302 2386 3344 dun,

1372 3357 1469 3388 quam
1490 3355 1548 3380 cur
1572 3343 1686 3376 tertius
1708 3354 1839 3387 quoque
1861 3344 2053 3386 contingat;
2077 3354 2181 3379 tamen
2213 3347 2292 3391 quid
2324 3359 2387 3393 pro

1372 3390 1474 3422 tertio
1496 3389 1613 3430 pariter
1636 3385 1701 3419 dici
1724 3388 1843 3429 potiit,
1866 3398 1930 3420 non
1944 3388 2061 3429 ignoro
2079 3389 2157 3424 .Sed
2169 3390 2388 3434 ubifrequen-

1373 3433 1464 3473 tior,
1488 3442 1523 3468 ut
1538 3430 1700 3470 vidimus,
1724 3432 1920 3476 experientia
1933 3430 2137 3475 refragatur,
2160 3435 2387 3479 supervacuum

2288 3476 2345 3514 esse

1385 3669 1423 3696 (e
1440 3668 1454 3697 )
1472 3670 1534 3695 ibid.
1596 3669 1659 3699 (f)
1677 3670 1807 3730 {masida}
1824 3677 1846 3693 n.
1864 3681 1890 3699 4-
1953 3672 1967 3701 (
1982 3679 2001 3704 g
2019 3671 2029 3702 )
2045 3676 2068 3695 n.
2087 3676 2110 3697 4.
2133 3669 2155 3693 ἃ
2174 3677 2211 3694 10.

1798 3707 1857 3729 upra
1873 3719 1879 3729 ,
1897 3710 1920 3726 ῃ,
1939 3710 1978 3731 ¹9·
