2498 4075
423 227 576 294 Epist.
612 225 775 281 Anat.
809 223 1026 280 Medica
1060 221 1241 280 XLII.
1279 223 1402 276 Art.
1437 226 1515 291 38,
1545 222 1598 277 ὅτ
1638 236 1712 292 39.

50 309 209 352 fiatums(
225 320 250 355 z
271 313 283 350 )
305 309 371 347 est,
394 308 499 351 lapilli
518 306 626 352 pufilli
659 308 693 339 in
719 305 893 341 Mantuani
930 303 1053 338 Medici

48 351 207 386 Prostrata
231 355 378 387 inventi.
402 352 462 387 Sed
484 354 514 385 &
536 351 719 384 Terraneus
741 352 755 389 <
777 361 795 382 a
818 352 830 387 >
853 349 887 380 in
911 347 982 381 sene
1005 357 1054 380 rea

48 393 164 436 nibus,
186 395 285 436 liene,
305 394 504 439 pulmonibus
527 392 696 434 calculoso,
718 390 893 428 observasse
905 391 957 431 se,
981 400 1053 424 nar-

47 447 98 470 rat
112 460 121 476 ‚
147 439 180 471 in
202 439 322 473 tubulis
347 437 580 478 Proftatarum‚
605 436 647 470 Θ
670 435 814 479 Vasorum
836 431 1052 477 Deferentium

50 481 91 513 ad
117 481 251 515 urethrae
294 483 459 524 rincipium
482 477 734 521 ejaculantibus,
755 488 888 520 parvos,
914 478 956 510 c&
978 478 1050 510 inae-

49 523 156 566 quales
178 525 265 559 calcu
281 535 316 558 os
329 551 338 566 ‚
361 523 550 563 molestiam,
571 522 880 564 &impedimentum
903 527 972 563 tum
984 519 1052 553 uri-

49 577 92 599 nae
109 566 355 612 superlapsurae,
378 576 446 600 tum
462 565 577 609 fhnw'ni
599 562 754 606 effluxuro
777 562 937 608 afferentes
967 587 974 594 .
1009 563 1051 595 Et

50 619 121 642 ante
145 611 249 652 ipsum
276 613 308 644 in
332 612 399 645 sene
423 610 489 642 alio
506 608 649 653 jacobus
662 605 868 650 Douglaffius
890 609 902 644 (
925 605 943 639 b
966 609 980 646 )
1002 607 1053 639 in·-

52 653 167 690 venisle
186 680 195 694 ‚
218 655 248 688 se
272 656 406 692 retulit,
429 652 550 695 aliquot
571 651 648 686 dura
670 649 849 697 corpuscula
860 650 877 691 ‚'
897 648 975 691 pifis
1005 648 1054 682 al-

48 692 98 728 bis
116 697 235 738 similia
250 722 259 736 ,
283 709 342 739 quo
365 697 404 729 ad
424 694 645 737 consistentiam
668 694 750 727 amo
773 693 891 734 corpori
913 695 970 732 (in
982 691 1054 725 rnu-

50 739 137 772 lieris
161 741 311 774 videlicet
334 750 461 774 tumore
483 737 701 780 deprehenso,
724 735 813 779 quod
836 746 913 769 num
936 735 1056 769 osseum

49 782 124 815 esset
141 805 149 819 ,
174 794 212 816 an
238 782 422 826 lapidosum
447 783 554 823 potius
579 784 608 814 ὃ(
633 790 811 813 tartareum
836 801 848 818 ,
882 781 914 811 in
949 779 1056 812 medio

50 827 246 868 reliquerat)
272 826 354 860 dicio
377 828 478 868 igitur
504 825 624 866 corpori
634 822 843 864 respondentia
855 845 867 861 ‚
890 823 992 864 magis
1005 829 1056 860 ta-

53 878 122 902 men
141 869 266 911 polita,
286 881 343 911 quo
366 872 404 902 aa
419 865 538 910 faciem
561 874 743 905 externam,
769 875 899 907 quorum
922 864 1057 906 quadam

52 909 109 953 ipsi
131 910 242 948 harum
263 910 483 956 glandularum
508 909 770 951 (prostatarum)
793 908 913 949 corpori
945 907 1056 949 inside-

51 953 129 987 bant
139 978 152 994 ,
175 959 311 998 quiedam
332 953 467 990 exilibus
490 951 645 987 radicibus
654 950 833 985 membranae
848 950 904 982 has
915 949 1057 992 obtegen-

51 998 80 1029 ti
102 997 315 1034 adherebant.
351 1031 355 1036 ,
425 999 494 1040 Has
517 1008 579 1039 ego
599 994 711 1029 ornnes
735 992 991 1027 Observationes
1004 993 1058 1025 hic

43 1040 115 1073 vtibi
141 1042 232 1076 volui
274 1051 547 1079 commemorare,
568 1036 637 1072 'non
661 1036 749 1081 quod
772 1037 858 1070 haud
882 1035 954 1069 satis
989 1037 1060 1068 vul-

44 1092 136 1125 ·gatae
159 1084 242 1125 sint,
268 1087 371 1130 plures
393 1087 479 1118 enim
504 1094 613 1117 earum
637 1081 730 1119 sunt,
755 1080 900 1127 quamvis
914 1081 983 1112 a'liae
996 1080 1060 1112 alio

52 1127 147 1165 10⁶0,
175 1130 208 1163 in
234 1129 475 1172 Sepulchretum
498 1130 512 1165 (
534 1139 549 1159 c
572 1130 585 1167 )
609 1126 739 1162 relatae3
761 1123 816 1157 ‘sed
841 1133 876 1156 ut
903 1122 1004 1164 polles
1019 1122 1059 1155 ad

54 1169 185 1210 Pohlii,
211 1173 395 1222 nostrasque
419 1170 583 1213 adjicere;
602 1168 726 1201 tametsi
762 1179 800 1200 ex
834 1166 922 1200 nulla
956 1165 1058 1211 adhuc

53 1212 129 1248 satis
154 1218 311 1257 peculiare
333 1218 459 1258 {ignum
483 1213 556 1246 elici
581 1211 672 1255 poffit
697 1211 734 1245 ad
760 1211 928 1246 Prostratae
949 1211 1060 1243 calcu-

52 1257 100 1290 los
125 1258 406 1294 internoscendos.
435 1258 522 1297 Nam
547 1265 583 1291 ut
606 1256 640 1289 in
665 1253 826 1301 plerisque
850 1265 958 1288 earum
982 1264 1060 1296 quas

54 1301 273 1344 protulimus,
299 1303 438 1337 coercita
463 1301 592 1335 seminis
614 1298 689 1335 esset
712 1298 907 1340 maculatim
932 1297 999 1332 haec
1010 1306 1062 1329 ta-

24 1366 27 1368 »
54 1354 126 1377 men
150 1355 254 1389 neque
277 1347 317 1381 ab
339 1346 493 1379 omnibus
519 1343 668 1376 Prostatae
691 1341 843 1379 calculis,
881 1351 986 1383 neque
1020 1341 1061 1374 ab

53 1387 105 1420 his
125 1390 359 1424 tantummodo
381 1389 546 1428 contigit;
576 1396 679 1428 neque
725 1386 812 1418 enim
857 1395 966 1418 omnes
1013 1384 1061 1417 ibi

51 1431 147 1472 sunt,
172 1443 206 1467 ut
232 1443 352 1468 meatus
377 1431 504 1467 seminis
528 1430 638 1463 ambos
660 1427 821 1462 obstruere
842 1427 984 1470 poffint,
1009 1437 1065 1460 aut

7 1501 11 1503 ,
53 1477 289 1518 comprimere,
308 1488 418 1518 *neque
442 1476 559 1508 horum
582 1472 782 1509 obstrufitim
806 1481 859 1504 aut
874 1470 1065 1514 compreffio

53 1528 119 1551 non
146 1520 186 1553 ab
210 1522 280 1554 aliis
302 1519 401 1555 caulis
423 1517 585 1552 interdurn
609 1515 768 1549 efficitur.
792 1514 933 1547 Eosdem
957 1523 1065 1547 autem

53 1562 195 1596 calculos
216 1564 348 1607 quando
370 1575 409 1598 ex
431 1561 576 1595 seminali
601 1561 735 1604 materia
760 1559 886 1601 genitos
911 1557 1064 1599 suspicari

56 1616 123 1638 non
147 1607 263 1647 liceat,
287 1617 365 1641 tunc
390 1606 498 1639 fierine
522 1605 604 1637 inter
628 1613 758 1636 caeteras
780 1612 821 1634 ex
845 1601 901 1633 illa
934 1611 1067 1643 quoque

58 1650 336 1691 existimabimus,
361 1661 433 1692 quae
456 1646 668 1691 granulorum
702 1644 824 1678 tahacci
854 1643 957 1678 forma
1003 1655 1068 1677 non

55 1693 209 1728 rariffirne
234 1694 329 1728 nobis
351 1694 462 1729 intra,
486 1700 542 1725 aut
566 1691 604 1723 ad
630 1701 700 1722 eam
734 1687 919 1730 glandulam
954 1699 1069 1721 occur-

54 1736 126 1768 rit?
152 1738 316 1771 Arbitrari
341 1747 397 1777 per
419 1745 450 1769 tc
474 1735 598 1778 poteris
620 1743 695 1765 curn
716 1732 756 1765 de
781 1733 915 1765 materia
939 1731 1017 1772 illa,
1040 1733 1073 1763 &

56 1777 178 1814 finibus
205 1780 305 1824 ipsam
330 1779 493 1814 interdum
515 1776 781 1815 continentibus,
819 1774 954 1818 aliisque
991 1777 1072 1809 Pro-

54 1821 143 1872 st'atae
168 1826 258 1858 vitiis
282 1825 316 1857 in
329 1821 549 1858 Gonorrhoeae
571 1820 768 1854 etaetatione
790 1816 808 1860 (
825 1818 846 1851 d
867 1822 882 1859 )
903 1817 999 1854 verba
1022 1817 1073 1851 fa-

56 1876 200 1901 ciemus.
244 1898 247 1902 ,
519 1908 526 1909 7

101 1910 154 1952 38.
179 1911 280 1947 Nunc
304 1912 383 1945 vitia
408 1908 576 1951 quaedam,
610 1907 742 1950 reliquae
782 1906 886 1941 >etiam
932 1906 1072 1942 urethrae

55 1957 272 2000 communia,
295 1953 565 1999 perstringentes,
588 1951 753 1990 calculos,
778 1961 859 1992 quos
905 1952 968 1984 tibi
1015 1952 1072 1985 sub

55 1993 155 2035 hujus
179 1999 296 2032 intima
320 1996 507 2035 membrana
531 1997 566 2029 in
591 1993 743 2027 muliebri
765 2005 901 2037 corpore
913 1995 989 2029 alias
1011 1998 1073 2034 (e)

57 2038 304 2083 descripsimus,
329 2042 463 2075 minime
489 2040 672 2083 repetemus
692 2063 700 2071 .
736 2038 918 2072 Scribemus
960 2039 1072 2081 'potius

57 2091 212 2125 quaenam
232 2087 264 2119 in
287 2093 384 2126 tauto
407 2080 617 2117 dissectorum
652 2080 843 2115 cadaverum
876 2092 1011 2117 numero
1042 2082 1072 2115 se

58 2128 154 2161 nobis
177 2129 211 2162 in
236 2138 306 2162 tota
331 2125 697 2164 methica—obtulerint,
721 2136 792 2166 quae
816 2124 854 2159 ad
877 2135 1070 2159 controver-

56 2169 134 2205 siam
157 2171 275 2213 poffint
297 2170 337 2205 de
361 2179 477 2203 natura
499 2168 774 2212 caruncularum5
797 2167 840 2201 fic
867 2170 953 2202 enim
977 2169 1070 2202 voci-

57 2222 153 2251 tant;
176 2216 315 2248 attinere
330 2234 340 2250 ‚
363 2224 442 2255 quas
464 2212 549 2246 olim
571 2213 606 2245 in
630 2209 698 2253 ipsa
721 2209 844 2244 innasci
869 2227 886 2251 ,·
925 2212 1069 2254 plerique

57 2268 170 2292 omnes
194 2256 419 2292 existimabant
433 2277 443 2292 ‚
467 2253 645 2297 praesertim
658 2254 678 2286 fi
692 2254 854 2288 virulenta
869 2254 1068 2297 gonorrhoea

58 2300 278 2342 praeceffiffet,
301 2310 386 2333 nunc
411 2308 519 2332 autem
541 2297 868 2341 perpaucicredunt,
891 2300 991 2334 urinae
1002 2296 1068 2332 dif-

55 2343 236 2378 ficultatem
251 2369 259 2384 ,
282 2346 313 2377 &
338 2342 367 2377 se
389 2342 548 2376 catheteri
569 2350 769 2383 opponentes
790 2342 900 2375 obices
923 2353 995 2384 quoe
1019 2340 1069 2374 illi

54 2388 255 2424 carunculis,
273 2387 333 2420 alii
358 2385 428 2419 aliis
451 2384 549 2418 causis
572 2384 760 2427 affignantes
775 2406 785 2421 ‚
806 2387 837 2418 &
860 2386 893 2417 in
928 2385 979 2419 his
1011 2396 1068 2427 po-

54 2430 210 2464 tiffimum
235 2438 291 2464 aut
315 2429 545 2467 cicatricibus,
567 2436 623 2462 aut
648 2427 883 2469 turgentibus,
916 2429 948 2462 &
982 2429 1069 2461 vari-

53 2472 133 2507 cofis
157 2472 347 2517 sanguiferis
371 2471 451 2505 vafis
472 2479 558 2504 certa
582 2470 720 2505 urethrae
753 2471 825 2505 loca
869 2471 1069 2506 coar&anti—

52 2518 132 2555 bus,
154 2517 244 2558 quod
269 2515 308 2549 ad
331 2525 432 2558 genus
455 2515 608 2548 ultimum
622 2514 820 2548 observatio
842 2526 974 2558 quoque
1000 2515 1072 2557 spe-

57 2561 123 2594 &at
146 2560 258 2594 XXII.
271 2570 311 2592 ex
334 2560 375 2593 iis
400 2568 472 2601 quae
496 2557 536 2592 ad
559 2558 741 2591 sectionem
767 2558 847 2592 hanc
872 2558 1073 2601 Sepulchreti

59 2604 168 2638 XXV.
195 2603 314 2638 additae
337 2601 429 2636 sunt>-
454 2601 550 2648 Quin
573 2602 672 2635 etiam
707 2600 920 2645 spongiosum
965 2601 1074 2644 ipsum

59 2645 201 2681 urethrae
223 2656 340 2688 corpus
363 2648 448 2679 intra
472 2656 539 2688 ejus
560 2656 677 2679 cavum
701 2646 748 2679 ibi
763 2646 951 2679 extuberare
974 2645 1075 2679 tradi-

60 2701 134 2725 tum
157 2689 224 2731 est,
248 2690 305 2724 ubi
330 2687 521 2732 gonorrhaea
543 2686 700 2731 quasdam
734 2689 901 2723 interioris
947 2691 1067 2722 tunicae

60 2735 146 2769 sedes
168 2735 271 2776 magis
294 2732 531 2767 infirmaverit.
556 2732 641 2769 Quae
664 2734 775 2767 tunica
797 2743 873 2767 cum
906 2731 985 2766 adeo
1019 2742 1069 2765 te-

61 2780 135 2812 nuis
157 2776 221 2816 sit,
245 2778 372 2817 minus,
390 2776 535 2818 opinor,
559 2776 749 2814 miraberis,
771 2774 794 2809 s1
818 2775 903 2809 forte
942 2777 1069 2817 urgenti

64 2820 213 2864 sanguini
235 2819 346 2857 cedat,
369 2820 519 2861 corporis
540 2818 629 2851 illius
664 2816 795 2854 cellulas
836 2818 1030 2853 distendenti
1054 2841 1066 2859 ‚

63 2876 139 2899 cum
162 2872 255 2897 tanto
277 2861 437 2909 craffiores
453 2884 464 2901 ,
488 2861 703 2896 &validiores
725 2864 864 2905 parietes
886 2862 1074 2906 spongioso-

63 2919 138 2944 rum
164 2907 253 2950 penis
276 2916 450 2948 corporum
473 2905 558 2948 ipsos
580 2917 711 2948 quoque
734 2906 898 2940 interdum
934 2918 950 2938 a
980 2905 1074 2940 causa

63 2949 299 2994 ejusdemmodi
323 2949 357 2981 in
381 2949 502 2983 nodum
524 2949 654 2987 attolli,
680 2959 715 2983 ut
739 2950 789 2983 vel
811 2950 891 2983 olim
916 2949 955 2982 ab
968 2950 1075 2982 Aran-

64 2999 117 3029 tio
139 2991 223 3036 (f)
245 2992 424 3041 indicarum
446 2991 509 3027 est.
535 2992 574 3026 Id
596 2992 728 3026 obicum
750 3003 850 3035 genus
873 2992 1074 3033 frequentius

29 3070 32 3073 .
64 3039 210 3075 caeteris‚
234 3047 306 3078 quae
330 3037 464 3069 minime
479 3040 594 3079 negat,
618 3037 705 3070 intra
719 3035 884 3070 urethram
895 3036 976 3076 esse,
999 3048 1074 3070 cen-

66 3084 112 3117 set
135 3078 438 3123 Experientiffimus
459 3077 646 3113 Goulardus
669 3083 683 3119 (
703 3090 725 3122 g
746 3083 759 3120 )
783 3088 819 3113 ut
864 3078 944 3122 pore'
981 3079 1069 3122 quod

65 3126 171 3168 magis
194 3123 347 3158 idoneum
365 3120 489 3167 ⁴sit,>ut
512 3122 674 3162 ostendit,
698 3122 736 3156 ad
771 3122 982 3165 phaenomena
1014 3134 1088 3156 ex-v

64 3168 230 3212 plicanda,
258 3168 293 3200 in
316 3165 427 3208 hisque
448 3166 529 3199 illud
551 3167 647 3200 etiarn
670 3167 838 3209 quomodo
882 3167 966 3200 nihil
1010 3167 1069 3200 ob-

68 3212 266 3247 staculorum
291 3211 325 3243 in
349 3208 554 3251 quorundam
571 3209 785 3243 cadaveribus
817 3219 967 3244 occurrat
1011 3212 1069 3253 qui

65 3257 106 3289 de
130 3256 195 3288 illis
218 3254 257 3288 ad
283 3263 421 3287 mortem
445 3251 544 3295 usque
566 3254 730 3296 conquesti
747 3253 982 3287 sunt.Scilicet
996 3265 1068 3287 cum

66 3303 100 3333 vi
123 3298 347 3333 circulationis
370 3296 552 3337 sanguinis,
574 3296 710 3331 cessante
734 3298 766 3329 in
789 3297 1067 3339 obitucaulaquae

65 3354 117 3377 eas
139 3341 269 3377 cellulas
291 3339 467 3375 introrsum
489 3339 647 3382 urgebat,
670 3340 837 3382 deplentur
860 3341 909 3375 hae
935 3341 1068 3381 sensim,

68 3390 99 3420 &
124 3385 313 3423 subsidunt,
339 3384 528 3424 nullumque
551 3383 597 3417 sui
620 3385 835 3426 quaerentium
857 3383 957 3418 oculis
981 3385 1066 3418 indi-

65 3432 154 3466 cium
176 3428 386 3470 relinquunt.
410 3426 563 3460 Attamen
587 3427 706 3469 credo,
728 3440 803 3462 cum
824 3431 972 3463 reverain
987 3429 1064 3462 vivo

63 3565 269 3576 .--.---—--

961 3709 974 3735 (
991 3715 1007 3736 g
1022 3710 1035 3733 >
1050 3705 1137 3731 ‘ruite'
1152 3709 1192 3733 des
1208 3707 1322 3732 maladies
1339 3708 1367 3730 sle
1382 3706 1399 3730 l'
1414 3708 1525 3733 urethre.

1073 3738 1191 3799 (3123)AE
1207 3739 1300 3763 Medic.
1319 3738 1362 3765 l.7.
1378 3744 1432 3767 αις

126 3647 141 3676 (
158 3651 176 3675 z
191 3646 206 3675 )
220 3652 242 3670 c.
258 3652 299 3675 30.
314 3643 357 3668 tit.
418 3641 428 3669 (
444 3650 459 3666 a
474 3642 488 3673 )
503 3645 538 3668 De
554 3643 644 3668 Gland.
660 3650 684 3667 e.
701 3650 724 3673 ς.
785 3645 799 3673 (
816 3643 830 3668 b
845 3645 858 3674 3
874 3645 930 3671 vjd,
946 3646 999 3671 Aa,
1017 3645 1113 3671 Erudit.

122 3678 137 3706 (
152 3684 164 3700 c
181 3674 190 3706 3
208 3677 223 3699 ¹.
240 3683 260 3710 3.
279 3674 340 3700 Sest.
356 3679 393 3701 ²4.
409 3672 468 3698 Obs-
486 3681 523 3703 ¹7·
548 3675 569 3705 §.
588 3681 611 3702 4.
627 3673 650 3696 δε
667 3674 726 3698 Sest.
745 3680 783 3703 34.
801 3674 862 3700 Obs.
880 3686 901 3706 ς.
921 3676 945 3706 §.
964 3686 988 3705 ι».
1005 3677 1028 3700 ἃ
1043 3676 1102 3700 Obs.

121 3708 137 3736 (
151 3714 163 3731 e
177 3708 191 3736 )
207 3705 278 3735 Epist.
296 3713 334 3735 33.
350 3711 372 3728 n.
391 3710 427 3732 34.
451 3734 456 3738 η
489 3704 497 3734 (
512 3703 551 3735 f)
569 3708 602 3730 De
618 3706 720 3730 Tumor.
737 3713 762 3735 p.
780 3712 803 3729 n.
822 3713 843 3730 c.
862 3715 898 3737 50.

125 3738 165 3766 (i
185 3738 295 3765 >Nuova
312 3733 433 3763 Propofiz.
450 3739 496 3758 int·
513 3737 562 3760 alla
579 3738 683 3761 carunc.
746 3737 754 3765 (
772 3734 788 3759 k
808 3735 816 3765 l
832 3745 853 3761 c.
869 3745 892 3761 2.
910 3737 932 3761 ὃς
950 3746 995 3766 ¹⁵3«

123 3768 138 3795 (
152 3775 169 3790 n
184 3767 198 3796 )
217 3766 294 3800 Instit.
309 3765 376 3790 Chir.
393 3766 458 3799 P.·².
476 3766 534 3790 Set'r.
554 3775 576 3797 ς,
592 3774 614 3790 e.
632 3768 670 3793 38·
689 3773 712 3789 n.
731 3773 753 3791 1.
815 3766 829 3795 (
844 3776 856 3792 α
872 3767 881 3798 )
900 3768 976 3792 instit.
995 3768 1060 3792 εἶτα.

123 3797 131 3824 (
151 3805 166 3825 q
185 3800 193 3825 )
210 3796 262 3820 vid.
280 3796 338 3820 obs.
355 3797 391 3824 84.
409 3800 452 3819 eit.
514 3798 552 3831 (st,
569 3798 578 3827 )
594 3796 656 3826 13len
671 3798 706 3821 N.
724 3798 753 3822 C.
769 3798 839 3823 Ceut.
858 3805 879 3824 1.
895 3798 956 3824 Obs.
973 3805 1011 3828 7¹·
1028 3798 1051 3822 tc
1069 3805 1107 3829 97.

124 3826 310 3857 {2⁴2Deloe⁸
327 3825 365 3851 aff.
383 3827 398 3850 Ι.
418 3833 438 3851 ι.
454 3832 476 3851 c.
493 3834 515 3851 1.
578 3832 579 3835 ¹
863 3841 865 3843 >

1105 303 1236 336 fuerunt
1254 323 1263 338 ‚
1283 302 1368 343 posse
1390 302 1493 335 oculis
1516 301 1551 333 in
1575 308 1709 334 mortuo
1733 296 1875 340 subjici,
1905 297 1930 333 fi
1953 298 2106 341 spongio-

1105 346 1173 379 sum
1195 344 1335 380 urethrae
1357 356 1473 388 corpus
1496 343 1635 378 immisso
1660 353 1727 376 aere
1748 350 1875 377 tantum
1907 340 2105 375 distendatur

1104 399 1266 431 quantum
1291 392 1324 423 in
1349 391 1417 422 vita
1442 387 1571 423 fuerat,
1597 385 1701 429 ficque
1723 385 1871 420 exsiccati
1903 384 2001 419 incisa
2036 395 2109 416 ure-

1102 432 1175 467 thr·
1191 458 1200 472 ‚
1223 433 1278 465 ille
1301 433 1386 465 intra
1411 431 1490 466 hanc
1515 430 1672 472 spectetur
1698 429 1810 467 locus,
1836 431 1870 462 in
1894 438 1961 470 quo
1985 426 2109 469 percipi

1101 476 1224 510 solebat
1246 474 1465 510 obstaculum.
1600 474 1725 506 Verum
1747 483 1811 505 non
1833 471 1947 506 desunt
1970 471 2027 513 qui
2048 481 2109 515 pro

1083 519 1282 560 ,carunculis
1305 518 1406 553 adhuc
1431 525 1638 561 propugnent
1662 515 1725 550 five
1751 516 1828 548 alibi
1853 526 1909 559 per
1922 513 2107 549 urethram‚

1103 563 1167 596 five
1190 562 1365 605 praesertim
1387 563 1421 594 in
1446 560 1596 595 Seminali
1630 558 1699 603 ipsa
1744 568 1890 594 tumente
1936 556 2109 591 caruncula

1106 605 1333 647 agnoscendis.-
1356 616 1437 647 quos
1461 607 1546 638 inter
1570 601 1634 645 ipse
1659 613 1789 645 quoque
1811 601 1876 636 fuit
1898 599 2062 634 Lancilius
2076 599 2112 632 in

1106 650 1223 684 litteris
1248 648 1286 682 ad
1310 647 1498 685 Geriselium
1520 648 1535 687 ’(
1557 646 1577 679 h
1599 649 1633 685 );
1659 645 1709 679 sed
1732 657 1827 679 nemo
1851 644 1949 678 fufius
1973 655 2008 677 ac
2032 641 2114 676 dili·-

1107 694 1235 735 gentius
1259 703 1326 725 rem
1348 694 1415 734 egit
1438 703 1534 734 quam
1560 689 1738 726 Benevolus
1761 689 1820 728 (i)
1835 709 1843 725 ‚
1867 688 1923 728 qui
1949 697 2013 720 non
2048 697 2113 721 mo-

1107 736 1151 769 do
1173 735 1351 772 indicatis,
1377 745 1413 768 ut
1436 735 1513 771 ille,
1539 733 1587 767 sed
1612 732 1745 776 prolatis
1770 731 1832 765 suis
1863 729 2116 764 Observationi-

1108 780 1166 813 bus
1190 779 1222 812 id
1245 779 1354 811 morbi
1377 780 1411 811 in
1436 780 1544 813 eadem
1567 776 1621 809 illa
1645 776 1824 810 exulcerata
1848 773 2020 808 caruncula
2034 771 2116 811 effe,

1108 823 1241 856 docuit.
1266 822 1386 865 Neque
1409 821 1462 857 hic
1485 831 1614 858 tamen3
1639 818 1727 861 quod
1753 819 1868 853 vellem
1894 817 1933 850 ab
1958 828 2046 855 uno,
2068 823 2117 847 at-

1109 877 1171 906 que
1194 865 1298 898 altero
1319 865 1505 907 p'ererudito
1530 864 1675 905 alioquin
1702 863 1867 904 Scriptore
1910 858 2119 893 animadver-

1105 909 1196 946 sum·‚
1223 909 1373 950 negavit,
1398 909 1468 942 imo
1490 908 1608 943 diserte
1632 906 1724 940 faslus
1747 906 1790 939 est
1812 908 1826 944 ζ
1848 905 1866 943 l<
1886 907 1921 942 .)‚
1946 904 2025 937 alios
2038 913 2119 945 prae-

1107 962 1193 986 terea
1216 951 1275 984 esse
1299 950 1384 992 posse
1407 954 1441 985 in
1464 951 1595 986 urethra
1619 950 1748 987 obices,
1770 959 1912 992 quorum
1936 948 2061 990 aliquos
2086 946 2119 979 &

1109 994 1178 1036 ipse
1198 995 1468 1036 deprehenderit,
1494 997 1534 1028 ab
1567 993 1720 1035 angustiis
1742 1015 1754 1032 ‚
1799 990 2083 1033 corrugationibus
2105 1009 2119 1027 ‚

1109 1038 1337 1076 cicatricibus,
1359 1041 1391 1070 δι
1415 1040 1464 1072 vel
1489 1039 1529 1071 ab
1552 1038 1661 1079 aliqua
1678 1046 1917 1078 ,nonnunquam
1942 1044 2052 1067 carnea
2067 1042 2122 1064 ex-

1111 1082 1303 1115 crescentia:
1327 1084 1358 1114 &
1381 1081 1443 1115 hoc
1466 1092 1567 1115 unum
1591 1079 1779 1115 contendit,
1803 1089 1869 1111 non
1882 1079 1921 1111 ab
1932 1077 2006 1117 his,
2030 1085 2066 1109 ut
2081 1074 2120 1107 ab

1112 1125 1255 1159 ulcerosa
1279 1124 1433 1158 Seminali
1477 1124 1648 1158 caruncula
1668 1146 1680 1163 ,
1715 1122 1889 1165 peculiaria
1935 1121 1990 1154 illa
2034 1119 2123 1161 signa

1109 1169 1222 1203 omnia
1245 1166 1305 1201 esse
1328 1166 1414 1210 poffe
1436 1180 1490 1210 per
1513 1179 1585 1210 quae
1609 1166 1760 1200 morbum
1781 1177 1848 1207 quo
1871 1165 1909 1198 de
1933 1163 2125 1206 ipseloque—

1113 1212 1235 1252 batur,
1259 1212 1299 1244 ab
1323 1212 1394 1244 aliis
1418 1222 1490 1253 quae
1514 1212 1618 1253 probe
1642 1218 1762 1249 norat,
1785 1208 1960 1241 obstaculis
1980 1230 1993 1247 ,
2015 1207 2123 1240 urinae

1114 1257 1143 1289 se
1159 1281 1167 1296 ,
1192 1258 1222 1287 ὅ(
1246 1254 1407 1289 catheteri
1418 1254 1682 1296 opponentibus,
1705 1252 1946 1294 distinguebat.
1968 1252 2052 1289 Quae
2075 1247 2097 1281 fi
2113 1268 2125 1285 2

1114 1309 1150 1332 ut
1171 1299 1226 1332 ille
1251 1299 1364 1337 suum,
1390 1298 1569 1332 allaborent
1594 1298 1650 1330 alii
1675 1308 1729 1339 per
1751 1296 1851 1330 certas
1884 1305 1977 1329 notas
2012 1292 2126 1327 melius

1112 1342 1357 1378 internoscenda
1380 1340 1553 1381 exhibere;
1577 1352 1641 1374 non
1658 1339 1708 1381 *est
1730 1339 1948 1374 dubitandum
1961 1339 2040 1380 quin
2053 1346 2127 1370 tan-

1117 1388 1144 1419 ti
1169 1386 1203 1420 id
1229 1386 1438 1419 Medicorum
1463 1383 1610 1424 interfit,
1634 1385 1748 1426 quanti
1786 1382 1915 1418 interest
1961 1380 2048 1415 aliud
2090 1379 2127 1411 in

1117 1430 1185 1464 alio
1204 1429 1363 1464 ‘obstaculi
1387 1440 1501 1471 genere
1525 1438 1595 1462 tum
1619 1427 1815 1471 praedicere,
1838 1437 1910 1460 tum
1935 1435 2047 1468 agere,
2073 1430 2129 1457 aut

1118 1473 1230 1508 saltem
1256 1474 1378 1507 vitare.
1404 1473 1594 1514 intelligis,
1617 1483 1665 1505 me
1690 1474 1723 1504 in
1748 1470 1806 1504 hac
1832 1471 1978 1513 alioquin
2002 1466 2132 1502 difficili

1117 1519 1163 1551 ob
1185 1515 1401 1560 discrepantes
1426 1515 1504 1549 adeo
1527 1515 1784 1548 Observationes
1806 1511 2027 1547 controversia
2074 1510 2132 1544 ha-

1116 1570 1190 1595 rum
1216 1560 1318 1593 nullas
1342 1558 1491 1603 rejicere,
1515 1557 1601 1592 Celsi
1628 1558 1837 1600 aequitatem,
1861 1559 1891 1590 δέ
1915 1553 2131 1589 Praestantiffi-

1121 1614 1250 1638 morum
1274 1605 1435 1638 Virorum
1459 1601 1619 1644 judicium
1643 1601 1846 1642 sequentem.
1871 1598 2041 1642 Verifimile
2064 1598 2102 1637 eft
2122 1619 2133 1635 ‚

1121 1649 1256 1691 inquit,
1279 1648 1429 1690 quamvis
1455 1646 1514 1679 alia
1539 1647 1573 1678 in
1597 1656 1650 1682 re,
1673 1644 1728 1677 ille
1752 1648 1762 1685 (
1786 1643 1860 1687 l),‘
1875 1643 1908 1676 id
1951 1655 1968 1675 a
2015 1651 2133 1684 quoque

1120 1690 1358 1735 pratermisJum
1371 1713 1383 1730 ,
1406 1690 1485 1732 quod
1508 1688 1570 1733 ipse
1593 1699 1653 1725 non
1695 1687 1902 1730 cognoverim
1932 1697 1950 1719 a
1971 1685 2058 1719 nullo
2101 1685 2134 1719 ia

1126 1735 1205 1777 quod
1227 1745 1286 1767 non
1307 1734 1446 1772 viderit,
1463 1731 1595 1775 ficium.
1620 1731 1810 1766 Astruccius
1843 1738 1949 1764 autem
1992 1731 2007 1767 (
2031 1728 2096 1771 m‘)
2119 1750 2132 1768 ,

1126 1777 1293 1812 Heisterus
1318 1778 1373 1820 (n
1395 1781 1430 1817 )‚
1454 1776 1620 1809 Platnerus
1642 1778 1655 1813 <
1678 1787 1693 1808 o
1713 1779 1750 1815 v)‚
1774 1774 1894 1817 quibus
1916 1775 1959 1807 δε-
1982 1772 2134 1812 Walthe-

1123 1833 1198 1855 rum
1219 1824 1233 1861 (
1251 1831 1275 1863 p
1298 1824 1315 1861 >
1335 1820 1429 1854 addas
1453 1821 1550 1859 licet,
1577 1821 1638 1853 alia
1661 1819 1694 1851 in
1719 1819 1789 1852 aliis
1813 1817 2054 1853 obstaculorum
2078 1827 2134 1859 ge-

1123 1877 1199 1900 nera
1222 1863 1301 1905 effe,
1324 1876 1388 1898 non
1411 1863 1588 1900 dubitant,
1610 1874 1667 1895 nec
1693 1861 1831 1901 referre,
1854 1862 1876 1894 fi
1900 1872 2011 1895 ornnes
2023 1861 2140 1896 omnia.

1124 1920 1190 1942 non
1214 1909 1462 1950 conl'pexerintz
1487 1907 1562 1940 satis
1585 1906 1644 1940 esre
1665 1906 1753 1949 quod
1790 1905 2042 1952 fingulacertis
2073 1903 2135 1937 lint

1123 1951 1423 1986 Observationibus
1444 1951 1655 1994 comprobata
1671 1974 1678 1982 .
1703 1951 1755 1983 Sic
1778 1961 1875 1993 quam
1890 1948 2064 1983 Genselius
2088 1949 2136 1991 (q)

1124 1996 1333 2031 carunculam
1356 1995 1425 2039 ipse
1447 1994 1680 2039 deprehendit,
1704 2005 1769 2028 non
1792 1994 1899 2028 minus
1923 1994 2060 2027 libenter
2084 2004 2137 2026 ac-

1125 2041 1288 2083 cipimus,
1311 2051 1407 2084 quarn
1431 2039 1568 2074 urethrae
1594 2037 1772 2080 angustias,
1797 2039 1827 2070 δέ
1849 2038 2092 2077 τεοεῑᾶεῑίοῃέε
2117 2049 2134 2070 a

1124 2085 1298 2118 Brunnero
1322 2088 1404 2125 (r),
1427 2083 1560 2126 aliisque
1581 2081 1790 2125 conspectas.
1817 2080 1876 2115 Sed
1903 2093 1973 2124 qnae
1998 2089 2133 2123 uterque

1123 2129 1240 2166 addit,
1265 2139 1331 2161 non
1355 2139 1445 2171 aeque
1469 2127 1608 2161 libenter
1631 2125 1988 2168 omniaagnoscimus.
2014 2125 2133 2167 Neque

1122 2172 1210 2205 enim
1233 2172 1344 2205 omnia
1366 2170 1626 2205 Observationes
1651 2170 1723 2203 sunt
1747 2168 1811 2214 huc
1843 2171 2017 2203 attinentes
2037 2192 2049 2209 ,
2083 2169 2135 2202 led

1122 2214 1318 2256 conjecturae
1333 2237 1342 2252 ,
1367 2215 1416 2248 vel
1440 2227 1474 2248 ea
1498 2214 1574 2248 dico
1595 2225 1668 2258 quae
1702 2212 2136 2257 tanquam-Observationes

1122 2270 1140 2291 a
1162 2258 1316 2291 Genselio
1340 2258 1553 2301 subjiciuntur
1574 2283 1581 2291 .
1615 2255 1709 2296 Quid
1753 2258 1855 2292 enim*
1884 2257 1948 2292 huc
1996 2256 2137 2292 urethrae
2169 2271 2172 2274 ⁴

1121 2302 1178 2335 illa
1220 2301 1460 2343 Hippocratica
1505 2301 1586 2344 (s)
1630 2306 1744 2346 φύματα
1761 2324 1768 2337 ,
1795 2301 1859 2334 five
1903 2302 2020 2334 minuti
2042 2325 2050 2338 ‚
2077 2311 2135 2336 ‚ut

1121 2344 1238 2392 Celsus
1263 2348 1276 2384 (
1302 2352 1316 2378 t
1340 2349 1350 2384 )
1375 2345 1542 2389 loquitur,
1565 2343 1734 2388 abscejjus,
1757 2345 1877 2388 quibus
1900 2346 1990 2383 cito,
2017 2355 2051 2379 ut
2075 2344 2132 2383 fir,

1121 2390 1327 2431 suppuratis,
1353 2400 1431 2431 pure
1453 2387 1722 2428 effuso‚·sanitas
1757 2388 1898 2421 redditur
1922 2392 1933 2420 ?
1982 2389 2135 2430 spectent

1121 2431 1186 2468 huc
1208 2442 1342 2466 caetera.
1368 2433 1426 2466 Sed
1452 2443 1528 2466 num
1540 2434 1728 2474 quicunque
1751 2431 1780 2465 se
1794 2431 2000 2466 carunculam
2026 2432 2134 2466 curas—

1123 2477 1172 2513 se,
1197 2474 1358 2515 credidit,
1386 2475 1447 2509 suae
1470 2475 1636 2516 opinionis
1659 2475 1791 2513 eandem
1814 2476 1923 2509 saltem
1936 2476 2048 2509 attulit
2059 2487 2134 2519 pro..

1123 2520 1287 2553 barionem
1310 2529 1410 2565 quam
1431 2518 1575 2552 Galenus
1598 2520 1688 2556 (u),
1713 2520 1771 2562 qui
1794 2530 1869 2553 cum
1893 2519 1931 2552 ab
1943 2520 2048 2553 ulcere
2060 2531 2137 2554 enas

1123 2573 1213 2599 tam,
1237 2571 1273 2596 ut
1298 2571 1506 2604 conjecerat,
1529 2562 1736 2595 carunculam
1762 2574 1817 2605 per
1840 2563 2036 2596 catheterem
2070 2562 2133 2598 sre-

1126 2606 1219 2649 gisset
1235 2631 1244 2646 ‚
1260 2604 1369 2647 secuta
1392 2604 1480 2639 vidit⁴
1499 2606 1595 2639 urina
1616 2606 1821 2640 exer-ettonem
1845 2618 1909 2639 non
1934 2607 2032 2640 modo
2045 2618 2133 2640 cruo-

1126 2660 1193 2683 rem
1214 2648 1373 2691 aliquem,
1398 2647 1449 2681 sed
1473 2649 1514 2682 23*
1537 2648 1641 2681 carnis‘
1653 2646 1855 2692 fragmenta.
1883 2651 2040 2684 'Omnino
2074 2651 2132 2692 qui

1119 2692 1307 2728 carunculas
1330 2694 1367 2725 in
1391 2692 1622 2730 cadaveribus,
1646 2704 1717 2734 quae
1742 2692 1910 2726 certiffima
1935 2693 1989 2727 has
2023 2694 2133 2726 obser-

1120 2736 1217 2770 vandi
1240 2737 1326 2770 ratio
1349 2735 1412 2776 est,
1438 2734 1724 2778 deprehenderint,
1751 2736 1856 2772 multo
1880 2738 2044 2778 pauciores
2059 2736 2133 2770 sunt

1122 2791 1221 2824 quam
1245 2779 1372 2813 credere
1397 2778 1525 2813 videtur
1548 2778 1737 2817 Genselius,
1763 2779 1785 2811 s1
1820 2790 1873 2812 eos
1908 2779 2041 2821 seponas
2073 2782 2132 2822 qui

1124 2833 1162 2858 ut
1186 2822 1419 2857 excrescentias
1441 2832 1567 2855 carneas
1590 2822 1623 2854 in
1647 2820 1777 2855 urethra
1790 2824 2037 2864 conspexerint3
2062 2824 2133 2857 illas

1128 2877 1235 2901 tamen
1260 2878 1325 2900 non
1348 2867 1434 2899 intra
1460 2865 1540 2898 hanc
1562 2873 1676 2904 nataS,
1699 2863 1736 2897 de
1760 2866 1878 2906 quibus
1911 2866 1983 2900 hic·
2009 2869 2131 2910 quaeri-

1116 2922 1217 2947 mus,
1245 2909 1295 2943 sed
1320 2921 1358 2941 ex
1382 2909 1502 2947 vesica,
1526 2907 1608 2941 unde
1630 2907 1818 2942 oriebantur
1839 2932 1848 2947 ,
1884 2911 1918 2943 in
1964 2910 2131 2944 urethram

1125 2953 1364 2997 propendentes
1388 2951 1702 2985 animadverterunt.
1727 2951 1812 2994 Qae
1836 2964 1911 2987 cum
1943 2955 1989 2987 ita
2034 2954 2129 2993 fints3

1126 2999 1232 3031 minus
1252 3018 1261 3033 ,
1286 3006 1321 3029 ut
1345 3005 1445 3037 puto,
1470 2994 1656 3033 miraberis,
1681 2994 1701 3027 fi
1727 3001 1877 3029 cumptot'
1911 2997 2056 3032 urethras
2091 3009 2130 3032 ex

1124 3053 1192 3084 qno
1215 3043 1390 3073 Anatomes
1414 3037 1519 3071 studio
1543 3049 1592 3071 me
1616 3037 1711 3074 dedi,
1735 3048 1856 3072 attente
1898 3041 2093 3084 inspexerim
2116 3064 2130 3081 ,

1124 3087 1155 3117 δι
1176 3084 1350 3127 quotannis
1375 3080 1478 3115 adhuc
1501 3081 1690 3123 inspiciam3
1715 3083 1770 3114 vix
1793 3094 1890 3117 unam
1913 3085 2027 3118 dixero
2060 3095 2130 3118 cer-

1119 3137 1189 3161 tam
1214 3126 1292 3160 mihi
1316 3123 1376 3158 esse
1401 3127 1433 3157 in
1457 3136 1490 3157 ea
1515 3124 1789 3160 Observationem
1813 3138 1933 3160 carneae
1946 3128 2132 3163 excrescen-

1121 3173 1197 3208 tiae‚
1222 3182 1296 3203 cum
1323 3169 1426 3210 plures
1449 3167 1511 3200 {int
1535 3169 1747 3208 cicatricum,
1773 3172 1804 3203 ὃς
1836 3171 2093 3205 coarctationurn
2118 3195 2129 3212 ,

1119 3226 1222 3256 neque
1245 3215 1298 3246 illa
1323 3223 1383 3244 una
1409 3221 1473 3244 non
1497 3210 1561 3244 fine
1584 3211 1633 3245 his
1657 3209 1790 3246 suerit.v

1142 3282 1148 3289 ..
1164 3269 1215 3299 39.
1237 3254 1444 3299 JUVENIS
1467 3266 1506 3287 ex
1528 3257 1643 3298 capitis
1668 3256 1804 3289 vulnere>
1821 3256 1853 3288 in
1879 3254 1942 3289 hoc
1976 3255 2127 3292 Nosoco·.

1119 3302 1360 3334 mio-mortuus
1384 3298 1425 3331 est
1447 3300 1533 3332 circa.
1559 3298 1699 3332 medium
1730 3300 1938 3333 Decembrem
1959 3300 2002 3332 A.
2033 3312 2126 3344 1717.

1249 3342 1463 3375 VENTRIS
1487 3341 1654 3375 dumtaxat
1673 3342 1874 3383 visceribus,
1898 3345 1927 3375 δέ
1943 3343 2063 3386 Magna
2075 3357 2127 3379 ar-

1119 3389 1221 3424 teria,
1246 3390 1276 3419 ἃ
1300 3387 1455 3426 larynge,
1478 3386 1511 3418 in
1535 3396 1676 3428 quorum
1698 3388 1843 3420 examine
1868 3397 1945 3420 tunc
1970 3399 2057 3421 eram
2071 3398 2125 3422 to-

1117 3441 1190 3474 tus,
1213 3432 1302 3473 prius
1334 3429 1509 3471 diligenter
1542 3428 1717 3471 inspeetis,
1743 3430 1837 3462 &iis
1860 3430 1920 3472 qui
1953 3430 2085 3465 aderant
2112 3455 2124 3472 ,

1952 3473 2084 3508 demon.

500 3561 2124 3580 “nm—ww

1130 3646 1192 3674 Lips.
1210 3649 1240 3671 A.
1259 3653 1328 3677 1707.
1345 3646 1386 3669 M.
1404 3645 1476 3672 Febr.

1118 3681 1140 3700 6.
1160 3679 1182 3706 §.
1203 3685 1223 3702 1.
1242 3679 1263 3701 δε
1280 3677 1304 3700 in
1322 3675 1448 3701 Additam.
1466 3677 1526 3702 obs.
1544 3685 1566 3708 3.
1627 3677 1642 3705 (
1658 3675 1674 3699 d
1689 3675 1703 3704 )
1719 3675 1791 3705 Epist.
1807 3684 1848 3706 44,
1865 3685 1888 3701 n.
1905 3684 1941 3702 ιο.
1958 3680 1981 3703 8:
1997 3678 2061 3707 seqq.

1584 3707 1598 3736 (
1615 3707 1629 3729 b
1644 3707 1658 3735 )
1674 3706 1736 3735 Eph.
1754 3708 1790 3730 N.
1806 3710 1836 3732 C.
1855 3710 1927 3733 Cent.
1944 3713 1968 3733 6.
1985 3708 2046 3733 Obs.
2062 3709 2100 3736 84.

1363 3767 1367 3771 .
1494 3739 1508 3768 (
1528 3746 1549 3762 m
1567 3738 1573 3766 )
1594 3739 1629 3760 De
1641 3737 1722 3760 Morb.
1733 3739 1821 3763 Vener.
1831 3739 1872 3767 l.3.
1884 3746 1931 3767 (24.
1946 3740 1992 3769 §.4.
2009 3741 2031 3763 8c
2041 3738 2098 3764 alibi
2109 3755 2118 3764 .

1253 3770 1266 3798 (
1280 3767 1316 3798 p)
1338 3767 1434 3794 Dissert.
1451 3768 1480 3793 de
1498 3769 1563 3794 eollo
1578 3767 1644 3791 viril.
1662 3766 1730 3791 velie.
1747 3770 1770 3791 ες
1786 3774 1839 3794 caet.
1857 3768 1880 3800 §.
1899 3776 1935 3799 ις.
1952 3770 1975 3795 ὃς
1992 3770 2055 3801 seqq.

1170 3799 1236 3830 (I)
1252 3798 1313 3826 Sest-
1329 3807 1351 3828 4·
1370 3799 1434 3829 aph.
1451 3801 1489 3824 82.
1552 3799 1567 3829 (
1583 3798 1656 3828 t21.
1674 3805 1696 3835 ²:
1714 3804 1735 3823 c.
1752 3800 1775 3823 8.
