2498 4075
397 231 490 274 444

325 298 369 341 'de
390 299 512 343 quibus
534 292 678 338 Epistola
701 294 740 328 L.
765 294 822 328 vix
844 301 942 334 pauca
964 292 1152 332 attigimus,
1175 288 1209 322 in
1245 286 1331 322 sum-

323 355 375 379 ma
402 344 475 378 aliis
495 342 628 382 lingua,
653 339 725 374 aliis
747 346 821 371 toto
844 332 1080 378 propemodum
1101 343 1237 376 corpore
1261 331 1329 366 suc-

326 386 565 422 crescentibus.
1150 386 1152 389 ·

370 443 419 466 io.
446 422 832 463 LINGUARUM
854 442 865 459 ‚
900 431 978 462 quas
1012 419 1184 453 Februario
1226 417 1329 453 mense

324 485 411 510 anno
434 472 497 507 hoc
522 478 616 512 1759.
640 469 675 503 in
696 464 882 510 Gymnasio
903 463 1109 497 diffecuimus
1133 486 1143 501 ,
1178 473 1239 496 una
1263 472 1331 496 erat

322 516 472 555 tumida,
495 514 530 546 in
553 521 652 555 eaque
675 512 757 545 linea
780 519 876 552 quam
902 508 1083 540 medianam
1108 507 1331 548 vocant.pri-

323 572 414 596 mum
435 556 568 602 quidem
592 556 633 589 ab
656 555 745 598 apice
768 553 806 587 ad
828 552 968 585 “aestum
1003 549 1130 592 pollicis
1163 548 1330 583 transversi

324 607 359 639 in
385 603 466 638 sulci
489 599 623 634 modum
645 609 703 632 nec
727 598 828 632 levis,
853 605 912 629 nec
937 592 959 626 si
985 592 1058 626 hinc
1090 596 1137 627 &¹
1156 593 1233 627 hinc
1267 593 1332 627 lin-

323 659 394 691 guae
416 647 512 680 latera
536 643 699 681 traheres,
723 638 875 678 tollendi,
900 635 1101 676 subsidebat,
1126 636 1240 670 deinde
1255 647 1333 670 vero

325 691 413 726 nulla
438 689 574 731 usquam
599 684 794 730 apparebat3
821 683 890 717 imo
913 691 1002 722 aeque
1038 680 1177 714 mediam
1216 692 1252 713 ac
1287 681 1332 714 la-

324 735 438 770 terales
461 730 641 774 superficiei
664 729 753 762 illius
777 735 882 769 partes
903 723 1105 767 occupabant
1129 723 1297 758 tubercula
1321 745 1330 761 ,

328 778 451 813 nullam
474 773 599 818 prorsus
623 771 662 807 ad
685 782 830 805 normam
865 767 1018 811 disposita
1046 790 1056 805 ,
1090 767 1226 802 humilia
1258 767 1332 810 qui-

327 823 422 859 dem,
447 819 496 854 sed
520 816 617 851 craffa
641 816 679 850 ad
704 813 929 857 sesquilineam
964 809 1063 853 usque
1094 812 1198 845 unciae
1224 811 1334 844 Bono-

326 863 463 903 niensis,
487 861 567 895 facie
591 858 744 902 inaequali
760 882 768 896 ,
793 856 866 890 albo
890 864 1016 891 autem,
1041 863 1078 888 ut
1111 855 1225 897 lingua
1259 856 1333 888 reli·-

326 920 412 950 qua,
434 907 546 940 colore
564 929 572 936 .
595 902 795 937 Desinebant
818 910 918 943 prope
942 910 1010 933 earn
1044 897 1149 932 sedem
1183 898 1242 932 ubi
1274 898 1334 932 esse

327 949 507 986 debuissent
532 947 599 980 illae
624 947 747 980 ultimae
772 942 932 978 crassiores
955 941 1101 984 papillae:
1126 951 1263 984 quarum
1287 943 1335 975 lo.

329 1007 404 1030 cum
429 991 607 1035 perexilia‚
632 989 681 1023 sed
702 985 1129 1026 confertiffimaimplebant
1141 986 1308 1020 tubercula
1322 1009 1331 1017 .

326 1037 405 1073 Post
428 1037 496 1071 haec
520 1035 660 1076 denique
684 1032 871 1068 succedebat
895 1039 964 1063 tota
996 1029 1053 1061 illa
1088 1028 1172 1062 sedes
1206 1030 1241 1061 in
1273 1041 1337 1071 qua

328 1092 433 1118 extare
458 1081 562 1114 solent
585 1076 768 1121 glandulae‚
790 1085 822 1109 at
834 1073 897 1108 sine
912 1073 980 1107 ullo
992 1072 1109 1107 harum
1122 1073 1257 1116 vestigio
1269 1073 1338 1116 pla-

328 1131 373 1162 'na
398 1124 555 1161 omnino,
579 1125 611 1156 &
635 1122 743 1155 laevis.

381 1178 429 1202 11.
453 1166 544 1204 Quid
570 1164 786 1210 praecessisset,
809 1160 892 1197 unde
919 1172 954 1195 ea
977 1158 1019 1194 fic
1051 1158 1134 1194 faria
1166 1157 1242 1194 esset
1277 1159 1340 1192 lin-

328 1224 391 1257 gua
416 1233 426 1250 ,
470 1213 503 1244 &
549 1210 629 1252 quid
664 1207 790 1242 afferret
822 1204 1056 1241 incommodi,
1091 1203 1169 1238 scire
1204 1214 1269 1237 non
1301 1204 1343 1236 li-

331 1258 425 1290 cuit.
557 1255 684 1287 Contra
708 1262 784 1285 vero
807 1252 837 1284 &
873 1248 944 1292 post
977 1258 1050 1290 quae
1083 1249 1240 1290 inceperit
1264 1273 1275 1288 ,
1310 1249 1342 1279 δε

329 1310 403 1342 quae
427 1298 571 1332 attulerit
595 1307 661 1329 non
684 1294 907 1338 glandularum
932 1291 1116 1332 absumptio
1139 1313 1148 1328 ‚
1188 1290 1239 1324 sed
1274 1300 1340 1324 am-

332 1341 494 1386 plificatio
518 1362 529 1379 ,
561 1343 591 1373 &
614 1339 782 1373 citiffimus
806 1347 921 1379 magna
947 1344 1039 1377 parte
1061 1336 1207 1376 corporis
1229 1335 1338 1372 intus,

332 1395 486 1428 extraque
509 1394 666 1418 novarum
689 1381 778 1425 quasi
802 1379 1028 1424 glandularum
1051 1386 1250 1420 proventus,
1286 1388 1340 1418 ap-

335 1438 428 1473 paret
452 1440 491 1461 ex
513 1427 670 1466 historia,
692 1425 745 1459 hic
771 1427 906 1459 minime
932 1421 1208 1464 praeterinittenda
1230 1444 1238 1457 ,
1269 1432 1341 1464 quar.¹

334 1474 377 1508 ab
402 1472 535 1508 laudato
558 1471 634 1505 alias
656 1471 835 1505 Laurentio
860 1467 1011 1500 Mariano
1033 1488 1044 1505 ‚
1075 1468 1106 1498 &
1137 1465 1178 1499 ab
1208 1464 1352 1499 Genero

336 1529 375 1552 eo
401 1516 504 1559 digno
523 1513 670 1559 Josepho
704 1512 815 1547 Bonio
849 1513 890 1546 A.
926 1519 1018 1551 1752.
1053 1509 1295 1543 communicata
1331 1533 1342 1549 ‚

330 1560 417 1599 mihi
439 1571 479 1594 eo
503 1559 630 1601 gratior
651 1555 737 1594 fuit,
760 1555 851 1600 quod
874 1555 1024 1588 morbum
1049 1564 1114 1586 non
1138 1555 1183 1585 ita
1206 1551 1343 1585 dissimi-

335 1605 399 1639 lem
426 1604 518 1637 annis
540 1601 764 1644 superioribus
787 1598 926 1642 speclare
949 1597 1103 1641 quidem,
1127 1595 1178 1630 sed
1194 1605 1257 1629 non
1282 1606 1340 1637 per

332 1648 577 1683 dissestionem,
605 1653 802 1686 potueram,
824 1650 862 1676 ut
893 1641 955 1676 tibi
977 1641 1017 1674 de
1041 1639 1243 1674 Tumoribus
1267 1638 1340 1672 scri-

335 1693 413 1726 bens
436 1690 525 1734 (g),
543 1687 743 1730 significavi.

382 1744 431 1768 12.
466 1734 498 1766 A
513 1733 547 1766 D
561 1732 634 1766 OL
645 1731 673 1764 E
685 1730 705 1763 S
718 1732 748 1762 C
760 1731 790 1763 E
801 1729 838 1762 N
852 1730 871 1761 S
903 1725 1088 1762 Generosus
1118 1737 1218 1761 annos
1248 1734 1343 1759 natus

334 1777 525 1822 quindecim
549 1799 560 1815 ‚
591 1775 633 1808 ab
657 1772 797 1807 infantia
821 1771 920 1815 usque
943 1772 1058 1811 sanus,
1081 1771 1112 1803 &
1143 1770 1256 1804 vivido
1287 1781 1344 1803 co-

335 1824 406 1857 lore
427 1819 606 1864 praeditus,
627 1818 753 1852 duriori
775 1815 1008 1859 objurgatione
1031 1824 1203 1858 exceptus,
1236 1814 1345 1856 gravi-

274 1870 287 1879 *
335 1878 400 1909 que
423 1866 541 1898 timore
563 1871 659 1896 tanto
681 1861 784 1903 magis
806 1859 880 1893 inde
905 1859 1069 1902 perculsus
1086 1883 1097 1899 ,
1129 1858 1218 1901 quod
1251 1867 1346 1890 natu-

335 1921 372 1944 ra
396 1917 461 1942 erat
483 1904 724 1948 cogitabundus
745 1928 754 1942 ‚
789 1912 868 1937 tunc
911 1902 1045 1946 quidem
1079 1903 1225 1936 triduum
1257 1898 1345 1944 quasi

335 1953 482 1995 stupidus
504 1951 632 1993 exegit,
657 1950 760 1983 tertio
782 1956 890 1982 autem
916 1946 984 1989 post
1008 1945 1112 1979 mense
1143 1956 1254 1988 parvas
1292 1954 1349 1986 per

339 1997 464 2031 collum
487 1994 654 2037 glandulas
684 1992 789 2034 coepit
824 1990 1100 2026 animadvertere,
1130 2001 1202 2031 quae
1239 1988 1347 2030 paula-

340 2041 404 2075 tim
426 2041 572 2083 primum
594 2046 766 2071 creverunt
794 2056 803 2072 ‚
841 2046 920 2068 mox
941 2045 1018 2067 vero
1041 2033 1171 2066 morbus
1202 2033 1347 2066 celeriter

340 2084 424 2118 adeo
455 2084 569 2117 auctus
605 2081 647 2115 est
669 2102 682 2119 ‚
716 2089 752 2113 ut
786 2087 903 2123 praeter
937 2078 1122 2111 salivarium
1146 2099 1155 2114 ‚
1188 2078 1220 2109 δι
1252 2075 1351 2107 Axil-

346 2128 463 2162 larium
487 2125 714 2169 glandularum
738 2133 922 2159 tumorem,
955 2121 1046 2154 brevi
1081 2131 1136 2161 per
1170 2118 1302 2154 dorsum
1336 2140 1350 2158 ‚

341 2181 397 2215 per
421 2171 554 2212 peritus,
577 2171 608 2203 &
643 2167 820 2210 praesertim
855 2168 939 2199 circa
972 2165 1145 2198 claviculas
1179 2163 1348 2197 extiterint

340 2226 475 2257 corpora
490 2238 498 2249 ,
520 2213 577 2248 ovi
597 2211 784 2246 columbini
807 2211 904 2243 instar
925 2208 1045 2247 crassa,
1068 2207 1235 2241 strtimssas
1257 2206 1348 2248 glan-

341 2259 434 2293 dulas
457 2256 650 2295 referentia,
675 2254 784 2297 qualia
808 2255 908 2296 paulo
931 2251 1000 2294 post
1022 2253 1056 2284 in
1072 2251 1253 2285 abdominis
1265 2261 1348 2291 quo-

342 2314 406 2346 que
430 2301 686 2343 integumentis,
711 2302 802 2338 imo,
824 2306 862 2331 ut
885 2294 1050 2338 tangendo
1073 2293 1352 2337 cognoscebatur,

343 2348 378 2380 in
401 2347 528 2379 ventris
549 2345 650 2378 etiam
673 2352 756 2376 cavo
779 2351 843 2374 non
876 2337 1048 2374 defuerunt
1069 2362 1079 2370 .
1110 2339 1234 2371 Dolore
1264 2347 1352 2370 care-

343 2391 424 2426 bant
447 2388 511 2422 fere
532 2388 667 2425 omnia,·
689 2396 762 2419 nam
784 2384 873 2427 quod
908 2381 1064 2416 pectorali
1099 2381 1242 2416 musculo
1274 2381 1352 2414 dex-

343 2443 416 2468 tero
439 2431 617 2469 insidebat,
640 2439 703 2463 tres
725 2429 848 2471 digitos
869 2425 1063 2460 transversos
1098 2425 1234 2467 longum
1258 2449 1267 2465 ‚
1299 2435 1356 2457 co-

346 2478 416 2511 lore
439 2485 547 2510 autem
571 2472 734 2511 lividum,
760 2473 797 2506 ad
822 2470 943 2517 ta6tum
967 2468 1120 2503 nonnihil
1143 2469 1295 2506 dolebat,
1318 2475 1355 2501 ut

346 2520 469 2555 ventris
491 2529 624 2563 quoque
648 2517 828 2554 interiora,
849 2526 866 2546 a
891 2513 1023 2546 sinistris
1044 2513 1147 2554 magis
1166 2535 1176 2551 ‚
1209 2512 1266 2546 ubi
1288 2522 1356 2545 ma-

349 2564 401 2606 ier
424 2564 526 2597 etiam
548 2560 670 2597 tensio,
703 2563 733 2592 &
758 2560 887 2592 renixus
921 2556 1183 2598 percipiebatur.
1208 2557 1283 2589 Sive
1303 2557 1355 2587 in-

349 2618 403 2642 tus
428 2630 442 2647 ,
475 2616 656 2647 extraque,
688 2603 723 2635 id
757 2602 846 2643 quod
880 2600 980 2631 initio
1012 2598 1122 2632 statim
1147 2622 1160 2639 ‚
1194 2598 1358 2642 magisque

350 2655 386 2686 in
411 2646 577 2692 progressu
600 2645 722 2680 factum
744 2644 788 2679 est
811 2669 820 2683 ‚
854 2643 957 2677 multa
980 2664 992 2681 ‚
1023 2645 1053 2675 &
1079 2643 1166 2676 varia
1198 2644 1232 2675 in
1265 2641 1358 2676 usum

350 2693 555 2729 traherentur
587 2688 726 2724 remedia
748 2711 758 2726 ‚
792 2687 893 2720 etiam
915 2685 1073 2719 validiora
1096 2707 1106 2723 ‚
1145 2696 1216 2728 quae
1238 2697 1253 2718 a
1287 2685 1359 2718 Me-

351 2739 436 2774 dicis
457 2733 713 2770 Consultiffimis
735 2730 1026 2775 proponebantur,
1048 2729 1112 2762 sive
1145 2730 1233 2762 nulla
1268 2728 1360 2762 deni-

353 2793 420 2825 que
443 2779 672 2813 adhiberentur
693 2800 704 2816 ,
736 2785 904 2810 tumorum
929 2772 1031 2806 moles
1052 2771 1250 2805 increscebat
1269 2783 1361 2812 ,cur-

357 2827 394 2861 su
416 2823 525 2857 morbi
549 2821 629 2856 adeo
653 2819 766 2863 rapido
789 2841 803 2859 ,
836 2828 872 2852 ut
896 2828 970 2851 cum
993 2814 1141 2863 coepisset
1165 2815 1271 2849 mense
1293 2817 1361 2849 De-

356 2867 484 2905 cembri
507 2888 518 2904 ,
553 2864 646 2899 simul
669 2874 745 2899 cum
767 2864 838 2896 vita
858 2862 943 2895 circa
966 2861 1051 2901 Mali
1074 2859 1172 2893 finem
1195 2859 1327 2893 desierit
1352 2884 1361 2891 .

356 2914 440 2948 Non
462 2910 569 2945 multo
602 2908 674 2952 post
706 2906 813 2940 morbi
852 2906 985 2939 initium
1009 2927 1022 2943 ,
1056 2913 1170 2937 acutus
1203 2903 1296 2936 dolor
1329 2903 1363 2934 in

358 2965 444 3000 genu
469 2976 480 2992 ‚
512 2955 544 2987 &
576 2963 667 2986 crure
705 2960 792 2984 nunc
831 2948 966 2982 dextero
986 2969 1000 2986 ‚
1031 2958 1116 2980 nunc
1154 2946 1281 2980 sinistro
1313 2947 1364 2978 in-

360 3006 514 3043 gruerat,
535 2997 593 3039 qui
623 2998 656 3029 &
690 2992 794 3037 postea
827 2991 946 3035 semper
980 2990 1062 3029 male
1095 2990 1210 3023 habuit
1232 3014 1242 3030 ,
1280 2988 1364 3031 sym-

362 3041 553 3085 ptomaticis
573 3062 587 3079 ,
617 3040 648 3072 &
682 3040 805 3071 incerta
838 3034 972 3078 periodo
1007 3033 1231 3067 accidentibus
1265 3033 1365 3067 febri-

361 3088 422 3121 bus
444 3108 463 3124 ,ῃ
487 3083 613 3126 vigiliis
636 3104 646 3120 ,
678 3081 779 3114 macie
801 3080 934 3122 stipatus
957 3103 965 3111 .
999 3079 1163 3111 Caeterum
1189 3077 1227 3110 ad
1260 3087 1366 3110 extre-

363 3140 455 3165 mum
477 3128 576 3172 usque
597 3136 686 3159 mens
709 3132 884 3168 prompta,
907 3125 937 3155 &
961 3121 1097 3161 hilaris,
1130 3120 1280 3154 ciborum
1312 3131 1365 3162 ap-

364 3175 490 3217 petitus
512 3197 524 3213 ,
554 3172 624 3204 imo
656 3171 739 3203 acris
768 3166 868 3201 fames
889 3189 902 3206 ,
935 3165 1060 3198 ultimis
1095 3164 1269 3207 praesertim
1299 3163 1367 3196 die-

364 3219 425 3252 bus
447 3240 458 3256 ‚
488 3223 655 3256 nunquam
686 3210 791 3246 defuit
816 3224 826 3242 .-
856 3213 889 3243 &
923 3210 1068 3250 quamvis
1100 3208 1207 3251 aliqua
1237 3208 1277 3242 ad
1311 3207 1364 3249 ju-

365 3262 482 3304 gulum
505 3258 650 3293 molestia
669 3254 745 3289 esset
777 3265 815 3288 ex
847 3252 978 3300 mucido
1010 3251 1157 3285 catarrho
1183 3277 1192 3291 ,
1223 3251 1282 3294 qui
1315 3248 1363 3283 fa-

366 3306 432 3338 cile
451 3327 461 3344 ,
495 3299 539 3336 &³
559 3301 624 3333 levi
656 3311 730 3333 cum
763 3296 833 3331 tuffi
864 3295 1088 3338 e,iciebarur;
1130 3295 1219 3328 nulla
1262 3304 1369 3328 tamen

368 3346 510 3392 spirandi
545 3343 720 3379 difficultas
764 3351 906 3383 unquam
948 3337 1168 3371 animadversa
1213 3337 1256 3371 est
1278 3360 1287 3374 ‚
1334 3338 1371 3372 id

367 3391 456 3435 quod
479 3412 493 3430 ,
533 3387 669 3431 perle&a
724 3384 867 3419 thoracis
911 3379 1097 3416 dissectione
1119 3403 1130 3419 ‚
1170 3381 1339 3415 miraberis
1362 3406 1370 3413 .

497 3434 528 3465 C
551 3432 588 3465 O
610 3431 638 3462 L
663 3431 689 3462 L
714 3431 755 3466 Ι,
783 3427 923 3462 Pectoris
947 3448 956 3462 ‚
990 3424 1187 3458 Abdominis
1207 3435 1372 3466 tegumen-

370 3479 414 3512 tis
436 3475 663 3510 communibus
684 3472 788 3507 incisis
811 3497 820 3511 ,
844 3479 986 3505 tumores
1011 3469 1085 3501 illos
1097 3478 1243 3502 externos
1268 3469 1370 3501 sedern

376 3523 413 3555 in
435 3520 560 3555 cellulis
581 3515 723 3563 habuisse
746 3515 939 3550 membranae
964 3510 1138 3554 Adiposae,
1170 3521 1373 3554 compertum

757 214 916 268 Liber
947 213 1016 266 V„
1050 209 1134 262 De
1170 206 1418 262 addendis
1451 205 1516 257 ad
1549 204 1738 257 Libros
1769 202 2057 270 superiores

1380 286 1445 325 est,
1470 284 1554 317 arc‘ie
1575 282 1623 317 ibi
1649 281 1686 315 ad
1710 281 1868 325 subjectos
1904 282 2062 317 musculos
2099 294 2229 319 annexae
2253 310 2260 317 .
2300 282 2394 324 Pleni

1380 337 1470 371 erant
1494 337 1606 360 omnes
1630 325 1769 359 subalbae
1792 326 1961 365 materiae‚
1984 331 2124 369 exparte
2149 329 2298 363 nonnihil
2308 327 2392 365 flui-

1381 372 1430 406 dae
1451 383 1464 411 ,-
1495 379 1527 403 at
1552 369 1707 411 majorem
1730 377 1854 411 partem
1878 368 2008 406 solidae,
2031 372 2062 404 &
2096 371 2231 405 sebaceae
2251 396 2261 406 .
2294 373 2391 408 Emi.

1382 416 1573 449 nentiorum
1598 413 1722 454 aliqui,
1745 421 1779 446 ut
1803 414 1860 454 qui
1899 412 2051 447 musculis
2087 414 2291 449 adhaerebant
2329 419 2390 450 Pe-

1383 457 1562 492 &oralibus
1576 482 1586 497 ‚
1610 467 1710 489 unum
1723 466 1797 489 cum
1814 455 2015 489 Axillaribus
2037 457 2197 499 glandulis
2218 458 2392 494 continua-

1383 512 1454 535 tum
1475 511 1591 544 corpus
1603 498 1758 533 facientes
1771 524 1781 540 ,
1807 498 2039 533 sectisubflava
2054 523 2063 538 ‚
2082 504 2113 533 &
2127 501 2253 537 saniosa
2279 503 2393 537 emise-

1382 554 1457 595 runt
1480 570 1488 578 .
1593 586 1600 593 ⁹
1623 543 1747 592 Venhtre
1771 552 1907 584 aperto,
1932 553 2099 578 omentum
2109 557 2205 580 omne
2217 546 2391 590 corpuscu-

1383 588 1423 622 lis
1445 588 1532 623 duris
1567 586 1621 620 hic
1654 587 1723 620 illic
1754 584 1911 621 obsessum
1946 590 2094 629 apparuit
2119 611 2130 628 ‚
2167 589 2297 624 subalba
2328 591 2390 625 illa

1384 632 1518 666 materia
1551 630 1652 672 plenis
1677 654 1685 661 .
1716 629 1816 673 Jecur
1842 653 1851 669 ,
1887 629 1951 662 lien
1978 651 1989 667 ‚
2022 643 2111 666 renes
2141 633 2209 676 ipsa
2251 631 2391 676 quidem

1383 676 1556 710 secundum
1580 683 1634 706 nat
1662 683 1728 706 ram
1760 672 1789 706 se
1825 671 2021 714 habebant,
2054 674 2106 710 sed
2138 679 2226 710 circa
2264 677 2394 717 singula

1383 718 1514 753 fuerunt
1538 717 1606 751 haec
1630 729 1646 750 a
1694 724 1784 750 otata
1804 740 1812 748 .
1844 716 2006 758 Jecinoris
2040 720 2126 761 parti
2157 719 2299 754 dexterae
2316 715 2396 756 'va-

1383 765 1490 796 lenter
1526 771 1685 794 annexum
1723 770 1790 793 erat
1823 762 2071 802 peritonaeum:
2116 763 2207 807 quod
2239 763 2392 807 pluribus

1383 806 1498 840 deinde
1523 804 1603 838 locis
1627 802 1714 845 quasi
1740 814 1840 837 unum
1864 802 2012 845 idemque
2047 817 2121 841 cum
2154 808 2290 850 attiguis
2323 818 2395 843 niu-

1384 850 1477 884 sculis
1499 847 1646 894 facium,
1670 849 1810 881 anterius
1825 848 2027 881 excrescebat
2049 851 2083 882 in
2107 860 2225 893 corpus
2247 851 2303 886 ovi
2327 851 2396 885 gal.

1386 895 1503 927 linacei
1528 889 1752 933 magnitudine
1774 913 1787 931 ,
1822 891 1913 932 quod
1936 902 1972 925 ea
1996 903 2059 933 qua
2081 893 2225 928 diximus
2251 916 2262 933 ,
2294 883 2398 929 reser-

1387 947 1459 971 tum
1485 938 1623 969 materia
1646 957 1659 974 ‚
1691 945 1765 968 cum
1797 932 1898 967 vesica
1930 935 2072 970 urinaria
2104 937 2362 973 connedebatur
2385 963 2396 970 .

1384 981 1487 1025 Juxta
1512 980 1653 1022 splenem
1676 988 1754 1011 vero
1778 977 1932 1011 mesocoli
1955 976 2075 1014 sinistra
2099 992 2171 1023 pars
2206 982 2242 1014 in
2277 993 2397 1025 corpus

1388 1023 1625 1058 intumescebat
1649 1022 1797 1055 constans
1820 1033 1859 1055 ex
1880 1021 2024 1064 pluribus
2046 1024 2210 1067 colligatis
2222 1024 2310 1066 quafi
2323 1026 2398 1059 ovis

1388 1068 1611 1106 columbinis,
1636 1065 1742 1101 eadem
1766 1065 1819 1097 illa
1844 1066 1977 1098 materia
1988 1064 2122 1102 farffis:
2145 1069 2400 1111 quibus&pan-

1388 1122 1474 1159 creas
1497 1111 1629 1153 plenum
1652 1118 1721 1141 erat
1745 1120 1756 1141 .·
1788 1120 1843 1151 per
1867 1108 2092 1145 mesenterium
2116 1121 2222 1145 autem
2254 1111 2400 1155 disjefiae

1393 1153 1557 1197 ejusmodi
1589 1153 1715 1187 strumae
1750 1151 2031 1194 conspiciebantur
2051 1179 2061 1186 .
2094 1155 2225 1189 Renum
2260 1156 2401 1198 denique

1393 1198 1543 1241 Adiposa
1567 1198 1678 1230 tunica
1705 1205 1773 1229 erat
1799 1196 2013 1231 monstrosum
2035 1197 2070 1231 in
2103 1198 2238 1234 modum
2270 1199 2399 1233 crassior

1393 1242 1501 1280 factu
1524 1251 1599 1274 nam
1621 1251 1684 1284 qua
1708 1248 1798 1287 parte
1822 1240 1985 1274 vertebras
2008 1239 2170 1283 spectabat
2193 1264 2204 1280 ,
2233 1241 2401 1283 duorum,

1393 1295 1482 1328 parte
1506 1293 1616 1318 autern
1637 1284 1785 1333 opposita
1807 1285 1951 1325 quinque
1982 1284 2241 1320 transversorum
2273 1285 2401 1329 digito-

1391 1341 1462 1364 rum
1484 1326 1719 1362 craffitudinem
1742 1327 1945 1369 occupabat,
1968 1330 2102 1362 materia
2124 1341 2223 1373 quam
2247 1330 2404 1371 diximus,

1391 1374 1514 1416 ubique
1537 1370 1697 1405 distentae
1722 1379 1958 1414 proptereaque
1981 1382 2036 1405 ren
2059 1372 2182 1408 sinister
2200 1396 2211 1412 ,
2247 1374 2403 1408 acceden-

1392 1426 1423 1451 te
1447 1417 1546 1450 etiam
1568 1413 1646 1448 dura
1671 1416 1701 1447 &
1725 1413 1901 1454 strumosa‚
1923 1425 1995 1457 quae
2020 1421 2191 1452 materiam
2215 1418 2306 1451 illam
2343 1419 2396 1450 in-

1393 1459 1569 1494 tersecabat
1585 1482 1595 1498 ,
1616 1459 1701 1492 linea
1725 1480 1738 1497 ,
1770 1458 1880 1500 pondo
1902 1457 1966 1492 fuit
1990 1461 2158 1495 unciarum
2184 1462 2317 1496 circiter
2348 1461 2401 1494 sex

1393 1507 1425 1537 ὃ(
1448 1504 1588 1546 triginta
1608 1525 1616 1534 .
1653 1502 1725 1536 Nec
1758 1508 1836 1534 vero
1870 1501 2016 1535 intestina
2051 1506 2169 1539 morbo
2205 1506 2364 1539 vacabant
2388 1529 2400 1538 .

1393 1547 1486 1581 Nam
1510 1547 1593 1580 Coli
1617 1553 1688 1596 tum
1711 1544 1851 1588 adiposae
1875 1546 2084 1588 appendices,
2110 1557 2181 1582 tum
2203 1548 2404 1591 ligamento-

1390 1602 1463 1638 rum
1488 1616 1498 1631 ‚
1535 1601 1590 1632 per
1617 1589 1730 1639 'ipsum
1772 1588 1946 1622 dufiorum
1969 1612 1982 1628 ‚
2014 1588 2154 1626 fasciolae
2200 1591 2400 1635 corpusculis

1391 1631 1624 1676 ejusdemmodi
1647 1631 1933 1674 conspiciebantur
1955 1632 2115 1668 distinetae
2135 1660 2144 1669 .
2177 1636 2309 1669 Tenuia
2344 1646 2401 1668 au-

1391 1688 1458 1711 tem
1482 1677 1630 1710 intestina
1655 1687 1710 1717 per
1733 1675 1903 1709 intervalla
1926 1676 2091 1717 glandulas
2113 1679 2223 1721 Peyeri
2238 1679 2400 1713 habebant

1394 1722 1499 1763 lupini
1523 1721 1651 1765 figura,
1673 1722 1704 1752 δῑ
1726 1719 1949 1765 magnitudine
1975 1733 1982 1751 ι
2001 1751 2004 1754 ,
2020 1731 2099 1762 quas
2130 1725 2216 1756 inter
2249 1722 2399 1764 quaedam

1395 1765 1502 1798 multo
1524 1773 1627 1803 maior
1644 1785 1656 1802 ‚
1679 1761 1825 1804 phlogoii
1850 1762 1959 1795 asteota
1982 1784 1994 1801 2
2026 1774 2217 1808 corruptum
2252 1767 2405 1799 contine-

1397 1812 1450 1843 bat
1475 1808 1644 1841 humorem
1669 1829 1678 1837 .
1812 1805 1963 1839 Thorace
1988 1807 2112 1841 recluso
2136 1831 2149 1848 ‚
2182 1808 2405 1843 mediastinum

1398 1851 1604 1895 conspectum
1628 1847 1673 1882 est
1697 1850 1780 1883 circa
1805 1852 1946 1883 medium
1985 1852 2178 1892 corporibus
2210 1853 2323 1896 saepius
2355 1853 2408 1886 di-

1398 1898 1459 1931 &zs
1484 1894 1652 1932 obsitum,
1675 1896 1706 1926 δε
1740 1894 1773 1926 in
1807 1893 1856 1926 his
1889 1893 2000 1936 aliquo
2035 1906 2099 1928 non
2133 1896 2237 1930 minus
2272 1896 2371 1931 crasso
2394 1918 2405 1933 ‚

1400 1950 1497 1983 quam
1522 1939 1687 1971 modicum
1710 1948 1808 1970 ovum
1833 1937 2046 1979 gallinaceum
2066 1962 2079 1979 ¹,
2114 1940 2243 1981 Asperae
2279 1940 2404 1974 arteriae

1400 1993 1553 2017 truncum
1578 1991 1642 2014 non
1668 1981 1766 2014 modo
1790 1983 1999 2022 contingente
2015 2006 2023 2019 ,
2047 1981 2097 2016 sed
2129 1985 2228 2017 etiam
2261 1986 2408 2025 compri-

1401 2037 1529 2061 mente.
1555 2025 1726 2058 Pulmones
1743 2027 1831 2057 intus
1854 2034 1944 2057 erant
1967 2024 2055 2062 sani,
2095 2028 2242 2069 quamvis
2273 2029 2405 2061 extimae

1400 2069 1579 2112 superficiei
1602 2066 1697 2100 infixi
1720 2067 1813 2101 essent
1839 2069 1934 2106 duri,
1960 2068 2141 2110 petrosioue
2163 2071 2290 2113 globuli
2310 2082 2407 2113 ‚gra-

1400 2124 1519 2149 norum
1542 2111 1656 2146 hordei
1682 2112 1902 2145 crassitudine.
1928 2112 2048 2145 Eadem
2073 2113 2256 2156 superficies
2290 2126 2307 2149 a
2339 2125 2409 2149 tet-

1400 2169 1442 2201 go
1467 2165 1538 2190 tota
1562 2164 1713 2189 excavata
1737 2164 1806 2188 erat
1829 2158 2003 2198 utrinque5
2030 2157 2079 2190 sed
2105 2171 2120 2190 a
2153 2157 2287 2191 sinistris
2325 2165 2409 2201 prae‘-

1399 2201 1598 2250 lertim‚·ob
1619 2201 1817 2233 incurrentes
1840 2200 1874 2232 in
1897 2200 1998 2241 ipsam
2024 2212 2087 2234 non
2112 2213 2224 2242 parvas
2247 2200 2382 2236 strumas
2398 2223 2408 2239 ,

1399 2248 1514 2288 pleurae
1539 2252 1685 2291 innatas,
1711 2243 1786 2276 alias
1819 2241 1950 2286 quidem
1985 2255 2084 2286 prope
2106 2245 2193 2280 dorsi
2217 2246 2404 2286 vertebras,

1405 2290 1481 2323 alias
1506 2296 1613 2321 autem
1631 2297 1670 2333 'in
1693 2286 1804 2319 seriem
1829 2285 1917 2328 quasi
1940 2288 2102 2330 quandam
2124 2290 2171 2323 ita
2205 2289 2373 2331 dispositas
2397 2311 2411 2329 ‚

1404 2342 1440 2366 ut
1465 2330 1594 2373 singulae
1617 2330 1748 2372 singulis
1772 2330 1866 2363 costis
1890 2331 1929 2364 ab
1953 2332 2018 2363 ima
2044 2332 2081 2366 ad
2106 2329 2263 2367 summam
2289 2333 2409 2366 inlide-

1404 2384 1495 2410 rent.
1517 2376 1587 2407 Cor
1611 2374 1785 2420 secuudum
1808 2383 1955 2407 naturam
1979 2374 2008 2408 se
2032 2374 2169 2411 habebat
2189 2402 2199 2417 ,
2230 2376 2289 2410 nisi
2322 2373 2412 2419 quod

1407 2417 1557 2454 auriculae
1581 2416 1718 2451 dexterae
1742 2418 1838 2450 iacies
1870 2420 2010 2451 exterior
2041 2429 2111 2454 tota
2149 2430 2217 2455 erat
2252 2429 2409 2463 tanquam

1408 2460 1540 2506 granosa
1562 2470 1580 2493 a
1604 2460 1824 2494 consimilibus
1846 2461 2043 2504 corpusculis
2059 2487 2067 2494 .
2200 2465 2308 2507 Igitur
2331 2465 2345 2503 (
2367 2463 2411 2499 sic

1408 2505 1663 2541 concludebatur
1687 2502 1776 2538 missa
1800 2504 1931 2538 historia
1953 2509 1968 2545 )
1989 2506 2141 2550 descripti
2166 2516 2309 2541 tumores
2342 2517 2413 2540 ma-

1409 2550 1473 2594 jori
1496 2559 1536 2581 ex
1559 2557 1646 2590 parte
1671 2557 1760 2581 erant
1784 2548 1919 2590 cystici‚
1942 2552 1974 2582 δι
2004 2551 2171 2591 particulis
2204 2550 2327 2592 turgidi
2360 2559 2414 2583 to·

1384 2593 1539 2637 (phaceis
1556 2617 1566 2632 ,
1589 2592 1700 2628 duris,
1725 2593 1756 2624 δε
1780 2592 1868 2625 velut
1892 2592 2027 2626 sebaceis
2050 2595 2136 2627 intra
2158 2594 2287 2629 cellulas
2311 2593 2412 2635 depo-

1408 2638 1476 2670 sitis
1499 2636 1692 2669 membranae
1714 2635 1885 2677 Adiposae,
1909 2645 2022 2678 praeter
2046 2647 2136 2680 aeque
2158 2638 2343 2680 dura,quae
2356 2638 2415 2670 de-

1410 2680 1527 2723 scripta
1552 2679 1647 2717 sunt,
1670 2689 1805 2720 corpora
1828 2679 2032 2721 glandulosa.

1457 2735 1506 2767 13.
1529 2723 1628 2756 Redii
1650 2724 1683 2755 in
1711 2725 1898 2755 memoriam
1923 2722 2065 2756 historiae
2091 2722 2207 2766 hujus,
2229 2734 2302 2758 cum
2318 2721 2414 2757 aliam

1411 2768 1551 2810 legerem
1576 2777 1676 2810 nuper
1699 2765 1852 2808 aethiopis
1884 2765 2099 2800 duodecennis
2126 2792 2134 2807 ,
2166 2779 2264 2811 quam
2298 2767 2417 2800 Praecl.

1411 2812 1624 2845 Anatomicus
1649 2809 1767 2842 litteris
1789 2809 1954 2843 mandavit
1978 2810 2160 2845 Meckelius
2183 2810 2255 2854 (h)
2277 2834 2284 2842 .
2323 2810 2415 2843 Nam

1412 2856 1517 2888 iniens
1539 2855 1617 2901 aegri
1639 2852 1807 2895 utriusque
1829 2862 1924 2894 aetas,
1949 2855 2093 2896 acrisque
2105 2853 2204 2888 fames
2218 2865 2313 2893 ,curn
2325 2864 2415 2887 mor·

1413 2900 1456 2932 bo
1480 2897 1651 2948 conjunrsta
1663 2919 1681 2946 ,ι
1698 2898 1730 2928 &
1753 2896 1912 2938 perstans,
1936 2897 2035 2939 usque
2058 2896 2136 2932 adeo
2171 2909 2225 2941 per
2246 2897 2417 2932 interiores

1414 2948 1699 2981 tunicas‚ventris
1722 2939 1898 2981 praesertim
1912 2963 1925 2980 ‚
1947 2941 2064 2975 diffuso
2097 2943 2133 2974 in
2165 2941 2414 2975 tuberculorum

1415 2985 1548 3019 modum
1562 3009 1572 3025 ,
1596 2994 1736 3026 quorum
1759 2983 1908 3026 pleraque
1931 2985 2054 3018 sebacea
2077 2984 2234 3028 implebat
2257 2985 2390 3019 materia
2406 3008 2416 3022 ‚

1415 3029 1504 3079 haee,
1526 3030 1660 3078 inquam
1682 3026 1830 3065 faciunt,
1853 3036 1889 3060 ut
1912 3029 2006 3061 abste
2017 3029 2145 3070 cupiam
2159 3038 2327 3072 utramque
2338 3038 2418 3061 con-
2441 3052 2445 3054 .

1415 3072 1491 3123 serti
1516 3072 1720 3122 historiam..
1840 3070 1943 3111 Qod
1964 3070 1987 3104 fi
2011 3073 2090 3105 Viri
2105 3071 2199 3105 illius
2211 3071 2414 3106 Solertiffimi

1415 3127 1449 3149 in
1474 3128 1533 3155 eo,
1546 3125 1688 3157 itemque
1709 3125 1744 3147 in
1768 3114 2058 3163 altero-aethiope(
2075 3117 2110 3156 ι’)
2127 3125 2291 3149 accuratas
2303 3139 2311 3155 ‚
2325 3113 2419 3157 quod

1417 3160 1456 3207 ad
1478 3170 1588 3193 eorum
1612 3169 1742 3200 quoque
1765 3157 1963 3200 nigredinem
1989 3160 2138 3202 spestat,
2160 3159 2417 3193 Observationes

1417 3204 1510 3253 simul
1536 3201 1719 3252 perlegens,
1741 3202 1827 3236 forte
1850 3202 2017 3237 miraberis
2039 3228 2050 3243 ,
2071 3204 2105 3236 in
2137 3203 2193 3236 illa
2225 3201 2420 3244 apoplefflci

1415 3248 1700 3288 aethiopis,quam
1712 3246 1774 3279 tibi
1798 3246 1879 3279 olim
1904 3246 1973 3280 misi
1983 3246 2048 3290 (li)
2064 3255 2137 3280 ante
2160 3246 2220 3280 hos
2252 3247 2418 3289 quinqua-

1422 3294 1512 3332 ginta
1533 3300 1633 3340 -annos
1646 3290 1795 3338 Veneriis
1817 3289 1931 3325 habita
1944 3289 2149 3329 ,diffefflone
2166 3288 2356 3323 adnotatum
2368 3288 2420 3321 ni-

1423 3336 1469 3368 hil
1494 3333 1584 3368 fuisle
1604 3333 1645 3383 de
1655 3333 1906 3374 nigrescentibus
1922 3362 1930 3375 ,
1946 3345 1997 3367 aut
2011 3333 2109 3367 fuscis
2122 3336 2156 3366 in
2165 3333 2351 3376 aethiopum
2365 3342 2419 3364 ce-

1422 3379 1515 3411 rebro
1528 3377 1673 3419 partibus
1688 3398 1698 3412 ‚
1721 3376 1864 3419 nihilque
1876 3380 1914 3412 de
1925 3389 2034 3412 eorum
2047 3379 2142 3419 nigro
2164 3377 2274 3419 potius
2286 3397 2296 3413 ‚
2320 3385 2418 3417 quam

1421 3422 1520 3455 rubro
1536 3446 1539 3457 .
1552 3419 1703 3469 sanguine
1716 3445 1723 3459 ‚
1733 3419 1808 3454 scias
1822 3423 1918 3456 velim
1930 3445 1943 3461 ,
1965 3420 2098 3455 cadaver
2111 3420 2196 3454 iliud
2206 3429 2277 3453 ante
2290 3419 2421 3451 nostem

1422 3465 1561 3498 incidere
1575 3474 1639 3496 non
1651 3462 1772 3496 licuisse
1782 3487 1794 3503 ‚
1818 3465 1923 3499 lucem
1936 3474 2041 3498 autem
2053 3465 2150 3497 aliam
2163 3486 2171 3501 ‚
2185 3462 2285 3502 nosti,
2299 3460 2356 3495 else
2374 3460 2424 3494 so.

1423 3509 1462 3542 lis
1474 3531 1487 3548 ,
1499 3506 1735 3550 &lychnorum
1747 3530 1759 3547 ,
1771 3519 1826 3542 nec
1841 3512 1959 3551 pariter
1971 3507 2093 3542 licuisse
2106 3505 2193 3541 aliud
2203 3511 2238 3540 in
2251 3504 2413 3582 po‘siiqerum

2316 3558 2379 3581 iem

379 3656 2410 3689 Μ

538 3758 596 3785 ,μῑίι
615 3765 650 3787 ςο.
667 3765 690 3781 n.
709 3758 747 3782 ²8.
764 3755 791 3782 in
805 3754 847 3780 fin.

435 3759 542 3788 (g>F

437 3791 452 3818 (
468 3789 484 3814 k
499 3790 512 3817 J
529 3788 599 3817 Epist.
619 3796 638 3816 ς.
657 3795 681 3811 n.
699 3795 733 3816 ¹7-

909 3755 920 3786 (
937 3756 952 3780 h
969 3755 978 3786 )
994 3754 1054 3780 Hist,
1069 3754 1099 3779 de
1115 3751 1133 3776 Ρ
1150 3746 1223 3776 Αειὶί.
1240 3750 1269 3774 R.
1290 3748 1330 3773 des
1346 3752 1383 3775 Sc.
1401 3749 1431 3775 de
1448 3749 1530 3775 Berlin
1547 3751 1578 3774 A.
1596 3755 1662 3779 ¹753·

1725 3747 1739 3775 (
1756 3748 1766 3771 i
1784 3746 1792 3776 )
1809 3748 1838 3770 A.
1859 3748 1924 3776 ¹755·
