2498 4075
310 251 358 289 tia
383 250 538 295 pallidula
553 273 564 290 ‚
589 250 621 283 &
643 246 878 291 propemodum
912 244 1071 286 variegata
1091 265 1105 282 ,
1135 252 1191 274 nec
1224 249 1330 273 tamen

313 295 414 330 dura.
436 294 569 328 Arteria
584 293 705 333 Magna
728 289 813 333 quasi
840 286 1006 328 flexuosa,
1031 284 1192 327 magisque
1202 285 1328 320 Iliacae,

312 349 350 372 ut
374 350 446 383 quae
470 336 588 371 alicubi
615 346 692 378 pene
718 335 752 367 in
787 331 979 367 diverticula
1011 338 1140 372 turgere
1174 327 1330 361 videban-

309 391 385 417 tur.
415 381 498 415 Alba
523 380 577 413 hic
595 379 664 412 illic
692 377 806 411 harum
822 397 832 413 ‚
857 378 888 408 &
912 374 1003 408 illius
1025 373 1164 406 interior
1197 370 1296 404 facies
1319 393 1332 409 ‚

309 437 365 459 nec
388 424 451 458 fine
476 424 617 468 squamis
640 422 760 458 osseis,
786 421 892 462 parvis
914 427 1021 453 tamen
1047 442 1057 457 ‚
1090 414 1261 459 paucisque
1296 414 1331 445 in

314 470 415 502 locis.
442 469 487 501 Et
510 465 577 501 haec
602 464 734 509 quidem
761 465 793 496 in
817 463 941 494 Ventre
964 485 973 495 .
1108 461 1147 492 ln
1181 457 1333 491 Thorace

308 521 440 550 autern,
462 515 494 545 δε
518 510 636 551 Capite
661 509 727 550 pari
751 507 800 540 uti
825 505 996 546 diligentia
1019 514 1083 537 non
1101 502 1220 545 potui,
1236 502 1333 542 quip-

312 568 350 599 pe
374 557 537 589 Anatome
562 553 692 586 Publica
717 549 871 584 distentus
894 548 937 581 A.
968 558 1059 591 1745.
1086 544 1125 579 ad
1148 555 1246 588 quam
1269 544 1329 576 alia

913 146 1072 219 Liber
1104 162 1169 214 ιι.
1202 161 1288 215 De
1324 156 1533 212 Morbis
1566 154 1833 211 Thoracis

1382 234 1529 281 quaedam
1553 236 1660 270 minus
1684 234 1793 278 inepta
1829 232 2040 275 suppetebant
2074 229 2260 269 cadavera3
2298 227 2395 272 hujus

1382 282 1469 314 enim
1492 279 1627 314 musculi
1650 288 1738 312 erant
1762 276 1908 311 laxiffimi
1923 301 1931 308 .
1959 274 2047 309 Illud
2070 284 2177 308 tamen
2208 272 2274 306 scio
2296 297 2305 312 ,
2338 283 2396 307 cot

1384 325 1486 359 vitio,
1509 321 1597 367 quod
1620 322 1755 355 obvium
1773 319 1846 354 ess'et
1863 345 1871 359 ‚
1897 318 2046 354 affestum
2072 329 2136 351 non
2163 315 2256 351 fuisse
2281 329 2288 350 :
2322 315 2394 358 pul-

1384 378 1495 401 mones
1518 375 1625 400 autem
1650 376 1786 399 annexos
1811 362 1942 407 quidem
1965 363 2102 405 pleutae,
2139 365 2170 395 δε
2207 360 2359 395 subduros
2383 371 2393 398 ,’

1384 411 1468 444 nihil
1492 420 1598 444 tamen
1623 406 1765 443 habuisse
1788 406 1875 450 quod
1898 418 2003 440 veram
2026 405 2340 443 inflammationem,
2362 404 2396 435 δε

1384 456 1490 489 multo
1513 456 1621 487 minus
1645 451 1733 495 quod
1756 453 1966 485 inveteratum
1990 450 2143 484 morbum
2181 446 2356 482 ostenderet
2381 468 2391 477 .

1384 499 1503 537 Qualis
1528 505 1633 532 autem
1657 506 1729 528 vera
1753 496 1786 528 in
1811 494 2017 537 pulmonibus
2041 493 2260 527 inflammatio
2280 499 2394 524 occur-

1383 551 1454 580 rat,
1479 543 1635 585 proximae
1662 537 1814 582 Epistolae
1837 537 2098 572 demonstrabunt
2114 560 2122 568 .
2256 535 2337 569 Vale
2351 557 2358 564 -

396 743 914 814 EPISTOLA
988 734 2109 803 ANATOMICO-MEDICA
2182 736 2351 799 XX

604 882 808 949 Agitur
842 879 909 931 de
945 874 1207 936 Peelzoris,
1242 872 1504 926 Laterum
1524 909 1541 933 ,
1575 873 1629 944 Gt
1665 868 1823 923 Dorfi
1855 868 2088 922 Dolore.

448 1055 487 1089 ad
510 1055 671 1091 Dolorem
695 1056 837 1089 Peetoris
853 1078 865 1094 2
888 1054 1064 1091 Laterum,
1088 1053 1120 1083 &
1134 1049 1252 1090 Dorfi,
1276 1051 1327 1084 sed

448 1099 611 1143 praecipue
636 1099 779 1133 Pastoris
795 1120 804 1137 ,
829 1101 861 1131 δε
889 1098 1039 1129 Laterum
1051 1095 1242 1137 pertinentes
1257 1117 1269 1134 ,
1291 1104 1327 1127 ut

310 1145 460 1186 quamvis
485 1154 590 1176 earum
615 1143 741 1185 aliquot
765 1143 799 1175 in
825 1141 896 1174 aliis
921 1139 960 1171 ad
985 1140 1036 1172 Te
1069 1138 1206 1170 Litteris
1241 1139 1290 1180 (³‘
1313 1141 1328 1177 )

311 1188 351 1220 ad
374 1199 457 1230 quas
477 1188 575 1219 etiam
603 1185 809 1228 speetabant,
832 1182 1073 1225 scripserimus,
1108 1184 1139 1214 &
1174 1180 1328 1222 scripturi

309 1230 428 1270 fimus5
452 1241 606 1272 cogamur
630 1239 736 1263 tamen
762 1229 900 1270 reliquas
922 1225 1064 1259 dividere
1097 1225 1131 1256 in
1166 1223 1330 1266 Epistolas

287 1276 289 1278 ’
310 1275 387 1307 duas
405 1298 414 1314 ,
435 1285 573 1317 quarum
598 1274 702 1315 prima
727 1284 799 1315 quae
825 1269 985 1304 Valsalvae
1009 1267 1103 1306 sunt,
1127 1268 1226 1301 altera
1259 1280 1331 1312 quae

310 1318 426 1353 nostra:
441 1341 453 1357 ,
476 1316 719 1359 complectatur
731 1341 738 1348 .

354 1372 384 1395 2.
410 1360 714 1395 RHEDARIUM
738 1359 845 1402 igitur
869 1357 925 1390 ille
949 1356 1034 1390 vidit
1059 1365 1217 1389 annorum
1239 1355 1332 1389 circi.

312 1415 361 1440 ter
383 1403 619 1449 quinquaginta
635 1427 647 1444 ,
670 1404 726 1445 qui
751 1402 806 1435 etsi
834 1412 954 1436 annum
979 1408 1088 1433 toturn
1111 1397 1253 1433 febribus
1278 1411 1331 1433 ve-

309 1457 465 1488 xaretur,
491 1456 586 1490 atque
607 1447 687 1480 adeo
711 1445 874 1480 novislime
899 1446 996 1478 etiam
1032 1443 1300 1484 Peripneumonia
1319 1466 1332 1484 ‚

309 1494 400 1529 inani
425 1490 519 1532 ruffi,
541 1490 668 1524 difficili
694 1491 924 1532 respiratione,
948 1490 980 1520 δε
1014 1486 1159 1528 quodam
1193 1486 1332 1520 subdeli-

310 1537 363 1570 rio
385 1535 524 1579 stipata;
551 1545 715 1577 nunquam
748 1543 856 1567 tamen
892 1530 1078 1566 decumbere
1111 1530 1217 1564 voluit
1239 1556 1248 1570 ‚
1281 1530 1331 1564 sed

311 1580 364 1613 sua
388 1579 660 1623 qualitercunque
695 1577 782 1611 obiit
809 1578 920 1610 munia
946 1598 955 1607 .
1005 1577 1116 1616 ltaque
1161 1585 1226 1606 non
1271 1574 1330 1607 nili

311 1624 471 1667 quinffit0‚
496 1631 550 1655 aut
574 1621 663 1654 sexto
686 1620 739 1653 die
772 1633 787 1652 a
823 1618 1094 1662 peripneumoniae
1129 1617 1229 1650 initio
1250 1641 1261 1656 ,
1296 1619 1331 1650 in

310 1666 552 1702 Nosocomium
587 1665 650 1700 suis
684 1664 712 1697 se
745 1663 879 1706 pedibus
915 1661 1092 1695 contulit:
1128 1660 1183 1695 irbi
1216 1660 1331 1694 iisdem

311 1708 583 1755 symptomatibus
607 1707 698 1741 valde
723 1709 886 1749 agitatus,
909 1707 994 1739 intra
1018 1703 1111 1736 horas
1133 1705 1259 1738 XXIV.
1283 1707 1332 1737 vi-

310 1766 382 1788 vere
405 1753 518 1788 desiit.
651 1752 706 1784 IN
730 1750 939 1785 VENTRE
963 1747 1131 1791 paululum
1156 1746 1214 1780 seri
1252 1747 1331 1780 lim-

311 1797 407 1841 pidi:
433 1797 519 1840 splen
546 1794 649 1838 triplo
672 1793 776 1836 major
800 1795 951 1826 inventus
978 1791 1040 1824 est.
1177 1792 1216 1824 In
1231 1790 1330 1824 Tho-

311 1843 393 1875 racis
418 1853 498 1875 cavo
521 1839 653 1874 dextero
675 1839 778 1873 unciae
804 1838 927 1879 aliquot
951 1835 1009 1868 seri
1033 1833 1183 1879 turbidi:
1221 1834 1332 1868 lobus-

311 1897 372 1932 que
396 1886 560 1928 pulmonis
585 1882 748 1925 superior,
775 1880 950 1924 praesertim
974 1878 1104 1911 dorsum
1127 1876 1253 1916 versus,
1279 1885 1332 1909 to-

313 1940 368 1964 tus
390 1929 633 1963 inflammatus,
658 1926 713 1969 qui
739 1936 813 1959 cum
839 1923 1015 1960 secaretur,
1039 1921 1170 1954 minimi
1204 1919 1258 1953 hic
1290 1920 1332 1953 il-

315 1974 358 2006 lic
382 1970 534 2008 abscessus
557 1972 645 2003 intus
680 1968 751 2003 sunt
791 1967 909 2009 ubique
942 1963 1126 2008 deprehensi
1159 1964 1329 1998 materiam

314 2016 472 2053 saniosam
495 2015 717 2049 continentes.
747 2012 859 2045 Pleura
884 2018 950 2043 erat
983 2007 1079 2041 illaesa
1111 2033 1119 2039 .
1156 2006 1331 2040 Pericardii

313 2072 406 2094 cavea
430 2060 486 2094 suo
511 2057 647 2092 humore
671 2055 710 2090 ad
733 2054 912 2089 dimidium
934 2052 1031 2096 usque
1047 2051 1168 2093 repleta
1186 2076 1192 2082 .
1210 2053 1247 2083 In
1259 2062 1331 2084 cor-

314 2105 352 2138 de
377 2103 540 2146 polyposae
564 2101 787 2134 concretiones
802 2122 810 2135 ‚
835 2096 969 2140 majores
992 2097 1026 2129 in
1051 2095 1205 2129 auriculis
1222 2117 1234 2134 ,
1268 2095 1332 2127 mi-

315 2159 407 2181 nores
431 2149 465 2179 in
488 2144 676 2179 ventriculis
700 2141 737 2176 ad
775 2141 854 2176 ostia
891 2140 1080 2175 arteriarum
1102 2162 1116 2179 ,
1147 2140 1181 2172 ὃς
1212 2149 1252 2171 ex
1283 2136 1336 2171 his

315 2191 451 2234 majores
474 2202 544 2231 quae
568 2190 602 2221 in
625 2186 807 2220 ventriculo
830 2184 982 2218 dextero.

359 2247 390 2279 3.
416 2233 582 2269 VIRUM
605 2230 916 2274 quadragenarium,
940 2228 997 2270 qui
1032 2235 1069 2260 ut
1105 2226 1172 2259 leve
1209 2224 1268 2259 sibi
1301 2225 1336 2265 in

315 2291 406 2314 crure
429 2278 545 2312 vulnus
569 2283 749 2313 curaretur,
773 2273 840 2316 jam
864 2271 921 2305 diu
943 2273 976 2304 in
1002 2269 1196 2303 Bononiensi
1221 2269 1338 2309 S.Ma-

318 2325 376 2357 riae
401 2322 439 2355 de
462 2322 544 2354 Vita
567 2318 778 2353 Nosocomio
803 2315 1015 2349 decumbebat
1063 2312 1154 2355 juxta
1200 2313 1338 2346 alterurn

318 2369 427 2401 virum
451 2375 547 2407 quem
569 2373 702 2404 magnus
725 2361 859 2393 femoris
884 2356 1033 2391 abscessus
1056 2357 1187 2390 demum
1212 2356 1341 2390 sustule-

321 2420 393 2450 rat,
417 2408 513 2442 febris
540 2415 633 2441 acuta
658 2403 829 2447 prehendit
854 2413 929 2435 cum
953 2400 1046 2438 tulii,
1070 2399 1164 2441 sputo
1188 2398 1339 2441 sanguine

321 2455 452 2489 tincto,
480 2449 687 2494 postmodum
710 2447 747 2480 ad
772 2446 918 2480 colorem
951 2443 1091 2477 viridem
1125 2442 1302 2475 inclinante
1327 2465 1339 2481 ‚

321 2496 449 2533 difficili
472 2494 681 2537 respiratione
698 2515 709 2531 ,
734 2490 847 2523 dolore
872 2489 905 2521 in
931 2488 1028 2520 latere
1063 2486 1198 2519 dextero
1221 2497 1229 2517 .-

321 2543 382 2576 bus
406 2537 635 2577 saevientibus,
656 2537 691 2569 in
715 2534 885 2568 dexterum
909 2530 996 2565 idem
1019 2530 1100 2563 latus
1129 2528 1235 2573 jacens
1260 2552 1273 2569 ,
1305 2530 1339 2560 in

322 2583 411 2630 quod
435 2581 564 2615 facilem
588 2578 740 2613 habuerat
763 2576 973 2613 decubitum,
995 2574 1080 2608 circa
1113 2582 1267 2616 quartum
1299 2570 1340 2604 ab

325 2628 412 2663 acuti
436 2624 543 2660 morbi
566 2625 668 2657 initio
690 2622 777 2656 diem
800 2644 809 2658 ,
845 2620 931 2653 obiit
956 2643 963 2650 .
1098 2616 1270 2651 PULMO
1301 2614 1342 2647 fi-

325 2671 420 2707 nister
444 2669 556 2709 sanus,
579 2670 612 2701 δε
635 2666 733 2700 liber.
757 2663 895 2700 Dexteri
919 2661 1191 2705 superiorlobus,
1215 2663 1246 2692 δε
1264 2669 1341 2701 pro-

325 2716 407 2751 ximi
433 2713 501 2747 lobi
525 2723 595 2755 pars
619 2710 763 2752 superior
778 2731 786 2745 ‚
811 2719 874 2750 qua
899 2713 1032 2749 uterque
1056 2705 1188 2739 dorsum
1221 2702 1343 2744 specta-

326 2761 403 2793 bant
419 2782 427 2796 ,
441 2767 565 2792 tumore
580 2754 752 2797 turgebant
764 2752 967 2785 inflammato
979 2773 991 2790 ,
1004 2754 1035 2782 &
1048 2748 1196 2792 praeduro
1208 2770 1220 2786 ,
1241 2746 1342 2779 arete-

328 2815 388 2847 que
401 2813 454 2844 per
478 2799 696 2834 membraneos
720 2807 819 2829 nexus
832 2795 950 2837 pleurae
964 2792 1166 2826 adhaerebant
1180 2815 1187 2821 .
1199 2790 1280 2822 Haec
1295 2797 1341 2821 ta-

328 2858 399 2881 men
424 2845 544 2878 nullam
575 2841 843 2875 inflammationis
867 2836 1003 2870 habebat
1028 2846 1140 2869 notam
1168 2860 1175 2868 .
1212 2832 1341 2875 Singuli

328 2889 436 2924 cordis
457 2885 628 2920 ventriculi
653 2884 790 2925 singulas
813 2881 1035 2915 concretiones
1058 2876 1229 2923 polyposas
1261 2887 1342 2909 con-

330 2933 477 2967 tinebant
500 2940 563 2962 non
587 2929 744 2971 exiguasg
777 2926 886 2959 dexter
919 2933 1025 2957 tamen
1072 2921 1227 2964 majorem
1252 2932 1259 2952 .'
1308 2923 1340 2952 &

331 2987 407 3010 cum
430 2984 536 3007 earum
559 2971 689 3013 singulae
713 2979 783 3004 tum
807 2971 840 3001 in
865 2968 1021 3001 auriculas
1036 2991 1048 3008 ,
1071 2970 1102 3000 &
1126 2976 1220 2997 venas
1235 2986 1248 3003 ,
1271 2972 1342 2996 tum

329 3024 365 3054 in
390 3019 519 3052 arterias
544 3015 812 3058 producerentur,
835 3014 868 3045 in
893 3011 947 3045 has
974 3013 1078 3045 minus
1102 3019 1198 3053 quam
1235 3009 1269 3039 in
1302 3007 1346 3039 il-

332 3066 377 3098 las
391 3087 399 3102 ,
425 3060 703 3104 producebantur.

374 3119 404 3150 4.
431 3107 579 3146 Utraque
602 3101 735 3135 historia
759 3099 881 3142 aliquid
905 3110 958 3141 per
982 3098 1010 3131 se
1034 3096 1129 3130 docet
1140 3104 1254 3129 notum
1267 3095 1341 3137 qui-

332 3151 406 3185 dem
429 3148 603 3185 omnibus,
630 3144 680 3179 sed
706 3155 867 3185 nunquam
890 3142 963 3175 satis
987 3141 1208 3178 inculcatum,
1238 3145 1341 3180 prima

332 3194 485 3240 quidem,
507 3189 565 3223 nisi
599 3190 721 3232 magnis
755 3188 877 3221 morbis
906 3185 1088 3227 tempestive
1110 3191 1308 3216 ‚occurratur
1330 3203 1342 3220 ‚

334 3236 524 3283 praevalidos
546 3235 645 3266 etiam
669 3231 817 3265 homines
841 3253 850 3268 ,
884 3240 985 3271 eoque
1018 3228 1075 3261 fibi
1109 3223 1305 3270 praefidentes
1330 3247 1342 3263 ,

334 3286 368 3316 in
394 3281 513 3324 quibus
536 3278 591 3310 ille
613 3286 698 3310 certe
723 3273 888 3308 rhedarius
921 3272 985 3305 fuit
1015 3298 1022 3310 ,
1054 3273 1211 3314 opinione
1244 3269 1342 3300 citius

337 3326 478 3359 absumi:
503 3321 621 3358 altera,
654 3318 778 3362 peffime
814 3316 872 3350 fibi
909 3315 1069 3349 consulere
1102 3316 1157 3358 qui
1191 3313 1270 3344 leves
1300 3311 1343 3344 ob

336 3369 466 3402 morbos
489 3368 522 3397 in
546 3363 761 3398 Nosocomiis
784 3361 909 3394 diutius
932 3358 1049 3393 cubant
1067 3381 1075 3395 ,
1112 3356 1286 3402 praesertim
1319 3353 1343 3387 fi

337 3423 436 3455 prope
459 3421 560 3451 mgros
584 3406 728 3450 jaceant,
755 3416 854 3438 aerem
881 3404 982 3445 pravis
1007 3402 1163 3436 halitibus
1200 3399 1345 3431 inficien-

338 3467 407 3495 tes,·
430 3453 467 3486 acl
492 3453 598 3485 multo
621 3452 708 3483 enim
742 3451 900 3491 graviores
931 3447 1062 3481 morbos
1097 3445 1312 3486 disponuntur
1335 3466 1343 3480 ‚

340 3509 435 3539 quam
459 3498 485 3528 is
510 3495 613 3529 suerat
636 3493 726 3536 cujus
760 3490 908 3534 abigendi
942 3492 1044 3532 gratia
1079 3489 1157 3523 illuc
1191 3484 1347 3518 concesse-

341 3550 436 3580 runt,
458 3538 544 3572 velut
567 3538 617 3571 isti
641 3536 759 3570 accidlt
786 3538 879 3575 viro,
902 3533 1074 3566 acutiffima
1098 3538 1343 3576 proptereacor-

310 1014 488 1128 TOt
514 1010 589 1045 sunt
612 1010 796 1052 Valsalvae,
820 1020 890 1046 tum
923 1007 1035 1042 nostrae
1069 1006 1327 1041 Observationes

1264 2486 1350 2528 qui-⁴

1384 1011 1477 1046 repto
1502 1001 1777 1040 inflammatione,
1809 1011 1907 1042 eaque
1943 999 2086 1044 maligna
2106 1024 2119 1041 ‚
2152 1000 2174 1034 fi
2212 1002 2395 1034 Fontanurn

1386 1046 1493 1080 audias
1508 1070 1520 1087 ,
1543 1047 1601 1089 qui
1624 1049 1634 1085 (
1660 1055 1678 1078 a
1701 1047 1714 1083 )
1749 1042 1905 1086 ejusmodi
1936 1044 2235 1078 inflammationum
2269 1043 2395 1078 causam

1385 1092 1420 1124 in
1446 1091 1580 1124 humore
1603 1088 1759 1122 statuebat
1783 1087 1873 1120 tenui
1896 1086 2071 1122 virescente
2097 1110 2108 1127 ‚
2138 1089 2197 1132 qui
2229 1088 2322 1121 color
2354 1088 2390 1119 in

1382 1131 1543 1176 propositi
1566 1133 1644 1174 aegri
1668 1130 1769 1173 sputis
1790 1129 1832 1164 est
1856 1130 2108 1166 animadversus.
2238 1132 2394 1164 Ceterum

1381 1176 1470 1220 quod
1493 1176 1531 1209 ad
1555 1175 1699 1213 dolorem
1723 1174 1860 1213 attinet,
1886 1173 2012 1218 ejusque
2036 1174 2182 1214 causam,
2207 1177 2240 1208 δε
2265 1173 2368 1207 sedem
2386 1198 2396 1213 ,

1382 1223 1443 1254 erit
1466 1219 1684 1263 opportunior
1707 1216 1790 1250 infra
1815 1217 1974 1252 scribendi
2008 1219 2098 1252 locus
2123 1244 2131 1251 .
2169 1221 2289 1251 Interea
2322 1218 2392 1251 noli

1385 1266 1518 1303 mirari,
1541 1261 1631 1306 quod
1656 1261 1779 1295 nullum
1802 1260 1952 1294 Valsalva
1976 1262 2009 1294 in
2034 1264 2138 1305 prima
2161 1261 2294 1295 historia
2329 1272 2396 1294 rne-

1385 1308 1580 1341 moraverit.
1606 1307 1695 1339 Cum
1719 1306 1807 1337 enim
1828 1305 2127 1347 peripneumoniam
2138 1305 2248 1345 dixit,
2272 1315 2336 1338 non
2350 1304 2396 1337 se-

1385 1363 1439 1386 cus
1462 1352 1668 1393 gravativum
1692 1349 1860 1387 dolorem,
1883 1360 1979 1390 quarn
2002 1349 2142 1387 febrem,
2168 1348 2224 1382 etsi
2248 1356 2397 1382 neutrum

1384 1395 1502 1430 diserte
1527 1393 1660 1438 posuit,
1684 1391 1896 1435 significavit.
1922 1393 2002 1425 Non
2026 1393 2094 1427 sum
2118 1391 2238 1426 nescius
2254 1415 2262 1428 ,
2288 1393 2321 1424 in
2334 1390 2398 1427 hoc

1380 1439 1496 1473 morbo
1520 1447 1748 1480 nonnunquam
1780 1434 1927 1468 dolorem
1959 1435 2063 1470 videri
2087 1437 2234 1476 nullum,
2257 1444 2294 1468 ut
2318 1435 2397 1469 alias

1380 1488 1395 1524 (
1418 1482 1438 1516 b
1459 1486 1473 1523 >
1497 1480 1682 1520 ostendam,
1705 1479 1829 1513 febrem
1856 1488 1962 1513 autem
1987 1480 2140 1515 leviorem
2172 1482 2186 1519 (
2209 1490 2225 1512 c
2248 1482 2260 1518 )
2283 1502 2290 1510 .
2326 1479 2397 1512 Ve-

1382 1537 1453 1560 rum
1477 1525 1513 1558 id
1536 1523 1642 1567 ipsum
1670 1533 1747 1556 tunc
1771 1533 1836 1555 non
1861 1522 1903 1556 est
1925 1523 2146 1558 omittendum
2169 1535 2180 1562 3
2213 1523 2282 1555 imo
2315 1521 2395 1556 dili-

1380 1579 1514 1612 genter,
1535 1567 1624 1612 quod
1647 1567 1761 1609 utique
1783 1565 1932 1600 Valsalva
1956 1565 2074 1601 fecisset
2094 1591 2107 1608 ,
2141 1565 2362 1600 adnotandum
2385 1589 2398 1600 .

1383 1615 1482 1646 Nunc
1517 1622 1623 1646 autern
1655 1610 1776 1643 febrem
1800 1632 1813 1649 ,
1848 1619 2002 1653 tanquam
2024 1608 2121 1644 facile
2145 1609 2396 1645 subaudiendam

1382 1667 1559 1690 memorare
1594 1653 1815 1696 praetermittit
1847 1664 1910 1685 non
1943 1664 2004 1686 una
2037 1655 2071 1687 in
2105 1653 2238 1687 historia
2272 1653 2325 1697 (d
2348 1657 2358 1692 )
2383 1659 2400 1694 ,¹

1383 1701 1469 1734 velut
1515 1700 1549 1731 in
1597 1696 1717 1731 duabus
1763 1695 1941 1738 praesertim
1983 1708 2061 1739 quas
2104 1699 2264 1731 continuo
2295 1696 2397 1739 subji-

1382 1755 1463 1777 ciam
1490 1768 1496 1774 .

1429 1799 1456 1829 5.
1485 1785 1639 1819 SENEX
1664 1795 1762 1819 annos
1785 1792 1878 1818 natus
1912 1784 2079 1828 sexaginta·
2106 1785 2250 1828 quinque
2276 1807 2289 1825 ‚
2322 1795 2397 1819 cum

1383 1840 1456 1865 ante
1479 1829 1647 1863 biennium
1670 1828 1796 1862 brachii
1818 1828 1946 1868 dexteri
1972 1826 2107 1870 paralysi
2131 1838 2321 1871 correptus,
2356 1829 2395 1861 ab
2417 1851 2419 1853 -

1384 1873 1555 1916 eademque
1578 1872 1761 1913 liberatus,
1785 1872 1898 1913 saepius
1923 1871 2028 1913 postea
2051 1871 2165 1905 dolore
2188 1872 2400 1914 capitis‘affi-

1384 1919 1414 1951 ci
1439 1915 1676 1956 consuevi-sset,·
1700 1915 1863 1948 noviffime
1884 1914 1928 1947 ob
1960 1916 2126 1958 pulmonis
2160 1915 2397 1949 inflammatio-

1384 1972 1458 1994 nem
1482 1961 1516 1993 in
1540 1958 1624 1996 illud
1648 1958 1737 2001 quod
1763 1958 1863 2000 paulo
1896 1967 1969 1991 ante
2002 1959 2186 1991 memoravi
2203 1981 2216 1998 ‚
2243 1958 2400 1993 ,Νάσω-

1385 2006 1488 2038 mium
1512 2013 1662 2044 exceptus
1677 2025 1686 2041 ,
1711 2002 1851 2035 multum
1874 2000 1912 2035 de
1935 2001 2074 2043 dolore,
2097 2004 2130 2035 &
2155 2002 2242 2035 sensu
2278 2003 2400 2045 ponde-

1384 2048 1427 2081 ris
1450 2049 1485 2080 in
1507 2045 1630 2079 sinistra
1651 2044 1795 2078 thoracis
1819 2053 1908 2087 parte
1930 2046 2142 2089 querebatur,
2168 2047 2399 2089 materiamque

1387 2090 1594 2134 purulentam
1625 2087 1853 2130 expectorabat
1886 2100 1893 2122 :
1926 2087 2016 2131 cujus
2052 2090 2195 2122 excretio
2228 2099 2302 2122 cum
2343 2101 2398 2131 per

1388 2134 1506 2169 multas
1528 2131 1622 2166 horas
1645 2129 1836 2171 defecisset,
1866 2143 1905 2164 ex
1936 2131 2116 2175 improviso
2154 2143 2252 2174 prope
2284 2132 2401 2176 vigesi-

1388 2190 1477 2212 mum
1501 2178 1636 2210 tertium
1658 2174 1745 2208 diem
1770 2173 1813 2208 est
1835 2183 1981 2209 mortuus
1995 2199 2002 2207 .
2150 2176 2399 2210 THORACIS

1388 2233 1504 2255 cavum
1526 2219 1686 2253 sinistrum
1709 2216 1878 2260 tumidus,
1900 2230 1935 2252 ac
1960 2219 2056 2253 durus
2081 2218 2193 2261 pulmo
2218 2228 2326 2252 totum
2352 2231 2400 2252 re-

1390 2266 1522 2309 plebat,
1545 2263 1635 2297 ulcus
1658 2263 1853 2302 continens,
1877 2262 1972 2304 quod.
1987 2263 2090 2295 multa
2118 2262 2202 2295 sanie
2237 2262 2373 2297 scatebat
2389 2287 2401 2303 ‚
2420 2278 2422 2282 ·

1391 2320 1446 2352 per
1471 2307 1629 2350 majorem
1652 2307 1751 2338 etiam
1776 2306 1940 2347 pulmonis
1972 2306 2062 2339 illius
2094 2316 2220 2349 partem
2251 2304 2366 2340 diffusa
2390 2333 2403 2340 -

1393 2352 1506 2386 Pleura
1530 2358 1637 2383 autem
1662 2357 1727 2381 erat
1751 2349 1890 2381 omnino
1924 2349 2014 2382 sana.
2147 2349 2267 2383 Cordis
2297 2349 2421 2384 thala-¹

1393 2407 1463 2429 mus
1484 2394 1595 2428 dexter
1618 2393 1860 2425 concretionem
1884 2392 2078 2433 polyposam
2102 2392 2237 2427 habebat
2252 2417 2264 2433 ‚
2287 2405 2358 2436 quae
2372 2395 2421 2428 se·

1392 2450 1448 2481 per
1470 2448 1584 2470 venam
1605 2438 1728 2482 Cavam
1750 2434 1838 2478 quafi
1863 2434 1903 2467 ad
1937 2434 2041 2468 cubiti
2074 2435 2316 2476 longitudinem
2348 2449 2402 2471 ex-

1390 2480 1543 2520 tendens,
1565 2480 1667 2512 varias
1690 2490 1759 2520 ejus
1784 2479 1976 2520 partitiones
2000 2479 2211 2512 imitabatur.
2237 2481 2318 2512 Erat
2354 2483 2401 2514 al-

1388 2535 1457 2559 tera
1480 2526 1514 2557 in
1538 2522 1664 2556 sinistro
1687 2522 1858 2555 thalamo:
1883 2521 1934 2555 sed
1966 2520 2035 2556 haec
2067 2523 2102 2555 in
2142 2524 2289 2556 arteriam
2326 2525 2401 2558 Ma.

1391 2579 1487 2613 gnam
1509 2568 1566 2600 vix
1589 2565 1811 2609 perveniebat.
1950 2567 1988 2597 In
2011 2564 2141 2599 Cerebri
2165 2575 2268 2599 autem
2280 2570 2402 2601 ventri-

1391 2613 1473 2647 culis
1498 2622 1576 2654 aqua
1602 2611 1731 2642 inventa
1753 2608 1796 2642 est
1819 2607 1858 2642 ad
1882 2608 2052 2642 selibram:
2077 2619 2131 2641 nec
2143 2618 2294 2651 praeterea
2305 2612 2404 2654 quid-

1393 2667 1491 2700 quam
1515 2656 1549 2687 in
1572 2663 1647 2686 toto
1678 2643 1808 2685 herebro
1845 2661 1960 2694 praeter
1990 2661 2138 2685 naturam
2171 2652 2403 2696 deprehensum

1392 2700 1456 2738 est3
1480 2698 1502 2731 si
1528 2698 1638 2740 plexus
1661 2694 1844 2731 Choroidis
1866 2696 2006 2739 excipias
2030 2695 2219 2739 glandulas,
2242 2709 2316 2740 quae.
2337 2701 2403 2733 val.

1392 2744 1430 2777 de
1452 2741 1621 2783 turgebant
1636 2766 1643 2772 .
1730 2744 1732 2748 ⁴
1925 2780 1929 2782 ι

1435 2790 1466 2819 6.
1491 2785 1592 2820 Nihil
1616 2785 1718 2825 magis
1743 2785 1777 2817 in
1800 2783 1923 2817 morbis
1946 2782 2301 2828 ejuscemodiaccelerat
2315 2797 2404 2819 mor-

1392 2841 1481 2870 tem,
1506 2841 1604 2873 quam
1638 2829 1779 2862 materiae
1813 2827 2053 2870 expectorandae
2088 2828 2257 2870 suppressio
2278 2853 2285 2860 .
2320 2831 2402 2863 Haec

1394 2884 1500 2908 autem
1525 2885 1562 2905 eo
1586 2872 1715 2906 facilius
1740 2871 1883 2911 accidit,
1905 2882 1972 2913 quo
1995 2874 2075 2905 vires
2098 2869 2143 2904 ob
2175 2874 2401 2910 aegrotationis

1394 2918 1666 2966 diuturnitatem,
1689 2924 1837 2954 aetatem,
1858 2917 1891 2948 ἃς
1914 2913 2037 2947 nervosi
2059 2916 2188 2958 generis„
2204 2910 2315 2950 ⁸labem
2352 2919 2403 2949 ἕως

1396 2962 1556 2995 firmiores
1579 2960 1673 2994 sunt:
1699 2971 1770 3001 quae
1793 2959 1902 2991 omnia
1925 2958 1959 2990 in
1985 2957 2150 3000 propofito
2174 2959 2242 2992 sene
2263 2958 2402 3000 conjun-

1396 3007 1446 3039 ἑὶει
1468 3004 1573 3037 vides.
1709 3000 1811 3040 Quod
1835 3010 1940 3034 autem
1963 3003 1997 3033 in
2022 3002 2087 3046 ejus
2110 3003 2239 3035 cerebro
2271 3003 2404 3046 conspe-

1396 3050 1485 3082 &tum
1509 3047 1572 3087 est,
1596 3047 1699 3088 qualis
1722 3044 1818 3079 fuerit
1844 3044 2015 3087 praegressae
2050 3045 2200 3087 paralysis
2232 3046 2346 3087 causa,
2368 3050 2403 3081 86

1396 3093 1509 3135 saepius
1532 3090 1700 3124 afficientis
1723 3099 1819 3131 caput
1843 3088 1989 3128 doloris,
2013 3089 2075 3122 tibi
2101 3089 2401 3132 poteritindicare,

1395 3135 1434 3168 ad
1459 3146 1492 3169 ea
1517 3134 1731 3176 respicienti,
1763 3143 1833 3174 quae
1871 3132 1946 3165 alias
1976 3135 1989 3171 (
2013 3144 2028 3166 e
2050 3137 2065 3173 )
2096 3132 2135 3167 de
2157 3143 2297 3176 utroque
2330 3133 2403 3168 affe-

1394 3180 1450 3213 &u
1476 3177 1514 3212 ad
1539 3186 1569 3210 te
1596 3175 1795 3219 scripsimus.

1438 3235 1470 3264 7.
1498 3221 1687 3256 MULIER
1712 3230 1869 3252 annorum
1892 3221 2021 3254 circiter
2043 3220 2161 3262 viginti
2177 3219 2403 3264 septem,quae

1394 3277 1494 3309 nupta
1520 3273 1591 3297 ante
1612 3262 1882 3310 quadriennium,
1909 3275 2072 3306 nunquam
2095 3274 2306 3306 conceperat,
2343 3264 2404 3297 do..

1395 3312 1463 3343 lore
1487 3309 1520 3343 in
1545 3306 1690 3340 thoracis
1715 3305 1834 3339 sinistra
1861 3318 1950 3348 parre
1983 3306 2124 3339 afficitur
2154 3318 2227 3340 cum
2263 3307 2405 3351 spirandi

1394 3353 1610 3391 difficultate,
1635 3355 1665 3383 ὃς
1691 3349 1759 3383 tuffi
1785 3348 1992 3394 vehementi,
2014 3362 2083 3391 qua:
2107 3351 2231 3393 aliquid
2256 3353 2405 3394 expecho-

1395 3397 1500 3429 rabat.
1528 3396 1690 3428 Moritur.
1828 3395 2067 3428 THORACE
2092 3393 2211 3427 recluso
2232 3419 2244 3435 ,
2277 3397 2311 3427 in
2343 3394 2405 3429 hu-

1396 3440 1446 3483 jus
1469 3438 1591 3472 finistro
1614 3449 1692 3470 cavo
1715 3437 1879 3470 invenitur
1902 3450 1976 3471 cum
2000 3436 2126 3476 serum,
2150 3438 2224 3470 albo
2247 3437 2404 3472 infecium

1398 3484 1526 3529 colore,
1550 3490 1620 3514 tum
1644 3481 1758 3523 pulmo
1781 3481 1997 3526 asposteriore
2030 3490 2117 3522 parte
2151 3482 2370 3515 inflammatus
2394 3493 2405 3514 .-

1399 3540 1437 3561 ex
1461 3536 1553 3568 cujus
1578 3524 1735 3564 senione,
1760 3523 1815 3556 eth
1838 3526 1944 3559 nullus
1968 3524 2139 3567 apparebat
2164 3523 2332 3562 abscessus3
2359 3524 2405 3558 sa-

2298 3579 2364 3602 mes

342 3663 2400 3687 w

495 3748 539 3770 Vl.
558 3754 581 3769 n.
602 3752 637 3769 10.
654 3752 688 3769 12.
710 3753 746 3771 14.
780 3745 840 3767 Vll.
860 3752 884 3770 4.
916 3741 1002 3765 XXII.
1022 3748 1060 3764 10.
1080 3745 1114 3765 16.
1132 3747 1167 3763 22.
1203 3739 1321 3761 XXXVI.
1339 3746 1364 3766 23

1102 3772 1114 3799 (
1131 3770 1143 3794 b
1161 3771 1175 3799 )
1191 3769 1262 3798 Epist,
1280 3776 1316 3792 21.
1336 3776 1357 3792 n.
1375 3776 1396 3798 5.
1414 3767 1436 3790 δι
1452 3766 1513 3795 seqq.

403 3748 517 3808 §.igin
535 3776 578 3800 hae
596 3777 609 3799 l.
628 3784 647 3799 a.
666 3773 789 3804 Sepulchr.
808 3774 870 3798 Sea.
888 3782 909 3801 4-
926 3772 983 3796 Obs.
1002 3772 1036 3795 28.

396 3811 411 3839 s,
426 3819 438 3835 ι·
455 3813 465 3836 >
483 3807 555 3837 Epist.
572 3808 619 3832 XI.
636 3807 658 3829 &
674 3806 695 3830 l.

1370 3755 1376 3761 .
1408 3735 1542 3764 XXXVII.
1560 3740 1597 3762 ²9-
1631 3733 1708 3755 XLV.
1727 3735 1763 3755 16.
1797 3732 1915 3756 XLVlll.
1934 3739 1969 3760 32.
2000 3732 2059 3755 L11.
2078 3739 2114 3759 ¹5-

1576 3764 1591 3795 (
1606 3771 1616 3787 c
1632 3764 1639 3793 )
1659 3761 1712 3786 Vid.
1730 3762 1791 3787 infra
1805 3779 1811 3791 ,
1830 3770 1852 3787 n.
1869 3766 1910 3786 26.
1974 3760 1983 3791 (
2000 3762 2016 3785 d
2032 3762 2046 3790 )
2063 3761 2117 3786 Vid.
2137 3762 2198 3787 infra
2210 3779 2217 3793 ,
2235 3771 2257 3788 n„
2276 3773 2312 3788 20.
