2498 4075
227 234 383 299 Epist.
422 233 582 300 Anat.
623 228 839 281 Medica
877 228 1002 280 XX.
1040 229 1162 281 Art.
1202 220 1832 287 6o.61.62,63.64.&65.

34 310 175 353 pleuram
196 309 390 351 inrerjfflcae-
418 309 502 350 Qae
524 317 629 339 revera
644 304 727 338 nihil
751 305 837 339 aliud
860 315 925 338 erat
946 316 1041 347 quam

34 352 158 393 serum,
180 350 268 395 quod
292 351 456 395 postquam
478 362 515 384 ex
536 348 701 392 utriusque
722 350 809 390 poris
831 359 973 389 exierat,
996 350 1040 381 ita

35 397 238 432 'concreverat
256 419 269 436 ,
301 397 333 427 &
357 395 385 427 se
420 392 600 428 extenderat
620 416 632 432 ,
662 402 698 425 ut
721 392 934 426 membranam
959 392 1040 425 sanie

36 437 199 481 turgidam
219 462 231 479 ‚
263 449 356 482 atque
381 437 457 470 adeo
478 446 665 477 corruptam
690 436 831 477 pleuram
864 438 971 478 primo
994 435 1041 468 as-

38 483 132 524 pestu
155 483 363 515 mentiretur.
388 479 579 523 Cuiusmodi
604 479 735 521 species,
760 480 868 522 inquit
886 503 899 519 ‚
932 480 1041 521 impo-

36 524 126 559 suiffe
150 526 277 559 videtur
299 524 433 559 Riverio
455 522 540 567 (f)
563 522 732 555 affirmanti
755 546 768 562 ,
804 522 834 555 se
857 524 891 555 in
922 523 1040 564 pleuri-

35 567 103 601 tide
125 579 310 611 corruptam
332 568 473 610 pleuram
494 566 694 608 comperisse.
721 565 781 599 Sed
803 564 879 606 hic,
904 565 1040 608 diligen-

34 612 101 645 tius
124 612 315 655 quaerendo,
337 609 403 652 ipsa
427 610 557 653 quidem
592 610 697 653 pleura
724 607 793 641 sana
816 610 942 642 inventa
966 609 1008 644 est
1032 621 1042 647 3

36 656 150 698 pulmo
175 666 279 690 autem
301 665 360 696 qua
387 653 517 686 dorsum
543 652 700 694 spestabat
717 675 726 690 ‚
752 664 863 694 magna
888 664 960 689 cum
984 653 1043 685 du-

37 700 114 731 ritie
137 699 353 733 inflammatus
373 721 380 728 .
414 699 575 729 Caeterum
601 696 678 729 alter
701 696 812 738 pulmo
836 698 946 729 multis
970 698 1043 739 qui-

37 741 110 776 dem
134 743 213 776 locis
236 741 278 775 ad
302 740 442 782 pleuram
465 740 684 782 alligabatur3
719 738 770 772 sed
792 750 858 773 erat
893 740 1009 773 illaesus
1034 763 1042 771 .

37 786 78 818 In
103 785 283 828 pericardio
306 784 407 817 multa
431 794 529 825 aqua.
556 786 594 816 In
617 782 728 816 cordis
752 784 855 817 caveis
879 782 1042 825 polyposae

37 831 256 862 concretiones
280 828 383 870 plures
406 826 567 867 latebant,
590 825 692 868 major
714 827 748 858 in
772 827 911 861 auricula
935 826 1044 859 dexte-

39 884 96 911 ra,
120 874 227 905 minor
251 874 282 905 in
308 870 461 911 adjuneto
484 871 687 910 ventriculo,
708 881 844 913 quarum
869 870 968 902 illain
993 881 1045 901 ve-

37 925 93 948 nas
116 917 218 948 Cavas
240 940 250 956 ,
285 913 352 948 haec
376 914 409 945 in
435 914 656 949 Pulmonarem
682 915 828 947 arteriam
850 912 1046 956 produceba-

38 967 111 991 tur:
136 958 194 992 hac
219 971 293 991 vei-o
316 958 454 990 minores
476 959 510 991 in
533 956 843 991 ventriculofinistro
866 957 961 997 duaej
982 957 1046 989 im-

37 1002 109 1043 pari
132 1003 216 1036 inter
241 1002 270 1035 se
293 1000 514 1043 magnitudine
534 1011 544 1037 ;
579 1000 690 1040 harum
713 999 816 1042 major
839 1001 872 1033 in
897 1001 1046 1034 arteriam

37 1044 195 1121 ἓαὲςῃειῃ
220 1070 230 1087 ,
264 1047 372 1080 minor
403 1045 436 1077 in
467 1043 623 1078 sinistram
665 1045 838 1079 auriculam
871 1043 900 1076 se
936 1053 1046 1080 exten-

64 1098 82 1120 e
105 1098 156 1121 at.

79 1135 133 1166 60.
158 1133 312 1167 Riverius
336 1130 549 1165 hallucinatus
572 1131 611 1164 fit
634 1157 643 1172 ,
678 1142 717 1163 an
739 1142 802 1163 non
827 1156 835 1170 ‚
860 1133 891 1163 δέ
916 1131 936 1163 fi
962 1131 1046 1164 forte

35 1175 76 1208 fit
93 1199 103 1214 ‚
141 1188 179 1209 an
202 1188 235 1208 ea
258 1176 426 1210 dumtaxat
459 1176 582 1209 ratione
602 1199 615 1216 ‚
647 1174 780 1209 definire
813 1185 877 1207 non
912 1175 1008 1209 ausim
1034 1200 1041 1207 .

37 1219 126 1252 Nam
150 1222 182 1252 &
215 1220 310 1253 aliam
334 1217 496 1252 interdum
529 1218 585 1251 effe
621 1220 736 1251 erroris
768 1218 891 1251 causam
927 1217 1010 1261 posse
1033 1243 1045 1259 ,

35 1261 257 1339 {clio-bQuam
282 1286 292 1301 ‚
324 1273 398 1298 cum
422 1263 602 1305 proximam
628 1261 793 1297 historiam
816 1262 926 1304 legeris
948 1286 958 1301 ,
992 1262 1046 1295 de-

34 1317 52 1339 c
69 1317 115 1339 ara
142 1318 162 1339 o
176 1332 183 1338 .

79 1353 132 1382 61.
157 1350 363 1386 FOEMINA
388 1361 488 1385 annos
511 1358 580 1382 nata
605 1349 676 1391 plus
698 1348 887 1391 sexaginta,
910 1349 1046 1391 pletho-

34 1393 95 1425 rici
119 1393 270 1432 habitus,
295 1399 325 1427 &
350 1393 434 1426 obesi
460 1418 470 1433 ,
504 1391 650 1435 prehensa
673 1393 714 1425 est
738 1392 892 1426 Kalendis
907 1395 1046 1432 Decem-

35 1436 101 1469 bris
126 1436 268 1470 thoracis
291 1437 400 1471 dolore
424 1438 457 1469 in
479 1435 606 1468 dextera
629 1435 825 1480 potiffimum
838 1446 927 1479 parte
942 1462 951 1476 ,
973 1449 1047 1470 curn

36 1479 218 1513 vehementi
242 1479 353 1520 febre,
379 1491 489 1522 magna
514 1479 565 1512 siti
591 1503 603 1518 ‚
637 1479 778 1513 ulcerosa
801 1481 946 1522 corporis
970 1480 1047 1513 laffi-

35 1523 149 1556 tudine
173 1534 182 1555 .·
216 1535 273 1557 nec
296 1523 445 1564 respirare
478 1532 604 1565 poterat
628 1522 690 1556 sine
722 1523 860 1557 dolore.
897 1525 1049 1558 Mittitur

35 1566 182 1609 sanguis,
207 1577 300 1610 atque
325 1568 384 1610 alia
409 1579 449 1600 ex
481 1575 550 1598 arte
573 1565 760 1607 praestantur
781 1579 792 1604 3
826 1566 878 1600 sed
901 1565 1014 1601 frustra
1038 1592 1045 1599 .

34 1611 108 1643 Imo
133 1611 189 1643 illa
214 1621 346 1653 augetur
369 1608 514 1643 laffitudo
533 1632 545 1648 ,
577 1620 665 1642 mens
689 1609 818 1651 torpida
851 1609 888 1644 fit
912 1632 921 1647 ‚
954 1619 1048 1654 atque

36 1654 114 1687 adeo
139 1653 314 1687 subdelira.
341 1653 487 1686 Tandem
510 1652 640 1694 sputum
662 1676 674 1693 ,
706 1652 792 1696 quod
816 1663 905 1687 antea
938 1654 1047 1688 modi-

34 1707 110 1730 cum
133 1706 200 1730 erat
215 1720 224 1735 ‚
250 1708 305 1729 nec
328 1694 551 1736 glutinosum,
575 1696 748 1731 rotundum
764 1696 895 1739 ejicitur
911 1720 921 1736 ‚
943 1701 1046 1740 &pu-

34 1740 219 1774 rulentum:
244 1740 413 1782 respiratio
435 1738 472 1772 fit
497 1738 708 1773 laboriosior.-
734 1739 884 1775 delirium
901 1741 1042 1775 accedit:

35 1786 69 1816 δε
91 1788 176 1817 mors
198 1781 456 1825 duodevigefimo
478 1782 583 1814 morbi
607 1782 678 1816 die.
814 1787 893 1819 ΤΗ
905 1788 939 1818 O
953 1787 985 1819 R
998 1788 1046 1819 A-

34 1828 107 1861 CE
143 1827 288 1867 recluso3
310 1837 384 1859 cum
407 1826 516 1859 dexter
539 1826 651 1868 pulmo
674 1827 831 1870 apleura,
857 1829 909 1861 cui
936 1827 1044 1862 adhe-

33 1870 144 1910 rebat,
167 1870 359 1912 separaretur
382 1893 394 1910 ‚
428 1870 569 1903 multum
594 1871 770 1912 purulentae
795 1873 939 1905 materiae
970 1885 1045 1905 eru-

34 1916 106 1957 pit,
131 1912 252 1947 scilicet
276 1924 315 1946 ex
338 1912 471 1946 abscessu
493 1913 527 1945 in
551 1913 733 1955 pulmonari
757 1914 928 1951 substantia
949 1939 962 1955 ‚
985 1916 1046 1948 cir-

32 1968 70 1991 ca
94 1968 189 2000 quam
214 1968 326 2000 magna
349 1966 414 1989 erat
438 1956 678 1996 inflammati03
703 1958 811 2002 pleura
835 1969 942 1993 tamen
965 1959 1046 1992 illae-

32 2000 83 2034 sa.
108 1999 237 2034 sinister
259 2000 371 2043 pulmo
394 2009 460 2033 erat
487 1999 595 2034 sanus.
620 2002 829 2038 Ventriculus
852 2003 962 2038 dexter
974 2014 1045 2035 eor-

33 2043 84 2078 dis
108 2043 304 2078 mediocrem
329 2043 518 2086 polyposam
531 2046 796 2086 concretionem3
822 2046 1046 2082 alterinchoa-

16 2093 180 2138 ‘mentum
209 2087 379 2122 dumtaxat
412 2087 597 2121 continebat
638 2087 831 2132 ejuscemodi·
868 2091 1048 2124 concretio-

33 2142 104 2164 nis.
492 2164 497 2166 .

79 2177 132 2208 62.
156 2175 256 2209 Nunc
280 2174 303 2208 fi
329 2175 446 2219 relegas
469 2174 556 2218 quod
579 2176 675 2208 etiarn
707 2175 741 2209 in
766 2177 954 2210 diffefflone
989 2186 1047 2207 cu-

33 2217 157 2261 jusdam
190 2219 340 2261 Virginis
373 2218 461 2261 supra
486 2220 575 2260 (g)
608 2230 623 2250 a
654 2218 747 2252 nobis
780 2220 934 2262 scriptum
970 2218 1012 2250 est
1035 2242 1047 2258 ‚

36 2261 114 2295 dum
138 2272 234 2295 manu
257 2270 434 2295 tentaretur
459 2261 623 2303 pulmonis
649 2263 806 2304 apleura,
832 2263 979 2296 cuiarete
991 2260 1048 2295 ad-

36 2303 196 2342 haerebat,
222 2303 378 2347 separatio
398 2329 408 2345 ,
441 2305 536 2337 illum
560 2304 603 2337 ob
626 2302 842 2340 fraciditatem
866 2305 1048 2348 disruptum

37 2348 96 2381 effe
116 2371 129 2388 ,
160 2346 315 2390 simulque
337 2359 376 2380 ex
409 2347 542 2381 abscessu
566 2371 578 2387 ,
610 2359 705 2390 quem
728 2350 913 2383 continebat
934 2372 943 2385 ,
976 2359 1045 2380 ma-

35 2402 134 2434 gnam-
156 2390 274 2433 ejecisse
296 2393 424 2433 copiam
449 2390 576 2423 saniosae
599 2394 742 2426 materiae
769 2405 783 2433 ;
805 2393 900 2428 facile
923 2392 1046 2424 intelli-

38 2447 113 2478 ges,
137 2445 232 2477 quam
259 2435 399 2476 proclive
422 2433 483 2474 sit,
507 2443 541 2466 ut
563 2433 644 2467 illud
670 2435 813 2475 accidat,
839 2436 877 2469 de
900 2448 967 2477 quo
990 2446 1044 2467 an-

36 2487 70 2511 te
94 2477 152 2511 hos
175 2478 407 2520 quinquaginta
426 2487 526 2509 annos
551 2479 665 2511 monui
689 2480 722 2511 in
734 2478 926 2513 Bononiensi
940 2481 1047 2512 Scien-

36 2523 157 2554 tiarum
189 2522 362 2553 Academia
385 2544 397 2560 ,
439 2519 527 2562 quod
569 2522 733 2556 monitum
779 2535 849 2561 non
876 2523 1047 2565 indignum

35 2565 159 2598 censuit
181 2563 269 2597 cu‘us
294 2563 545 2606 benigniffimam
569 2567 766 2599 mentionem
788 2567 903 2601 faceret
928 2568 961 2599 in
985 2566 1048 2600 suis

36 2608 215 2641 immortali
244 2619 277 2640 us
310 2608 421 2641 Libris
454 2606 544 2646 (h)
591 2610 740 2653 Princeps
765 2633 774 2648 ,
815 2615 847 2644 &
881 2611 1046 2645 Dominus

37 2663 147 2691 meus,
171 2651 464 2684 beneficentiliimus
488 2651 672 2687 litterarum
697 2678 705 2693 ,
736 2666 812 2697 quas
837 2655 904 2698 ipse
928 2654 1045 2687 eximie

37 2695 197 2736 ornabat,
219 2696 372 2729 Patronus
398 2718 408 2733 ‚
433 2695 744 2731 BENEDICTUS
768 2699 865 2732 XIV.
891 2696 1045 2730 Pontifex

38 2739 204 2772 Maximus
219 2761 228 2770 .
361 2740 422 2772 Fac
447 2739 532 2771 enim
554 2762 566 2779 ,
589 2740 714 2784 aliquos
737 2767 746 2782 ‚
779 2751 815 2775 ut
838 2740 924 2775 haud
949 2741 1043 2774 semel

38 2793 98 2825 ego
120 2782 209 2819 vidi,
233 2781 281 2813 vel
304 2782 435 2816 celebres
470 2783 507 2815 in·
528 2782 641 2825 vulgus
673 2784 822 2819 Medicos
844 2810 856 2825 ,
887 2786 921 2818 in
951 2786 1044 2827 aegris

39 2825 212 2858 invisendis
235 2825 399 2864 multum,
423 2828 456 2859 in
479 2826 682 2862 cadaveribus
704 2839 809 2863 autem
819 2828 1045 2870 introspicien-

39 2869 92 2902 dis
111 2868 221 2902 leviter
241 2892 254 2909 ,
286 2877 340 2901 aut
363 2869 444 2902 nihil
477 2871 669 2904 exercitatos
690 2896 702 2912 ,
733 2872 875 2906 hominis
898 2873 955 2915 qui
979 2883 1044 2904 non

39 2912 102 2946 sine
135 2910 318 2954 pleni-iridis
341 2911 436 2956 fignis
470 2913 616 2952 obierit,
650 2913 832 2949 disseetioni
867 2915 1010 2948 interesse
1034 2938 1044 2953 ‚

40 2967 96 2999 per
119 2957 320 2997 inexpertum
335 2980 344 2996 ,
367 2966 403 2989 ut
427 2957 504 3000 saepe
529 2959 671 2999 accidit,
693 2959 893 3003 Chirurgum
918 2959 1045 2992 institu-

40 3009 102 3040 tae,
127 2999 204 3032 huic
228 3008 332 3032 autem
356 3000 540 3041 pulmonem
563 3014 578 3035 a
603 3003 709 3045 pleura
734 3015 892 3039 removere
914 3003 1047 3035 conanti

43 3043 78 3076 id
101 3043 288 3084 contingere
311 3043 399 3084 quod
422 3045 455 3076 in
478 3044 536 3078 hac
561 3047 701 3080 Muliere
725 3051 739 3086 (
761 3047 812 3088 le)
835 3071 847 3088 ,
869 3055 923 3081 aut
946 3047 980 3078 in
1003 3046 1044 3078 il-

43 3087 73 3120 la
97 3087 239 3129 Virgine
260 3089 274 3125 <
296 3085 308 3119 l
328 3088 342 3125 )
360 3109 371 3126 ,
405 3095 440 3120 ut
465 3087 614 3132 disrupto
645 3100 771 3133 repente
794 3091 930 3124 abscessu
953 3091 990 3122 in
1010 3101 1044 3122 ea

44 3139 135 3174 parte
159 3130 320 3173 pulmonis
344 3141 413 3172 quae
438 3133 551 3166 arffius
574 3134 691 3175 pleurae
715 3133 807 3167 affixa
832 3134 930 3169 fuerit
952 3157 964 3173 ,
986 3145 1046 3176 pus

45 3183 214 3217 erumpat,
238 3175 327 3214 puris
352 3184 428 3206 vero
450 3200 460 3214 ,
486 3177 518 3208 &
540 3176 718 3211 dilaceratae
743 3181 855 3212 annexi
880 3178 1045 3221 pulmonis

42 3217 187 3260 reliquiae
210 3216 251 3249 ad
272 3217 439 3258 plemam,
461 3228 497 3251 ut
521 3219 639 3258 solent,
663 3223 833 3256 etiamtum
857 3222 969 3256 restent
994 3220 1046 3255 ad-

45 3259 200 3294 haerentes
224 3282 237 3300 ,
268 3271 341 3293 cum
365 3261 477 3301 pulmo
499 3263 636 3306 reliquus
653 3290 666 3306 ,
699 3264 808 3300 emisso
831 3277 907 3309 pure
939 3264 1046 3298 statim

47 3303 239 3344 concidens,
262 3303 410 3338 abscessus
433 3315 544 3339 cavum
567 3312 766 3343 contraxerit
786 3334 799 3351 ,
835 3313 865 3343 &
891 3308 956 3343 fere
990 3321 1045 3342 oc-

44 3347 217 3396 cultaverit
237 3370 247 3386 5
283 3356 338 3381 aut
360 3347 464 3396 fiquid
495 3348 589 3393 hujus
610 3352 752 3388 ostendat
774 3377 783 3393 ,
816 3352 964 3387 effeetum
988 3364 1046 3395 po-

49 3397 137 3433 tius,
161 3395 194 3426 &
217 3401 341 3436 partem
365 3392 528 3436 cujusdam
561 3397 700 3438 proximi
723 3399 759 3432 in
788 3399 897 3442 pleni-a
928 3397 1045 3441 suppu-

135 3615 301 3658 Morgagni
311 3616 345 3650 de
356 3619 422 3652 sed.
439 3622 480 3654 &
491 3618 576 3663 Gaul}
592 3618 694 3652 Morb.
709 3621 809 3655 Tom.
827 3621 856 3655 Ι.

1932 234 2024 286 203

1092 304 1153 337 rati
1178 301 1316 334 tumoris
1341 300 1499 333 ostendere
1520 298 1667 332 videatur
1687 322 1694 331 .
1720 299 1803 332 Noli
1829 299 1996 333 dubitare,
2019 297 2098 339 quin

1092 347 1251 380 continuo
1274 344 1521 384 pronuntietur.
1546 342 1618 376 satis
1640 340 1696 374 esse
1718 342 1885 384 quaesitum
1913 364 1921 379 ,
1958 341 2096 382 pleuram

1092 392 1131 424 ab
1153 389 1181 421 se
1205 385 1365 420 evidenter
1388 387 1589 428 conspestam
1613 385 1821 427 putrefae'tarn
1843 409 1851 423 ,
1884 392 2064 425 corruptam
2090 408 2099 421 ,

1092 437 1123 466 ὃς
1147 430 1286 465 εοΙΙεξὲο
1310 441 1384 471 pure
1399 440 1578 462 manantem
1594 451 1605 467 ,
1626 427 1835 470 praejudicata
1860 429 2011 471 opinione
2025 427 2100 472 nul-

1093 479 1155 509 larn
1179 473 1292 507 erroris
1316 472 1525 513 suspicionem
1550 472 1744 514 relinquente
1768 485 1777 504 .-
1800 474 1854 513 qui
1880 482 2027 513 perquam
2053 471 2099 500 ia-

1093 520 1153 553 cile
1177 518 1273 550 vitari
1299 515 1477 557 potuisset,
1501 516 1556 550 ubi
1581 515 1728 557 reliquiis
1751 516 1843 555 illis,
1867 516 1977 551 cauti,
2000 512 2098 545 &di-

1094 564 1226 605 ligentis
1249 558 1442 592 Prosecftoris
1465 571 1559 593 manu
1582 558 1694 591 abrafis
1712 582 1724 598 ,
1764 558 1819 592 sub
1842 559 1882 591 iis
1915 557 2020 600 plenta
2044 564 2097 588 aut

1094 605 1240 639 leviffime
1265 601 1395 643 affeeta‚
1419 613 1473 636 aut
1496 604 1594 635 etiam
1614 624 1623 639 ‚
1647 600 1917 644 quemadmodum
1942 599 2096 633 Valsalvae

1094 649 1236 691 contigit
1259 650 1359 686 (m),
1383 645 1453 678 sana
1477 646 1626 688 prorsus,
1648 648 1681 678 &
1702 646 1838 678 omnino
1860 644 1956 690 illaesa
1982 642 2097 674 retesta

1094 692 1189 726 esset.
1324 691 1403 723 Non
1428 698 1593 732 propterea
1616 698 1722 722 tamen
1747 699 1828 731 nego
1850 712 1861 728 ‚
1896 687 2066 720 solertibus
2089 706 2099 722 ‚

1095 740 1127 769 δε
1160 734 1341 768 exercitatis
1372 733 1581 766 Anatomicis
1611 743 1756 773 magnam
1792 730 1952 764 interdum
1983 730 2099 772 pleurae

1096 778 1192 821 ipsius
1216 776 1375 811 laefionem
1399 776 1468 819 post
1490 777 1633 810 thoracis
1657 776 1795 808 internas
1829 774 2100 808 inflammationes

1095 821 1261 856 occurrisse
1288 847 1294 852 .
1331 822 1477 860 Tantum
1500 819 1578 863 quid
1601 819 1639 853 de
1661 817 1789 865 jastatis
1813 820 1897 852 inter
1918 818 2023 851 minus
2046 827 2101 848 ex-

1097 875 1204 906 pertos
1228 863 1520 898 Observationibus
1545 863 1678 905 suspicer
1702 886 1714 903 ‚
1737 873 1801 895 non
1828 864 1966 895 reticeo.

1098 910 1196 942 Nunc
1219 908 1375 952 quoniam
1398 918 1413 938 a
1438 907 1594 950 plerisque
1619 918 1730 944 eorum
1752 907 1808 948 qui
1833 906 1870 939 de
1895 905 1962 941 sede
1986 903 2102 937 harum

1097 952 1391 985 inflammationum
1413 972 1422 987 ‚
1455 951 1573 992 pleurae
1594 948 1749 984 afferenda
1771 974 1780 989 ,
1814 950 1961 991 pulmoni
1996 955 2102 981 autem

1097 994 1307 1037 abjudicanda
1341 994 1488 1027 laborant
1519 1017 1528 1033 ‚
1569 1005 1698 1026 omnem
1731 1003 1809 1035 pene
1842 992 1959 1026 sensum
1991 990 2102 1024 visceri

1096 1037 1174 1073 huic
1209 1039 1342 1077 adimi,
1373 1036 1617 1075 animadverti3
1650 1047 1747 1071 unam
1768 1059 1777 1073 ,
1813 1034 1897 1069 haud
1930 1035 2066 1078 amplius
2090 1058 2101 1073 ‚

1095 1094 1225 1125 eamque
1249 1080 1426 1124 perbrevem
1453 1103 1462 1118 ,
1497 1079 1658 1113 Valsalvae
1691 1078 1956 1113 Observationem
1977 1104 1986 1120 ,
2018 1077 2102 1112 unde

1096 1127 1294 1163 contrarium
1319 1124 1410 1165 poffit
1433 1122 1640 1163 confirmari,
1667 1121 1851 1164 subjiciam.

1139 1172 1191 1212 63.
1228 1169 1359 1203 ANUS
1394 1166 1595 1210 septuaginta
1630 1177 1783 1199 annorum
1812 1188 1820 1203 ‚
1859 1166 1940 1200 duos
1971 1166 2102 1199 circiter

1097 1213 1214 1247 menses
1246 1212 1285 1245 de
1307 1212 1435 1244 interno
1468 1209 1612 1244 thoracis
1636 1210 1744 1245 dolore
1764 1212 1972 1252 conqueritur
1995 1223 2004 1242 :
2040 1221 2104 1242 non

1098 1256 1183 1290 tuffit
1200 1269 1210 1289 .-
1234 1267 1298 1289 non
1322 1254 1471 1296 exspuit:
1496 1255 1529 1287 in
1553 1262 1702 1288 neutrum
1726 1254 1839 1287 cubare
1864 1253 1969 1297 potest
1993 1254 2078 1288 latus
2095 1279 2103 1286 .

1097 1301 1248 1343 Denique
1271 1299 1430 1332 moritur.
1567 1298 1737 1331 PULMO
1761 1307 1891 1340 uterque
1915 1298 2014 1340 nigris
2038 1306 2105 1330 erat

1096 1343 1266 1377 distinetus
1290 1342 1443 1376 maculis:
1469 1341 1580 1375 dexter
1603 1350 1827 1384 praeterea‘qua
1852 1341 2011 1373 vertebras
2035 1340 2106 1383 spe-

1099 1387 1228 1427 (Stabat,
1251 1386 1373 1425 duruS,
1396 1388 1429 1418 &
1453 1385 1678 1423 exulceratus;
1701 1396 1886 1427 quanquam
1897 1384 1980 1417 nihil
2006 1395 2106 1426 appa-

1099 1433 1165 1464 ruit
1188 1430 1318 1463 saniosae
1343 1430 1504 1462 materiae.
1641 1430 1784 1471 Ingentis
1804 1427 2038 1469 magnitudinis
2049 1438 2107 1469 po-

1101 1476 1194 1517 lypus
1217 1475 1252 1506 in
1276 1473 1459 1506 ventriculo
1482 1472 1590 1506 cordis
1613 1471 1767 1511 dextero,
1792 1470 1869 1504 hinc
1897 1482 1954 1515 per
1977 1470 2042 1513 ejus
2067 1481 2107 1509 u-

1101 1528 1250 1562 trumque
1273 1516 1438 1550 orificium
1462 1517 1495 1547 in
1520 1516 1613 1555 vasa,
1636 1519 1667 1549 &
1691 1513 1839 1548 vasorum
1862 1525 1966 1549 ramos
1993 1514 2021 1547 se
2033 1525 2108 1557 pro-

1098 1562 1258 1600 ducebat,
1280 1563 1314 1594 &
1337 1560 1422 1594 mole
1446 1558 1497 1593 sua
1510 1560 1654 1595 multum
1679 1558 1855 1592 auriculam
1869 1557 2032 1593 dexteram
2055 1557 2105 1592 di-

1100 1606 1276 1638 lataverat.

1142 1654 1194 1693 64.
1222 1649 1254 1680 Si
1278 1648 1463 1691 polypum,
1498 1645 1548 1681 seu
1573 1646 1713 1689 potiu53
1738 1646 1869 1690 quando
1890 1659 1928 1681 ne
1953 1648 2010 1681 illa
2033 1649 2108 1691 qui-

1098 1693 1171 1726 dem
1196 1691 1328 1725 fuerunt
1361 1691 1473 1733 polypi
1509 1689 1594 1732 ligna
1616 1702 1687 1734 quae
1718 1691 1820 1733 vulgo
1856 1690 2068 1735 proferuntur
2093 1717 2106 1732 ,

1098 1748 1133 1770 ut
1159 1747 1258 1779 neque
1282 1735 1431 1768 auriculae
1454 1733 1618 1773 dilatatae3
1644 1733 1695 1768 seu
1709 1736 1817 1775 potius
1832 1759 1844 1775 ‚
1868 1736 2023 1778 inquam,
2047 1747 2111 1778 poa

1097 1779 1244 1822 lyposam
1269 1780 1509 1811 concretionem
1531 1800 1539 1814 ,
1574 1787 1650 1811 tunc
1673 1778 1789 1821 polypi
1815 1780 1945 1813 nomine
1968 1781 2067 1813 etiam
2091 1791 2107 1812 a

1097 1823 1248 1857 Valsalva
1272 1822 1409 1855 indicari
1437 1822 1588 1862 solitam,
1611 1823 1685 1855 vitae
1710 1822 1831 1856 ultimo
1853 1832 2017 1866 tempore,
2042 1835 2108 1862 nou

1097 1867 1184 1900 setus
1208 1878 1243 1900 ac
1266 1867 1372 1908 nigras
1396 1865 1468 1898 illas
1491 1866 1684 1907 pulmonum
1710 1867 1849 1899 maculas
1869 1889 1881 1905 ‚
1916 1867 2108 1909 productam

1100 1910 1261 1953 intelligis
1282 1933 1294 1949 ‚
1327 1914 1336 1948 (
1360 1919 1380 1940 n
1402 1913 1415 1948 )
1450 1912 1482 1941 δε
1506 1909 1680 1942 auriculam
1704 1921 1760 1951 per
1784 1909 1812 1943 se
1837 1910 1941 1943 laxam
1966 1935 1975 1948 ,
2008 1922 2109 1954 eoque

1100 1963 1247 1996 tempore
1269 1953 1314 1986 ob
1335 1951 1559 1985 infirmisfimis
1586 1952 1650 1986 suas
1682 1953 1767 1987 vires
1792 1954 1897 1988 minus
1919 1953 2110 1988 resistentem

1101 1997 1265 2034 dilatasse3
1289 1997 1448 2039 reliquum
1471 1995 1514 2029 est
1536 2007 1651 2039 nempe
1675 2020 1687 2037 ,
1725 2007 1761 2031 ut
1785 1998 1929 2032 internus
1953 1999 2008 2031 ille
2031 1997 2108 2031 tho-

1101 2043 1180 2075 racis
1204 2040 1298 2073 dolor
1323 2038 1407 2072 haud
1433 2039 1513 2072 alibi
1535 2039 1639 2073 sedem
1661 2052 1717 2083 per
1740 2041 1822 2084 duos
1846 2042 1967 2076 menses.
1988 2042 2111 2077 habue-

1099 2086 1170 2125 rit,
1191 2094 1289 2126 quam
1312 2083 1345 2115 i'n
1370 2083 1524 2125 pulmone
1547 2084 1746 2118 exulcerato.
1941 2106 1950 2110 -

1143 2131 1196 2169 65.
1223 2127 1322 2160 Nunc
1344 2128 1472 2169 quando
1495 2127 1573 2160 bene
1604 2128 1735 2171 longam
1758 2130 1868 2165 seriem
1906 2129 2002 2171 habes
2025 2133 2109 2167 Val-

1100 2171 1192 2204 salvae
1217 2170 1513 2210 Observationum
1534 2181 1630 2205 unam
1642 2174 1727 2206 enim
1751 2177 1930 2219 &triginta
1942 2176 2112 2210 antehanc‘

1101 2214 1252 2247 ultimam
1277 2213 1529 2257 proposuimus5
1553 2213 1575 2247 fi
1600 2214 1686 2250 forte
1708 2229 1851 2260 quaeres,
1875 2227 1948 2254 utra
1971 2219 2006 2254 fri
2030 2216 2111 2254 tho„

1102 2258 1182 2291 racis
1205 2268 1294 2299 parte
1329 2259 1442 2300 saepius
1464 2257 1565 2294 fuerit
1597 2259 1844 2302 inflammatio3
1879 2262 1975 2306 longe
2012 2261 2110 2299 aliter

1101 2300 1160 2343 ipsi
1185 2301 1329 2335 accidisse
1344 2325 1356 2342 ‚
1379 2302 1519 2353 invenies
1545 2315 1578 2337 ac
1603 2306 1805 2341 Dostiliimis
1817 2307 1884 2342 illis
1909 2309 2025 2350 Viris,
2048 2311 2106 2354 qui

1100 2344 1264 2394 dei-etram-
1280 2354 1316 2379 ut
1339 2345 1517 2388 plurimum
1553 2348 1592 2382 ab
1615 2360 1649 2382 ea
1672 2351 1757 2383 affici
1776 2374 1786 2389 ‚
1818 2351 1973 2387 sinistram
1999 2363 2104 2387 autem

1098 2399 1223 2438 rarius?
1247 2390 1459 2433 scripserunt.
1484 2392 1636 2435 Namque
1672 2394 1729 2428 ubi
1753 2395 1901 2429 cadavera
1935 2398 2106 2441 seposueris

1100 2443 1135 2464 in
1167 2431 1282 2474 quibus
1317 2432 1468 2467 Valsalva
1509 2444 1680 2479 utramque
1711 2449 1834 2480 partem
1868 2440 2105 2476 inflammatam

1101 2474 1335 2524 deprehendit3
1361 2475 1557 2518 reliquorum
1580 2478 1679 2512 ferme
1704 2482 1844 2516 totidem
1868 2486 2004 2527 reperies
2027 2497 2042 2518 a
2066 2486 2104 2520 si-

1101 2519 1232 2554 nistris‚
1263 2528 1345 2561 quot
1380 2530 1396 2551 a
1433 2519 1555 2555 dextris
1595 2523 1883 2560 inflammationem
1930 2528 2104 2564 habuiffiz:

1100 2561 1248 2611 idemque
1273 2563 1508 2612 propemodum
1533 2577 1572 2598 ex
1595 2567 1707 2601 nostris
1728 2581 1855 2614 quoque
1886 2571 2103 2617 duodevigin-

1099 2614 1127 2638 t1
1163 2628 1173 2643 2
1220 2615 1369 2655 protinus
1408 2609 1576 2643 mittendis
1600 2634 1612 2651 ,
1645 2611 1935 2650 Observationibus
1979 2630 2103 2659 cogno-

1099 2649 1161 2681 sces
1186 2672 1195 2679 .
1229 2650 1277 2682 At
1310 2660 1396 2683 enim
1429 2650 1510 2697 illud
1544 2676 1553 2691 2
1587 2655 1713 2697 inquies
1745 2681 1757 2697 ,
1797 2670 1861 2692 non
1896 2659 1934 2692 de
1975 2656 2102 2703 puimo-

1097 2704 1175 2740 num
1200 2690 1370 2742 dumtaxat
1394 2718 1407 2734 ,
1429 2694 1479 2728 sed
1502 2696 1540 2730 de
1565 2698 1757 2739 pulmonum
1784 2726 1793 2741 ‚
1818 2705 1850 2735 &
1884 2703 1999 2746 pleurae
2020 2717 2100 2738 con-

1096 2736 1207 2786 Junffita
1240 2737 1497 2772 inflammatione
1530 2739 1718 2782 scripserunt
1743 2768 1751 2776 .
1786 2745 1843 2778 Tu
1874 2758 1949 2780 vero
1992 2759 2029 2781 ne
2060 2749 2101 2782 fic

1097 2778 1227 2822 quidem
1252 2792 1324 2814 cum
1349 2782 1414 2814 illis
1437 2793 1614 2825 congruere
1635 2787 1774 2821 invenies
1798 2789 1956 2824 Valsalvae
1980 2791 2101 2825 Obser-

1098 2824 1262 2856 vationes.
1288 2825 1438 2871 Qiarum
1460 2838 1534 2859 cum
1559 2836 1721 2870 quatuor,
1744 2830 1832 2865 haud
1852 2834 1992 2876 amplius
2015 2859 2027 2876 ‚
2061 2848 2100 2870 u-

1097 2876 1239 2918 tranique
1263 2869 1468 2910 conjun&am
1493 2871 1784 2907 inflammationem
1809 2886 1992 2919 proponant
2015 2882 2102 2920 (o);

1096 2922 1138 2943 eae
1162 2910 1237 2953 ipsae
1260 2922 1369 2944 omnes
1380 2923 1563 2960 proponunt
1587 2926 1602 2946 a
1618 2914 1766 2952 sinistris.
1792 2919 1982 2956 Nostrarum
1995 2933 2103 2957 autem

1095 2953 1117 2987 fi
1142 2966 1211 2988 una*
1227 2957 1240 2993 (
1258 2964 1280 3004 J?
1304 2959 1313 2992 )
1338 2965 1512 3007 Cfmgffllti
1536 2958 1661 3001 altera(
1678 2961 1731 3003 q)
1756 2964 1906 2998 nonsatis
1927 2970 2099 3010 congruit.
2133 2978 2135 2980 ·

1097 2998 1209 3047 Multo
1232 3007 1333 3048 igitur
1356 3000 1389 3030 ὃς
1412 2998 1539 3041 plures,
1563 3004 1594 3035 δε
1621 3003 1790 3045 ampliores
1822 3007 1970 3043 videntur
1994 3013 2100 3053 requi-

1098 3052 1126 3074 ri
1152 3040 1425 3075 Observationum
1449 3041 1574 3085 series‘,
1607 3055 1644 3079 ut
1666 3046 1703 3080 de
1737 3061 1768 3082 re
1790 3049 1849 3085 hac
1886 3053 2010 3096 aliquid
2041 3066 2102 3097 pro

1094 3087 1188 3118 'certo
1211 3084 1365 3119 statuatur
1379 3108 1398 3134 ,-
1415 3084 1667 3134 suscipiaturque
1689 3102 1727 3124 ex
1753 3095 1912 3129 Auatome
1936 3097 2100 3138 explican-

1097 3128 1194 3165 dum,
1217 3140 1274 3174 cur
1298 3130 1445 3172 pleuritis
1470 3141 1497 3180 a,
1511 3131 1630 3168 dextris
1652 3132 1852 3178 frequentior
1875 3161 1887 3178 ,
1911 3139 1962 3172 sed
1985 3136 2108 3173 mitior

1095 3170 1153 3205 sit.
1179 3174 1282 3222 Cujus
1306 3172 1514 3215 problematis
1537 3177 1692 3211 enodatio
1713 3192 1809 3222 quam
1832 3182 2013 3216 Praestantes
2036 3185 2099 3217 Vi-

1097 3217 1125 3248 l'i
1148 3227 1211 3266 ΠΨ]
1236 3227 1342 3250 mmUS
1364 3216 1524 3258 m0deste³
1546 3223 1834 3265 quamingeniose‚
1859 3225 2029 3265 dederunt,
2059 3239 2097 3260 an

1097 3271 1201 3303 magis
1225 3270 1280 3302 per
1301 3261 1481 3293 Anatomen
1506 3262 1679 3306 illustrari,
1701 3269 1734 3299 δε
1759 3268 1868 3311 perfici
1891 3269 2003 3311 posiit,
2021 3282 2097 3304 cum

1097 3306 1203 3337 minus
1228 3314 1354 3346 praecox
1377 3303 1562 3353 videbitur,·
1584 3317 1660 3343 tunc
1685 3309 1750 3352 ipse
1771 3312 1983 3347 existimabis.
2011 3316 2101 3347 Inte-

1099 3358 1150 3381 rea
1173 3356 1278 3381 autem
1300 3347 1435 3380 valebis.

1625 3622 1694 3656 Cc

1741 3633 1758 3655 2

1968 3624 2062 3658 EPI-
2100 3632 2109 3663 3

56 3705 2103 3728 QA—QQQ

2 3733 154 3838 l}-

7 3842 123 3920 ὶ(

9 3922 12 3969 l

735 3786 750 3815 <
767 3786 781 3809 h
798 3784 806 3816 )
823 3786 879 3811 vid.
895 3788 947 3817 ejus
965 3790 1107 3814 Comment-
1124 3791 1180 3814 Ioco
1196 3790 1238 3815 cit.
1257 3791 1323 3819 supra
1336 3809 1343 3821 ,
1360 3790 1389 3815 ad
1407 3798 1429 3814 n.
1450 3798 1487 3819 57.

141 3781 178 3812 ἶ)
195 3783 248 3808 Vid.
265 3784 347 3813 supra,
364 3792 388 3808 n.
407 3792 443 3814 57.
506 3784 520 3813 (
534 3791 552 3815 g
568 3785 582 3814 )
597 3792 620 3809 n.
640 3792 674 3810 ιι.

143 3820 153 3834 1
171 3813 185 3841 )
252 3816 345 3839 Servor.
363 3815 406 3839 Dei
424 3814 532 3839 Beatific.
549 3815 564 3838 1.
582 3823 597 3843 4
622 3816 649 3838 P.
667 3823 689 3840 i.
707 3823 729 3841 e.
748 3818 782 3841 18.
846 3819 860 3847 (
876 3817 892 3841 k
908 3821 917 3849 )
934 3827 955 3843 n.
972 3823 1010 3843 6¹.

143 3851 154 3865 o
171 3850 180 3874 )
197 3852 221 3868 n.
242 3854 276 3875 5¹·
294 3853 327 3875 53·
347 3853 380 3875 55.
400 3849 434 3875 56,
496 3845 536 3877 (p
552 3846 566 3874 )
582 3845 656 3876 Epist.
673 3854 710 3872 ιι,
726 3855 749 3873 n.
765 3854 803 3876 33.
870 3849 884 3877 (
897 3850 940 3878 q)
958 3850 1018 3875 lbid.
1034 3858 1058 3874 n.

1072 3819 1176 3850 (l)n.
1196 3830 1233 3848 ιι.
1536 3824 1581 3852 (n
1597 3823 1606 3855 )
1624 3825 1677 3849 Vid.
1696 3825 1769 3855 Epist⁴
1787 3833 1828 3854 ²4-

1076 3858 1115 3880 34-

1295 3823 1472 3852 (m)n.61.
