2458 4058
321 111 433 150 xiv
827 90 891 141 ΓΡ
964 89 1158 152 RAE
1224 93 1269 142 F
1338 93 1390 141 A
1452 89 1506 141 T
1576 90 1600 140 Ι
1662 93 1728 146 0.

249 174 324 218 vel
366 175 507 218 multo
551 171 768 229 longioi‘es
806 188 940 229 quam
975 188 1082 227 ego,
1105 167 1327 228 ¹Epist'olas
1360 173 1539 218 edidere
1563 204 1577 226 ,
1614 174 1768 217 minus
1788 174 1842 230 in
1873 173 2310 229 piaesentia'miran-

250 231 473 283 dum'est,
510 245 611 272 cum
650 231 779 285 supra
815 233 826 281 (
851 246 889 271 m
914 232 926 280 )
956 228 1246 282 ostenderim,
1274 227 1392 271 unde
1426 229 1534 272 mihi
1560 231 1639 273 has
1669 229 1883 274 scribendi
1917 229 2083 272 occasio
2112 239 2213 274 orta
2236 231 2314 283 iit,

252 290 297 328 &
330 285 526 341 Epistoiae
556 286 654 340 ipsae
686 286 832 341 passim
866 298 1058 341 quocum
1088 297 1262 338 agerem
1284 311 1298 335 ,
1339 283 1465 340 plane
1508 286 1853 330 commonstrent
1879 316 1891 338 ,
1933 294 2174 342 opportune
2215 287 2314 342 qui-

249 342 380 390 dem,·
414 340 470 381 sic
512 343 627 382 enim
670 342 726 389 ad
755 341 964 383 Amicum
989 339 1208 389 juvenem
1249 340 1376 396 plura
1407 340 1532 383 simul
1562 341 1748 384 scribere
1782 340 1956 392 decuit,
1990 354 2065 397 per
2090 344 2315 396 quae'Au-

249 398 416 439 ditores
441 397 670 451 proficiant
696 396 802 440 mei.
836 397 891 437 Et
931 398 1133 453 quamvis
1168 394 1331 438 Plinius
1362 396 1507 438 minor
1537 399 1549 447 (
1579 412 1602 438 n
1634 401 1646 449 )
1681 397 1867 440 Litteras
1894 398 1949 440 ad
1976 395 2186 441 Tacitum
2216 397 2314 440 suas

253 453 321 495 1115
352 452 496 495 verbis
527 451 790 502 concludat,
820 449 930 493 aliud
959 451 1010 511 est
1042 454 1201 502 Amico,
1232 449 1342 494 aliud
1370 448 1540 504 Omnibus
1557 447 1734 513 stribere
1759 467 1771 501 ;
1813 464 1963 496 tamen
2008 467 2110 495 cum
2141 453 2312 495 caeteris

248 521 320 548 eas
338 508 444 562 ipsas
462 508 650 550 Litteras
676 507 946 562 publicavit,
979 521 1066 550 non
1092 508 1331 559 dubitans,
1361 506 1484 558 fore,
1513 516 1561 549 ut
1593 507 1768 551 easdem
1792 520 1900 551 'cum
1923 523 2075 551 omnes
2089 507 2313 561 legerent,

249 576 341 605 non
372 564 574 605 omnibus
605 575 751 605 tamen
781 563 958 619 scriptas
995 562 1146 616 fuisse,
1182 564 1452 616 cogitarent.
1624 562 1724 606 Nec
1754 565 1874 621 quod
1905 565 1980 606 has
2013 562 2223 622 Epistolas
2248 564 2314 604 vi-

247 618 350 661 deas
391 621 434 660 in
471 619 624 661 Libros
661 618 846 667 divisas,
878 618 1006 661 aliter
1047 633 1116 661 me
1151 618 1205 661 de
1241 619 1307 660 his
1344 618 1501 660 sentire
1527 647 1541 670 ,
1581 618 1731 662 credas
1760 625 1786 672 ,'
1816 633 1950 677 quam
1992 621 2046 662 de
2076 621 2183 666 meis
2230 616 2316 662 illis

250 675 529 717 Anatomicis
562 676 572 724 (
603 690 622 715 ο
654 676 690 725 ).
732 675 780 716 ln
814 675 968 717 eadem
1001 675 1211 716 sententia
1242 672 1407 730 persto,
1438 674 1568 731 idque
1599 687 1814 730 apparere
1839 675 1897 718 sic
1922 676 2048 729 satis,
2089 685 2223 731 puto,
2254 674 2311 725 ab

248 743 535 771 numerorum
566 729 724 786 quibus
761 729 938 783 singulae
973 729 1275 783 designantur,
1306 729 1412 772 serie
1446 744 1522 785 per
1557 730 1815 774 divisionem
1847 729 1969 773 illam
1994 746 2083 775 11011
2121 731 2312 773 interru-

248 796 347 839 pta:
381 786 424 826 id
458 785 577 843 quod
615 785 787 840 insuper
815 799 900 827 non
938 786 1074 828 modo
1104 786 1158 828 ad
1193 787 1360 828 Indices
1384 786 1704 838 conficiendos,
1735 787 1807 830 sed
1849 790 1890 829 &
1917 787 2064 843 passim
2092 786 2146 829 ad
2173 787 2315 839 hanc,

247 852 324 882 aut
361 840 512 892 illam,
547 850 598 882 ut
630 854 737 896 opus
776 851 897 892 erat,
929 840 1191 896 Epistola'm,
1225 842 1535 894 indicandam,
1566 852 1614 885 ut
1650 844 1787 897 magis
1813 843 2101 897 expeditum,
2132 841 2190 883 fic
2220 855 2314 884 ma-

247 898 311 947 gis
343 896 450 936 mihi
487 897 771 938 commodum
802 896 913 945 suit,
943 899 986 938 &
1023 896 1118 939 aliis
1145 897 1318 941 fortaffe
1355 899 1460 940 erit.
1497 898 1578 940 Ista
1603 909 1752 940 autem
1791 898 2029 941 Librorum
2064 897 2315 954 inscriptio,

249 951 415 1007 istaque
446 952 490 993 in
525 951 681 994 Libros
707 952 863 995 divisio
900 950 1029 1005 longe
1063 953 1158 995 aliis
1207 956 1261 996 de
1302 954 1440 996 causis
1488 954 1548 995 est
1586 955 1821 997 institutas.
1864 954 1913 996 ld
1949 955 2065 996 enim
2101 954 2316 1008 optabant

250 1006 532 1062 Bibliopolae:
565 1008 607 1049 id
639 1008 878 1063 postulabat
912 1009 1210 1063 Sepulchreti,
1238 1010 1293 1052 de
1329 1024 1417 1066 quo
1462 1010 1674 1063 agebatur
1694 1040 1706 1062 ,
1746 1011 1792 1050 111
1829 1007 1987 1052 Libros
2020 1009 2271 1052 distributio
2302 1025 2314 1053 z

248 1062 291 1104 id
331 1064 520 1120 denique
555 1072 874 1120 peropportune
912 1064 1199 1122 respondebat
1235 1066 1479 1121 justissimo,
1514 1067 1632 1123 quod
1667 1066 1810 1109 statim
1847 1079 2093 1122 exponam,
2126 1066 2316 1118 cogitato

253 1119 434 1161 cuidam
465 1133 588 1162 meo.

310 1189 367 1229 ις.
410 1174 583 1218 Scilicet
616 1176 691 1232 qui
731 1175 980 1231 adolescens
1017 1192 1102 1220 non
1138 1178 1369 1221 omislssern
1405 1190 1508 1229 erga
1551 1179 1741 1232 primam
1775 1191 1876 1235 quae
1923 1190 1995 1218 me
2036 1187 2272 1231 exceperat
2299 1207 2316 1231 ‚

250 1231 540 1272 Scientiarum
580 1231 870 1275 Academiam
895 1235 1007 1286 grati
1041 1234 1176 1276 animi
1202 1234 1321 1277 sensa
1353 1232 1529 1289 publica
1554 1233 1864 1286 significatione
1888 1233 2166 1289 patefacere,
2195 1247 2314 1276 eam-

248 1300 334 1342 que
372 1285 736 1340 significationem
775 1290 971 1331 vidissem
1007 1291 1161 1333 eadem
1193 1291 1363 1332 summa
1397 1288 1666 1342 benignitate
1702 1289 1758 1332 ab
1796 1289 1871 1332 illa
1914 1300 2141 1343 acceptam
2169 1317 2183 1339 ,
2225 1304 2316 1345 qua

247 1353 315 1385 tot
346 1352 480 1385 antea
509 1341 741 1394 benefaffta
784 1343 1064 1399 contulerat,
1097 1356 1202 1402 quot
1245 1346 1287 1387 in
1328 1345 1421 1400 ejus
1452 1345 1762 1398 elegantissima
1793 1344 1992 1390 Historia
2024 1346 2034 1393 (
2066 1357 2089 1398 p
2119 1347 2131 1395 )
2165 1346 2199 1387 is
2237 1346 2314 1402 qui

249 1397 353 1454 ipsi,
385 1400 426 1439 δε
466 1397 723 1441 Bononiensi
759 1401 1049 1444 Scientiarum
1091 1401 1288 1444 instituto
1312 1415 1338 1444 3
1368 1402 1541 1444 secretis
1569 1400 1658 1453 est,
1690 1401 1953 1444 memoravit
1985 1399 2314 1444 Celeberrimus

248 1454 333 1496 Vir
365 1454 615 1497 franciscus
653 1455 803 1498 Maria
840 1456 1077 1508 Zanottus;
1110 1472 1217 1500 num
1253 1459 1575 1499 committerem
1617 1456 1769 1509 seneX,
1809 1467 1858 1499 ut
1898 1455 2071 1512 prorsus
2115 1457 2312 1510 ingratus

247 1523 445 1553 morerer
477 1510 521 1551 in
554 1511 749 1567 quinque
787 1510 896 1556 alias
917 1511 1211 1556 'nobiliffimas
1248 1514 1462 1556 universae
1498 1512 1686 1567 Europa:
1711 1514 1996 1556 Scientiarum
2021 1514 2315 1566 Academias,

248 1579 347 1622 quae
379 1579 450 1608 me
483 1566 688 1621 deinceps
727 1568 990 1623 perbenigne
1014 1600 1027 1623 ‚
1059 1583 1220 1626 perque
1254 1569 1494 1611 honorifice
1532 1570 1645 1610 inter
1678 1568 1772 1612 suos
1810 1579 2069 1625 cooptarunt
2112 1569 2313 1612 sodales?

250 1623 389 1675 igitur
424 1635 527 1663 cum
563 1622 673 1663 mihi
709 1623 818 1665 nihil
854 1625 984 1677 ess'et,
1011 1634 1090 1668 aut
1118 1624 1213 1667 fore
1244 1626 1457 1682 sperarem
1483 1654 1495 1677 ,
1536 1638 1612 1681 per
1647 1625 1765 1680 quod
1804 1638 2044 1666 memorem
2074 1623 2316 1668 beneficio-

248 1691 351 1720 rum
385 1679 611 1730 animum,
642 1681 1038 1738 quomodocunque
1074 1681 1259 1736 poffem,
1288 1681 1589 1733 ostenderem,
1632 1680 1711 1723 nisi
1751 1681 1807 1723 ad
1850 1679 2054 1738 singulas·
2075 1679 2314 1735 allegarem

248 1734 324 1790 qui
364 1732 490 1775 fimul
533 1735 652 1775 hunc
687 1735 912 1787 animum,
942 1740 984 1780 &
1016 1737 1272 1794 obsequium
1314 1736 1579 1779 testarentur
1613 1749 1789 1789 meum,
1830 1734 1955 1778 simul
1979 1737 2111 1790 hujus
2147 1739 2309 1792 Operis

249 1789 473 1845 exemplar
497 1789 736 1844 offerrent,
769 1804 1087 1850 rogarentque,
1119 1803 1167 1835 ut
1202 1792 1513 1850 qualecunque
1545 1793 1676 1844 esset,
1709 1806 1788 1848 pro
1803 1791 1878 1833 sua
1908 1805 2092 1848 quaeque
2119 1792 2314 1851 spectata

250 1846 548 1888 l-luinanitate
587 1847 702 1903 aequi
741 1847 931 1905 bonique
971 1849 1236 1899 consuleret3
1271 1849 1384 1891 hanc
1421 1850 1531 1891 mihi
1557 1850 1798 1901 rationem,
1829 1847 2188 1903 occasionemque
2218 1851 2314 1891 exi-

249 1901 425 1943 stimavi
469 1914 554 1943 non
596 1904 913 1946 amittendam„
946 1906 1095 1962 Atque
1139 1915 1187 1947 ut
1228 1906 1322 1946 haec
1363 1906 1568 1947 omnibus
1605 1904 1741 1947 essent
1775 1913 1903 1955 nota,
1935 1905 2166 1946 commode
2198 1907 2314 1947 acci-

250 1959 339 2008 dit,
369 1969 419 1999 ut
460 1956 698 2000 Librorum
734 1973 941 2005 numerus
971 1962 1014 2002 in
1050 1975 1158 2019 quos
1196 1960 1391 2016 Epistolae
1426 1962 1493 2003 hae
1525 1974 1632 2004 meae
1656 1961 1791 2005 effent
1826 1959 1942 2017 quasi
1971 1958 2110 2015 perse
2136 1961 2314 2015 divisae,

250 2013 529 2068 responderet
572 2027 761 2057 numero
807 2016 1149 2059 Academiarum
1181 2018 1269 2068 ita,
1298 2023 1361 2059 uti
1397 2017 1539 2060 Libris
1576 2016 1799 2072 praefigere-
1834 2015 1994 2071 possem
2029 2014 2200 2068 singulis
2240 2016 2315 2060 eas

253 2070 363 2119 ipsas
404 2070 593 2112 Litteras
625 2084 723 2126 quae
756 2070 1032 2115 ostenderent
1061 2075 1167 2130 quid
1205 2072 1380 2115 illarum
1414 2072 1590 2127 singulis
1620 2080 1827 2127 cuperem
1863 2073 1970 2113 meis
1997 2073 2139 2115 verbis
2182 2073 2312 2127 signi-

250 2126 396 2168 ficari.
432 2125 603 2168 Praefixi
648 2136 798 2168 autem
834 2142 920 2169 11011
957 2126 1046 2170 3110
1081 2130 1254 2171 servato
1299 2129 1450 2171 ordine
1474 2158 1487 2181 ,
1527 2142 1660 2185 quam
1695 2126 1901 2183 temporis
1941 2140 2031 2184 quo
2066 2129 2110 2170 in
2143 2142 2297 2172 earum

252 2195 476 2237 quamque
516 2181 609 2223 sum
646 2192 901 2237 cooptatus:
933 2195 1066 2239 atque
1100 2196 1148 2227 ut
1185 2186 1320 2237 magis
1354 2198 1378 2226 a
1413 2184 1658 2240 quibusque
1700 2185 2061 2240 perlegerentur,
2101 2183 2214 2237 alia,
2246 2196 2320 2228 ait-⁴

252 2251 336 2294 que
369 2238 455 2278 alia
492 2239 601 2278 meis
642 2238 782 2289 grati,
814 2241 856 2279 δέ
897 2239 1172 2295 obsequentis
1214 2241 1348 2281 animi
1382 2240 1755 2282 testificationibus
1792 2239 1932 2291 adieci
1958 2270 1969 2291 ,
2013 2242 2056 2281 &
2094 2254 2151 2283 ex
2185 2243 2319 2298 quin-

253 2307 337 2348 que
382 2292 467 2334 illis
512 2290 712 2347 Epistolis
747 2293 927 2335 totidem
952 2295 1071 2349 quasi
1109 2294 1386 2338 Praefationes
1409 2296 1519 2349 feci,
1549 2296 1707 2352 quibus
1744 2295 2025 2338 diss'ecstorum
2068 2297 2158 2352 post
2201 2312 2316 2340 11101·-

254 2350 332 2392 bos
364 2348 634 2390 cadaverum
674 2360 771 2403 quae
806 2347 855 2389 sit
879 2349 1042 2394 utilitas
1067 2380 1080 2402 ,
1121 2351 1491 2393 demonstrarem.
1529 2354 1682 2407 ltaque
1714 2353 1760 2395 in
1800 2352 1941 2407 prima
1981 2351 2200 2395 nonnullis
2242 2367 2315 2395 oc-

253 2406 399 2456 curri,
430 2405 504 2459 qui
544 2415 642 2443 eam
687 2402 920 2445 utilitatem
950 2407 1041 2449 ausi
1073 2407 1170 2448 sunt
1210 2408 1253 2447 in
1281 2407 1467 2450 dubium
1493 2421 1681 2460 vocare,
1712 2411 1754 2450 δέ
1787 2407 2009 2462 quomodo
2038 2407 2118 2449 sint
2143 2409 2200 2451 ab
2228 2409 2317 2451 dis-

256 2460 529 2509 secantibus,
561 2458 808 2517 &sedeffla
838 2461 1099 2519 causamque
1131 2462 1271 2505 morbi
1313 2475 1369 2504 ex
1399 2463 1651 2506 diffeetione
1687 2463 1968 2517 arguentibus
2010 2463 2204 2519 alioquin
2247 2465 2316 2507 fa⁴

255 2516 386 2568 ciies,
416 2529 513 2571 quae
555 2513 851 2567 objiciuntur,
881 2517 1155 2573 deceptiones
1191 2518 1383 2560 vitandae
1407 2548 1420 2572 ,
1460 2517 1752 2575 cavendaeque
1780 2549 1793 2571 ,
1834 2519 2049 2561 indicavi.
2085 2523 2131 2562 in
2176 2520 2315 2569 altera

255 2573 438 2615 eandem
472 2570 707 2614 utilitatem
749 2573 1033 2626 comprobavi
1073 2588 1128 2616 ex
1170 2574 1340 2615 summa
1369 2575 1642 2618 consensione
1673 2576 1951 2624 Medicorum
1973 2573 2065 2616 fere
2091 2582 2316 2636 omnium,

255 2639 472 2685 quctquot
501 2627 620 2682 apud
659 2626 858 2668 excultas
893 2629 1085 2687 quasque
1120 2630 1329 2672 Nationes
1370 2644 1397 2672 3
1443 2630 1733 2674 vetuffiffimis
1771 2632 1904 2689 usque
1939 2636 2212 2688 temporibus
2271 2640 2314 2681 in

257 2685 409 2741 primis
446 2682 666 2734 floruere,
699 2681 964 2735 singularum
1002 2688 1046 2728 in
1090 2687 1203 2728 hanc
1239 2698 1331 2727 rem
1374 2689 1530 2729 merita
1554 2716 1566 2739 ,
1608 2689 1650 2729 δέ
1696 2687 2002 2744 plerorumque
2043 2694 2221 2735 nomina
2258 2708 2315 2737 ex

256 2740 410 2782 ordine
442 2751 711 2794 proponens,
742 2753 893 2781 eorum
935 2742 1173 2798 praesertim
1205 2742 1279 2797 qui
1310 2753 1410 2784 ante
1441 2743 1652 2785 Bonetum
1686 2758 1741 2786 ex
1773 2744 1991 2802 propriis,
2016 2757 2092 2787 aut
2124 2762 2180 2791 ex
2211 2750 2316 2793 alie-

257 2796 325 2837 nis
362 2796 498 2836 etiam
538 2794 930 2838 Observationibus
966 2799 1182 2840 conficere
1215 2797 1545 2851 sepulchretum
1594 2797 1855 2842 voluerunt.
1903 2801 2056 2844 Tertia
2095 2803 2145 2846 iis
2184 2806 2314 2861 potis-

259 2851 418 2893 simum
450 2850 702 2905 responsum
732 2850 817 2902 est,
847 2854 948 2906 qui,
978 2856 1184 2909 quoniam
1225 2854 1281 2895 ad
1318 2856 1477 2908 primas
1513 2853 1608 2897 illas
1645 2855 1949 2909 abditissimas,
1981 2861 2021 2898 &L
2052 2858 2239 2905 sensibus
2267 2877 2316 2905 0-

258 2907 411 2948 mnino
456 2905 688 2947 inacceffas
729 2906 984 2949 morborum
1026 2910 1174 2952 causas
1215 2909 1470 2962 retegendas
1512 2911 1687 2953 inutiles
1728 2912 1825 2955 sunt
1862 2911 2130 2958 disseffiones
2161 2947 2173 2968 ,
2216 2918 2315 2961 ideo

262 2962 421 3004 frustra
453 2961 644 3011 institui,
674 2972 827 3014 putant
846 2992 858 3014 ,
889 2963 1009 3019 quasi
1040 2965 1182 3008 nullas
1212 2969 1328 3007 intus
1365 2967 1587 3009 evidentes
1624 2968 1771 3011 causas
1795 2979 2040 3022 retegerent
2071 3002 2084 3024 ,
2128 2984 2204 3015 aut
2235 2975 2315 3016 ha—

260 3032 359 3058 rum
389 3017 561 3060 inutilis
605 3018 761 3060 notitia
799 3018 901 3060 esset
937 3032 1164 3077 propterea
1192 3022 1325 3077 quia,
1357 3021 1422 3063 1115
1467 3022 1562 3076 ipsis
1593 3025 1804 3076 cognitis,
1833 3024 1954 3066 haud
1985 3029 2113 3080 pauci
2154 3029 2314 3073 nihilo-

260 3075 405 3114 minus
449 3073 593 3116 morbi
635 3085 721 3113 non
762 3073 996 3117 sanantur.
1164 3077 1342 3131 Quarta
1373 3077 1668 3134 disquiritur,
1712 3080 1799 3136 post
1842 3081 2051 3124 rariorem
2085 3086 2230 3134 (nam
2273 3090 2316 3130 δέ

258 3129 417 3169 horum
449 3129 660 3183 quosdam
696 3128 914 3173 secuimus
941 3137 951 3183 )
978 3145 1033 3174 an
1068 3133 1160 3188 post
1191 3134 1327 3185 magis
1357 3146 1636 3176 communem
1675 3136 1879 3178 morbum
1914 3137 2091 3182 denatos
2132 3141 2317 3185 disseca-

259 3199 307 3225 re
338 3182 489 3225 utilius
529 3184 599 3226 sit.
780 3185 983 3241 (Qiincia
1004 3188 1193 3244 denique
1221 3188 1294 3230 etsi
1330 3198 1427 3230 tum
1451 3189 1676 3242 sanorum,
1708 3202 1802 3233 tum
1833 3194 1986 3234 morbo
2010 3195 2316 3244 confeeiorum

264 3240 485 3281 Anatome
524 3239 573 3280 sit
608 3241 869 3291 necessaria3
905 3244 1017 3285 lianc
1047 3256 1194 3286 tamen
1225 3243 1298 3285 illa
1326 3243 1466 3286 multo
1495 3246 1577 3286 efle
1603 3246 1855 3298 utiliorem,
1884 3247 2147 3293 ostenditur.

264 3293 383 3349 Quae
415 3295 564 3336 omnia
596 3308 641 3336 ut
676 3300 1075 3352 praetermittenda,
1103 3299 1186 3341 alia
1216 3298 1435 3342 ob‘aliam
1450 3300 1652 3354 causam,
1683 3317 1770 3345 non
1799 3314 1948 3356 erant,
1981 3307 2100 3348 itast
2132 3309 2175 3348 in
2200 3310 2319 3351 hanc

262 3363 399 3391 unam
429 3349 562 3412 essent
596 3351 906 3395 Praelationem
938 3356 1161 3409 majesta
1193 3370 1248 3398 ex
1278 3354 1434 3409 longa,
1465 3357 1641 3412 qualem
1682 3360 1857 3415 prorsus
1887 3369 2044 3411 caetera
2074 3363 2118 3405 in
2138 3364 2228 3407 1136
2254 3365 2327 3408 (11·-

258 3405 399 3447 cenda
428 3405 736 3460 requirebant,
766 3409 908 3453 multo
940 3410 1225 3465 longissimam
1255 3410 1476 3454 fecissent.

2075 3483 2136 3516 16.
2171 3476 2261 3519 Re—

338 3605 352 3641 (
374 3616 400 3633 m
427 3605 437 3641 )
460 3615 489 3634 11.
513 3615 541 3642 9.
624 3609 637 3644 (
659 3619 675 3637 η
698 3609 709 3644 )
731 3607 749 3638 l.
776 3614 802 3640 (a.
830 3610 919 3648 Epist.
952 3615 991 3642 15.
1075 3617 1087 3649 (
1111 3626 1123 3643 o
1147 3617 1158 3649 j)
1183 3615 1300 3647 prostat.
1327 3617 1448 3647 indicat.
1473 3629 1502 3647 n.
1530 3629 1556 3656 3.

339 3646 350 3681 (
370 3654 391 3683 p
416 3645 426 3681 )
450 3644 666 3677 commentar.
690 3651 725 3679 de
751 3648 869 3681 Botion.
893 3654 937 3682 Ec.
964 3652 1035 3683 inst.
1060 3654 1156 3685 Toni.
1186 3666 1208 3685 1.
1233 3656 1282 3686 ubi
1304 3656 1339 3688 de
1362 3657 1424 3695 ejus
1448 3659 1617 3690 Academia
1639 3671 1664 3692 c.
1692 3672 1716 3692 1.
1739 3660 1769 3692 ἂ
1793 3662 1873 3703 seqq.
