2498 4075
251 252 367 308 ET
434 250 825 311 RERUM
894 245 1707 304 NOTABILIUM.

37 326 171 372 Jejunio
203 330 340 364 extinffl
355 356 362 365 .
387 329 470 369 Qae
493 329 526 361 in
550 339 663 363 eorum
686 328 967 364 observationibus
983 329 1045 364 firtt

131 374 345 409 attendenda.
372 373 539 409 XXVIII.
561 385 595 414 4.

176 419 320 452 mulieris
363 417 405 451 sic
448 415 601 449 eminetae
647 416 869 459 symptomata
890 441 899 449 .
935 414 1048 450 XVII.

175 471 508 582 catgggxsilcuextinffi
532 501 750 545 symptomata
765 526 778 544 ‚
800 505 832 536 δε
866 501 1015 538 dissectio
1037 527 1046 536 .

376 572 383 578 .
410 559 437 584 ς.

50 591 110 626 Ilei
135 592 278 625 intestini
303 589 498 623 diverticula
521 588 585 623 alia
609 600 627 623 a
649 597 763 623 natura

136 638 199 670 bo.
223 633 377 668 XXXIV.
404 633 452 664 16.

263 688 319 710 cur
342 677 377 708 in
401 674 697 721 Ileopotissimum
719 674 787 709 haec
811 675 1048 717 fiane‚&pro-

306 720 376 762 pius
399 729 465 760 ejus
490 718 608 752 finem.
634 720 720 753 Ibid.
749 729 799 763 17.

177 760 371 796 Intestinum
395 761 458 795 hoc
483 773 498 794 a
521 762 648 796 duobus
671 762 779 805 globis
792 762 955 804 plumbeis
966 772 1049 803 quo-

218 806 317 882 mopso
350 804 455 838 tribus
489 805 526 837 in
560 806 640 839 locis
674 808 819 850 potuerit
853 805 1046 840 vulnerati.

220 851 265 883 LI
305 874 312 883 .
338 860 388 882 zi.
793 853 796 856 ’

49 893 149 928 Iliaca
172 902 250 926 vena
274 892 432 926 lateribus
457 892 542 924 inter
565 890 596 925 se
618 903 657 926 ex
681 902 770 935 parte
804 890 1054 927 coalescentibus

134 937 323 971 contradia.
348 935 443 970 LVI.
473 944 521 967 ιο.
552 945 599 967 11.
631 952 640 964 ⁴

180 977 266 1013 ostio
287 978 455 1056 perlgupd
477 979 513 1011 in
535 979 661 1014 Cavam
682 978 816 1021 influit,
838 988 922 1022 pene
944 977 1052 1012 obcae-

224 1031 318 1057 Cato-
385 1034 395 1055 ,l
423 1046 431 1053 -

48 1065 145 1100 Iliaca
170 1066 288 1109 paffio.
312 1066 394 1106 Vid.
419 1065 607 1100 Volvulus.

49 1110 149 1144 Ilium
172 1110 243 1187 eilffi?
267 1109 435 1186 mafigzrin
459 1107 639 1153 fragmenta
660 1108 823 1152 disruptus
848 1118 914 1143 non
927 1106 1050 1151 sempee

136 1154 179 1187 let
207 1154 284 1187 ais.
343 1154 357 1186 Ι
399 1179 406 1185 .
431 1162 459 1194 5.

182 1205 273 1230 certo
296 1197 371 1230 loco
395 1196 538 1231 tenuitas
560 1196 594 1229 in
620 1194 828 1234 absceffibus‚
853 1196 886 1229 &
909 1194 1054 1230 vulneri-

226 1240 284 1274 bus
308 1239 521 1274 attendenda.
547 1239 621 1272 LV.
647 1240 697 1272 18.

51 1281 275 1326 Imperforatae
301 1283 449 1316 mulieres
471 1295 567 1325 quae,
590 1284 623 1316 &
645 1282 776 1325 quando
799 1293 866 1317 non
901 1281 1051 1317 inciden-

139 1327 208 1361 dae.
231 1327 355 1360 XLVI.
382 1337 429 1359 22.
459 1336 507 1369 13.

182 1369 315 1413 quando
337 1371 496 1409 maxime,
521 1369 572 1403 vel
594 1369 700 1407 olim,
726 1368 835 1402 incisae
857 1393 866 1402 .
889 1366 980 1403 Ibid.,
1006 1376 1055 1401 η.

52 1412 177 1448 Indices
201 1413 362 1446 librorum
387 1414 533 1456 perpetui
556 1414 724 1456 quomodo
749 1410 898 1450 facilius,
923 1414 1053 1445 &com-

141 1456 269 1490 modius
293 1456 408 1497 poffint
431 1456 549 1489 confici
568 1480 576 1488 .
603 1455 729 1490 Praefat.
756 1467 786 1489 n.
814 1455 864 1487 18.

53 1499 234 1535 Infantium
260 1499 389 1534 morbi.
415 1499 547 1535 Quanta
570 1495 609 1531 sit
633 1510 746 1533 eorum
779 1497 1052 1536 observandorum

142 1542 321 1578 neceffitas.
346 1542 510 1577 XLVIlI.
537 1542 587 1583 58.

182 1586 331 1628 Qinam
351 1585 434 1624 sint,
456 1588 487 1618 δι
510 1596 568 1619 cur
591 1583 652 1619 si-nt
687 1596 798 1620 recens
827 1593 976 1619 natorum
1000 1597 1056 1628 pe-

227 1629 383 1662 culiares.
412 1628 501 1662 Ibid.
529 1639 580 1671 59.

182 1671 315 1705 Horu-m
338 1672 514 1714 exempla,
535 1672 630 1706 novis
652 1674 750 1706 etiam
762 1670 953 1715 quibusdam
976 1682 1056 1705 con-

230 1713 363 1792 }esturis
395 1726 435 1749 ex
478 1725 569 1759 parte
600 1716 757 1751 illustrata
782 1740 789 1749 .
825 1715 909 1749 Ibid.
937 1717 990 1751 60.
1024 1719 1055 1749 ὄε

241 1772 259 1792 ,ε
310 1782 318 1790 ,

182 1770 368 1846 rorlnqodo
387 1802 593 1837 instituendae
620 1829 630 1845 ,
663 1800 883 1847 perquirendae
912 1826 925 1843 ,
958 1805 989 1837 ἃ
1023 1803 1057 1836 in

227 1857 326 1880 unum
350 1857 466 1889 corpus
489 1847 737 1890 compingendae
759 1847 820 1880 sint
844 1857 957 1880 eorum
981 1846 1056 1884 Ob-

221 1889 437 1923 servationes.
462 1890 547 1924 Ibid.
573 1894 624 1934 64.
651 1894 704 1932 65.

50 1933 328 1968 Inflammationes
352 1933 534 1975 pulmonis,
561 1934 757 1977 &jecinoris
780 1932 875 1968 facile
890 1932 1054 1969 interdum

139 1978 233 2009 altera
258 1977 395 2010 alteram
420 1978 548 2011 mentiri
575 1978 705 2020 possunt
722 2003 729 2011 .
756 1980 824 2009 XX.
848 1987 904 2020 31.

51 2021 359 2056 Inflammationum
384 2030 533 2063 tempore
543 2021 708 2063 produetae
731 2020 879 2063 quaedam
903 2021 989 2064 quasi
1005 2031 1054 2059 te,-

136 2063 200 2100 lae,
226 2065 377 2098 Partibus
401 2064 599 2106 ineerjectae,
623 2066 755 2108 quando
777 2063 965 2108 sanguiferis
997 2076 1054 2099 v-a-

137 2107 233 2141 sculis
259 2108 401 2149 praeditae
426 2108 485 2142 esse
508 2118 648 2151 queant.
675 2109 792 2142 LXIX.
823 2119 871 2141 12.

48 2149 255 2186 Inseetorum
280 2150 420 2185 historiae
445 2151 586 2186 studium
613 2152 756 2185 Medicos
785 2153 884 2185 vari-is
908 2151 946 2185 in·
974 2150 1052 2186 cali-

137 2194 197 2227 bus
220 2194 361 2228 reddidit
385 2197 566 2228 cautiores.
592 2197 700 2228 XLII.
724 2197 756 2227 6.

51 2237 207 2273 Intestina
230 2249 301 2280 quae
314 2237 415 2272 causae
432 2260 440 2274 ‚
465 2238 642 2279 praesertim
658 2240 689 2270 in
705 2238 838 2276 Ascite,
861 2238 1056 2273 connestant

138 2283 225 2316 inter
250 2281 300 2317 se,
326 2291 380 2314 aut
404 2291 482 2313 curn-
503 2282 702 2322 peritonaeo.
728 2281 878 2314 XXXIX.
903 2292 955 2324 30.

184 2322 357 2357 eorundem
382 2334 435 2365 per
458 2323 571 2357 duram
596 2323 804 2357 substantiam
833 2334 1056 2359 connexorum

227 2368 372 2409 exempla
392 2391 399 2400 .
426 2366 510 2399 Ibid.
535 2370 567 2400 &
589 2378 640 2410 32.

182 2410 291 2485 είιάεὲῃ
302 2411 335 2442 in
349 2409 492 2453 quodam
503 2409 587 2443 foetu
600 2408 722 2444 sursum
735 2410 871 2444 retratfi‘m
884 2436 891 2443 .
907 2412 1054 2446 XXXIX,

233 2464 248 2485 2
277 2477 284 2484 .

184 2507 223 2532 ex
245 2495 360 2531 iisdem
385 2497 582 2530 coacervatis
607 2497 641 2530 in
666 2508 819 2539 magnum
841 2498 980 2540 globum
1005 2510 1055 2532 ra-

226 2541 254 2573 ri
278 2540 443 2581 cujusdam
469 2541 629 2574 Turnoris
651 2540 868 2576 Observatio.
894 2543 979 2576 Ibid.
1006 2553 1056 2576 21.

227 2584 259 2614 &
284 2587 334 2617 26.
358 2587 388 2617 δι
416 2596 466 2626 29.

183 2625 268 2659 unde
292 2629 324 2660 in
349 2626 512 2670 posterum
536 2626 684 2670 dignosci
708 2638 828 2671 queat,
849 2629 1058 2674 fignainqui-

228 2679 364 2704 runtur.
390 2671 477 2705 Ibid.
503 2671 555 2705 28.

186 2715 218 2746 δ’(
240 2714 361 2747 causae.
388 2715 472 2748 Ibi-d.
498 2723 550 2756 31.

53 2756 287 2791 Intestinorum
310 2766 446 2792 externae
481 2756 581 2791 faciei
612 2757 782 2802 quomodo
815 2758 977 2795 adhaerens
1008 2762 1057 2797 iac

143 2799 251 2834 videri
275 2804 441 2843 potuerit.
466 2802 505 2835 L.
529 2802 582 2844 38.

184 2844 278 2877 color
302 2842 354 2878 hic
377 2846 446 2879 illic
470 2855 508 2878 ex
531 2844 633 2879 rubro
656 2845 778 2881 lividus
799 2847 961 2883 interdum
983 2847 1055 2883 fieri

230 2887 332 2930 potest
355 2889 429 2930 post·
447 2897 588 2923 mortem
607 2911 616 2920 .
642 2890 729 2922 XIX.
758 2890 806 2923 18.

274 2931 383 2972 itaque
408 2931 602 2968 videndum,
625 2933 657 2965 ἃ
677 2933 848 2974 quomodo
867 2957 877 2973 ,
909 2946 947 2969 ne
969 2934 1057 2970 deci-

318 2977 394 3052 figanti
419 2975 521 3019 specie
555 2976 730 3020 praegressae
753 2976 1024 3014 inflammationis
1046 3004 1058 3013 ..

362 3028 371 3050 1
398 3043 405 3050 .

188 3059 408 3095 inflammatio
429 3073 486 3097 cur
510 3062 591 3105 saepe
615 3062 706 3097 usum
735 3074 926 3106 magnorum
962 3067 1056 3100 auxi-

227 3104 348 3137 liorum
372 3104 550 3147 suspectum
566 3105 663 3140 faciat
678 3132 685 3139 .
708 3107 847 3142 XXXV.
861 3120 891 3152 3.
915 3112 946 3143 δι
967 3110 1056 3153 seqq..

187 3156 229 3179 an
252 3145 312 3180 effe
336 3147 427 3189 possit
450 3148 514 3183 sine
541 3148 642 3188 febri,
668 3153 700 3183 δε
723 3151 837 3184 dolore
855 3174 864 3189 ‚
888 3155 918 3186 δι
943 3154 1057 3196 pleris-

235 3202 309 3240 que·
321 3191 391 3224 aliis
414 3195 610 3235 pervulgatis
621 3193 719 3236 signis
732 3218 740 3226 .
765 3195 850 3229 Ibid.
863 3206 917 3229 20.
929 3199 960 3229 ἃ
972 3196 1060 3240 seqq.

188 3232 372 3281 absentibus
403 3234 454 3269 his
487 3236 582 3278 signis
604 3261 616 3277 ‚
653 3238 772 3279 quibus
794 3250 833 3272 ex
867 3240 997 3274 indiciis
1020 3241 1060 3275 fia

230 3279 436 3321 conjicienda
452 3301 459 3310 .
485 3280 568 3313 Ibid.
595 3291 644 3314 τι.
670 3284 700 3314 &
724 3282 810 3325 seqq.

0 3329 1 3339 ³
55 3318 223 3354 Intestinis
246 3322 333 3355 nulla
361 3321 492 3355 fortasse
506 3324 577 3358 Pars
588 3324 735 3364 facilius,
762 3337 797 3358 ac
820 3326 920 3361 citius
931 3327 970 3361 fit
981 3338 1060 3370 gan·-

145 3364 288 3406 graenosa
304 3391 311 3398 .
336 3366 477 3399 XXXV.
504 3376 532 3406 ς.

188 3418 227 3442 an
253 3409 395 3443 accidere
427 3407 465 3442 id⁴
486 3409 578 3451 posiit
612 3410 698 3444 nulla
734 3413 851 3453 praevia
874 3413 1059 3449 inflamma-

230 3451 318 3486 tione
342 3476 351 3492 ,
384 3463 436 3486 aut
462 3450 556 3495 hujus
588 3453 697 3487 saltem
721 3456 894 3498 praecipuis
928 3457 1024 3500 signis
1047 3483 1059 3494 0

233 3494 321 3528 Ibid.
356 3506 401 3536 19.
428 3498 458 3528 δί
485 3496 571 3537 seqq.

184 3538 521 3615 quibu-§Sexsindiciis
544 3538 582 3572 s1t
604 3548 680 3574 tunc
703 3540 908 3584 conjicienda
930 3568 938 3576 .
972 3545 1060 3580 Ibid.

233 3590 282 3614 21.
379 3594 451 3624 eqq.

184 3625 288 3667 potest
316 3625 482 3668 sphacelus
503 3636 736 3669 nonnunquam
761 3628 840 3670 effe,
868 3642 927 3665 nec
949 3640 1058 3666 tamen

232 3664 327 3701 dolor
350 3669 486 3708 cessare,
511 3672 541 3702 &
564 3680 640 3702 cur.
665 3670 747 3703 Ibid.
775 3683 826 3711 23.

55 3708 287 3747 Intestinorum
311 3712 423 3746 dolore
448 3714 655 3749 remittente,
679 3725 733 3746 aut
759 3714 885 3749 absente
911 3740 919 3753 ‚
950 3730 1053 3760 quan.

143 3763 214 3828 tsum
239 3766 472 3831 ngcnnunquam
496 3756 630 3799 periculi
653 3755 770 3790 subsit.
796 3759 934 3795 XXXV.
951 3771 999 3804 13.
1021 3763 1053 3795 &

162 3808 234 3839 eqq.
316 3810 331 3830 2
358 3824 365 3832 .

138 3841 303 3883 Morgagni
315 3810 352 3876 dg
363 3844 429 3876 Sed.
446 3842 488 3876 ἴα*
498 3844 519 3874 C
521 3839 587 3883 aus.
600 3840 702 3877 Μαι-[1.
716 3846 816 3880 Tom.
830 3847 857 3879 I.

788 615 800 631 ,
834 590 897 624 alia
920 601 937 623 a
961 599 1045 623 mor-

1837 243 2021 300 lxxxix

1222 336 1297 362 cum
1319 325 1414 360 dolor
1436 324 1544 363 adest,
1567 326 1645 367 quid
1659 323 1909 368 inquirendum.
1936 324 2095 365 XXXIV&

1276 370 1325 401 16.

1230 414 1266 446 in
1288 412 1459 446 Tenuibus
1481 409 1640 444 intestinis
1671 410 1710 445 fit
1736 432 1745 447 ,
1779 421 1817 444 an
1841 412 1877 444 in
1899 410 2016 445 Craffis
2038 420 2097 446 cut

1273 453 1390 532 {IIII
1416 455 1565 497 dignosci
1609 463 1746 497 nequeat
1768 479 1776 487 .
1811 453 1896 487 Ibid.
1922 465 1951 488 2.
1974 458 2006 489 &
2030 454 2098 499 seq.

1395 520 1401 528 .
1426 508 1477 531 22.
1967 517 1971 519 -
2079 529 2081 532 ,

1232 540 1496 614 ἀοὶοτίὶὲῙθΙιυεε
1528 541 1630 576 causae
1656 542 1689 574 in
1723 538 1845 575 hernia·
1869 541 2068 576 incarcerata
2090 545 2103 576 ἰ

1227 625 1408 665 contorfi0‚
1433 595 1462 660 δῖ
1486 627 1728 671 intuffusceptio
1743 653 1750 659 .
1778 626 1859 661 Vid.
1884 627 2077 663 Volvulus.'

1097 672 1247 708 Intestini
1273 670 1388 705 fracidi
1413 674 1656 712 permotionem
1672 698 1680 711 ,
1705 674 1736 705 δι
1760 669 1899 713 putridae
1933 670 2100 713 proluviei

1185 718 1220 749 in
1242 715 1362 749 ventris
1385 724 1503 747 cavum
1528 713 1714 748 effusionem
1739 716 1902 757 repentina
1928 725 2015 750 mors
2039 714 2101 748 sta-

1186 763 1248 793 tim
1272 757 1512 799 consequitur3
1545 768 1609 791 non
1634 767 1743 792 tamen
1767 758 1888 802 semper
1912 780 1919 790 .
1960 757 2099 792 XXXV.

1194 814 1206 836 ι
1235 827 1242 834 .

1106 813 1337 882 Intestfnmum
1360 843 1525 887 polyposae
1550 846 1769 881 concretiones
1792 845 1987 880 observate.
2011 844 2104 882 XXI.

1193 900 1244 924 20.

1233 934 1331 968 etiam
1355 945 1372 967 a
1397 931 1595 965 Veteribus.
1619 932 1737 967 XXXI,
1768 934 1816 966 18.

1232 977 1336 1016 unde,
1362 979 1393 1010 &
1416 975 1585 1017 quomodo
1608 979 1804 1018 gignantur.
1831 976 1917 1010 Ibid.
1946 985 1995 1019 17.
2023 976 2073 1009 18.

1230 1022 1367 1064 quinam
1390 1019 1453 1053 hoc
1477 1019 1600 1061 pridem
1625 1020 1864 1053 indicaverint.
1892 1020 1978 1053 Ibid.
2010 1020 2060 1055 18.

1233 1061 1531 1100 membraniforrnes
1567 1058 1673 1095 tam⁰en
1706 1063 1834 1105 possunt
1869 1073 2000 1096 nonnun
2029 1073 2105 1096 uam

1276 1106 1334 1140 effe
1359 1117 1438 1140 verae
1461 1104 1653 1144 membranae
1675 1128 1688 1145 ‚
1720 1107 1750 1141 δε
1775 1107 1943 1148 quomodo
1968 1130 1975 1138 .
2036 1105 2103 1140 bid.

1279 1161 1331 1184 20.

1232 1195 1327 1230 unius
1339 1217 1349 1232 ‚
1374 1203 1446 1226 cum
1458 1191 1646 1235 gravissimis
1661 1192 1934 1235 symptomatibus
1946 1192 2105 1239 prodeun-

1213 1272 1215 1274 ,
1279 1239 1344 1277 tis,
1367 1235 1521 1271 historia.
1545 1236 1628 1270 Ibid.
1659 1247 1706 1277 19.
1731 1238 1836 1270 LXV.
1859 1240 1893 1272 6.

1234 1292 1361 1317 carnem
1386 1278 1557 1313 referentes
1582 1280 1710 1322 possunt
1734 1282 1902 1315 interdum
1928 1280 1987 1316 esse
2012 1290 2107 1320 verae,

1277 1335 1332 1359 aut
1355 1335 1394 1358 ex
1417 1323 1539 1365 polypo
1565 1348 1574 1364 ,
1606 1325 1637 1356 &
1674 1335 1767 1358 carne
1791 1324 1891 1360 rnistae
1926 1324 2109 1360 excrescen-

1280 1370 1356 1403 tiae.
1383 1368 1499 1412 XXXI.
1529 1377 1578 1399 21.

1237 1414 1330 1446 unius
1354 1410 1448 1445 facile
1470 1421 1508 1444 ex
1531 1409 1592 1444 hoc
1616 1422 1727 1453 genere
1749 1434 1758 1450 ,
1795 1424 1860 1446 non
1885 1412 1952 1446 fine
1983 1413 2109 1455 magnis

1275 1454 1496 1489 incommodis.
1515 1465 1664 1488 exeuntis
1680 1479 1688 1494 ,
1712 1454 1867 1489 historia.
1894 1455 1978 1489 Ibid.
2005 1466 2055 1488 22.

1105 1499 1337 1535 Intestinorum
1360 1498 1475 1532 calculi
1501 1509 1515 1530 a
1541 1509 1608 1538 quo
1636 1507 1800 1540 tempore,
1826 1502 1887 1532 &a
1911 1499 2110 1542 quibuscoe-

1193 1544 1243 1587 pti
1267 1542 1329 1576 lint
1353 1543 1519 1576 adnotari.
1545 1541 1721 1576 XXXVII.
1746 1554 1799 1585 4¹·
1859 1556 1865 1562 ·

1235 1596 1292 1620 cur
1315 1585 1445 1629 quidam
1470 1585 1666 1626 cysticorum
1691 1596 1750 1626 pro
1773 1585 2111 1621 intestinabilibu-sac-

1280 1630 1366 1671 cepti
1391 1629 1492 1663 videri
1517 1627 1653 1668 poffint.
1680 1629 1764 1662 Ibid.
1794 1641 1845 1673 24.

1238 1673 1319 1716 quid
1344 1682 1451 1707 tamen
1476 1681 1588 1704 contra
1613 1672 1676 1704 dici
1702 1682 1820 1714 queat.
1850 1672 1976 1708 Ibidem
1994 1698 2002 1706 .

1238 1728 1310 1761 quae
1335 1714 1547 1753 attendenda,
1571 1716 1674 1749 neille
1688 1727 1777 1751 error
1790 1717 2003 1753 admittatur.
2020 1718 2107 1753 Ibid.

1108 1770 1340 1840 Intestinorffiii
1360 1760 1680 1854 5215312'32012201.
1699 1803 1784 1853 yid.
1810 1805 1976 1840 va1vu12.

1239 1856 1346 1881 motus
1357 1846 1805 1892 peristalticusVetustiffimis
1818 1858 1931 1884 notus.
1958 1849 2109 1886 XXXIV.

1313 1902 1339 1927 1-

1229 1902 1337 1970 moins
1360 1935 1594 1979 peristalticus‚
1619 1936 1652 1968 &
1676 1936 1797 1972 alterne
1823 1937 2107 1980 an-tiperistalticus

1280 1981 1404 2056 i'nlqssm
1427 1978 1603 2056 {Legertim
1628 1980 1815 2015 animalium
1841 1992 1965 2024 genere
1984 1981 2015 2015 se
2048 1982 2108 2015 ob-

1278 2033 1314 2058 tu
1331 2035 1390 2057 erit
1404 2048 1411 2055 .
1478 2035 1487 2056 1
1509 2035 1561 2057 em
1576 2048 1584 2056 .

1107 2067 1341 2102 Intestinorum
1365 2068 1535 2101 Tenuium
1561 2066 1722 2101 Vulnera.
1748 2071 1799 2103 De
1825 2067 1948 2104 horum-
1968 2068 2107 2110 diagno-

1280 2111 1327 2151 si,
1350 2113 1380 2144 ὃ(
1404 2112 1576 2153 prognosi.
1603 2112 1694 2146 LlV.
1718 2122 1771 2155 32.

1106 2154 1336 2190 intestinorum
1360 2155 1584 2196 Appendicula
1608 2154 1847 2191 Vermiformia
1868 2154 2037 2199 quomodo
2061 2154 2113 2190 so-

1193 2199 1222 2232 la
1247 2197 1348 2232 facere
1373 2197 1465 2239 poffit
1488 2198 1729 2232 oscheocelem.
1759 2201 1885 2234 XLIII.
1910 2211 1941 2243 3.

1237 2241 1443 2284 Appendices
1466 2242 1563 2277 alias,
1591 2243 1641 2274 s=eu
1667 2244 1871 2276 Diverticula
1905 2243 1962 2286 qui
1997 2242 2111 2277 obser-

1283 2286 1451 2318 vaverim.
1478 2284 1634 2318 XXXIV.
1664 2289 1711 2317 16.
1737 2289 1768 2319 &
1792 2284 1855 2329 seq.

1233 2328 1310 2362 Alia
1331 2330 1415 2362 circa
1442 2329 1521 2370 ipsas
1545 2327 1732 2361 observata.
1757 2328 1842 2362 Ibid.
1866 2330 1898 2362 δε
1926 2329 1976 2364 18»

1332 2373 1432 2405 etiam
1456 2373 1493 2403 in
1516 2370 1697 2403 anseribus.
1723 2371 1807 2404 Ibid.
1837 2382 1888 2414 17.

1236 2415 1368 2456 Qubus
1391 2416 1424 2447 i‘n
1449 2414 1612 2447 intestinis
1636 2415 1763 2452 rarius,
1789 2424 1845 2449 aut
1869 2416 2078 2461 frequentius

1283 2460 1316 2490 &
1338 2470 1405 2502 quo
1429 2459 1506 2492 loco<
1525 2467 1716 2490 occurrant.
1743 2459 1829 2492 Ibid.

1243 2501 1343 2535 Unde
1368 2502 1530 2544 originem
1555 2500 1715 2534 habeant.
1743 2502 1828 2536 Ibid.
1858 2506 1907 2536 16.

1110 2546 1304 2581 Intestinum.
1323 2546 1430 2578 Colon
1455 2545 1517 2579 situ
1542 2545 1647 2579 minus
1669 2544 1853 2590 frequenti.
1882 2548 1961 2583 Vid.
1974 2548 2010 2583 in
2024 2550 2109 2584 Ten-

1196 2591 1246 2625 tio
1273 2589 1385 2623 Iudice
1410 2588 1522 2622 Colon
1538 2613 1545 2621 .

2102 2445 2114 2462 1>

1239 2633 1385 2668 Quinam
1409 2642 1498 2666 antea
1524 2632 1770 2668 adnotaverint.
1796 2634 1955 2668 xxxiv.
1983 2646 2012 2678 3.

1235 2674 1317 2717 Ejus
1342 2677 1387 2710 rei
1411 2676 1532 2710 causae.
1559 2676 1709 2710 Ibidem.

1237 2720 1315 2753 coli
1341 2732 1411 2762 pars
1434 2722 1518 2754 intra
1544 2719 1713 2766 thoracem
1738 2722 1891 2755 inventa.
1916 2721 2013 2757 LIV.
2041 2733 2091 2758 11.

1109 2763 1305 2799 Intestinum
1330 2764 1494 2797 Reecum.
1520 2764 1606 2807 Ejus.>
1627 2765 1791 2801 Prolansus
1814 2765 1902 2801 nulla
1926 2775 2015 2800 extat
2039 2778 2115 2801 ana²

1201 2809 1324 2841 tomica
1350 2807 1568 2841 Observatio.
1595 2809 1756 2841 XXXIII.
1784 2819 1811 2842 1.
1838 2819 1889 2852 15.
2050 2845 2057 2853 ,

1234 2852 1274 2885 In
1298 2851 1361 2884 illis
1385 2853 1441 2894 qui
1466 2851 1540 2885 huic
1566 2852 1683 2885 morbo
1703 2850 1834 2886 fuissent
1853 2852 2115 2896 obnoxii‚quae-

1284 2905 1359 2928 nam
1383 2894 1480 2929 effent
1505 2894 1545 2928 ab
1570 2896 1776 2929 Anatomicis
1798 2897 1990 2941 quaerenda.
2023 2898 2113 2934 Ibid.

1236 2938 1498 2980 Coniunfiarum
1523 2937 1589 2981 ejus
1611 2939 2114 2983 causaruminquisitio,&exa-

1286 2992 1381 3015 men.
1406 2981 1492 3015 Ibid.
1516 2992 1551 3024 3..
1572 2992 1603 3023 4.
1630 2982 1659 3015 8.
1688 2991 1735 3024 15.

1239 3026 1554 3063 instrumentorum,
1578 3028 1609 3058 &
1635 3027 1852 3062 remediorum
1876 3028 2013 3062 aliorum
2039 3039 2114 3063 exa=

1282 3080 1355 3102 men
1377 3069 1410 3102 in
1435 3070 1604 3104 curatione
1638 3070 1805 3113 palli‘ativa-
1826 3095 1835 3103 .
1872 3072 1961 3107 Ibid..
1994 3084 2023 3113 7.
2062 3083 2113 3114 13.

1283 3115 1332 3146 16.

1237 3158 1270 3190 &
1292 3166 1358 3190 non
1383 3158 1555 3199 pall'iativa
1572 3184 1579 3190 .
1605 3157 1691 3192 Ibid.
1721 3169 1768 3193 10.
1794 3161 1825 3193 &c
1848 3160 1935 3204 seqq.

1112 3199 1258 3234 Intestini
1281 3199 1421 3243 ejusdem
1444 3203 1562 3235 vitium
1588 3203 1809 3245 graviffimum
1825 3228 1834 3244 ,
1858 3206 1966 3237 minus
1981 3203 2014 3236 in
2039 3202 2112 3238 vul-

1196 3254 1254 3287 gus
1278 3253 1416 3278 notum.
1439 3246 1577 3280 XXXII.
1602 3248 1633 3278 6.
1660 3248 1690 3279 δε
1715 3247 1802 3289 seqq.

1240 3284 1320 3332 Eius
1344 3288 1419 3321 vitii
1452 3288 1646 3324 eradicativa
1681 3293 1812 3325 curatio
1840 3299 1897 3324 cur
1928 3300 1994 3325 non
2018 3289 2111 3334 poffi-z:

1284 3331 1427 3365 institui.
1454 3332 1541 3367 Ibid.
1556 3333 1587 3366 8.

1330 3374 1499 3417 palliativa
1529 3376 1698 3421 quomodo
1741 3375 1934 3412 instituenda
1965 3403 1974 3413 .
2021 3376 2110 3411 Ibid.

1240 3430 1404 3505 Ejusden91'
1415 3461 1559 3497 intestini
1582 3463 1689 3498 ulcera
1699 3445 1808 3507 qualia
1830 3465 1893 3499 fint
1909 3464 2110 3508 saepe.1bid.

1292 3513 1304 3537 1
1334 3529 1340 3535 .

1310 3515 1546 3626 3exgresceniia
1569 3549 1648 3584 dum
1669 3550 1893 3593 excideretur,
1915 3551 1997 3595 quid
2028 3553 2113 3587 acci-

1393 3602 1474 3626 erit.
1530 3617 1536 3624 .
1562 3605 1614 3636 50.

1105 3633 1333 3678 Joerdensius,
1356 3634 1438 3669 Chr.
1463 3636 1550 3669 Frid.
1574 3649 1613 3672 ex
1633 3638 1716 3673 Caes.
1741 3638 1788 3672 N.
1802 3639 1843 3671 C.
1857 3639 2015 3673 Academ.
2040 3639 2111 3675 lau*

1196 3679 1310 3712 datus.
1336 3679 1461 3712 XXIV.
1489 3679 1540 3712 28.

1106 3718 1266 3757 Ischiades
1289 3734 1362 3765 quae
1386 3723 1543 3768 persanari
1568 3734 1633 3757 non
1656 3724 1789 3765 posiint.
1822 3725 1938 3760 LVII.
1962 3737 1993 3769 5.
2016 3739 2050 3768 9.

1235 3767 1273 3799 In
1297 3765 1416 3808 quibus
1438 3776 1549 3808 Juvare
1571 3766 1690 3810 poffint,
1714 3770 1809 3803 mites
1832 3767 1990 3804 ustiones.
2017 3769 2105 3804 Ibid.

1276 3819 1305 3850 ’ς’
1668 3853 1691 3888 k
1973 3854 2064 3897 Qu
