2498 4075
334 216 415 250 alibi
437 220 452 256 <
474 216 494 249 d
513 220 528 256 ᾗ
550 215 689 249 indicavi
704 221 719 256 ,*
740 228 810 261 quae
833 216 1030 261 Occipitales
1060 225 1151 248 venas
1173 227 1246 250 cum
1271 217 1332 249 La-

332 260 486 295 teralibus
523 259 640 293 finibus
663 264 896 295 communicare
931 269 1019 293 antea
1041 257 1180 292 sinebant
1201 271 1213 298 ,ς
1258 258 1333 292 hinc

332 304 434 341 etiam
457 301 525 335 fieri
537 326 549 342 ‚
573 302 741 340 existimo,
764 316 800 338 ut
824 306 926 347 plures
949 309 1042 336 :etate
1063 300 1119 335 illa
1129 303 1249 336 cerebri
1271 301 1333 335 fint

331 346 455 379 morbis
487 345 652 380 obnoxii.
689 347 834 381 Venosos
857 357 961 382 autern
994 345 1097 379 alveos
1119 346 1236 378 afflare
1270 355 1335 378 non

330 390 426 423 unius
438 389 559 429 generis
582 388 682 423 causae
704 402 824 433 queunt
841 402 851 422 .·
874 392 907 423 in
932 391 983 422 his
997 412 1008 429 ,
1031 386 1252 422 siScheidium
1272 391 1336 428 (e)

328 431 498 472 auditum,
520 431 647 467 officula
671 434 703 465 in
729 434 818 468 Falce
843 432 1038 466 innascentia
1062 454 1075 472 ,
1097 432 1200 474 ipsam
1223 430 1336 464 videli-

327 484 380 511 cet
406 474 462 509 suo
482 476 615 516 pondere
638 476 834 518 aliquatenus
868 475 1006 517 deorsum
1030 475 1177 508 trahendo
1198 498 1211 515 ,
1243 482 1337 517 atque

330 517 476 555 tendendo
490 540 499 554 ‚
523 519 600 552 unde
615 519 702 561 sinus
724 519 961 561 longitudinalis
1043 515 1127 560 falci
1149 517 1333 554 continuus,

326 572 362 594 ea
384 561 542 603 imprimis
564 570 653 602 parte
675 562 827 605 angustior
851 563 1010 600 redditus,
1035 559 1336 606 regurgitantiqsan-

326 604 417 646 guini
438 615 496 637 non
513 603 718 647 sufficientem
741 604 905 646 transtrum
928 604 1097 637 concedat.
1122 601 1222 639 Quod
1234 603 1256 635 11
1268 610 1338 636 cte-

327 646 428 680 dibile
451 647 513 684 est,
538 644 578 679 ab
603 648 704 680 altero
727 647 867 680 Scheidii
893 647 1099 681 officulorum
1109 646 1241 688 pondere
1255 644 1337 688 suo,

327 690 403 726 licet
426 692 559 733 exiguo,
581 689 638 723 esse
662 690 837 732 praestitum
858 703 868 729 3
893 699 984 724 tanto
1007 688 1040 721 id
1062 688 1251 722 credibilius
1275 689 1336 721 erit

328 734 366 768 ab
389 734 518 810 nlpstm,
543 743 664 776 quanto
687 742 723 767 ut
749 734 966 776 magnitudine
981 758 989 773 ,
1011 732 1051 765 fic
1076 734 1109 766 ὃς
1133 731 1272 775 pondere
1285 731 1334 766 su-

326 787 399 817 pera
425 786 477 810 at.

323 864 412 895 intra
434 873 582 898 cranium
606 861 767 905 sanguinis
798 862 908 896 effusio
929 873 1025 906 quam
1050 861 1114 899 ipse
1147 862 1181 895 in
1205 864 1334 905 apople-

313 907 406 944 AEica
430 906 482 939 sna
506 905 653 946 invenit,
677 907 792 939 merito
815 906 917 940 censet
937 926 948 946 5
972 904 1119 949 necessum
1134 903 1230 951 fuiffi‘
1249 925 1260 942 ‚
1296 914 1334 939 ut

317 948 448 992 sanguis
471 959 548 987 tunc
574 949 678 992 aliqua
700 949 738 984 de
760 949 851 983 causa
875 949 1019 992 copiosior
1041 947 1218 991 influxerit,
1243 945 1333 982 Idem

323 1004 381 1026 nos
404 1004 531 1036 quoque
554 994 588 1025 in
613 993 815 1036 apoplec'tico
838 992 946 1026 nostro
968 992 1150 1032 censemus,
1172 1001 1272 1034 eoque
1286 991 1334 1025 fa-

322 1036 418 1069 cilius
440 1035 529 1079 quod
553 1034 668 1077 majori
692 1037 818 1079 impetu
841 1035 967 1078 sanguis
1002 1037 1035 1069 in
1058 1035 1175 1069 cerebri
1201 1036 1333 1069 arterias

324 1077 484 1113 ferebatur
505 1104 512 1112 .
546 1082 632 1113 Cum
654 1081 740 1113 enim
763 1079 801 1113 ad
824 1091 896 1114 eum
919 1081 1078 1122 impetum
1100 1078 1332 1113 moderandum

324 1125 357 1160 &
380 1122 495 1157 harum
519 1125 659 1164 timicae,
681 1132 718 1157 ut
742 1123 834 1166 supra
857 1124 958 1156 etiam
980 1121 1065 1166 (f)
1088 1121 1180 1162 dixi,
1204 1124 1332 1157 tenuio-

323 1176 370 1198 res
392 1165 455 1199 fint
476 1175 588 1200 creatae
602 1190 614 1206 ,
637 1178 736 1209 eoque
759 1168 866 1201 minus
882 1167 921 1200 ad
945 1166 1124 1209 urgendum
1147 1165 1331 1207 sanguinem

323 1217 427 1251 aptae,
451 1212 484 1243 δε
507 1209 713 1244 anastomoses
738 1210 775 1244 ad
800 1211 893 1245 illum
915 1212 1072 1253 impetum
1095 1208 1327 1244 retundendum

321 1253 407 1285 inter
428 1252 626 1294 Carotides‚
650 1265 683 1286 ac
707 1255 910 1288 Vertebrales
933 1252 1086 1288 institutae
1109 1276 1119 1292 ‚
1156 1253 1189 1285 δέ
1213 1251 1327 1288 harum

320 1305 462 1339 utraeque
486 1295 668 1340 priusquam
691 1296 731 1331 ad
753 1298 916 1332 cerebrum
938 1296 1088 1332 accedant
1110 1319 1123 1337 ,
1146 1307 1210 1330 non
1233 1297 1326 1332 semel

320 1339 445 1376 inflexae
460 1364 468 1380 ‚
490 1338 572 1373 illud
596 1339 723 1385 insuper
746 1342 834 1386 quod
856 1353 977 1375 mecum
1007 1342 1105 1374 velim
1127 1340 1328 1375 animadver-

320 1392 391 1422 tas,
415 1382 562 1417 additum
586 1384 628 1418 est
649 1409 661 1425 ,
694 1397 730 1419 ne
756 1396 868 1427 praeter
890 1385 1061 1419 Car-otides
1083 1411 1092 1425 ‚
1126 1385 1328 1419 Vertebrales

321 1438 451 1469 quoque
482 1429 606 1462 arteriae
631 1430 671 1463 ab
706 1429 776 1472 ipso
800 1430 913 1462 Aortae
950 1439 1022 1462 arcu
1055 1427 1220 1461 existerent
1244 1452 1257 1469 ‚
1289 1428 1327 1463 ad

312 1488 314 1490 -
347 1481 418 1511 uem
443 1469 594 1505 videlicet
618 1481 710 1506 tanto
740 1475 862 1514 impetu
885 1472 1010 1515 sanguis
1032 1483 1048 1505 a
1081 1473 1233 1514 proximo
1255 1483 1330 1505 cor-

321 1482 362 1548 de
386 1514 556 1555 alliditur,
579 1526 614 1551 ut
638 1518 665 1550 is
690 1516 954 1559 frequentifflmus
976 1514 1033 1549 effe
1056 1514 1154 1548 soleat
1179 1517 1329 1561 aneurys-

324 1567 451 1599 matum
474 1560 585 1600 locus,
610 1559 660 1593 sed
683 1571 721 1593 ex
745 1560 923 1593 Subclaviis
944 1558 1072 1593 demum
1096 1558 1329 1601 proficisceren-

322 1611 377 1640 tur
400 1627 407 1632 -
439 1604 545 1645 Atqui
569 1602 688 1637 sinistra
712 1603 909 1636 Vertebralis
928 1626 940 1643 ‚
974 1612 1038 1635 non
1071 1613 1109 1635 ex
1132 1602 1296 1636 Subclavia
1319 1629 1331 1645 ,

323 1646 376 1689 sed
399 1659 437 1681 ex
462 1647 532 1688 ipso
555 1648 684 1689 Magnae
709 1647 832 1680 arteriae
856 1658 931 1679 arcu
953 1647 986 1679 in
1002 1644 1110 1678 nostro
1132 1647 1332 1688 apoplec‘tico

325 1691 539 1731 nascebatur,
563 1692 596 1723 in
619 1701 689 1723 eam
712 1699 818 1724 autern
840 1701 913 1723 cum
937 1689 1021 1723 socia
1045 1688 1224 1722 confluebat
1246 1699 1329 1722 arte-

325 1737 432 1775 riam,
456 1745 524 1776 quae
545 1735 687 1776 amplam
711 1733 843 1774 quidem
866 1757 875 1772 ‚
896 1735 945 1767 uti
969 1732 1038 1766 dixi
1063 1758 1073 1772 ‚
1106 1743 1179 1766 cum
1201 1732 1330 1767 dextera

331 1777 508 1817 Carotide,
534 1779 654 1811 nullam
676 1788 750 1810 cum
774 1776 892 1809 sinistra
917 1776 1136 1810 anastomolim
1159 1775 1295 1809 habebat
1317 1801 1331 1818 ,

327 1833 366 1858 ‚nt
388 1824 550 1864 impetum
572 1820 733 1862 sanguinis
757 1830 879 1863 quanto
904 1822 1005 1862 magis
1025 1831 1077 1861 per
1100 1819 1214 1860 illam,
1240 1829 1332 1853 tanto

328 1878 384 1909 per
403 1865 488 1899 ⁴hanc
512 1866 617 1898 minus
646 1888 656 1904 ‚
688 1865 757 1896 imo
779 1864 870 1897 nullo
895 1863 994 1896 modo
1017 1862 1208 1906 infringeret
1228 1887 1234 1894 .
1261 1865 1332 1897 Ma-

323 1911 391 1956 jori
414 1911 518 1951 igitur
543 1909 665 1949 impetu
691 1919 746 1949 per
768 1907 920 1941 finisti-am
935 1916 1056 1949 partem
1078 1906 1194 1940 cerebri
1207 1905 1332 1949 sanguis

320 1954 532 1991 excurrebat3
557 1962 592 1985 ut
617 1953 749 1984 minime
772 1952 881 1984 mirari
906 1959 1075 1992 oporteat,
1097 1949 1118 1982 li
1140 1949 1333 1983 tenuiffimo-

322 2009 395 2032 rum
418 1995 566 2030 vasorum
589 1995 709 2030 tunicis
734 1994 772 2027 ab
794 2007 831 2027 eo
854 1994 951 2027 latere
974 1992 1084 2026 sensim
1107 1993 1207 2035 magis
1227 2017 1239 2033 ,
1263 2005 1332 2027 ma-

324 2040 437 2084 gisque
459 2038 631 2073 infirmatis
652 2061 665 2078 ,
697 2038 850 2081 auctaque
872 2049 945 2071 cum
978 2034 1041 2070 offe
1063 2036 1101 2070 de
1134 2048 1200 2079 quo
1223 2037 1331 2080 loqui-

327 2095 424 2124 mur,
447 2081 714 2127 Longitudinalis
736 2079 818 2114 finus
841 2081 1058 2114 coarctatione
1076 2104 1085 2117 ,
1108 2079 1231 2122 sanguis
1244 2081 1333 2114 deni-

322 2139 386 2170 que
411 2138 475 2160 non
499 2125 598 2162 modo
620 2137 634 2157 a
659 2123 789 2158 finistris
812 2147 820 2160 ‚
847 2123 897 2157 sed
920 2123 1019 2156 etiarn
1044 2123 1082 2156 ad
1106 2124 1265 2156 anteriora
1287 2123 1334 2156 ef-

324 2171 415 2207 fusus
438 2169 475 2203 fit
492 2194 501 2209 ,
526 2170 646 2212 quippe
670 2165 752 2200 uncle
785 2167 819 2200 in
841 2178 910 2200 eam
937 2167 1031 2200 Sinus
1055 2176 1179 2209 partem
1201 2165 1332 2200 debebat

328 2226 478 2258 pergere,
501 2214 553 2246 cui
578 2213 660 2255 parti
686 2209 954 2253 impedimentum
977 2209 1192 2252 objiciebatur
1218 2235 1225 2241 .
1251 2211 1333 2243 Nou

328 2253 399 2293 sum
422 2257 567 2296 nescius,
590 2256 629 2288 ab
652 2254 723 2288 aliis
745 2266 897 2296 quoque,
920 2255 1035 2287 imo&
1059 2265 1074 2286 a
1098 2265 1147 2287 me
1171 2254 1245 2286 alias
1268 2256 1334 2296 (g)

327 2301 457 2336 eandem
480 2298 701 2332 Vertebralem
725 2300 872 2331 arteriam
895 2308 933 2330 ex
957 2296 1083 2338 Magnae
1115 2308 1187 2330 arcu
1210 2306 1334 2329 enatam

328 2346 364 2379 in
389 2343 552 2379 nonnullis
574 2351 730 2383 repertam
755 2339 811 2373 effe
831 2363 842 2379 ,
866 2340 921 2382 qui
945 2338 1081 2372 obnoxii
1103 2340 1225 2372 morbis
1248 2341 1335 2381 capi-

329 2391 373 2423 tis
396 2386 511 2424 essent,
536 2398 574 2418 an
600 2396 685 2420 non,
709 2394 763 2415 nec
789 2382 865 2415 scire
890 2381 954 2423 ipse
979 2383 1072 2424 potui
1092 2406 1104 2422 ,
1128 2393 1183 2415 nec
1205 2383 1243 2415 ab
1268 2383 1335 2415 illis

332 2432 465 2467 memini
491 2428 699 2463 adnotatum.
725 2425 879 2469 Idemque
891 2426 928 2458 de
953 2426 1055 2466 ampla
1080 2424 1262 2458 anastomofi
1273 2426 1336 2459 132-

332 2477 432 2510 filaris
456 2474 580 2506 arteriae
603 2482 678 2508 curn
703 2470 855 2502 alterutra
878 2467 1058 2507 carmide,
1082 2469 1168 2501 nulla
1191 2480 1265 2502 curn
1289 2470 1332 2501 al.

332 2531 398 2554 tera
422 2518 548 2553 dictum
569 2524 665 2557 puta.
693 2512 871 2546 Officulum
896 2521 1002 2545 autem
1025 2512 1058 2544 in
1081 2512 1220 2554 quodam
1243 2514 1335 2553 viro,

332 2572 494 2606 nunquam
518 2568 683 2603 propterea
707 2556 745 2589 de
767 2557 883 2598 capitis
904 2555 1017 2588 dolore
1040 2554 1171 2597 questo,
1196 2555 1337 2598 superio-

334 2620 361 2641 ri
390 2601 653 2643 Lonaitudinalis
677 2598 759 2632 finus
782 2600 866 2641 parti
892 2599 1042 2632 innatum
1054 2597 1134 2638 effe,
1157 2598 1224 2632 scio
1247 2598 1339 2639 (h),

332 2662 427 2695 quem
451 2647 553 2681 {inum
576 2643 648 2677 inde
673 2643 796 2685 premi,
822 2643 998 2685 arctarique
1019 2639 1155 2684 debuisse
1175 2665 1186 2682 ‚
1217 2643 1339 2675 intelli-

334 2707 378 2731 20
398 2720 404 2726 .
431 2691 489 2726 Sed
514 2689 583 2723 hoec
606 2687 694 2720 {imni
708 2688 839 2725 omnia,
862 2696 897 2719 ut
921 2687 954 2718 in
971 2684 1076 2718 nostro
1093 2711 1100 2724 ,
1125 2695 1246 2727 reperta
1258 2685 1340 2720 fuis-

336 2735 387 2778 se,
411 2746 473 2771 non
496 2731 660 2768 recordor.
686 2731 731 2766 Et
754 2728 793 2764 de
817 2728 879 2763 hoc
903 2729 1035 2773 quidem
1049 2728 1262 2772 Apopleetico
1285 2730 1341 2763 ha-

336 2783 446 2815 &enus
460 2804 467 2810 .

381 2818 788 2866 24130NON1ENSIS
820 2828 895 2859 puer
915 2840 928 2857 ,
968 2815 1211 2861 quatuordecim
1244 2827 1342 2849 annos

339 2877 454 2906 natus,
476 2863 602 2906 capillis
626 2863 753 2903 nigris,
776 2872 790 2891 a
816 2860 979 2894 lumbricis
1004 2862 1109 2893 vexari
1134 2860 1247 2893 solitus
1266 2883 1276 2899 ,
1309 2862 1341 2892 &

337 2910 455 2948 facile,
480 2907 539 2940 five
562 2916 679 2948 corpus
702 2913 859 2937 exerceret
886 2928 898 2944 ,
931 2902 991 2936 live
1015 2904 1051 2937 ad
1074 2905 1181 2946 ignem
1203 2901 1343 2936 conside-

336 2964 407 2995 ret,
430 2949 606 2995 profusioni
631 2948 790 2989 sanguinis
813 2958 867 2990 per
889 2958 977 2980 nares
990 2948 1170 2984 obnoxius,
1195 2946 1342 2988 idemque

339 2999 489 3040 spiritum
513 2994 579 3025 vini
606 2991 705 3034 paul-o
728 2990 839 3032 saepius
864 2991 975 3024 bibens
995 3014 1006 3028 ,
1039 3002 1135 3033 quam
1158 2991 1341 3023 conveniret

339 3044 397 3077 jlla
422 3037 598 3082 praesertim
621 3044 714 3068 aetate
729 3057 737 3071 ‚
764 3043 889 3075 repente
912 3046 949 3066 ex
972 3034 1091 3074 alacri,
1116 3037 1147 3066 δε
1170 3033 1281 3066 vivido
1304 3031 1344 3064 fi-

338 3098 377 3120 ne
401 3085 485 3118 ulla,
509 3092 578 3122 quae
590 3078 721 3122 quidam
745 3086 928 3119 appareret,
951 3077 1039 3110 cansa
1053 3076 1283 3115 tardiusculus,
1306 3078 1339 3108 &

337 3127 482 3162 obtufior
507 3124 609 3157 faetus
626 3147 633 3159 ,
658 3132 765 3164 paneis
791 3120 860 3162 post
881 3120 1011 3157 diebus,
1037 3132 1110 3161 qum
1121 3132 1210 3153 mane
1233 3119 1337 3162 pristi-

338 3184 377 3206 na
402 3171 459 3203 illa
481 3167 633 3200 comitate
648 3188 656 3203 ‚
681 3167 713 3199 &
737 3164 900 3196 alacritate
922 3166 1003 3196 inter
1015 3164 1086 3198 suos
1110 3165 1269 3203 versatus,
1291 3173 1338 3195 et-

338 3219 404 3249 iarn
428 3216 461 3246 in
486 3209 620 3252 prandio
635 3233 646 3249 ,
673 3206 778 3241 fuisset
798 3229 811 3246 ‚
844 3209 987 3241 inventus
1009 3207 1050 3241 est
1073 3207 1177 3250 postea
1201 3209 1236 3241 in
1259 3208 1340 3239 lecto

342 3258 428 3293 fusus
443 3281 451 3294 ,
475 3264 568 3296 quem
590 3254 717 3285 vomitu
740 3250 980 3290 sordidaverat,
1003 3251 1255 3292 manibuscaput
1271 3273 1278 3286 ‚
1303 3259 1339 3282 nt

341 3304 361 3336 fi
387 3299 456 3343 ipso
481 3297 657 3334 laboraret,
680 3293 809 3328 subinde
832 3295 1043 3336 comprimens
1064 3319 1075 3334 ‚
1098 3294 1158 3328 sine
1183 3293 1306 3335 loquela
1331 3315 1339 3328 ,

344 3350 375 3379 δε
399 3342 494 3386 paulo
519 3339 588 3382 post
611 3336 672 3370 fine
695 3348 786 3372 mutu
809 3363 814 3368 .
850 3336 1027 3372 Accerfitus
1053 3337 1199 3372 Medicus
1230 3347 1341 3369 venam

346 3389 439 3422 secari
464 3384 573 3427 jubet,
596 3380 678 3415 unde
705 3381 889 3415 meliuscule
912 3380 1023 3413 habere
1048 3381 1132 3415 visus
1154 3381 1214 3414 est.
1241 3381 1341 3420 Spiri-

342 3442 393 3464 tus
417 3440 542 3472 quoque
567 3426 638 3459 salis
662 3426 847 3457 ammoniaci
875 3435 942 3457 turn
966 3424 1002 3457 ad
1016 3436 1101 3458 nares
1124 3424 1267 3457 admotus
1280 3422 1342 3459 est,

343 3484 418 3508 tune
444 3482 555 3514 paucas
579 3467 617 3502 ad
640 3477 749 3510 guttas
771 3465 955 3500 exhibitus.
981 3469 1063 3502 Mox
1087 3469 1119 3500 in
1144 3469 1286 3510 priorem
1298 3477 1344 3498 re-

345 3515 535 3552 solutionem
564 3521 791 3555 torporemque
816 3511 970 3544 relabitur
999 3511 1040 3546 iic
1064 3521 1170 3545 tamen
1202 3520 1238 3543 ut
1271 3521 1341 3553 quae

929 137 1087 194 Liber
1119 136 1159 191 1.
1192 137 1277 192 De
1311 138 1519 191 Morbis
1551 137 1759 203 Capitis

1384 214 1529 249 dicantur
1540 238 1552 256 ,
1575 215 1749 258 aliquando
1771 215 1950 259 intelligere
1969 214 2071 250 certis
2084 220 2123 251 εκ
2144 211 2277 254 flatibus
2290 215 2398 252 videa-

1382 266 1437 293 tur
1460 271 1468 291 :
1504 258 1609 302 pulsus
1632 257 1674 292 est
1696 258 1830 294 humilis
1856 282 1869 300 ,
1903 266 2000 302 atque
2021 245 2238 293 interfflittens
2258 282 2272 301 ,
2302 270 2398 302 prava

1385 301 1578 345 respiratio,
1600 300 1705 345 aliqua
1729 301 1768 336 ad
1789 313 1824 336 os
1850 302 1960 345 spuma
1979 326 1986 333 .
2022 301 2114 344 Qas
2138 301 2184 335 ob
2205 313 2252 336 res
2277 313 2395 339 cucur-

1384 345 1495 379 bitulae
1519 346 1738 387 imperantur:
1762 344 1820 379 has
1842 356 1916 380 cum
1940 345 1975 379 in
2000 343 2096 378 dorso
2109 341 2225 379 defixas
2250 357 2314 380 non
2329 345 2406 381 sena

1387 387 1488 426 sisset;
1513 387 1685 422 feminibus
1710 388 1872 423 adhibitas
1897 387 1980 433 adeo*
1997 387 2088 422 senfit
2112 410 2124 428 ‚
2155 396 2192 422 ut
2215 399 2278 423 non
2299 389 2401 425 modo

1386 431 1493 465 nescio
1503 430 1581 475 quid
1603 431 1790 466 inclamaret
1803 455 1812 473 ,
1834 431 1885 477 sed
1903 434 1941 474 ff&
1962 441 2055 466 manu
2080 431 2150 465 illas
2164 441 2315 466 amovere·
2329 441 2399 467 ten-

1388 484 1470 508 taret
1486 499 1493 507 .
1520 476 1643 508 Verum
1665 475 1706 508 iis
1730 487 1801 519 quae
1824 475 1985 509 novissime
2008 475 2095 509 dieta
2109 474 2180 509 sunt
2190 498 2203 515 ,
2226 475 2399 519 malisper-

1387 518 1561 555 stantibus,
1588 518 1750 560 prioribus
1772 519 1967 560 autemillis
1980 529 2057 552 mox
2066 517 2270 552 redeuntibus
2282 542 2294 559 ‚
2319 518 2399 553 hora

1391 561 1635 595 noffiscirciter
1656 572 1738 595 nona
1752 562 1854 595 vivere
1865 560 1987 595 ¹·clefiit.
2076 562 2311 597 CADAVER
2337 573 2399 604 po-

1388 604 1516 644 stridie,
1540 605 1597 648 qui
1622 604 1689 639 die-s
1712 604 1778 638 fuit
1801 606 1841 638 X.
1869 604 1944 638 Kal.
1963 606 2131 650 Januarias
2152 606 2194 638 A.
2223 615 2315 647 1703.
2345 606 2400 637 in-

1387 648 1577 691 spicientes,
1601 648 1708 690 suras,
1732 651 1766 681 &
1789 647 1963 691 posteriora
1988 646 2173 686 femorum,
2197 647 2340 691 aliasque
2363 649 2399 682 in

1386 702 1464 735 quas
1486 701 1645 733 jacuerat,
1669 700 1772 734 partes
1800 704 1816 724 a
1851 692 2000 733 sanguine
2023 693 2080 734 qui
2113 703 2151 725 eo
2172 689 2362 725 decubuerat
2385 714 2399 731 ‚

1387 735 1527 770 multum
1552 735 1647 768 livere
1672 734 1973 768 animadvertimus.
1998 736 2127 778 Capitis
2150 735 2253 769 etiam
2272 758 2285 775 ,
2307 734 2399 778 quod

1344 792 1346 794 ’
1386 789 1485 812 unum
1517 776 1646 812 diffecui
1665 801 1678 817 ‚
1712 789 1786 811 cum
1808 780 2026 820 integumenta
2061 776 2238 819 inciderem
2259 802 2271 818 ,
2303 786 2398 821 atque

368 830 419 862 23.
446 818 615 869 Ejusmodi
639 830 743 852 tamen
766 820 1020 853 coarc‘tationem
1042 828 1079 853 ut
1094 819 1255 861 exciperet
1277 819 1350 853 illa‘v
2375 822 2382 828 ”

1384 820 1566 855 diduceret-n
1581 845 1592 861 ‚
1616 822 1687 862 plus
1711 820 1895 864 sanguinis,
1917 831 2014 864 quarn
2037 820 2135 855 soleat
2158 843 2168 859 ,
2200 820 2327 865 ejusque
2349 832 2399 854 ni·-

1385 865 1528 907 griofis,
1554 869 1586 899 δι’
1610 863 1770 900 fluidioris
1795 888 1808 905 ‚
1838 863 1968 898 effluxit
1996 890 2003 898 .
2037 863 2208 908 Ejusmodi
2233 864 2398 906 sanguinis

1383 920 1545 952 perpaucae
1575 908 1745 942 dumtaxat
1777 909 1914 951 guttulae
1947 910 1980 941 in
2020 906 2089 941 finu
2123 907 2228 942 Falcis
2262 917 2398 950 repertae

1384 952 1456 986 sunt
1476 977 1485 992 ‚
1517 961 1629 985 caetera
1654 963 1755 985 vacuo
1777 976 1784 983 .
1820 953 1859 984 In
1885 951 2071 985 ventriculis
2096 951 2296 985 Lateralibus
2318 973 2331 991 ‚
2364 953 2399 986 δι’

1383 996 1484 1028 tertio
1507 995 1566 1028 seri
1589 996 1684 1037 copia
1707 995 1832 1037 aliqua.
1858 995 1903 1027 At
1927 994 2147 1029 subcerebello
2164 1018 2173 1032 ,
2195 993 2289 1037 cujus
2302 1005 2398 1037 aequo

1383 1039 1518 1072 mollior
1541 1037 1583 1071 est
1604 1038 1669 1071 visa
1693 1037 1861 1072 substantia
1886 1061 1894 1075 ‚
1926 1040 1961 1071 in
1985 1037 2094 1071 medio
2127 1036 2225 1071 ferme
2247 1061 2255 1074 ‚
2290 1046 2398 1071 atrum

1383 1092 1567 1115 concretum
1590 1081 1774 1125 sanguinem
1798 1082 1904 1115 inveni
1939 1080 1978 1115 acl
2000 1080 2064 1115 duo
2086 1081 2216 1115 circiter
2246 1080 2399 1114 cochlea-

1384 1137 1431 1159 ria
1446 1149 1453 1156 .

1423 1179 1473 1211 25.
1501 1169 1532 1202 Si
1558 1168 1627 1202 haec
1650 1168 1783 1202 historia
1807 1178 1843 1203 ut
1868 1180 1884 1201 a
1906 1178 1956 1200 me
1979 1168 2062 1201 olim
2085 1168 2171 1202 inter
2181 1168 2300 1211 primas
2325 1178 2397 1201 me-

1380 1213 1490 1245 moriae
1514 1212 1603 1245 causa
1628 1211 1746 1255 scripta
1769 1210 1831 1252 est,
1855 1213 1902 1244 ita
1925 1221 2007 1244 nunc
2031 1212 2094 1245 tibi
2119 1213 2228 1255 primo
2254 1214 2328 1246 loco
2341 1211 2399 1245 de-

1378 1256 1493 1297 scripta
1518 1254 1621 1294 esset5
1655 1258 1745 1298 plura
1771 1255 1809 1288 ad
1841 1254 1942 1296 ipsam
1967 1254 2096 1288 haberes
2134 1254 2286 1289 adnotata
2324 1263 2397 1289 tum

1400 1297 1464 1332 uod
1488 1297 1525 1332 ad
1548 1299 1698 1333 ultimam
1722 1299 1803 1331 hanc
1829 1297 2026 1331 alacritatem
2043 1321 2053 1336 ‚
2076 1300 2110 1331 &
2133 1296 2173 1331 ad
2189 1301 2398 1332 curationem

1393 1342 1499 1385 peceat
1525 1363 1534 1378 ‚
1568 1352 1638 1376 turn
1659 1341 1747 1387 quod
1778 1340 1817 1375 ad
1838 1340 2060 1374 disseftionem
2081 1366 2088 1372 .
2123 1341 2207 1382 Qae
2237 1342 2397 1385 quoniam

1380 1395 1468 1419 antea
1493 1387 1610 1426 partim
1633 1387 1666 1419 in
1689 1386 1749 1420 hac
1771 1384 1916 1427 Epistola
1939 1386 1953 1421 <
1975 1385 1988 1417 i
2011 1388 2025 1424 )
2049 1408 2062 1424 ,
2094 1386 2214 1427 partim
2237 1386 2272 1418 in
2306 1383 2399 1427 supe-

1381 1430 1466 1465 riore
1488 1431 1502 1468 (
1523 1429 1541 1469 l<
1563 1433 1577 1469 )
1599 1429 1699 1472 polita
1745 1428 1816 1475 sunt
1840 1452 1854 1468 ,
1889 1427 1973 1460 nihil
2009 1429 2125 1461 attinet
2159 1426 2214 1461 hic
2245 1429 2363 1463 iterare
2387 1452 2401 1459 -

1381 1473 1464 1505 Satis
1488 1472 1530 1506 est
1552 1472 1743 1513 admonere,
1766 1473 1788 1504 h
1811 1470 1892 1514 quid
1916 1470 2115 1505 discriminis
2138 1471 2224 1505 inter
2234 1470 2317 1506 hanc
2344 1470 2400 1505 hi-

1381 1516 1510 1549 storiam
1533 1540 1546 1557 ‚
1577 1516 1715 1559 aliasque
1738 1514 1864 1548 intersit
1889 1512 1983 1557 hujus
2006 1516 2127 1556 generis
2148 1515 2227 1548 alibi
2251 1513 2400 1559 proposi-

1380 1569 1450 1600 tas,
1472 1559 1561 1593 velut
1585 1571 1653 1593 eam
1675 1571 1747 1601 quae
1770 1558 1812 1592 est
1836 1559 1869 1591 in
1893 1558 2048 1600 Epistolis
2058 1559 2266 1592 Anatomicis
2287 1562 2301 1598 (
2324 1558 2337 1592 l
2357 1562 2397 1599 >3

1382 1604 1539 1636 rationem
1562 1603 1759 1644 quaerendam
1782 1599 1840 1635 esse
1863 1601 1981 1633 inloco
1992 1624 2004 1641 ,
2028 1612 2196 1644 ternpore,
2219 1602 2339 1643 modo,
2363 1613 2401 1637 ac

1381 1647 1477 1689 copia
1500 1646 1661 1687 sanguinis
1685 1648 1768 1679 circa
1792 1644 1980 1678 cerebellum
2003 1643 2091 1678 effusi
2106 1669 2115 1684 ,
2138 1649 2167 1679 &
2185 1645 2244 1679 hac
2266 1644 2400 1688 quidem

1381 1700 1456 1723 curn
1478 1689 1578 1722 cranii
1601 1713 1609 1727 ,
1648 1692 1679 1722 ἅ
1704 1688 1846 1722 cerebelli
1882 1687 2106 1729 magnitudine
2128 1700 2197 1731 quae
2229 1699 2288 1731 pro
2309 1690 2398 1722 varia

1380 1741 1471 1766 aetate
1494 1734 1581 1766 varia
1604 1732 1646 1766 est
1665 1756 1677 1772 ,
1709 1739 1892 1773 comparata
1918 1754 1924 1761 .
2014 1732 2097 1764 Haec
2120 1741 2225 1765 autem
2264 1730 2398 1766 historia

1385 1786 1528 1809 extremo
1552 1775 1614 1809 hoc
1638 1776 1711 1809 loco
1734 1775 1833 1818 polita
1858 1773 1901 1807 est
1917 1799 1925 1810 .
1948 1782 1985 1807 ut
2008 1774 2280 1817 quemadmodum
2302 1785 2399 1809 caete-

1386 1831 1426 1853 rae
1444 1843 1457 1860 ,
1489 1818 1531 1853 fic
1554 1819 1620 1861 ipsa
1643 1829 1770 1861 quoque
1797 1816 1994 1860 responderet
2028 1817 2140 1851 ordine
2164 1830 2230 1863 quo
2267 1818 2306 1852 ad
2331 1818 2398 1861 ejus

1385 1862 1453 1896 fieri
1480 1861 1599 1905 posset,
1624 1862 1766 1896 historiis
1789 1861 1968 1904 apoplexiae
1992 1859 2170 1904 sanguineae
2192 1874 2230 1896 ex
2250 1861 2399 1896 Valsalva

1383 1907 1577 1948 desumptis.
1668 1906 1793 1939 Verum
1814 1907 1890 1946 quia
1914 1915 1977 1936 non
2002 1915 2128 1939 tantum
2153 1906 2191 1938 ab
2204 1904 2304 1939 effuso
2330 1905 2399 1938 san-

1383 1952 1502 1992 guine,
1525 1949 1575 1983 sed
1599 1950 1695 1982 etiam
1721 1961 1735 1980 a
1761 1957 1940 1988 remorato,
1965 1950 2196 1982 &coacervato
2217 1952 2251 1983 in
2274 1948 2398 1982 cerebri

1383 1992 1462 2026 vasis
1484 2005 1517 2025 ea
1541 1991 1597 2026 effe
1621 1991 1723 2034 pot*.st
1746 1992 1914 2034 apoplexia
1936 2001 1945 2027 3
1981 1990 2106 2025 idcirco
2129 1993 2217 2035 prius
2239 2003 2336 2034 quam
2359 1990 2399 2025 fi.

1384 2047 1457 2069 nem
1480 2035 1655 2073 faciamus,
1680 2034 1774 2077 hujus
1796 2045 1924 2078 quoque
1945 2037 2069 2076 generis
2102 2036 2285 2079 exemplum
2310 2036 2401 2069 acci·

1411 2089 1481 2112 ito.

1388 2091 1408 2122 p
1433 2126 1484 2154 26.
1511 2123 1695 2156 PETRUS
1719 2119 1999 2154 FASOLATUS
2024 2122 2176 2165 Sculptor
2203 2124 2401 2164 Patavinus‚

1388 2176 1470 2199 anno
1491 2166 1604 2199 exasto
1629 2163 1817 2208 sexagesimo
1841 2164 1970 2206 primo,
1993 2163 2137 2198 habitior
2160 2164 2262 2200 adhuc
2282 2190 2294 2207 ,
2326 2166 2398 2200 nul-

1385 2209 1471 2252 lique
1484 2208 1695 2242 incommodo
1706 2206 1898 2241 valetudinis
1911 2208 2072 2241 obnoxius
2084 2231 2096 2249 ,
2121 2209 2177 2242 ilia
2199 2209 2306 2243 eadem
2322 2218 2404 2243 tem=

1376 2251 1522 2294 pestate,
1549 2261 1644 2294 atque
1667 2251 1743 2284 adeo
1767 2249 1919 2292 postridie
1941 2262 2036 2291 quam
2060 2253 2142 2285 Tita
2165 2255 2179 2292 ζ
2201 2264 2231 2286 m
2253 2258 2292 2294 ),
2315 2264 2402 2287 mor-

1387 2305 1461 2328 tuus
1487 2294 1528 2329 est
1549 2294 1589 2328 ad
1614 2293 1700 2327 hunc
1723 2294 1855 2326 modum
1876 2318 1884 2324 .
1920 2294 2061 2327 Nullum
2086 2297 2199 2330 tulerat
2224 2297 2366 2332 laborem
2390 2321 2401 2337 ,

1387 2339 1507 2378 nullis,
1531 2337 1645 2381 quibus
1669 2339 1745 2370 alias
1769 2337 1963 2377 ceteroquin
1989 2338 2106 2379 pluries
2128 2361 2140 2377 ‚
2164 2341 2302 2381 agitatus
2331 2340 2402 2375 fue-

1388 2391 1437 2414 rat
1459 2383 1543 2415 curis
1564 2406 1576 2422 ,
1612 2381 1697 2414 nulla
1720 2379 1758 2414 de
1782 2390 1812 2411 re
1835 2377 1958 2425 questus
1981 2389 2047 2412 erat
2068 2406 2076 2412 .
2112 2384 2185 2414 Imo
2207 2395 2283 2417 curn
2308 2385 2402 2424 plene

1386 2422 1560 2463 coenasset;
1582 2424 1743 2457 abundare
1754 2424 1840 2456 enirn
1863 2420 1983 2455 solebat
2006 2425 2039 2455 in
2063 2423 2250 2466 alimentis,·
2273 2429 2305 2459 &
2331 2438 2400 2459 mav-

1387 2469 1491 2501 turius
1514 2467 1611 2501 solito
1634 2467 1754 2501 lecium
1777 2465 1806 2498 se
1829 2474 1932 2508 petere
1958 2467 2065 2506 velle,
2089 2466 2216 2501 dixisset
2239 2492 2251 2508 ‚
2275 2480 2314 2502 ac
2347 2481 2402 2512 pe-

1386 2509 1486 2544 tiiffet
1507 2523 1518 2549 3
1542 2510 1662 2544 duabus
1686 2510 1853 2552 postquam
1876 2509 2010 2551 petierat
2031 2533 2044 2550 ,
2078 2509 2168 2544 horis
2192 2512 2232 2545 ab
2263 2524 2364 2547 uxore
2389 2536 2399 2551 ‚

1386 2566 1456 2597 quae
1478 2564 1539 2587 una
1561 2554 1743 2588 dormiebat
1766 2575 1776 2590 ‚
1808 2551 1895 2585 forte
1926 2551 2142 2596 expergefacta
2165 2578 2179 2595 ‚
2211 2567 2273 2589 non
2298 2557 2401 2590 solum

1390 2597 1454 2642 jam
1479 2606 1645 2637 mortuus,
1668 2597 1719 2631 sed
1742 2595 1901 2638 frigidus,
1924 2596 2070 2630 inventus
2082 2595 2123 2630 est
2144 2599 2188 2630 ita
2200 2600 2250 2633 uti
2275 2599 2304 2633 se
2328 2601 2401 2643 pri-

1391 2652 1480 2674 mum
1490 2643 1522 2673 in
1538 2641 1621 2675 leero
1632 2639 1851 2683 composuerat
1865 2663 1873 2670 .
1964 2641 2230 2681 POSTRIDIE,
2242 2641 2320 2677 dum
2332 2644 2401 2677 Ca-

1391 2686 1470 2727 pitis
1493 2686 1710 2727 integumenta
1733 2681 1943 2722 inciduntur,
1965 2682 2044 2716 dum
2063 2686 2207 2718 cranium
2231 2685 2401 2721 circumse-

1393 2728 1481 2761 &um
1505 2728 1693 2768 attollitur,
1716 2726 1856 2760 multum
1879 2725 1987 2759 effluit
2011 2726 2189 2768 sanguinis.
2214 2729 2326 2771 Hujus
2350 2740 2402 2762 ta-

1393 2783 1464 2804 men
1490 2771 1572 2804 nihil
1597 2770 1701 2804 fuerat
1735 2769 1818 2804 int'ra
1842 2768 2010 2802 calvariam
2042 2768 2174 2804 effusum
2199 2784 2207 2805 ε
2244 2772 2327 2806 nihil
2352 2773 2402 2807 us-

1392 2826 1488 2856 quam
1511 2816 1544 2847 in
1569 2815 1713 2855 cerebri,
1737 2822 1789 2848 aut
1812 2811 1956 2845 cerebelli
1978 2812 2170 2854 substantia,
2194 2827 2264 2858 quae
2290 2817 2328 2850 ad
2352 2826 2402 2849 ta-

1392 2859 1483 2892 etum
1506 2870 1634 2901 quoque
1665 2859 1710 2890 ita
1737 2858 1764 2890 se
1794 2855 1927 2889 habebat
1946 2878 1958 2895 ,
1989 2866 2025 2889 ut
2050 2856 2220 2892 secundum
2254 2869 2402 2894 naturam

1394 2900 1473 2935 solet
1488 2925 1501 2942 ,
1524 2900 1630 2940 nihil,
1653 2902 1784 2944 inquam
1799 2923 1809 2939 ,
1835 2908 1984 2941 ruptum,
2009 2899 2279 2937 nihilvitiatum.
2303 2905 2400 2947 Aqua

1393 2946 1428 2977 in
1452 2945 1651 2978 Lateralibus
1676 2942 1859 2977 ventriculis
1884 2941 1980 2975 ferme
2004 2943 2163 2986 limpida,
2186 2957 2241 2979 nec
2259 2958 2292 2979 ea
2315 2948 2401 2980 mul-

1394 2997 1450 3021 ta:
1475 2987 1564 3030 cujus
1589 2999 1658 3030 pars
1682 2988 1787 3030 aliqua
1809 2987 1909 3018 etiam
1932 2997 1947 3017 a
1972 2985 2122 3022 lateribus
2145 2986 2290 3022 cerebelli
2316 2991 2401 3023 inte-

1393 3033 1472 3074 gri,
1497 3041 1532 3065 ut
1557 3031 1648 3067 dixi,
1674 3043 1711 3063 an
1734 3042 1771 3063 ex
1794 3029 2008 3062 vertebrarum
2030 3030 2109 3064 tubo
2134 3030 2147 3065 ?
2181 3031 2309 3066 effluere
2333 3033 2399 3066 visa

1393 3075 1465 3109 est.
1504 3076 1629 3109 Verum
1653 3072 1746 3108 fluidi
1770 3072 1931 3115 sanguinis
1965 3083 2052 3106 tanta
2084 3077 2178 3117 copia
2206 3099 2215 3112 ‚
2247 3086 2400 3119 quantam

1394 3130 1555 3161 nunquam
1578 3128 1665 3151 antea
1690 3119 1773 3150 intra
1796 3117 1938 3148 cranium
1961 3116 2070 3151 vidisse
2094 3120 2319 3158 memmei-ann
2345 3131 2402 3153 va-

1394 3162 1422 3195 sa
1446 3163 1556 3194 omnia
1579 3171 1650 3195 tum
1672 3162 1793 3194 circum
1815 3158 1974 3192 cerebrum
1992 3184 2004 3199 ,
2036 3170 2107 3195 turn
2129 3164 2213 3195 intra
2236 3163 2399 3197 cerebrum

1390 3205 1587 3238 distendebat
1603 3228 1616 3244 ‚
1639 3214 1675 3238 ut
1698 3204 1746 3237 vel
1769 3202 1913 3246 quaedam
1937 3204 2060 3239 vascula
2079 3228 2091 3245 ,
2124 3217 2194 3247 quae
2218 3207 2400 3241 termiffima

1390 3246 1447 3281 else
1470 3248 1721 3288 consueverunt,
1744 3257 1931 3289 magnopere
1942 3246 2068 3290 turgida
2091 3251 2106 3287 ζ
2127 3251 2143 3268 '‘
2164 3253 2178 3289 >
2203 3249 2400 3284 animadver-

1391 3293 1505 3325 terim.
1591 3291 1670 3337 Juffi
1694 3290 1905 3324 nihilominus
1931 3290 2113 3324 Thoracem
2144 3304 2271 3335 quoque
2295 3294 2398 3336 aperi-

1393 3337 1440 3367 ri.
1469 3336 1660 3371 Pulmones,⁴
1685 3333 1740 3366 etfi
1764 3333 1801 3366 acl
1825 3333 1921 3366 costas
1945 3333 2048 3367 valide
2072 3345 2209 3369 annexus
2232 3345 2298 3369 erat
2322 3336 2400 3369 fini-

1393 3378 1472 3413 ster3
1498 3378 1560 3411 sani
1586 3387 1671 3410 erant
1697 3388 1799 3410 tamen
1823 3402 1830 3410 .
1869 3378 2071 3419 Pinguedinis
2102 3379 2192 3411 color
2226 3382 2258 3412 in
2283 3379 2401 3413 media-

1394 3421 1479 3455 stino
1504 3421 1609 3455 fuscus
1632 3434 1642 3459 ς
1674 3421 1796 3454 credidi
1821 3432 1836 3453 a
1860 3420 2008 3462 sanguine
2030 3424 2063 3454 in
2088 3423 2241 3456 minimis
2265 3423 2398 3457 vasculis

1395 3463 1575 3497 restitante.
1602 3467 1638 3497 In
1664 3463 1844 3505 pericardio
1867 3473 1995 3498 cruenta
2009 3475 2110 3507 aqua,
2134 3468 2290 3508 nequeita
2314 3467 2402 3499 mul-

1396 3518 1429 3540 ta
1453 3533 1459 3539 .
1493 3509 1563 3539 Cor
1587 3519 1737 3549 magnum
1761 3534 1769 3547 ,
1801 3506 1877 3540 vasis
1902 3508 1962 3541 suis
1986 3509 2124 3550 propriis
2147 3532 2159 3549 ‚
2192 3513 2224 3542 δε
2246 3510 2399 3544 auriculis

2289 3552 2359 3585 san-

345 3616 2403 3632 m

493 3677 564 3705 Epist.
581 3678 654 3701 Anat.
672 3684 692 3703 4.
711 3685 725 3700 n
752 3684 788 3701 ιι.

494 3709 630 3730 Commerc.
651 3707 734 3729 Litter.
752 3709 784 3730 A.
801 3714 864 3735 ¹737⁴
884 3706 958 3731 Hebd.
978 3714 1015 3736 3⁴-

566 3732 610 3740 ,-
689 3738 691 3740 ,
1077 3709 1083 3738 (
1103 3707 1114 3730 ὶ
1130 3707 1140 3736 )
1157 3714 1183 3732 n.
1203 3714 1237 3732 12.

491 3738 545 3763 vid.
561 3744 634 3761 etiam
650 3737 721 3766 1:391st
740 3739 777 3760 50.
796 3745 821 3761 n.
841 3744 873 3760 ιι.

406 3677 476 3740 {il

403 3740 472 3771 (η

849 3676 906 3705 (e)
923 3676 978 3700 Disi'.
999 3676 1064 3706 supra
1081 3676 1110 3701 ad
1127 3683 1151 3699 n.
1169 3683 1206 3700 21.
1222 3675 1264 3700 cit.
1282 3674 1404 3736 qpaefff.
1422 3676 1444 3698 ἃ
1462 3683 1483 3705 ς.

1547 3671 1593 3702 (f)
1611 3680 1631 3696 η,
1652 3681 1672 3700 9.
1735 3673 1795 3703 (g)
1812 3673 1884 3702 Epist.
1901 3680 1938 3701 15.
1956 3681 1980 3697 n.
1998 3680 2036 3697 22.
2052 3675 2074 3697 ἃ
2091 3673 2164 3702 Epist.
2183 3678 2219 3704 56.
2235 3683 2256 3698 n.
2271 3682 2306 3700 10.
2323 3678 2345 3701 ἃ
2361 3683 2397 3703 21.

1394 3714 1415 3730 n.
1434 3713 1472 3730 21.
1490 3703 1513 3729 &
1530 3702 1589 3733 seqq.
1652 3704 1665 3733 <
1683 3704 1690 3726 1
1708 3702 1717 3735 J
1735 3705 1808 3729 xm.
1827 3712 1849 3730 n.
1870 3711 1905 3734 23.
1969 3704 1976 3733 ί
1994 3712 2017 3729 m
2034 3705 2044 3735 >
2061 3704 2114 3732 Vid-
2131 3704 2199 3735 supra
2213 3713 2236 3730 n.
2257 3713 2293 3733 u·
