2498 4075
481 174 633 240 Epist.
670 174 831 226 Anat.
866 172 1080 226 Medica
1116 171 1272 225 XVI.
1309 171 1427 222 Art.
1458 186 1503 236 4.
1546 187 1583 233 ς.
1612 173 1667 226 <St
1703 172 1753 223 6.

105 259 127 293 si
151 265 268 290 attente
291 255 453 298 perlegas3
481 264 534 288 aut
559 253 598 288 ad
623 265 793 290 acutorum
817 252 1008 286 morborum
1028 251 1113 294 sym-

107 309 252 343 ptomata
276 301 453 341 pertinere,
479 307 533 331 aut
555 297 640 332 fiad
666 297 796 332 morbos
822 296 907 345 alios·
923 298 985 336 (t)
1009 299 1115 340 perti-

58 354 92 381 τι
106 352 201 419 ῃεέῑ,
226 354 289 376 non
316 343 353 376 ad
378 341 596 383 aneurysmata
619 342 781 385 spe&are‚
802 339 982 381 intelliges.

106 387 143 419 Se
190 386 258 428 post
280 385 500 420 dissec‘tionem
523 386 612 419 illam
635 396 698 426 qua
720 383 955 428 praecognitum
978 394 994 414 a
1017 382 1118 416 Vesa-

109 430 157 462 lio
182 430 364 467 aneurvsma
388 429 596 472 conspec‘him
619 428 685 468 est,
708 428 778 461 aliae
800 424 949 470 quaedam
962 426 1024 459 illo
1043 424 1116 469 ipso

105 472 221 506 saeculo
247 471 366 506 habitae
389 472 460 506 sunt
484 471 596 505 eodem
619 473 807 505 attinentes.
834 470 925 511 Qis
949 470 1115 502 intereave

105 512 244 555 referas,
267 515 355 559 quasi
379 515 463 548 nihil
487 514 637 549 dubitans
659 518 673 554 (
693 514 747 557 u)
779 522 815 547 ut
849 513 977 547 videtur
1010 510 1113 545 facere

104 559 272 593 Freindius
299 560 386 604 (x),
409 559 499 592 illam
526 559 624 592 Paraei
648 560 731 601 (y).
755 557 992 592 Dilatationem
1003 557 1113 593 enim,

104 601 160 636 hic
182 605 228 636 ait
247 626 256 640 ‚
278 603 306 637 se
329 600 561 645 deprehendisse
584 612 668 634 venae
700 601 899 642 pulmonaris
922 623 933 638 ,
963 610 1058 641 quam
1088 596 1113 630 si

103 657 166 679 non
190 649 345 685 varicem,
371 645 421 678 sed
443 646 624 688 aneuiysma
647 643 732 677 dixit
747 667 759 684 ,
781 654 891 685 nempe
914 643 958 675 ob
980 641 1113 675 eandem

104 692 263 723 rationem
284 689 386 723 facere
410 687 443 722 id
469 690 599 730 potuit,
622 687 664 720 ob
686 698 808 728 quam,
832 695 868 719 ut
899 697 939 719 eo
970 695 1112 728 tempore

105 733 250 766 solebant
265 758 275 773 ‚
300 733 389 766 illam
413 743 524 765 venam
548 729 724 773 designavit
747 731 878 763 nomine
901 728 1024 763 arteria
1057 738 1112 761 ve—

103 775 200 818 nosae.
226 776 287 810 Sed
310 785 424 818 praeter
445 775 534 808 illam
560 774 722 811 Ballonii.
745 773 783 806 de
807 785 869 816 qua
894 772 985 814 supra
1019 773 1032 810 (
1054 769 1114 814 z)

106 818 287 854 indicatum
310 819 374 857 est,
397 821 428 851 ὅ(
455 818 530 851 alias
556 828 627 852 tum
653 816 794 850 Ballonii
819 814 959 859 ejusdem
983 815 1016 847 in
1029 816 1115 860 Mer-

104 872 211 898 «atore
236 866 250 903 (
272 876 290 897 a
312 867 346 904 ),
369 866 402 895 δι
426 863 460 894 in
484 864 603 904 Coquo
628 866 639 900 (
663 860 683 894 b
706 864 742 901 ),
768 870 839 893 tum
863 859 1024 897 aliorum,
1046 867 1113 899 ejus

107 907 224 940 saeculo
244 907 425 940 viventium
443 930 451 944 ‚
472 906 549 938 bene
574 903 686 938 referes
709 915 784 937 cum
816 901 969 946 Freindio
1003 904 1016 941 (
1038 912 1054 934 c
1079 903 1115 940 )‚

107 949 291 984 Lancisium
314 950 379 990 (d)
414 948 542 988 secuto,
564 948 652 981 illam
677 947 803 990 ipsam,
825 956 921 989 quam
945 946 1036 993 supra
1060 954 1117 985 pa-

107 993 185 1025 riter
208 997 272 1033 (e)
293 993 620 1026 commemoravimus
645 990 813 1025 Laurentii
848 987 1117 1022 Observationem

107 1037 141 1069 in
166 1037 289 1078 Equite
313 1035 572 1075 Guicciardino‚
593 1035 674 1078 qui,
699 1044 735 1069 ut
760 1033 839 1066 adeo
862 1031 1036 1081 dilatatum
1060 1029 1116 1062 ha-

108 1079 202 1113 bebat
228 1091 311 1119 cor,
334 1077 374 1113 sic
398 1079 497 1111 etiam
521 1079 643 1112 arteriae
667 1087 783 1121 magnae
806 1087 841 1109 os
864 1082 911 1108 ita
933 1082 1045 1116 patens
1057 1071 1113 1105 ha-

103 1123 216 1158 bebat,
241 1130 278 1157 ut
299 1121 421 1155 brachii
443 1129 578 1164 aequaret
600 1120 859 1163 amplitudinem.
884 1118 1029 1152 Haecilla
1045 1117 1118 1150 Ob-

104 1166 243 1200 servatio
264 1164 328 1201 est,
352 1176 422 1207 quae
447 1166 480 1198 in
504 1165 619 1207 gallica
644 1164 798 1197 Historiae
823 1161 966 1195 Freindii
1000 1159 1116 1193 versio-

102 1220 142 1243 ne
164 1233 190 1250 ‚,
213 1208 301 1243 casus
324 1208 448 1244 dicitur
471 1206 681 1241 inveniendus
705 1206 788 1250 apud
800 1202 1117 1244 Laurentium,edi-

104 1276 129 1294 ,‚
155 1263 228 1286 tum
252 1263 308 1294 per
330 1251 602 1286 Guicciarclinum
627 1274 653 1290 ,‚
678 1248 992 1287 novodocumento,
1015 1258 1116 1297 quan-

101 1306 142 1331 to
164 1295 223 1330 sibi
247 1297 351 1329 tutius
376 1296 471 1335 paulo
495 1306 565 1327 ante
591 1294 726 1327 nostram
751 1294 942 1327 memoriam
964 1289 1117 1336 Doehffi-

104 1352 178 1375 mus
200 1338 301 1373 ferme
323 1338 456 1382 quisque
481 1338 608 1372 Auum
633 1337 834 1373 consuleret,
858 1335 911 1370 sua
934 1335 999 1378 ipse
1034 1343 1118 1367 noto

107 1384 229 1420 Doetis
253 1383 376 1416 caeteris
397 1382 557 1416 idiomate
582 1380 744 1421 scribens,
769 1381 875 1413 latino
891 1403 899 1411 .

145 1438 177 1468 4.
199 1428 353 1460 Ceterum
377 1429 410 1460 δε
435 1425 550 1460 saeculo
574 1426 633 1457 illo
656 1425 750 1457 XVI.
777 1426 809 1456 &
837 1421 981 1465 proximi
1004 1432 1118 1463 magna

103 1478 194 1514 parte
215 1470 330 1503 XVII.
356 1469 461 1502 lentos
483 1468 561 1502 adeo
587 1465 762 1510 progressus
785 1465 902 1499 habuit
928 1467 1041 1498 Aortae
1065 1463 1118 1497 di-

103 1513 302 1547 latationum
325 1511 495 1551 ἀοᾶτίηει,
522 1520 557 1545 ut
579 1513 623 1544 A.
656 1521 745 1552 ¹595-
771 1521 846 1544 cum
866 1510 1007 1557 joannes
1022 1508 1117 1550 Bapt.

106 1556 282 1590 Silvaticus
306 1555 394 1590 suam
416 1556 520 1589 ederet
544 1554 579 1586 de
599 1553 837 1595 Aneurysmate
860 1551 1093 1585 Traaatzonem
1109 1573 1121 1590 ‚

103 1599 227 1633 millam
253 1610 359 1633 earum
383 1599 583 1632 mentionem
608 1598 641 1629 in
674 1608 712 1628 eo
734 1619 748 1637 ,
782 1596 867 1632 late,
891 1597 924 1628 δε
943 1595 1120 1637 generatim

102 1643 320 1687 pertrac‘tato,
344 1651 537 1684 argumento
561 1640 732 1682 injecerit,
756 1638 907 1682 plurimis
931 1648 1038 1672 autem
1051 1636 1119 1680 post

102 1687 195 1720 annis
218 1685 364 1719 docuerit
380 1685 437 1730 Jo.
463 1684 625 1719 Riolanus
645 1688 655 1722 (
672 1680 753 1725 f),
777 1693 848 1716 raro
870 1680 1055 1724 aneurysma
1085 1681 1119 1714 in

102 1732 217 1763 ,Aortae
241 1737 378 1766 trunco,
395 1735 526 1771 propter
547 1725 712 1769 crafficiem
736 1727 920 1759 tunicarum
944 1726 1081 1758 accidere
1108 1735 1116 1756 :

102 1774 181 1813 quin
216 1773 314 1805 etiam
346 1771 389 1804 A.
428 1774 520 1813 1670.
557 1768 706 1803 Medicus
738 1769 941 1812 caeteroquin
973 1767 1118 1802 eruditus

98 1813 216 1860 Joach.
242 1815 368 1857 Georg.
392 1812 565 1852 Elsnerus,
586 1824 660 1847 cum
685 1813 810 1846 arteriae
832 1813 945 1846 Aortae
970 1810 1118 1852 aneurys-

101 1870 153 1892 ma
178 1869 193 1890 a
217 1857 390 1892 Guilelmo
412 1858 496 1891 Riva
521 1855 752 1899 deprehensum
777 1865 973 1899 proponeret
995 1879 1006 1898 ,
1042 1856 1118 1888 Ob-

102 1901 275 1936 servationi
299 1899 473 1944 praefixerit
496 1900 636 1933 titulum
658 1898 696 1933 de
720 1899 920 1933 ‘Paradoxico
951 1897 1118 1941 Aneurys-

100 1951 187 1979 mate
206 1944 372 1986 Amico,
397 1946 430 1977 δε
455 1942 610 1977 affirmare
633 1954 696 1976 non
721 1942 943 1983 dubitaverit,
968 1941 1116 1984 aneurys-

105 2000 157 2022 ma
180 1998 252 2020 raro
275 1987 327 2021 vel
350 1998 510 2029 nunquam
534 1988 566 2020 in
591 1985 765 2028 majoribus
789 1986 918 2020 arteriis
943 1984 1084 2019 accidere
1103 1997 1118 2025 ;

102 2031 239 2066 excitari
262 2040 368 2064 autern
390 2029 521 2073 potuiffe
547 2030 579 2062 in
602 2029 670 2073 ipsa
693 2040 811 2072 quoque
835 2037 924 2063 aorca
937 2053 949 2069 ‚
965 2054 973 2060 .
992 2053 1020 2060 ..
1035 2053 1042 2060 .
1057 2029 1117 2062 mi-

14 2085 173 2118 faurum
197 2074 320 2107 videri.
346 2071 466 2112 Quid?
490 2073 513 2107 fi
537 2072 663 2107 nullum
702 2072 761 2115 ipsi
796 2073 980 2149 exemplum
1014 2070 1117 2105 simile

102 2127 219 2152 notum
243 2116 372 2157 fuisset,
395 2127 508 2150 contra
533 2125 628 2159 atque
649 2116 708 2149 sub
731 2116 835 2159 ipsum
907 2116 1117 2149 bservationis

102 2160 200 2195 finem
222 2159 382 2194 ostendit.
409 2160 605 2193 Observatio
629 2169 735 2193 autem
759 2158 827 2192 haec
851 2158 893 2191 est
915 2157 1118 2203 quam-desi-

102 2215 199 2247 gnare
223 2204 384 2238 Lancifius
406 2206 419 2241 (
439 2214 461 2245 g
483 2207 497 2242 )
519 2204 652 2242 voluit,
673 2214 747 2234 cum
772 2203 817 2233 ait
837 2223 849 2239 ‚
873 2202 1118 2243 Aneurysmatis

103 2248 197 2282 Rivae
221 2247 339 2281 iconem
361 2256 441 2280 anno
460 2246 566 2286 primo
587 2245 754 2287 expressam
778 2254 851 2277 cura
885 2245 1032 2279 Germani
1064 2244 1118 2277 ob-

97 2290 183 2335 serv.
213 2290 261 2322 18.
287 2288 436 2331 insertam
452 2285 566 2330 fuiffiz.
598 2286 853 2329 Ephemeridum
878 2298 1013 2330 namque
1035 2287 1118 2321 Ger-

103 2335 304 2367 manicarum
328 2333 463 2365 Naturae
497 2330 713 2364 Curiosorum
747 2332 863 2363 nomen
884 2354 897 2370 ,
933 2333 1117 2374 Operarum

104 2376 201 2419 culpa
225 2374 270 2408 ibi
296 2384 350 2408 aut
376 2372 548 2413 omissum,
572 2383 624 2407 aut
650 2376 719 2413 ita,
743 2384 777 2407 ut
802 2371 950 2415 descripsi
973 2397 984 2413 ‚
1019 2375 1116 2405 vitia-

105 2429 177 2454 tum
201 2419 267 2458 est,
289 2429 351 2451 non
376 2417 461 2450 secus
485 2428 520 2449 ac
545 2426 595 2450 tot
618 2418 724 2449 aliain
737 2415 916 2458 posthumis
943 2417 1009 2449 illis
1022 2418 1116 2450 Sum-

103 2465 168 2498 mis
192 2462 266 2496 Viri
291 2462 427 2501 Scriptis
451 2459 557 2501 paffim
582 2460 724 2493 videmus
739 2482 747 2490 .
861 2459 918 2492 Sed
930 2459 968 2493 ab
980 2471 1018 2493 eo
1033 2471 1116 2493 anno

105 2508 200 2547 1670.
226 2504 264 2537 ad
288 2503 390 2537 nostra
414 2502 509 2545 usque
534 2512 681 2545 tempora
707 2504 807 2545 magis
820 2502 982 2546 magisque
993 2503 1114 2536 allabo-

103 2549 251 2584 rantibus
273 2547 510 2592 Anatoniicis‚
550 2555 600 2579 tot
634 2546 885 2580 Observationes
920 2545 958 2580 ad
993 2548 1114 2589 priores

103 2593 175 2626 illas
199 2589 314 2625 additae
342 2589 436 2629 sunt,
460 2599 496 2623 ut
519 2601 585 2623 non
621 2591 758 2633 amplius
793 2591 881 2624 mirae
901 2613 913 2630 ,
949 2600 1003 2624 aut
1038 2601 1113 2624 rarae

101 2637 218 2671 Aortae
242 2634 448 2668 dilatationes
471 2631 668 2668 habeantur.
704 2633 794 2669 Quin
817 2631 910 2668 simul
934 2646 973 2668 eo
984 2643 1114 2668 ventum

103 2679 147 2713 est
162 2700 171 2715 ‚
194 2690 230 2713 ut
255 2676 504 2721 praecedentibus
529 2675 643 2711 harum
667 2678 788 2717 causis,
812 2680 842 2710 δι
864 2677 1085 2712 occasionibus
1100 2701 1113 2719 ‚

103 2725 137 2758 ἅτ
163 2722 259 2765 signis
283 2733 321 2754 ex
344 2720 455 2755 ordine
480 2719 630 2755 omnibus
653 2720 765 2764 saepius
791 2720 1015 2755 animadversis
1034 2745 1046 2762 ‚
1079 2724 1113 2755 δε

105 2765 293 2804 adnotatis,
317 2776 390 2799 eum
412 2764 583 2803 morbum,
609 2763 698 2807 cujus
722 2765 804 2798 olim
828 2790 837 2804 ‚
868 2773 1028 2808 quantum
1066 2767 1114 2797 vi-

103 2808 323 2846 cles-,Medici
350 2809 503 2841 notitiam
527 2807 703 2841 habuerant
727 2809 874 2849 nullam,
897 2813 929 2841 ὅ(
952 2820 1045 2851 quem
1060 2809 1114 2842 sae-

104 2853 182 2886 culo
202 2853 299 2886 XVI.
324 2861 394 2886 tum
415 2851 545 2885 demum
568 2851 762 2894 cognoscere
788 2853 972 2895 inceperant
997 2878 1006 2892 ,
1038 2864 1114 2886 cum

103 2895 253 2930 thoracis
272 2896 402 2938 parietes
424 2894 488 2938 jam
511 2895 682 2935 attollens,
706 2904 858 2936 tumore,
883 2898 910 2929 ἃ
936 2896 1115 2938 pulsatione

105 2940 136 2974 se
161 2937 334 2982 proderet3
358 2949 440 2973 nunc
466 2940 625 2972 minorem
650 2938 777 2979 adhuc,
802 2942 833 2972 δε
860 2941 986 2980 penitus
1022 2940 1114 2973 abdi·-

106 2993 200 3021 tum,
225 2991 321 3025 atque
346 2982 500 3016 retrusum
527 2982 742 3015 internoscere
767 2981 795 3016 se
820 2981 904 3024 posse
920 3007 931 3023 ,
955 2984 1085 3017 credant
1100 3009 1114 3025 ,

104 3030 137 3061 &
165 3024 243 3069 saepe
268 3026 502 3059 internoscant.
528 3025 750 3066 Qamobrem
774 3026 908 3060 minime
933 3025 1034 3060 fuerat
1067 3040 1116 3061 re..

105 3067 346 3113 prehendendus
369 3068 571 3111 Malpighius
595 3075 604 3109 (
629 3069 649 3103 h
668 3070 684 3112 )
707 3071 796 3113 quod
821 3071 904 3102 inter
926 3072 1116 3113 cognitiones

106 3113 154 3148 sui
171 3112 281 3156 saeculi
293 3135 306 3152 ,
328 3111 415 3154 quod
439 3115 468 3145 &
492 3124 596 3146 meum
619 3125 657 3146 ex
682 3124 768 3156 parte
791 3112 874 3152 fuit,
897 3113 1117 3150 dilatationem

106 3157 219 3191 retulit
241 3156 366 3189 arteriae
390 3164 504 3192 eoi-tce,
529 3158 698 3199 multoque
722 3160 827 3191 minus
862 3155 921 3199 ipsi
954 3156 1114 3201 objicien-

108 3199 208 3238 dum,
237 3210 269 3231 tn
287 3197 392 3241 schola
417 3202 518 3232 Graeca
530 3223 543 3240 ,
565 3200 712 3234 Arabica
725 3224 737 3241 ‚
759 3202 800 3234 &⁸
823 3202 939 3234 Latina
973 3201 1076 3244 prisca
1097 3226 1113 3243 ,

107 3241 328 3286 aneurysmata
351 3240 517 3285 innotuiffe
527 3265 541 3283 ‚
564 3246 596 3276 δε
620 3244 781 3287 universos
803 3243 902 3277 libros
913 3246 1113 3287 antiquorum

106 3287 144 3321 de
165 3283 433 3327 aneurysmatibus
458 3284 562 3326 loqui.
587 3287 701 3330 Neque
724 3288 809 3320 enim
820 3287 857 3321 de
868 3290 1008 3322 externis
1018 3300 1113 3323 aneu-

86 3370 88 3372 *
107 3329 302 3372 rysmatibus
324 3327 459 3370 quaestio
479 3336 568 3369 erat,
590 3328 640 3363 sed
661 3329 699 3363 de
723 3331 858 3365 internis
873 3354 885 3371 ‚
909 3334 942 3365 δε
966 3334 1114 3366 nomina„

109 3374 172 3406 tim
194 3373 316 3404 arteriae
339 3372 435 3413 ipsius
460 3371 590 3406 Aortae.
615 3375 666 3407 De
689 3374 804 3417 quibus
827 3374 851 3407 si
874 3377 945 3417 quis
976 3387 1015 3411 ex
1047 3376 1112 3410 ulla

108 3416 148 3450 de
173 3415 275 3449 tribus
299 3415 365 3449 illis
389 3413 516 3449 Scholis
540 3415 692 3458 scriptum
705 3417 828 3461 aliquid
840 3418 1110 3461 reliquisset5sjl-

108 3462 252 3494 varicum
274 3468 360 3493 certe
382 3469 446 3492 non
470 3456 597 3501 fugisset
617 3482 631 3499 ,
655 3462 710 3504 qui
744 3463 777 3495 in
814 3463 1025 3496 Trat‘tatione
1057 3464 1113 3498 illa

195 3503 363 3545 Morgagni
372 3503 407 3536 de
420 3502 487 3535 Sed.
503 3503 544 3536 Θ·
557 3502 644 3546 CausI
658 3504 761 3540 Morb.
780 3506 880 3538 Tom.
896 3509 922 3539 Ι.

2016 185 2103 235 153

1165 252 1216 286 sua
1239 250 1268 285 se
1291 250 1372 284 adeo
1395 249 1533 284 ostendit
1556 252 1590 284 in
1611 249 1808 293 singulorum
1832 249 1968 283 leffione
1989 250 2168 282 versatum.

1164 297 1254 327 Nam
1277 294 1366 336 quod
1390 295 1506 327 Aetius
1527 296 1541 333 ζ
1563 294 1576 327 ἱ
1596 296 1610 334 )
1633 292 1779 336 scripsit,
1804 293 1987 335 aneurysma
2012 294 2045 325 in
2067 291 2171 333 quali-

1168 336 1220 371 bet
1242 338 1378 378 corporis
1399 345 1490 378 parte
1507 335 1582 379 fieri
1593 360 1605 377 ‚
1629 348 1741 379 nempe
1766 335 1812 367 ibi
1836 343 1964 370 externa
1988 334 2170 368 subintelli-

1169 380 1306 423 gendum
1328 379 1410 420 esse,
1433 378 1635 413 manifestum
1660 380 1701 414 est
1724 389 1799 413 cum
1822 390 1860 411 ex
1883 391 1922 411 eo
1942 378 2031 421 quod
2056 377 2093 410 de
2116 387 2172 409 ex-

1171 426 1268 457 ternis
1290 421 1471 457 tumoribus
1495 424 1644 456 Sermone
1666 424 1727 457 illo
1750 422 1839 463 agit,
1862 431 1933 454 tum
1953 434 1991 455 ex
2016 428 2172 464 perpetuo

1165 466 1232 508 ejus
1255 465 1384 500 silentio
1405 465 1444 498 de
1467 469 1622 507 internis,
1646 476 1739 500 tanto
1750 463 2051 509 periculosioribus,
2073 474 2177 497 aneu-

1166 509 1384 552 rysmatibus‚
1408 519 1482 542 cum
1505 519 1715 545 externorum
1737 507 1868 553 quidem
1891 506 1976 550 signa
1989 531 2002 549 ,
2025 511 2057 542 δε
2079 517 2172 542 cura-

1164 563 1287 587 tionem
1311 562 1488 595 proponat.

1209 609 1237 638 ς.
1256 599 1334 642 Jure
1358 596 1461 638 igitur
1485 596 1646 631 Lancisius
1668 600 1683 637 (
1704 595 1723 638 l<
1744 600 1758 637 )
1782 593 1902 636 scripsit
1917 618 1925 633 ‚
1951 606 2024 628 cum
2040 593 2174 636 Hippo-

1163 651 1265 674 crates
1308 639 1428 674 nullius
1463 641 1690 683 aneurysmatis
1721 636 1906 681 meminisset
1950 639 2139 672 arteriarum
2160 659 2175 677 ,

1165 695 1303 727 cumque
1325 683 1409 725 apud
1430 682 1604 723 calenum,
1627 683 1765 716 ‘Paulum
1780 680 2174 724 ‚Oribafium‚Aetium,

1163 727 1382 765 Ac‘t'uarium,
1408 725 1451 759 &¹
1471 727 1676 760 Avicennam
1697 726 1784 765 istius
1809 727 1841 759 in
1864 725 1993 758 arteriis
2014 723 2091 764 mali
2101 722 2178 764 plu-

1166 771 1248 804 rima
1271 770 1414 813 legantur
1436 768 1600 811 exemplam
1625 770 1707 812 apud
1729 768 1845 811 eosdem
1870 777 1999 808 tamen,
2022 774 2175 809 quantum

1168 815 1275 847 videre
1294 814 1427 856 potuit,
1450 812 1553 846 altum
1574 812 1629 857 effe
1645 811 1810 854 filentium
1833 813 1868 845 de
1883 808 2177 853 Aneurjsmatibus

1170 857 1295 894 cordis,
1319 855 1510 900 ejusdemque
1530 857 1738 890 maximorum
1759 855 1903 897 *niciforum
1923 878 1941 901 Ἴ,
1976 865 2040 896 quae
2070 851 2178 886 deinde

1170 899 1344 934 minoribus
1366 907 1444 933 natu
1469 903 1491 931 C
1493 898 1650 942 hirurgis,
1683 900 1726 933 Θ
1747 899 1881 935 Medicis
1900 896 2064 941 frequenti
2085 895 2179 942 eada·

1166 953 1276 976 ’verum
1293 942 1433 986 seft'ione
1455 944 1676 977 innotuerunt.
1703 943 1856 986 Qorum
1880 942 2004 982 aliquot
2018 940 2179 973 Observa-

1168 987 1273 1019 tiones
1296 985 1361 1028 ipse
1385 988 1598 1026 memoravit,
1622 997 1658 1020 ut
1681 985 1719 1020 de
1744 986 1932 1021 Laurentii,
1957 981 2180 1018 &Rivaeob-

1170 1028 1401 1063 servationibus
1423 1028 1552 1069 fecisse,
1575 1029 1643 1062 dixi
1668 1033 1681 1068 (
1703 1030 1715 1063 l
1739 1035 1776 1070 >3
1801 1028 1969 1063 deHarvei
1993 1037 2120 1073 autem,
2146 1028 2181 1059 δε

1171 1072 1346 1106 Marchetti
1361 1095 1370 1109 ,
1392 1076 1425 1106 δε
1449 1074 1586 1106 aliorum
1610 1083 1729 1114 pariter
1754 1071 1882 1113 fecisse,
1903 1068 2182 1113 inspeetis-‚ejusli-

1169 1116 1236 1149 bris
1259 1119 1273 1156 (
1296 1127 1327 1150 m
1349 1119 1364 1155 )
1387 1127 1440 1158 pei·
1463 1125 1494 1149 te
1519 1114 1660 1149 videbis.
1690 1117 1767 1148 Non
1792 1117 1898 1149 minus
1921 1116 2006 1147 enim
2039 1112 2147 1146 cordis
2169 1135 2182 1151 ‚

1191 1157 1263 1193 uam
1287 1160 1411 1192 arteriae
1436 1160 1587 1201 Magnae‚
1612 1158 1822 1193 dilatationes
1844 1168 1916 1191 ante
1941 1158 1968 1191 se
1993 1166 2083 1190 notas
2103 1154 2185 1190 fuis-

1182 1215 1198 1237 e
1220 1228 1228 1242 ‚
1263 1202 1328 1246 ipse
1359 1201 1490 1244 quidem
1524 1213 1688 1246 nunquam
1725 1202 1952 1236 dissimulavit.
1978 1200 2116 1243 Qestus
2140 1198 2184 1232 est

1168 1245 1396 1280 tantummodo
1418 1249 1433 1286 (
1453 1257 1471 1279 n
1491 1249 1526 1285 )‚
1550 1257 1627 1288 quas
1651 1244 1736 1288 apud
1770 1246 2001 1279 Observatores
2035 1243 2185 1278 Medicus

1169 1290 1291 1333 legisset
1314 1290 1546 1323 dilatationum
1569 1288 1676 1323 cordis
1700 1288 1850 1323 historias
1876 1290 1981 1323 minus
1996 1288 2108 1331 plene,
2134 1296 2185 1320 at-

1169 1345 1233 1377 que
1258 1342 1403 1367 accurate
1425 1332 1517 1367 fuiss'e
1539 1331 1734 1376 descriptas,
1760 1345 1854 1375 quam
1878 1335 2024 1372 caeteris,
2059 1335 2091 1365 &
2123 1330 2185 1365 fibi

1169 1378 1345 1419 praesertim
1368 1388 1449 1420 opus
1473 1374 1568 1417 esset,
1591 1377 1725 1410 illorum
1757 1376 1940 1411 doiftrinarn
1973 1375 2155 1409 absolutam
2170 1397 2184 1414 ,

1169 1432 1236 1464 quo
1261 1421 1299 1455 ad
1323 1419 1390 1464 ejus
1414 1419 1534 1463 posset,
1558 1419 1783 1463 proposituro.
1809 1420 1947 1454 Easdem
1973 1430 2079 1453 autem
2091 1430 2187 1452 voca-

1170 1465 1219 1496 vit
1243 1464 1364 1498 Cordis
1388 1462 1644 1505 Aneurysmata:
1669 1475 1734 1506 quo
1757 1475 1813 1497 nos
1825 1475 1954 1507 quoque
1967 1464 2096 1496 nomine
2109 1474 2187 1506 pro-

1172 1507 1319 1547 miscue,
1342 1510 1375 1541 δε
1398 1507 1632 1541 dilatationum
1665 1505 1777 1541 cordis
1810 1517 1937 1541 utemur
1959 1532 1968 1546 ‚
2001 1517 2076 1540 cum
2108 1507 2188 1548 quia

1173 1552 1307 1584 minime
1330 1551 1494 1594 implicari
1517 1548 1571 1584 hic
1581 1550 1729 1584 volumus
1740 1562 1773 1583 ea
1784 1544 1978 1594 q‘uaestione‚
2002 1549 2081 1593 quid
2091 1550 2189 1583 Grae-

1171 1597 1201 1628 ci
1228 1595 1351 1629 Medici
1374 1593 1604 1636 aneurysmatis
1626 1593 1787 1627 vocabulo
1811 1595 1937 1636 proprie
1950 1592 2189 1636 significarent,

1172 1649 1245 1672 tuni
1268 1640 1344 1682 quia
1369 1637 1493 1680 aliquid
1517 1637 1658 1684 tribuere
1680 1648 1809 1681 aequum
1832 1637 1873 1671 es't
1896 1639 2005 1677 Viro,
2029 1636 2067 1670 de
2092 1648 2188 1671 aneu-

1173 1682 1349 1724 rysmatum
1373 1680 1523 1715 doctrina
1546 1705 1559 1721 ‚
1582 1681 1602 1713 si
1629 1681 1700 1724 quis
1736 1681 1817 1714 alius
1835 1705 1848 1722 ,
1881 1683 2006 1723 optime
2040 1682 2187 1718 merit05

1172 1726 1348 1769 praesertim
1373 1736 1446 1758 cum
1470 1724 1554 1758 hunc
1578 1724 1646 1766 ejus
1670 1736 1791 1758 morem
1806 1724 1928 1759 secutos
1939 1724 2102 1759 videamus
2115 1725 2189 1758 Me«

1170 1769 1261 1802 dicos
1286 1768 1519 1804 nobilissimos,
1545 1768 1602 1801 nisi
1628 1767 1713 1802 forte
1735 1769 1819 1802 olim
1844 1766 1991 1802 indicasse
2017 1793 2030 1810 ‚
2053 1769 2187 1809 credas,

1171 1813 1360 1847 Ballonium
1384 1810 1607 1845 Consiliorum
1631 1812 1652 1844 l.
1681 1822 1706 1844 1.
1731 1823 1821 1852 non,
1845 1822 1880 1846 ut
1901 1812 1987 1846 estin
2001 1812 2189 1854 Sepulchre-

1171 1858 1281 1898 to(o)
1296 1866 1382 1898 ,capa
1398 1865 1448 1895 15,-
1464 1855 1514 1889 sed
1526 1854 1676 1889 Consilio
1704 1866 1772 1896 109.
1797 1855 1985 1889 scribentem
1999 1879 2009 1895 ‚
2027 1855 2054 1898 si
2075 1857 2107 1890 in
2120 1866 2189 1889 cor·-

1171 1901 1205 1933 de
1230 1900 1294 1942 ipso
1318 1898 1507 1941 aneurysma
1524 1898 1594 1942 fit,
1617 1897 1769 1932 lethalem
1792 1897 1849 1934 esse
1874 1898 2023 1934 affe-etum
2046 1924 2053 1931 .

1171 1946 1389 1986 Proponemus
1414 1951 1517 1975 autem
1531 1965 1539 1980 ‚
1564 1952 1599 1976 ut
1612 1942 1699 1976 soliti
1712 1941 1818 1977 sumus
1833 1969 1842 1983 ‚
1856 1943 2013 1977 Valsalvae
2026 1944 2190 1986 primum,

1170 1996 1241 2021 tum
1266 1985 1380 2020 deinde
1404 1986 1804 2029 nostrasAneurysmatum
1827 1987 2098 2026 Observationes,
2123 1986 2189 2021 hoc

1170 2030 1285 2063 ordine
1307 2029 1531 2064 distribuentes
1550 2052 1556 2066 ,
1582 2040 1617 2064 ut
1640 2032 1750 2073 primo
1763 2031 1837 2063 loco
1849 2031 2082 2073 Aneurysmata
2097 2033 2186 2065 Cor-

1170 2073 1242 2111 dis,
1268 2074 1405 2107 secundo
1429 2075 1562 2107 Arteriae
1588 2074 1738 2116 Magnae,
1763 2076 1863 2108 tertio
1886 2074 2053 2118 utriusque
2077 2074 2188 2118 profe-

1170 2127 1276 2150 ramus
1291 2142 1298 2156 ,
1322 2128 1421 2160 neque
1444 2119 1552 2150 omnia
1578 2126 1682 2151 tamen
1706 2129 1776 2162 quae
1801 2117 1973 2157 habemus,
1998 2130 2071 2153 nam
2095 2119 2187 2161 plura

1171 2162 1390 2203 opportunius
1415 2159 1455 2193 ad
1479 2161 1555 2194 alias
1579 2161 1742 2203 Epistolas
1766 2160 1974 2201 differentur,
2003 2163 2043 2196 ad
2075 2162 2188 2206 easque

1171 2204 1205 2236 in
1230 2205 1368 2245 primis,
1394 2204 1427 2236 in
1451 2205 1567 2247 quibus
1591 2204 1631 2237 de
1654 2206 1764 2239 Morte
1787 2206 1969 2249 Repentina
1991 2209 2006 2245 (
2025 2216 2048 2247 p
2070 2210 2085 2246 )
2108 2206 2186 2240 scri-

1170 2245 1282 2280 betur.
1308 2247 1376 2279 Hic
1401 2256 1506 2280 autem
1531 2248 1586 2280 illa
1612 2246 1824 2282 describemus
1848 2261 1920 2292 quae
1945 2250 1982 2283 ad
2006 2249 2111 2283 laesam
2135 2258 2188 2283 at-

1171 2290 1277 2322 tinent
1304 2290 1586 2332 Respirationem,
1612 2302 1727 2325 novam
1752 2291 1832 2325 hanc
1857 2292 2037 2327 doeh-inam
2061 2304 2120 2336 pro
2134 2294 2185 2327 vi-

1172 2332 1259 2366 ribus
1283 2334 1475 2368 illustrantes
1491 2359 1498 2366 .
1522 2335 1626 2376 Apud
1647 2345 1726 2376 nos,
1749 2337 1856 2379 inquit
1880 2337 2070 2370 Albertinus
2090 2341 2184 2380 (q),

1169 2378 1294 2418 egregie
1316 2378 1354 2410 de
1377 2377 1485 2410 eadem
1511 2380 1642 2411 meritus
1657 2402 1669 2417 ,
1692 2379 1766 2412 olim
1792 2381 1825 2412 in
1836 2379 1904 2422 laesa
1918 2378 2120 2422 respiratione
2131 2380 2188 2415 vel

1168 2429 1348 2461 nunquam,
1372 2420 1424 2454 vel
1443 2431 1572 2462 perraro
1595 2420 1800 2455 audiebantur
1821 2424 1945 2456 nomina
1968 2424 2093 2457 vitiatae
2099 2422 2184 2464 stru-

1169 2462 1262 2495 &urie
1284 2464 1386 2495 cordis
1398 2487 1410 2503 ,
1434 2464 1476 2496 ὄν·
1495 2465 1756 2506 praecordiorum.
1783 2466 1880 2498 Modo
1898 2466 1964 2508 post
1988 2466 2180 2510 observatio-

1167 2515 1221 2538 nes
1238 2505 1446 2547 saepenumero
1467 2506 1631 2545 institutas
1653 2508 1686 2540 in
1709 2510 1846 2541 mortuis
1873 2531 1880 2543 ,
1916 2511 2021 2544 eadem
2056 2512 2181 2546 nomina

1162 2547 1239 2589 plus
1262 2549 1357 2582 nimio
1380 2550 1573 2588 audiuntur,
1598 2562 1634 2583 ac
1657 2550 1810 2584 timentur
1832 2552 1864 2585 in
1888 2553 1975 2586 vivis
1990 2578 1997 2584 .
2026 2555 2079 2588 Ne
2113 2556 2177 2593 izi-

1167 2600 1220 2624 tur
1243 2593 1276 2624 in
1300 2593 1340 2625 iis
1366 2593 1399 2624 in
1424 2593 1541 2635 quibus
1566 2604 1629 2627 non
1653 2594 1748 2634 sunt,
1774 2593 1824 2628 hae
1846 2595 2054 2631 dilatationes
2079 2592 2180 2632 renie-

1167 2646 1201 2667 re
1225 2646 1412 2677 ponantur,
1437 2639 1469 2670 <Sc
1492 2646 1604 2671 contra
1620 2659 1628 2674 ,
1653 2647 1689 2670 ut
1712 2638 1746 2670 in
1780 2638 1821 2671 iis
1854 2642 1888 2673 in
1923 2641 2039 2683 quibus
2074 2641 2145 2676 sunt
2170 2665 2180 2681 2

1167 2676 1296 2712 facilius
1307 2678 1533 2721 agnoscantur,
1558 2680 1700 2723 proderit
1710 2680 1985 2724 Observationes,
2008 2686 2178 2728 quas-diia-

1167 2721 1226 2755 bus
1251 2724 1411 2764 proximis
1437 2722 1655 2766 superioribus
1680 2724 1839 2767 Epistolis
1863 2728 2025 2768 complexi
2051 2728 2180 2772 sum-us,

1166 2776 1241 2798 cum
1265 2767 1305 2798 iis
1328 2765 1497 2808 conferre,
1519 2779 1596 2811 quas
1620 2767 1679 2802 hac
1706 2790 1716 2807 ,
1750 2772 1782 2802 ὀί
1817 2769 2001 2813 insequente
2033 2772 2179 2815 Epistola

1167 2808 1367 2851 proferemus
1378 2835 1385 2842 .

1217 2856 1248 2885 6.
1293 2856 1316 2903 *S
1341 2855 1370 2886 E
1397 2855 1432 2887 N
1455 2856 1485 2888 E
1508 2856 1537 2888 X
1581 2866 1734 2889 annorum
1780 2857 1913 2890 circiter
1956 2860 2176 2902 quinquagin-

1167 2904 1200 2929 ta
1243 2909 1385 2941 quinque
1409 2923 1418 2938 ,
1461 2910 1594 2940 corpore
1639 2898 1797 2933 athletico
1821 2924 1832 2940 ,
1878 2902 1985 2936 colore
2020 2903 2176 2946 subpalli-

1165 2939 1233 2980 do,
1266 2952 1355 2984 queri
1378 2942 1481 2987 coepit
1505 2942 1543 2975 de
1568 2942 1679 2975 dolore
1704 2966 1716 2983 ‚
1752 2943 1919 2978 thoracem
1943 2956 2115 2989 gravante,
2139 2949 2174 2981 in

1164 2981 1285 3018 sinistra
1311 2987 1484 3026 praesertim
1507 2995 1615 3026 parte,
1639 2988 1671 3018 in
1705 2998 1801 3030 quam
1833 2990 1948 3023 cubare
1981 3000 2045 3022 non
2085 3001 2176 3034 pote.

1169 3036 1219 3072 rat
1242 3053 1250 3060 .
1287 3028 1410 3074 Crebio
1434 3055 1443 3069 ,
1480 3028 1529 3062 scd
1567 3040 1629 3061 non
1655 3029 1855 3064 vehementer
1878 3056 1890 3073 ‚
1915 3032 2059 3067 tuffiebat
2080 3057 2094 3074 ,
2137 3038 2170 3069 δέ

1170 3071 1269 3104 serosa
1302 3072 1473 3113 exspuebat
1497 3099 1505 3106 .
1540 3072 1718 3107 Identidem
1742 3076 1883 3117 perior-is
1916 3076 2173 3119 oppressionibus

1168 3116 1342 3149 vexabatur
1365 3125 1438 3148 cum
1462 3115 1651 3150 difficultate
1685 3117 1824 3161 spirandi
1845 3142 1858 3159 ,
1893 3124 1925 3153 δε
1958 3121 2172 3155 anxietatibus

1166 3157 1273 3192 cordis
1298 3183 1305 3190 .
1354 3158 1461 3192 Pulsus
1507 3162 1648 3202 primum
1692 3162 1824 3204 quidem
1871 3175 1958 3197 rarus
1982 3186 1991 3201 ,
2037 3162 2135 3197 durus
2157 3187 2169 3204 ‚

1165 3201 1331 3235 vehemens
1353 3225 1365 3242 ,
1410 3204 1550 3237 vibratus
1576 3231 1584 3244 ,
1631 3204 1733 3239 faetus
1780 3206 1822 3241 est
1853 3207 1956 3250 postea
1979 3229 1993 3246 ,
2034 3206 2172 3249 perstan-

1167 3253 1199 3278 te
1222 3245 1340 3279 duritie
1362 3269 1376 3286 ,
1406 3247 1541 3292 celerior
1564 3271 1573 3286 ‚
1612 3251 1646 3283 δε
1677 3250 1843 3293 inaequalis
1867 3274 1875 3281 .
1910 3248 2081 3283 Abdomen
2105 3262 2170 3285 non

1166 3290 1330 3323 tumidum
1365 3315 1372 3327 ,
1421 3290 1471 3324 sed
1516 3300 1623 3326 tamen
1677 3295 1802 3327 tensum
1835 3318 1843 3325 .
1887 3294 2038 3327 Mortuus
2083 3294 2126 3328 est
2159 3319 2167 3326 .

1184 3376 1189 3382 ⁸
1299 3334 1502 3369 VENTER
1546 3347 1660 3378 aquam
1704 3336 1816 3370 habuit
1840 3362 1847 3369 .
1895 3336 1955 3369 Sed
1986 3349 2170 3380 quanquam

1164 3374 1229 3409 lien
1260 3378 1343 3423 arete
1376 3376 1455 3453 ³<er
1491 3378 1599 3422 hepati
1632 3379 1818 3414 merebatur
1838 3403 1852 3420 ,
1885 3389 1922 3413 ut
1955 3377 2017 3413 fine
2051 3380 2169 3415 lacera-

1164 3421 1254 3452 tione
1287 3424 1407 3464 separar
1444 3421 1500 3467 viii
1522 3422 1623 3466 posset
1648 3435 1659 3463 5
1693 3424 1761 3457 haec
1784 3432 1889 3457 tamen
1914 3422 1981 3457 duo
2003 3447 2012 3461 ‚
2039 3426 2069 3457 δι
2093 3436 2169 3467 pro-

1163 3465 1252 3498 xima
1282 3475 1413 3508 quoque
1443 3466 1561 3500 viscera
1595 3468 1665 3500 sana
1699 3477 1789 3501 erant
1815 3491 1823 3499 .
1857 3466 2016 3510 Lymphae
2049 3465 2170 3503 dustus

2074 3522 2131 3554 per

84 3575 91 3580 ,
125 3566 2185 3587 Ἣ

254 3654 314 3680 nist.
330 3655 399 3691 de-la
416 3657 509 3681 Medec.
527 3659 552 3682 Ρ.
573 3656 593 3681 1.
655 3656 665 3685 (
682 3666 696 3687 ν
712 3659 725 3687 )
741 3661 816 3689 Oper.
833 3664 852 3686 ι.
868 3665 891 3687 6,
906 3670 927 3687 c.
945 3669 982 3692 32·

227 3686 245 3744 ))
261 3687 297 3710 De
313 3686 383 3710 Subit
410 3689 490 3712 Mort.
508 3688 589 3712 schol.
607 3687 635 3711 ad
654 3688 709 3713 ΟΜ.
727 3689 772 3714 ult.
790 3699 805 3715 n
835 3695 857 3717 8.

258 3715 327 3744 Resi’·
345 3718 375 3741 ad
392 3718 463 3745 Epist.
481 3719 510 3742 de
528 3721 576 3743 Rec
602 3718 669 3742 Med.
687 3719 755 3744 stud.
919 3695 929 3718 ‘
944 3701 956 3717 θ
971 3695 986 3723 )
1001 3702 1025 3719 n.
1045 3702 1067 3718 ι,

227 3775 238 3809 )
254 3777 327 3808 Epist.
345 3782 381 3803 ²6.
397 3778 420 3803 ἃ
436 3786 473 3808 ²7·

194 3623 307 3685 Ιἐἒνίι-Ι.
323 3623 398 3650 etiam
415 3625 511 3651 Valseni
527 3627 669 3651 Comment.
686 3627 711 3652 in
726 3628 767 3653 eit.
785 3632 867 3655 locum
885 3639 910 3656 n.
929 3640 953 3661 4.
971 3632 994 3657 ἃ
1009 3632 1034 3657 in
1051 3635 1068 3659 1.
1086 3641 1108 3664 ς.
1125 3634 1195 3664 Epid.
1212 3642 1237 3660 n.
1254 3642 1292 3661 xi.

199 3686 216 3710 d
1044 3665 1059 3694 (
1074 3672 1091 3693 z
1108 3664 1117 3695 )
1134 3673 1158 3690 n.
1175 3674 1197 3690 ι.

197 3717 212 3739 b
847 3724 852 3728 .
962 3723 967 3727 ¹
1128 3694 1138 3724 (
1153 3696 1196 3726 f)
1212 3698 1324 3722 Encheir.
1342 3700 1414 3722 Anat.
1433 3696 1451 3721 l.
1469 3706 1492 3727 ς.
1509 3704 1529 3721 c·
1547 3701 1585 3725 46-

815 3722 825 3751 (
841 3732 850 3746 i
867 3723 882 3752 )
899 3724 990 3748 Medie-
1008 3725 1109 3750 Tetiab.
1125 3734 1148 3755 4.
1166 3728 1244 3754 Sem-i.
1261 3736 1282 3758 3.
1300 3736 1321 3753 c.
1339 3737 1379 3755 io.

194 3754 221 3808 gn
239 3755 246 3775 1
264 3746 343 3771 schol.
360 3749 392 3773 ad
408 3747 467 3772 obs.
485 3757 510 3773 ι.
526 3752 627 3778 Repent.
643 3751 722 3774 Mon.
740 3759 765 3775 n.
783 3759 820 3776 ιι,
837 3756 860 3778 ἃ,
876 3754 906 3778 de
922 3757 1014 3780 Aneur.
1033 3756 1048 3779 l.
1065 3765 1087 3780 ².
1103 3762 1124 3780 c.
1141 3761 1164 3782 6.
1182 3760 1253 3789 Prop.
1269 3761 1308 3788 48.

532 3782 544 3805 <
566 3788 583 3810 q
598 3780 612 3809 )
628 3781 771 3807 Coniment.
785 3783 816 3808 de
830 3786 924 3811 Bonon.
940 3787 978 3811 Sc.
995 3787 1071 3812 Aeta.
1088 3790 1165 3814 Tom.
1182 3798 1204 3816 1.
1220 3790 1246 3816 in
1263 3790 1353 3821 opusc.

1353 3635 1368 3664 (
1383 3643 1398 3658 u
1416 3634 1503 3669 lind.
1521 3635 1593 3665 Epist.
1613 3644 1651 3666 ²4-
1670 3644 1696 3660 n.
1714 3644 1753 3667 35.

1263 3667 1277 3696 (
1291 3675 1307 3690 a
1321 3668 1332 3693 )
1351 3664 1488 3694 Paradigm.
1504 3674 1542 3695 13·
1606 3668 1620 3697 (
1636 3665 1650 3690 b
1666 3668 1679 3696 )
1697 3667 1759 3692 ibid.
1777 3670 1816 3691 ³6.
1878 3669 1894 3699 ζ
1907 3677 1919 3693 e
1933 3669 1947 3698 2
1964 3670 1991 3693 Ρ.
2008 3668 2052 3694 cit.

1472 3728 1489 3752 k
1509 3726 1516 3755 )
1535 3729 1570 3754 De
1587 3700 1693 3754 Anning
1695 3699 1722 3753 1.)
1730 3700 1883 3759 'pepssigeuz
1899 3701 1917 3723 L
1934 3707 1958 3761 ²(
1973 3702 2172 3761 §.fh-rgepg‘n:

1374 3760 1388 3789 ς
1403 3767 1419 3783 ι.
1436 3730 1526 3789 sitia,
1587 3761 1602 3790 ς
1617 3768 1630 3784 0
1646 3761 1659 3789 )
1675 3760 1692 3786 1.
1711 3768 1732 3786 2.
1749 3763 1774 3787 s.
1792 3762 1816 3786 a.
1833 3760 1859 3786 in
1874 3761 1956 3787 sumi.
1973 3762 2003 3787 aci
2020 3761 2082 3789 obs.
2099 3740 2160 3791 27.⁴
