2498 4075
267 215 418 281 Epist.
454 213 617 267 Anat.
652 213 868 269 Medica
903 215 961 267 1..
1001 214 1123 268 Art.

87 294 299 336 aneurysmati
324 294 448 334 simile,
470 295 523 327 cui
547 301 717 337 propterea
742 293 928 335 scalpellum
950 304 1015 325 non
1047 294 1089 326 fit

86 336 302 373 adhibendum
325 363 332 370 .
363 338 507 381 Joannes
531 346 637 371 autem
675 338 836 370 Riolanus
881 336 969 378 (a)
1014 346 1089 369 ante

84 378 380 415 Sehelhammerum
426 385 436 420 (
461 378 479 412 b
502 383 512 418 )
557 381 614 423 qui
637 379 667 412 se
686 381 825 421 primum
847 379 1090 413 animadvertis-

83 422 115 455 se
140 422 201 457 hoc
216 448 225 463 ,
248 425 397 459 credebat
425 449 435 464 ‚
466 424 552 456 inter
575 423 828 460 bronchocelas,
853 434 930 464 quas
963 422 1048 464 longe
1070 432 1088 454 a

78 464 213 506 strumis
237 467 385 506 differre,
410 465 540 506 censet,
563 467 751 507 glandulam
796 468 892 508 ponit
938 465 1086 507 Thyroi-

83 510 187 543 daeam
208 511 432 553 produffiorem
454 520 517 552 quae
534 509 676 552 sarcoma
695 510 858 551 producit,
881 520 982 551 neque
1005 509 1089 541 inter

85 564 137 586 eas
161 553 258 588 ullam
282 563 440 589 memorat
456 579 465 592 ‚
487 564 557 595 quae
583 551 697 586 similis
740 554 777 586 sit
825 551 1055 593 aneurysmatis
1078 575 1087 584 .

84 597 175 629 Cave
220 601 326 631 enim'
351 597 482 636 credas,
506 596 594 638 quod
627 595 702 629 huic
726 596 860 629 Riolani
884 596 958 628 loco
981 606 1088 641 exem-

81 638 176 682 plum
198 644 360 676 continuo
382 640 554 682 subjicitur
576 641 610 672 in
636 639 846 680 Sepulchreto
871 643 881 677 (
905 650 921 671 c
944 641 955 676 )
1001 638 1088 681 ejus-

82 684 174 717 modi
197 683 426 719 bronchoceles
448 694 520 724 quae
543 684 774 724 aneurysrnatis
797 680 959 715 simillima
985 708 994 722 ‚
1027 680 1085 714 nisi

86 728 197 767 potius
221 738 332 762 verum
357 726 542 768 aneurysma
559 750 568 765 ‚
590 723 676 763 fuit,
704 726 742 759 ad
765 726 891 758 eundem
915 746 925 763 ,
958 734 994 758 ut
1039 723 1087 757 iffi

82 768 206 804 dicitur
231 794 240 809 ,
284 772 318 806 id
359 771 403 804 est
448 769 486 803 ad
512 769 715 809 Riolanum,
737 777 789 801 aut
814 767 900 801 forte
944 768 982 802 ad
1028 770 1088 801 Pa-

82 823 197 853 reum,
222 826 362 856 quorum
387 824 500 856 nempe
523 812 641 851 verba,
665 815 697 845 &
720 811 979 844 Observationes
1012 822 1088 852 pro-

82 857 188 891 dufflss
214 858 312 891 modo
336 856 460 890 fuerant
475 881 482 894 ‚
507 857 644 888 attinere
668 881 676 888 .
712 855 812 891 Quod
835 854 857 887 si
881 866 1023 897 quaeras,
1049 854 1088 888 ad

83 911 183 942 quem
206 900 310 942 igitur
334 901 440 939 illud,
464 902 494 932 ἃ
518 911 588 941 quae
610 899 675 932 duo
720 899 867 939 proxime
914 897 1089 940 sequuntur

86 944 107 984 (
124 943 144 975 d
166 946 204 985 )‚
227 945 372 985 exempla
396 943 578 981 attineant5
602 941 789 976 Severinum
812 944 826 980 (
849 953 864 975 e
885 943 899 980 >
921 941 989 983 lege
1013 963 1023 979 ,
1048 952 1088 974 ex

83 997 190 1028 eoque
214 989 275 1020 tria
297 988 352 1021 ista
376 986 544 1029 exempla,
566 985 717 1029 quamvis
729 985 947 1027 negligenter,
972 983 1090 1017 descri-

82 1039 139 1073 pta
163 1028 243 1069 effe,
267 1030 461 1073 cognosces:
486 1032 544 1072 qui
568 1029 722 1063 ultimum
745 1028 862 1061 diserte
886 1029 970 1061 inter
994 1038 1089 1060 aneu-

81 1072 226 1114 rysinata
251 1075 317 1118 ipsa
342 1072 504 1115 reposuit.
639 1071 728 1105 Mihi
761 1082 837 1104 vero
872 1070 958 1105 forte
1003 1071 1087 1103 acci-

85 1116 160 1154 dit,
186 1126 223 1150 ut
245 1127 297 1151 tot
323 1118 411 1150 inter
435 1128 506 1158 quae
531 1112 683 1152 diffecui,
707 1115 866 1148 tumentia
892 1115 972 1148 colla
1017 1124 1088 1153 quae

82 1159 302 1194 bronchocele
325 1160 494 1194 credebant
517 1158 650 1195 affeEta,
675 1158 794 1191 vitium
818 1170 912 1192 omne
936 1160 968 1191 in
993 1156 1090 1198 Thy-

83 1203 205 1237 roidaea
228 1204 381 1246 glandula
406 1203 525 1245 semper
547 1201 759 1240 offenderim,
786 1211 863 1235 tunc
889 1202 985 1234 etiarn
1018 1211 1093 1249 cum

83 1255 152 1281 erat
176 1258 291 1281 cavum
315 1246 547 1289 aneurysmatis
573 1246 691 1281 simile,
714 1253 799 1279 certe
825 1255 929 1278 autem
963 1243 1089 1285 sangui-

82 1302 124 1324 ne
148 1290 298 1331 plenum.
322 1291 406 1333 Qae
433 1301 510 1323 meae
534 1288 787 1322 Observationes
810 1290 912 1326 varii,
938 1289 969 1320 &
1002 1286 1087 1320 mul-

88 1334 211 1376 tiplicis
233 1336 266 1367 in
290 1342 436 1368 tumente
458 1345 492 1367 ea
517 1332 666 1375 glandula
690 1333 765 1365 vitii
799 1343 873 1365 cum
905 1331 997 1365 editae
1033 1341 1088 1363 ex-

88 1386 162 1411 tent
187 1377 332 1420 Epistola
356 1377 557 1411 Anatomica
581 1377 640 1409 IX.
665 1373 721 1418 (f
736 1378 771 1414 );
791 1385 856 1407 non
880 1374 922 1409 est
943 1384 1000 1407 cur
1031 1373 1087 1407 hic

84 1428 294 1462 repetantur.
322 1422 421 1453 Porro
445 1420 521 1453 alias
544 1418 639 1453 habes
662 1420 695 1451 in
720 1418 871 1461 Epistolis
894 1428 973 1460 quas
999 1415 1037 1450 ad
1059 1427 1089 1450 te

87 1463 158 1496 mifi
185 1464 239 1506 (g
262 1468 297 1503 ),
326 1463 466 1506 aliasque
490 1462 553 1496 huc
578 1461 691 1496 addam
711 1487 720 1501 ,
743 1474 781 1495 ex
824 1461 944 1503 quibus
990 1462 1091 1501 inagis

85 1507 254 1550 magisque
278 1516 313 1540 ut
338 1507 418 1540 varii
441 1506 502 1539 sint
527 1506 638 1540 morbi
655 1505 744 1538 illius
768 1504 946 1546 glandulae,
969 1504 1094 1537 intelli-

87 1561 165 1592 gas,
190 1560 244 1583 aut
270 1550 381 1583 saltem
405 1550 513 1592 qualia
537 1548 596 1582 sint
621 1549 685 1591 ejus
710 1548 899 1582 morborum
925 1548 1041 1580 initia.

128 1604 180 1635 3¹-
206 1593 436 1626 MULIERIS
461 1594 494 1624 in
519 1592 581 1626 hoc
594 1589 924 1634 Gymnafiodiffestae
941 1593 979 1622 A.
999 1600 1095 1633 1741.

84 1638 174 1678 cujus
197 1637 354 1678 reliquam
380 1633 546 1669 historiam
571 1636 726 1673 mittam,
751 1645 824 1667 cum
850 1637 888 1667 de
914 1633 1098 1667 Arthritide

86 1691 182 1722 agam
203 1681 216 1718 (
234 1679 298 1718 h),
324 1677 561 1719 Thyroidaeam
586 1677 768 1720 glandulam
792 1676 859 1709 vidi
886 1676 1098 1719 multoquam

91 1733 223 1765 aequum
246 1720 341 1758 esset,
364 1720 567 1762 craffiorem,
592 1720 823 1754 subrotundam
838 1743 846 1757 ,
871 1730 1037 1762 totamque
1061 1722 1095 1754 in

88 1765 120 1799 se
142 1765 372 1807 conglobatam
389 1789 396 1795 .
422 1765 601 1798 Incidendo
624 1765 760 1801 duram,
786 1774 881 1805 atque
908 1765 985 1797 adeo
1020 1765 1095 1797 scir-

86 1808 217 1843 rhosam
242 1809 370 1849 reperi,
393 1808 477 1841 inter
501 1808 711 1841 substantiam
732 1807 852 1840 coloris
899 1819 937 1840 ex
980 1818 1097 1841 carneo

88 1851 170 1886 fusci
195 1852 267 1884 alba
291 1850 344 1884 hic
368 1851 438 1884 illic
462 1850 653 1893 interjeffta.

126 1906 180 1937 32.
206 1894 425 1930 FOEMINAE
449 1895 698 1937 alteriusjcaput‚
712 1895 743 1926 &
756 1894 1033 1933 collumibidem,
1047 1906 1100 1927 eo-

87 1937 224 1980 demque
249 1948 333 1970 anno
359 1935 597 1978 persecantibus
607 1949 683 1971 cum
705 1948 739 1969 ea
762 1937 801 1970 de
825 1949 887 1979 qua
913 1939 1099 1980 loquimur,

83 1981 235 2023 glandula
248 1979 466 2014 animadversa
477 1980 551 2013 esset
564 1980 601 2012 ad
616 1981 720 2013 imum
734 1979 891 2013 finistrum
905 1980 1018 2014 lobum
1031 1981 1101 2014 sub-

81 2022 498 2065 dura3utrumquelobum
522 2022 702 2057 discindens
727 2024 898 2057 secundum
923 2023 1101 2066 longitudi-

81 2079 168 2104 nem,
180 2068 354 2108 plures,nec
367 2077 476 2108 parvas
487 2067 564 2100 albae
579 2066 759 2101 substantiae
776 2070 942 2108 portiones
956 2069 1097 2110 utrique,

83 2113 116 2143 ὃ(
129 2110 306 2153 praesertim
329 2109 474 2146 dexrero,
489 2110 685 2144 intermistas
698 2110 865 2152 conspexi,
879 2113 911 2143 in
925 2111 1028 2144 altero
1043 2122 1098 2144 au·-

83 2164 150 2187 tem
162 2166 225 2196 qua
238 2152 411 2187 subdurum
424 2151 527 2190 fuisse,
539 2153 622 2191 dixi,
633 2152 786 2186 inclusam
799 2155 913 2195 cystim
926 2165 964 2186 ex
977 2152 1073 2187 crassa
1083 2176 1096 2194 ,

86 2197 224 2240 albaque
252 2197 385 2234 tunica,
408 2207 471 2238 qua
495 2195 605 2230 flavus
628 2196 745 2230 humor
776 2195 815 2230 ad
860 2195 1095 2240 spissitudinem

82 2251 216 2283 vergens
240 2239 484 2273 continebatur.

126 2295 180 2326 33.
205 2283 327 2316 VIRO
351 2282 442 2323 cujus
465 2282 513 2315 ibi
537 2281 654 2316 eaedem
688 2284 792 2317 Partes
828 2295 882 2326 per
928 2295 980 2317 eos
1025 2283 1092 2318 dies

87 2327 362 2365 consecabantur,
386 2325 598 2368 Thyroidaeae
622 2325 780 2368 glandulae
804 2326 883 2360 alter
907 2327 1001 2361 Iobus
1025 2329 1092 2361 ma-

86 2369 141 2414 jor
167 2379 231 2403 erat
254 2369 378 2405 altero,
403 2379 459 2402 nec
484 2369 580 2411 paulo
603 2371 717 2403 altior.
748 2371 834 2403 Cum
862 2372 1018 2404 attentius
1040 2373 1093 2404 in-

86 2414 261 2455 speRarem
284 2411 440 2446 summam
464 2411 532 2445 lobi
559 2412 645 2446 illius
669 2422 790 2454 partem
806 2438 815 2451 ‚
837 2425 908 2455 quae
932 2423 999 2448 erat
1032 2415 1093 2448 du-

83 2456 222 2494 riffim23
249 2455 484 2488 membraneam
508 2457 646 2489 vefieam
670 2457 704 2499 in
728 2467 761 2490 ea
776 2456 1012 2499 semisepultam
1024 2459 1092 2490 ani-

84 2499 246 2534 madverti
271 2498 490 2531 rotundiffimi
514 2499 606 2540 globi
632 2498 735 2532 forma
765 2513 774 2533 ε
820 2511 882 2542 qua
930 2502 1055 2542 pertusa
1080 2524 1090 2539 ,

83 2543 204 2577 humor
229 2541 352 2586 prodiit
376 2541 502 2582 flavus,
527 2540 753 2585 viscidusque,
778 2552 813 2577 ut
845 2544 945 2577 bilem
988 2544 1090 2578 refer-

83 2596 134 2620 ret
161 2612 168 2618 .

61 2659 63 2661 ,
126 2641 179 2672 34.
206 2628 441 2662 MULIERIS
468 2629 583 2672 larynx
616 2628 740 2664 ibidem
784 2630 1000 2674 apparabatur
1044 2634 1087 2665 A.

85 2682 182 2716 1744.
208 2673 363 2705 DetraRa
386 2673 494 2705 eadem
519 2672 670 2715 glandula
695 2672 799 2713 major
823 2685 920 2716 quarn
957 2674 1053 2708 soleat
1080 2701 1090 2715 ,

88 2728 124 2749 ac
148 2716 335 2757 turgidior,
358 2716 510 2757 globulos
532 2716 687 2759 quosdam
712 2728 749 2750 ex
772 2727 861 2759 parte
884 2718 990 2760 aliqua
1034 2730 1092 2751 ex-

86 2759 202 2791 stantes
218 2783 226 2797 ‚
251 2758 373 2799 reliqua
398 2760 480 2791 intra
507 2758 535 2792 se
561 2760 709 2793 conditos
733 2760 917 2794 ostendebat
941 2783 951 2798 ‚
984 2760 1090 2794 forma

85 2812 199 2834 ornnes
224 2800 386 2840 rotunda,
410 2801 461 2835 sed
485 2803 545 2835 alia
570 2803 649 2836 alios
674 2804 894 2845 magnitudine
919 2830 926 2837 .
979 2804 1089 2837 Maxi-

86 2856 158 2877 mus
184 2843 377 2877 mediocrem
402 2857 470 2878 uvae
496 2847 623 2879 acinum
647 2848 815 2888 aequabat:
838 2847 947 2880 caeteri
983 2847 1089 2881 multo

88 2896 178 2921 erant
204 2889 362 2920 minores.
378 2888 510 2922 Horum
534 2892 643 2922 tunica
665 2892 858 2931 compunfia
875 2917 884 2930 ‚
906 2891 1024 2924 humor
1036 2903 1089 2923 ex-

92 2930 196 2964 filivit
222 2929 313 2963 nullo
335 2931 464 2971 colore,
487 2943 574 2975 aquae
601 2932 716 2965 instar.
743 2934 800 2967 Sed
826 2935 984 2967 maximus
1018 2935 1089 2966 lon-

90 2985 129 3015 ge
154 2975 233 3007 alius
259 2981 324 3006 erat
348 2976 492 3015 generis‚·
514 2987 551 3009 ex
577 2975 669 3009 firma
691 2977 802 3016 enim,
826 2988 862 3011 ut
908 2975 1089 3010 dissecando

88 3016 258 3060 perspexi,
281 3016 444 3050 constabat
469 3019 662 3062 substantia,
690 3030 758 3061 ejus
779 3031 844 3053 non
879 3021 923 3053 ita
947 3020 1088 3053 diffimili

89 3071 129 3092 ex
152 3072 214 3102 qua
238 3060 398 3103 glandulae
421 3062 647 3104 conglobatae,
670 3062 744 3095 albo
767 3073 871 3097 autem
905 3064 1016 3097 colore
1049 3076 1089 3098 ex

88 3102 248 3137 subrubra
272 3102 444 3141 obsoleto,
467 3105 523 3138 nisi
548 3117 610 3148 qua
634 3108 738 3147 parvis
763 3107 895 3140 maculis
917 3107 1003 3148 quasi
1028 3109 1090 3140 atri

88 3146 256 3188 sanguinis
281 3147 333 3180 hic
356 3147 423 3179 illic
445 3147 717 3190 distinguebatur,
758 3152 789 3183 δι
813 3151 938 3192 exiguis
970 3149 1090 3185 alicubi

88 3191 216 3231 caveis,
240 3189 321 3223 nihil
345 3193 587 3225 continentibus
599 3219 607 3227 .

134 3242 185 3274 35.
212 3233 403 3266 MULIER
427 3234 524 3268 altera
550 3236 644 3276 paulo
666 3235 736 3278 post
761 3237 874 3277 illam,
899 3236 948 3269 sed
973 3236 1005 3268 in
1018 3237 1092 3269 No-

89 3275 239 3309 socomio
254 3302 263 3316 ‚
287 3275 417 3310 dissecta
433 3304 442 3317 ‚
465 3278 498 3310 in
522 3278 722 3320 Thyroidaea
745 3281 898 3322 glandula
924 3280 960 3312 ad
994 3280 1093 3314 bafirn

89 3319 159 3354 lobi
183 3321 306 3352 dexteri
331 3320 437 3353 album
461 3323 683 3363 corpusculum
706 3324 841 3357 habebat
865 3326 957 3366 grani
982 3325 1091 3357 ciceris

89 3363 333 3404 magnitudine,
357 3366 386 3395 δέ
411 3363 497 3406 quasi
523 3363 647 3405 forma,
672 3366 819 3400 nonnihil
843 3377 930 3400 extra
955 3367 1089 3409 glandu-

89 3406 155 3438 lam
182 3407 386 3446 prominens:
410 3407 496 3449 quod
519 3408 683 3449 incidens,
706 3410 825 3445 osseum
850 3411 959 3453 potius
992 3422 1088 3452 quam

88 3449 336 3489 cartilagineum
359 3449 419 3483 esse
435 3474 444 3488 ‚
469 3454 632 3492 cognovi.

133 3495 185 3535 36.
204 3492 410 3536 JUVENIS
434 3504 473 3526 ex
497 3494 591 3528 ascite
615 3498 759 3532 mortui,
784 3509 855 3530 cum
879 3497 1011 3530 meliora
1024 3508 1087 3530 non

180 3537 345 3577 Morgagnz'
355 3537 390 3569 de
401 3538 467 3569 Sed.
482 3541 522 3572 ΘΝ
533 3541 617 3588 Cata.
632 3540 731 3572 Morb.
747 3542 847 3574 Tom.
861 3543 906 3574 II.

155 3632 167 3660 (
183 3641 197 3657 a
212 3633 225 3661 )
246 3633 355 3658 Encheir.
376 3636 446 3658 Anat.
464 3637 481 3659 1.
498 3644 521 3665 4.
541 3644 564 3661 c.
581 3645 605 3666 7.
667 3638 681 3668 (
696 3639 710 3662 b
726 3639 740 3668 )
755 3639 774 3663 l.
790 3641 832 3665 cit.
851 3642 874 3664 S.
892 3642 915 3665 δι
931 3644 956 3666 P.
973 3643 1015 3667 ead
1031 3651 1054 3667 n.
1072 3646 1111 3673 83.

152 3664 166 3691 (
186 3672 198 3687 e
216 3666 223 3693 )
240 3667 275 3688 De
287 3665 387 3698 pretend.
404 3664 494 3690 abscessi
512 3672 563 3691 nat.
580 3670 597 3692 ἱ,
615 3677 639 3695 4.
657 3677 679 3692 e.
699 3673 721 3692 6.
740 3669 762 3692 &
777 3678 799 3699 7.

154 3694 169 3722 (
184 3695 198 3717 h
220 3699 233 3723 2
248 3695 326 3728 Epist:
345 3703 382 3724 57.
400 3703 423 3718 n.
441 3703 467 3729 2..
488 3726 495 3730 Ι
523 3695 533 3726 f
550 3698 560 3719 i
576 3699 588 3727 )
605 3699 674 3727 Epist.
694 3707 715 3727 9.
734 3708 759 3723 n.
774 3709 812 3728 40.

153 3725 161 3750 (
182 3733 204 3747 m
225 3739 230 3752 f
249 3725 302 3748 v1d.
322 3733 345 3748 in
364 3725 495 3749 Bartholini
514 3729 583 3752 Cent.
602 3737 623 3752 2.
644 3729 714 3757 Epist.
732 3731 825 3754 Medic.

154 3755 169 3808 tC
217 3756 230 3783 >

156 3816 165 3844 s

210 3786 222 3846 ζ
241 3786 326 3814 opusc.
347 3787 438 3810 Pathol.
458 3787 514 3811 Obs.
531 3792 557 3811 6.

236 3824 261 3840 η.
281 3825 316 3845 30·
336 3818 357 3840 ἃ
374 3816 436 3846 seqq.
455 3818 523 3847 usque
541 3820 570 3844 ad
587 3829 626 3849 4¹·
688 3822 702 3851 ζ
721 3829 737 3844 u
750 3821 764 3850 )
781 3829 805 3845 n.
825 3826 863 3851 36.
880 3825 901 3846 ἃ
919 3831 954 3852 37.

864 3671 905 3701 (f
921 3674 927 3700 l
943 3681 965 3696 n.
984 3676 1019 3702 38.
1037 3676 1060 3697 ὁ(
1077 3674 1121 3703 seq.

874 3703 888 3730 (
905 3702 920 3726 k
937 3703 949 3731 )
965 3704 1024 3726 Obs.
1039 3710 1076 3732 3¹.
1094 3705 1118 3728 in
1134 3705 1181 3729 fine

334 3755 339 3758 .
888 3734 928 3757 (n
944 3734 957 3762 )
973 3736 1030 3757 Dec.
1047 3734 1102 3758 obi:
1124 3736 1208 3759 illustr.
1227 3738 1290 3760 Anat
1317 3735 1374 3759 ΟΜ.
1393 3746 1407 3765 4

246 3757 362 3779 Mernoir.
378 3755 406 3779 de
422 3756 503 3780 Math.
521 3757 544 3781 &
560 3759 588 3783 de
604 3759 675 3788 Phys.
693 3760 808 3788 presente's
824 3761 837 3784 a
853 3762 943 3786 l'Acad.
962 3765 1040 3787 R.des
1049 3767 1166 3788 Sc.Tom.
1183 3774 1203 3789 1.
1214 3774 1265 3795 pau.
1279 3768 1381 3794 168.169

1137 229 1210 283 31·
1230 229 1304 281 32-
1328 230 1403 283 33·
1424 229 1502 280 34·
1519 228 1593 284 35·
1611 214 1687 282 36.
1722 219 1776 275 a<
1802 233 1877 280 37⁴
1978 231 2070 280 275

1139 294 1363 336 suppeterent,
1387 296 1535 335 collum,
1559 299 1589 329 &
1614 306 1709 340 caput
1734 298 1773 331 ad
1805 300 1995 331 Anatomen
2029 297 2136 338 publi-

1139 348 1208 369 cam
1232 335 1454 372 absolvendam
1480 341 1520 371 A.
1549 349 1643 382 1747.
1669 341 1703 373 in
1727 341 1908 375 Theatrum
1933 340 2021 373 illata
2046 339 2137 373 sunt.

1140 382 1178 413 I‘n
1202 380 1319 422 quibus
1342 393 1415 415 cum
1439 391 1555 415 caetera
1579 392 1685 416 tamen
1711 382 1752 416 sic
1797 385 1872 418 satis
1916 382 2013 417 essent
2055 383 2137 414 intra

1139 431 1261 456 naturae
1299 425 1456 462 modum3
1480 425 1630 466 glandula
1664 438 1759 469 quam
1795 427 1906 470 saepius
1951 426 2138 467 nominavi-

1140 477 1233 502 mus,
1257 477 1351 509 aequo
1373 468 1499 501 craffior
1522 468 1611 509 fuit,
1636 469 1673 503 ad
1699 472 1797 504 imam
1821 479 1925 504 autem
1959 469 2027 503 lobi
2062 468 2137 500 alte-

1139 511 1204 542 rius
1226 519 1348 552 partem
1371 512 1470 544 etiam
1494 511 1627 545 durior.
1653 513 1732 554 Qo
1755 514 1829 548 loco
1852 513 2015 548 diffefflrm
2059 522 2138 544 con-

1139 552 1218 585 stare
1243 553 1310 585 vidi
1332 554 1418 597 quasi
1443 566 1481 587 ex
1503 555 1650 589 veficulis
1672 558 1839 594 rotundis,
1863 569 1958 591 muco
2004 555 2106 598 plenis
2129 579 2136 585 -

1141 595 1320 629 Substantia
1347 597 1467 638 reliqua
1483 621 1496 636 ‚
1518 597 1539 629 fi
1565 602 1709 634 exterius
1731 601 1926 642 inspiceres3
1957 598 2140 642 glandulam

1137 639 1171 671 in
1196 640 1437 681 grandiusculos
1463 640 1595 675 divisam
1640 644 1766 677 lobulos
1788 654 1802 683 ;
1831 642 1853 677 fi
1889 644 2024 676 interius
2049 665 2074 681 ,,
2105 641 2140 673 in

1137 683 1306 759 f‘inussffi’
1329 683 1380 717 sed
1405 685 1508 725 magis
1530 696 1627 727 quam
1642 687 1786 727 soleant,
1809 685 2000 725 distinffiios,
2027 695 2141 728 reprae-

1153 735 1222 758 enta
1250 735 1301 759 at.

1183 780 1236 811 37.
1262 771 1313 802 Ex
1338 769 1638 805 Observationibus
1661 769 1748 806 hisce
1792 773 1968 815 intelligis,
1993 772 2144 813 Thyroi-

1137 811 1212 845 daeae
1237 812 1397 854 glandula:
1421 823 1585 855 tumores,
1610 824 1666 849 aut
1690 824 1856 850 tumorum
1880 818 1977 849 initia
2000 816 2144 849 crebrius

1138 856 1319 896 muliebri,
1341 868 1438 898 quam
1452 857 1561 891 nostro
1572 858 1680 895 sexui,
1704 862 1915 902 contingere..
1941 858 2040 897 Quod
2064 859 2141 891 &in

1140 897 1296 941 Epistolis
1320 900 1526 934 Anatomicis
1550 906 1560 941 (
1585 902 1632 944 i)
1656 902 1819 940 indicavi,
1846 908 1877 937 &
1900 913 1935 937 tu
1959 914 1998 935 ex
2033 901 2143 934 bron-

1136 941 1282 976 choceles
1304 944 1457 986 exemplis
1479 944 1629 986 conjicies
1651 956 1722 988 quae
1745 946 1778 979 in
1803 946 2048 986 Sepulchretum
2094 954 2144 977 re-

1141 986 1205 1018 lata
1229 986 1319 1022 sunt,
1345 988 1486 1027 primum
1512 989 1535 1021 fi
1561 990 1668 1021 omnia
1679 989 1905 1030 quideminter
1918 990 1945 1023 se
1968 987 2140 1026 conferas,

1141 1039 1243 1069 neque
1256 1030 1386 1063 enimin
1400 1030 1459 1064 hac
1475 1030 1572 1064 modo
1596 1032 1745 1065 Sestione
1772 1033 2038 1070 invenies,sed&
2061 1031 2141 1064 libri

1141 1072 1207 1117 111.
1230 1072 1314 1104 sect.
1338 1072 1368 1105 8.
1393 1078 1404 1113 (
1428 1073 1446 1113 k
1468 1076 1479 1110 >
1505 1077 1535 1106 &
1559 1074 1634 1107 libri
1658 1075 1704 1108 ΙΙ.
1730 1077 1812 1109 Seu.
1839 1087 1867 1110 2.
1892 1076 1937 1118 (l
1960 1079 1970 1115 )
1995 1087 2068 1118 quae
2089 1074 2145 1108 hic

1141 1123 1231 1156 Juxta
1254 1114 1518 1150 consuetudinem
1551 1117 1637 1150 suam
1682 1130 1936 1153 commemorare
1981 1119 2144 1152 Bonetum

1142 1157 1286 1190 oblitum
1312 1159 1436 1199 miror;
1457 1158 1571 1193 deinde
1594 1160 1616 1192 si
1640 1171 1674 1193 ea
1699 1160 1830 1203 seponas
1876 1175 1947 1205 quae
1991 1162 2029 1195 ad
2074 1170 2147 1194 vera

1143 1200 1364 1241 aneurysmata
1392 1203 1500 1244 potius
1526 1204 1685 1241 attinent,
1713 1205 1801 1246 quod
1834 1204 2030 1239 conferendo
2074 1215 2148 1237 cum

1142 1246 1182 1275 iis
1207 1244 1299 1276 libris
1323 1243 1407 1278 unde
1430 1257 1558 1287 accepta
1584 1245 1677 1285 sunt,
1701 1246 1828 1282 facilius
1852 1249 2033 1290 intelliges.
2060 1249 2150 1281 Con-

1138 1285 1220 1320 ferre
1244 1297 1373 1325 autem,
1399 1297 1434 1322 ut
1459 1291 1675 1331 opinor,non
1698 1292 1864 1333 oportebit
1890 1292 2151 1326 alterumeorum

1142 1342 1214 1373 quae
1238 1330 1325 1363 libro
1348 1330 1394 1364 ΙΙ.
1410 1342 1656 1375 proponuntur,
1681 1345 1720 1367 ex
1732 1335 1961 1369 Moinichenio
1975 1334 2150 1372 videlicet;

1141 1383 1218 1408 tunc
1242 1376 1327 1406 enim
1352 1386 1537 1416 monerem,
1559 1385 1596 1410 ut
1620 1388 1677 1418 pro
1699 1378 1788 1419 Epid-
1803 1391 1857 1421 77.
1881 1378 2152 1420 quemadmodum

1141 1418 1177 1463 in
1202 1416 1412 1458 Sepulchreto
1435 1419 1558 1452 editum
1581 1419 1646 1457 est,
1668 1420 1765 1462 Epist.
1793 1423 1910 1464 legeres
1938 1428 1989 1465 873
2015 1421 2058 1455 ad
2090 1421 2152 1454 hu-

1145 1471 1194 1502 ]us
1220 1461 1307 1493 enim
1331 1461 1426 1494 finem
1451 1462 1485 1495 id
1510 1462 1631 1504 scripsit
1656 1463 1695 1497 ad
1719 1464 1950 1499 Bartholinum
1975 1469 2033 1506 (m)
2061 1465 2153 1497 Moi-

1146 1502 1334 1536 nichenius.
1362 1505 1465 1538 Nulla
1490 1515 1594 1538 autem
1618 1518 1699 1547 opus
1722 1507 1906 1549 conjeflura
1931 1510 2028 1548 eslet,
2051 1507 2073 1540 fi
2095 1508 2154 1549 qui

1147 1550 1181 1580 in
1209 1547 1419 1580 bronchocele
1430 1560 1499 1591 quae
1510 1548 1800 1592 deprehenderint,
1824 1553 2050 1592 tradiderunt,
2073 1561 2157 1592 quo-

1148 1591 1248 1624 modo
1272 1590 1301 1623 se
1325 1590 1526 1632 Thyroidaea
1553 1592 1702 1633 glandula
1728 1592 1881 1633 haberet,
1920 1607 1985 1629 non
2030 1593 2156 1629 omisis-

1149 1636 1239 1667 sent:
1265 1634 1305 1668 ad
1328 1645 1425 1677 quam
1449 1644 1557 1668 tamen
1582 1635 1693 1676 saepius
1716 1637 1770 1668 illa
1796 1639 1982 1678 attinuisse,
2013 1650 2085 1672 curn
2118 1649 2157 1670 ex

1154 1677 1318 1710 nonnullis
1340 1688 1453 1711 eorum
1477 1678 1605 1715 verbis,
1631 1689 1700 1712 tum
1727 1683 1827 1723 magis
1851 1694 1889 1715 ex
1913 1685 1991 1714 meis
2015 1682 2158 1724 suspicor

1151 1721 1190 1753 ad
1215 1719 1276 1760 hoc
1300 1720 1396 1763 usque
1420 1731 1544 1764 tempus
1567 1722 1687 1755 habitis
1711 1724 2007 1758 Observationibus
2030 1752 2037 1759 .
2084 1726 2158 1757 Cae-

1152 1775 1258 1798 terum
1305 1764 1374 1797 illas
1420 1776 1550 1807 quoque
1594 1764 1747 1806 inspicias
1793 1768 1892 1802 velim
1917 1780 1993 1810 quas
2020 1768 2087 1811 post
2112 1769 2158 1801 al-

1151 1817 1252 1840 teram
1283 1806 1481 1848 Sepulchreti
1502 1809 1677 1842 editionem
1704 1809 1775 1843 Viri
1789 1812 1960 1845 Clariffimi
1985 1813 2158 1854 vulgarunt

1150 1852 1312 1884 Henricus
1336 1850 1488 1884 Albertus
1512 1852 1645 1884 Nicolai
1669 1855 1682 1891 (
1705 1854 1783 1894 n),
1808 1855 1890 1888 Phil.
1919 1856 2020 1889 Coni’.
2046 1856 2160 1890 Fabri-

1151 1896 1220 1927 cius
1243 1898 1254 1933 ζ
1278 1905 1294 1926 0
1318 1897 1350 1932 ),
1375 1893 1522 1928 Medicus
1545 1895 1660 1928 (jai-lus
1685 1897 1857 1931 Lalouette
1902 1899 1955 1940 (p
1981 1904 2012 1938 ),
2055 1900 2157 1944 janus

1157 1938 1291 1970 Plancus
1316 1937 1369 1978 (q
1386 1937 1428 1978 )‚
1453 1938 1603 1972 Albertus
1629 1938 1781 1974 Hallerus
1804 1945 1817 1982 (
1840 1941 1910 1985 r),
1934 1943 2055 1986 aliique
2081 1966 2090 1981 ,
2124 1945 2158 1976 in

1155 1981 1227 2018 his,
1250 1978 1338 2022 quod
1361 1991 1399 2013 ex
1424 1981 1577 2015 Boeclero
1600 1981 1682 2024 (s)
1708 1983 1772 2018 scio
1795 2009 1807 2025 ,
1840 1984 2000 2020 Lauthius
2025 2012 2033 2020 .
2081 1988 2158 2021 Alia

1156 2024 1236 2069 alios
1258 2025 1336 2057 vitia
1360 2026 1392 2056 in
1416 2024 1617 2066 Thyroidaea
1644 2027 1793 2068 glandula
1807 2028 1937 2069 vidisse,
1960 2030 2062 2072 leges,
2088 2033 2159 2072 ple-

1156 2069 1270 2110 rosque
1294 2075 1400 2101 autem
1424 2068 1502 2101 dura
1525 2080 1661 2111 corpora
1684 2072 1911 2114 cartilaginea,
1934 2073 2040 2113 ossea,
2074 2077 2156 2118 lapi-

1150 2111 1230 2150 dea,
1254 2114 1284 2142 &
1307 2122 1542 2153 nonnunquam
1564 2112 1664 2156 ipsam
1687 2113 1803 2148 osseam
1829 2115 1969 2154 factam,
1994 2128 2050 2151 aut
2074 2119 2159 2161 lapi-

1150 2153 1327 2187 descentem
1346 2179 1354 2187 .
1380 2155 1462 2188 Noli
1485 2167 1563 2189 vero
1588 2165 1756 2199 propterea
1780 2160 1855 2201 quia
1879 2170 1943 2193 non
1990 2172 2071 2195 nnus
2114 2163 2157 2197 est

1148 2198 1228 2240 qui,
1255 2207 1291 2230 ut
1313 2208 1371 2239 ego
1394 2209 1546 2241 quoque,
1570 2199 1665 2246 hosce
1687 2202 1850 2236 interdum
1865 2224 1876 2240 ‚
1900 2213 1954 2237 aut
1979 2205 2057 2238 alios
2069 2217 2156 2240 rnor-

1148 2241 1206 2275 bos
1229 2242 1262 2273 in
1288 2240 1391 2273 altero
1414 2241 1583 2277 dumtaxat
1608 2255 1676 2285 ejus
1698 2244 1777 2279 lobo
1801 2271 1809 2285 ‚
1843 2248 1973 2289 integro
2017 2249 2120 2283 altero
2143 2272 2154 2287 ‚

1148 2283 1435 2320 animadverterit,
1459 2287 1548 2323 noli,
1571 2287 1704 2328 inquam
1729 2288 1899 2331 suspicari,
1925 2291 2050 2325 unicam
2070 2291 2154 2327 haud

1148 2327 1206 2362 esse
1229 2327 1309 2362 hanc
1331 2328 1538 2372 glandulam,
1565 2329 1615 2376 sed
1637 2329 1734 2368 duas;
1768 2332 1826 2366 nisi
1870 2333 1954 2366 idem
2001 2334 2155 2378 suspicari

1147 2373 1226 2405 velis
1248 2374 1287 2405 de
1310 2373 1413 2410 liene,
1438 2384 1492 2408 aut
1516 2373 1555 2407 de
1577 2374 1742 2415 jecinore,
1772 2387 1844 2410 cum
1892 2377 1988 2410 altera
2033 2377 2152 2415 horum

1145 2426 1216 2458 pars
1229 2437 1238 2453 ,
1265 2416 1347 2449 salva
1373 2418 1491 2458 altera,
1515 2417 1629 2452 morbo
1652 2419 1806 2460 quopiam
1817 2430 1963 2463 correpta
1977 2421 2019 2456 esl:
2033 2448 2040 2455 .
2056 2423 2148 2457 Mul-

1145 2468 1182 2491 to
1207 2468 1313 2492 autern
1338 2464 1439 2502 magis
1463 2473 1538 2494 cave
1561 2462 1617 2495 ubi
1643 2461 1897 2505 Disquifitiones
1920 2465 2073 2507 quasdam
2101 2467 2146 2501 le·

1145 2512 1199 2544 ges
1224 2502 1314 2551 super
1338 2504 1486 2544 glandula
1512 2504 1734 2548 Thyroidaea‚
1757 2518 1795 2540 ne
1821 2507 1912 2542 facile
1937 2510 2151 2551 pollicitatio·³

1144 2556 1199 2579 nes
1222 2546 1368 2580 alliciant
1393 2557 1427 2581 te
1449 2558 1521 2591 quae
1545 2550 1644 2583 initio
1668 2561 1857 2585 occurrent.
1884 2553 1940 2586 Sed
1980 2558 2067 2595 prius
2100 2568 2149 2590 at-

1142 2598 1230 2622 tente
1255 2590 1379 2633 perlege
1401 2591 1560 2634 quidquid
1584 2592 1622 2626 de
1645 2593 1796 2635 glandula
1822 2607 1884 2629 non
1910 2598 2007 2631 modo
2021 2601 2150 2641 Episto-

1141 2631 1172 2665 la
1196 2634 1394 2667 Anatomica
1422 2636 1480 2670 IX.
1504 2640 1515 2675 (
1539 2642 1554 2668 t
1578 2638 1592 2678 )
1615 2648 1725 2672 verum
1749 2640 1850 2673 etiam
1874 2642 1913 2673 iis
1935 2653 2006 2683 quae
2020 2645 2148 2684 Episto-

1143 2675 1172 2721 la
1197 2676 1304 2709 eadem
1328 2677 1471 2719 indicat,
1494 2678 1573 2712 locis
1600 2682 1626 2714 I.
1651 2682 1694 2714 V.
1719 2685 1749 2714 δε
1774 2683 1838 2716 VI.
1872 2685 2146 2722 Adversariorum

1143 2719 1298 2768 scriptum
1323 2721 1385 2758 est,
1409 2724 1439 2755 δε
1462 2733 1538 2756 tunc
1563 2723 1692 2759 demum
1726 2725 1797 2759 illas
1841 2739 1973 2771 quoque
2019 2731 2145 2773 perlege

1142 2763 1415 2809 Disquisitiones.
1442 2766 1600 2801 Laudabis
1623 2769 1776 2810 quidem,
1801 2782 1850 2805 me
1875 2773 2050 2814 probante,
2076 2769 2147 2809 Au-

1141 2806 1242 2839 ctoris
1267 2807 1490 2856 voluntatem,
1515 2820 1731 2853 conatumque
1753 2813 1961 2852 illustrandi,
1997 2829 2031 2850 ac
2068 2829 2145 2860 prou

1142 2849 1540 2898 movendi'suspicionem
1565 2855 1653 2887 illam
1677 2866 1779 2889 meam
1803 2858 1840 2891 de
1866 2858 2011 2899 pluribus
2031 2883 2044 2900 ,
2091 2861 2144 2896 sed

1141 2892 1330 2925 tenuiffimis
1353 2895 1385 2924 in
1410 2894 1577 2938 laryngern
1601 2897 1814 2934 desinentibus
1829 2902 2037 2943 Thyroidaeae
2053 2905 2143 2942 glan-

1140 2935 1223 2967 dulae
1248 2935 1514 2971 canaliculi5.At
1538 2939 1629 2973 simul
1653 2944 1782 2983 optabis
1805 2955 1840 2976 ut
1864 2945 1921 2978 hos
1945 2945 2039 2988 longe
2053 2942 2142 2981 halios

1141 2989 1177 3011 ac
1203 2977 1347 3021 lymphae
1370 2980 1504 3021 duetus,
1526 2982 1583 3016 esle
1607 2985 1814 3027 conjecisset,
1839 2987 1953 3022 horum
1978 2991 2143 3028 officii‚&

1135 3021 1305 3071 str-u6'turae
1331 3034 1472 3057 memor:
1496 3027 1530 3058 in
1554 3030 1676 3061 caeteris
1702 3040 1827 3068 autem,
1851 3044 1921 3073 quae
1945 3044 2013 3065 mea
2046 3034 2142 3074 sunt,

1143 3064 1226 3097 mihi
1248 3066 1388 3098 tribuere
1409 3081 1414 3099 :
1436 3079 1507 3109 quae
1533 3081 1596 3102 non
1622 3070 1717 3110 sunt,
1742 3085 1775 3105 ea
1801 3086 1875 3108 vero
1899 3075 1980 3109 mibi
2008 3088 2046 3110 ne
2071 3078 2141 3111 affi-

1142 3119 1237 3157 gnare
1262 3109 1428 3159 voluisset,
1455 3121 1489 3142 uc
1505 3136 1512 3149 ,
1535 3117 1672 3156 exempli
1696 3118 1796 3158 gratia
1812 3142 1819 3154 ,
1845 3119 1899 3151 ubi
1924 3120 2015 3152 dicor
2040 3122 2141 3155 adin-

1143 3153 1352 3201 inquirendqs
1375 3154 1461 3186 illius
1485 3156 1641 3196 glandulae
1665 3160 1857 3194 canaliculos
1881 3163 2076 3203 prohibuisse
2089 3176 2141 3197 ae·-

1145 3206 1188 3227 ris
1213 3195 1462 3245 immislionem,
1483 3208 1536 3230 aut
1563 3199 1701 3241 rejecisse
1734 3203 1889 3245 glandulae
1936 3207 2140 3247 compressio*

1145 3248 1236 3270 nem.
1261 3237 1381 3271 Nonne
1405 3237 1479 3272 satis
1501 3243 1544 3274 est
1569 3245 1616 3275 vel
1641 3247 1885 3279 conniventibus
1908 3248 2011 3281 oculis
2043 3261 2137 3285 unam

1145 3290 1197 3314 aut
1222 3281 1352 3313 alteram
1365 3284 1690 3328 paginaminspexisle
1702 3290 1947 3330 Epistolaeillius
1967 3294 2014 3330 (u)
2037 3303 2139 3334 utap-

1144 3328 1664 3365 pareatnumaerisirnmiffionem
1679 3332 1925 3369 prohibuerim?
1948 3346 2024 3368 num
2049 3337 2140 3378 glan-

1139 3367 1221 3415 dulae
1233 3368 1494 3409 compressionem
1506 3371 1667 3413 rejecerim
1680 3372 1692 3405 ?
1705 3376 1806 3408 Caute
1818 3377 1903 3409 illam
1918 3388 1952 3410 ac
1964 3378 2077 3411 leniter
2089 3381 2140 3412 in-

1139 3409 1435 3451 stituendamesle,
1459 3415 1633 3448 admonui.-
1656 3418 1744 3458 quod
1771 3420 1872 3460 probe
1896 3421 2060 3453 intellexit
2085 3423 2138 3455 So.

1140 3455 1199 3486 lers
1224 3454 1286 3485 Vir
1310 3455 1475 3489 Bocclerus
1497 3461 1569 3497 (x),
1592 3470 1666 3492 curn
1679 3460 1862 3496 dissentiens
1879 3463 1918 3496 ab
1930 3463 2140 3505 Disquifitio.

1140 3507 1216 3529 num
1240 3497 1404 3535 Auctore,
1429 3499 1457 3533 se
1481 3512 1497 3533 a
1521 3503 1599 3534 meis
1624 3502 1705 3578 flagi
1745 3504 1892 3545 partibus
1915 3529 1927 3547 ,
1972 3506 2100 3548 scripsit
2125 3520 2137 3549 3

1730 3559 1759 3580 m
1806 3559 1824 3580 2
2029 3560 2101 3584 nam

1171 3645 1212 3673 (c
1231 3643 1238 3672 )
1255 3644 1314 3678 Sest.
1331 3643 1373 3669 hac
1390 3652 1410 3668 ι.
1428 3645 1486 3670 obs.
1506 3650 1530 3676 5:
1546 3646 1565 3677 §.
1583 3656 1606 3671 2.
1669 3649 1714 3677 (d
1730 3648 1743 3675 )
1763 3647 1783 3678 §.
1804 3657 1823 3679 3.
1843 3650 1897 3678 &4-

1183 3676 1196 3703 (
1210 3685 1227 3706 g
1243 3675 1256 3703 )
1272 3675 1341 3703 Epist.
1364 3679 1397 3698 ¹6.
1417 3684 1439 3699 n.
1458 3678 1495 3705 38,·
1515 3680 1555 3706 Ep.
1574 3686 1611 3707 23·
1629 3686 1653 3702 n.
1670 3686 1696 3708 4‚·
1712 3681 1757 3708 Ep,
1773 3683 1809 3703 26.
1827 3688 1849 3704 n.
1866 3688 1906 3710 ιη
1923 3680 1945 3703 St
1962 3682 2005 3710 Ep.
2023 3685 2139 3710 34.n.15.·

1243 3705 1574 3737 (l)0bs.9.§.i.&4.

1463 3738 1492 3766 s(
1509 3747 1521 3761 o
1542 3738 1548 3765 )
1566 3738 1619 3762 Idea
1637 3742 1705 3762 Antit-
1724 3740 1801 3765 Prast.
1819 3741 1884 3766 Seft-
1899 3750 1920 3768 ιι-

1456 3766 1574 3796 (qn-:pisl-
1587 3770 1615 3792 de
1623 3770 1739 3794 Monstris
1748 3773 1769 3795 ἃ
1779 3777 1830 3796 caet.
1841 3779 1897 3797 cum
1907 3771 2104 3802 Tab.3.1²ig.1.8c
2115 3780 2136 3795 :a

619 3792 632 3818 (
647 3790 682 3819 s)
699 3790 792 3814 Dissert.
808 3792 835 3815 de
851 3793 1020 3823 Thyroidaeae‚
1036 3795 1128 3822 Thynu
1148 3799 1168 3819 δι
1185 3802 1237 3821 caet.
1256 3797 1427 3821 functionibus
1448 3804 1499 3822 not.
1520 3807 1540 3827 9,
1557 3800 1585 3822 ad
1605 3800 1627 3829 §.
1649 3801 1681 3824 18.

1018 3827 1028 3849 <
1045 3834 1059 3848 x
1075 3825 1088 3854 )
1105 3826 1197 3851 Differt.
1215 3827 1249 3852 cit
1276 3833 1326 3851 not.
1346 3828 1357 3849 s
1370 3828 1398 3852 ad
1418 3829 1441 3858 ᾗ,
1459 3830 1481 3852 8.
