2498 4075
411 163 508 210 214

347 227 454 263 deesse
477 228 625 261 mulieres
646 233 717 266 quae
741 220 805 257 fine
827 220 995 255 menstruis
1017 217 1266 260 purgationibus
1303 215 1350 249 sa-

350 284 401 306 nae
427 273 559 305 vivant.
584 269 744 311 Equidem
767 269 798 300 δι
822 264 886 307 ipse
910 262 1079 297 nonnullas
1101 262 1178 293 novi
1203 272 1213 297 3
1239 258 1288 292 sed
1312 259 1350 290 de

349 318 392 348 iis
416 315 500 348 idem
525 315 602 355 saepe
626 309 715 353 quod
737 309 777 342 de
800 308 921 341 duabus
935 304 1099 347 prioribus
1110 303 1277 337 dubitavi.
1303 302 1348 335 At

349 362 460 396 enim,
483 359 614 398 inquis,
639 354 785 395 plurimae
798 351 892 388 sunt,
913 360 983 392 quae
1000 349 1065 381 illis
1075 356 1219 379 carentes
1230 356 1348 388 purga-

351 402 498 435 tionibus
522 405 730 440 pepererunt.
755 397 802 428 At
825 403 861 426 tu
884 393 975 437 deme
998 402 1036 424 ex
1068 400 1179 423 earum
1211 399 1347 422 numero

352 451 518 486 quotquot
543 440 600 474 sub
623 441 717 482 longe
741 439 802 470 alia
825 436 917 478 plaga
942 447 976 468 ac
1001 433 1174 469 nostrates,
1198 434 1315 465 vivunt
1340 445 1348 462 ε

351 489 443 521 deme
466 486 629 525 viragines
640 494 719 524 quas
732 489 847 514 vocant
861 491 871 511 .-
894 478 984 513 deme
996 480 1093 510 etiam
1107 487 1178 518 quae
1190 486 1255 508 non
1267 477 1352 508 inte-

356 541 412 572 gra
437 527 620 561 valetudine
644 535 781 559 utuntur
796 549 803 556 .
821 523 897 566 Jam
920 522 983 555 istae
996 520 1140 563 plurimae
1165 518 1204 552 ad
1218 529 1282 551 non
1306 519 1351 551 ita

355 573 474 607 multas
499 571 670 604 redibunt.
696 568 759 600 Vel
784 567 825 600 sic
849 576 979 603 tamen,
1004 566 1048 596 ais
1064 585 1073 601 ‚
1097 563 1202 605 plures
1225 571 1320 595 erunt
1341 587 1351 602 ‚

356 626 453 659 quam
476 626 547 657 quae
570 612 635 647 sine
657 621 751 644 utero
774 621 854 643 natae
878 610 970 642 sunt.
999 609 1072 649 Ego
1095 616 1170 639 vero
1181 615 1351 646 compara-

354 662 480 693 tionem
504 657 596 690 istam
621 664 698 688 tunc
722 653 790 696 jure
814 653 963 689 institui,
988 650 1126 689 faterer,
1150 648 1170 680 si
1195 660 1291 691 quam
1304 648 1352 682 sa-

354 704 415 737 cile
447 701 510 736 fuit
536 699 676 733 Medicis
698 699 828 730 illarum
853 705 1021 729 numerum
1057 693 1210 727 adnotare
1234 714 1242 729 ‚
1267 698 1350 723 'tarn

356 746 473 780 harum
496 744 617 786 pariter
640 740 767 775 fuisset.
795 740 860 773 111ae
885 740 970 772 enim
994 737 1081 770 ultro
1104 734 1133 769 se
1158 733 1299 768 indicant
1324 736 1351 766 i-

355 789 440 832 psae,
465 788 586 830 quippe
611 797 699 820 rems
720 782 742 816 si
767 781 883 825 spe-&tes
908 782 1016 815 sexum
1031 778 1238 817 universum,
1264 782 1353 811 &re-

356 836 469 877 giones
490 830 634 871 quasque
657 838 723 860 non
745 824 968 859 remotissimas
986 848 994 864 ,
1018 834 1178 866 perraram
1203 822 1297 861 sane,
1322 824 1352 854 &

355 873 580 909 admirabilem
606 869 826 914 proferentes.
853 869 905 901 Ex
927 868 1050 902 caeteris
1072 875 1179 899 autem
1202 865 1354 898 omnibus

355 929 428 962 quae
451 928 525 951 cum
549 915 714 957 perpaucis
736 913 800 946 illis
823 912 948 945 collatae
973 937 982 951 ‚
1017 920 1111 945 tanto
1146 910 1251 952 plures
1283 908 1355 941 sunt

354 974 427 1004 quae
460 959 611 993 videlicet
644 958 708 990 fine
734 955 799 989 illis
824 955 1074 999 purgationibus
1110 953 1189 986 sanae
1223 953 1355 994 quidem

356 1008 496 1040 vivunt,
520 1002 572 1036 sed
597 1011 766 1043 nunquam
789 1000 943 1042 pariunt,
967 1008 1049 1042 quot
1074 997 1201 1030 tandem
1224 997 1357 1029 cadave-

355 1060 389 1082 ra
414 1047 542 1083 dissecta
566 1043 665 1079 sunt?
688 1043 747 1077 nisi
771 1053 878 1076 autem
903 1042 1030 1076 disseces
1053 1065 1063 1081 ‚
1086 1050 1177 1075 utero
1201 1049 1326 1073 careant
1350 1060 1362 1077 ‚

356 1103 395 1124 an
420 1090 559 1134 praeditae
584 1088 644 1122 sint
660 1112 669 1129 ,
691 1096 777 1121 certe
801 1097 857 1119 nec
882 1086 956 1128 ipsae
972 1108 982 1123 ‚
1005 1097 1061 1119 nec
1086 1083 1257 1127 quisquam
1282 1083 1363 1114 alius

356 1136 508 1169 docuerit
524 1158 532 1165 .
556 1134 642 1166 Cum
667 1131 770 1174 igitur
796 1140 948 1164 neutrum
974 1130 1067 1162 liceat
1091 1139 1151 1170 pro
1162 1136 1252 1160 certo
1265 1123 1362 1161 scire;

353 1181 429 1220 quis
452 1178 627 1220 prudenter
651 1177 685 1208 in
698 1174 748 1207 his
759 1174 892 1210 audeat,
917 1172 1002 1214 quasi
1027 1182 1153 1206 uterum
1177 1168 1273 1202 inesse
1286 1180 1364 1201 con-

358 1222 471 1258 staret,
498 1220 603 1253 obicis
614 1232 631 1258 ,⁴
651 1219 672 1251 fi
696 1217 783 1250 forre
805 1225 978 1255 occurrat,
1001 1213 1136 1248 tollendi
1160 1223 1241 1254 opus
1267 1211 1363 1244 susci-

364 1277 438 1308 pere
464 1275 566 1304 neque
591 1265 629 1295 ad
653 1263 755 1294 vitam
781 1259 967 1293 servandam
993 1280 1002 1296 ,
1038 1268 1139 1300 neque
1165 1255 1202 1288 ad
1225 1265 1362 1296 :egrota-

358 1310 484 1341 tionem
509 1307 607 1340 ullam
632 1303 837 1340 auferendam
859 1301 1088 1339 necessarium,
1114 1298 1283 1333 &fortasse
1296 1309 1359 1331 non

361 1352 462 1385 modo
486 1352 627 1389 inutile,
653 1347 701 1381 sed
726 1348 826 1380 etiam
850 1345 1065 1390 periculosum
1090 1368 1098 1384 ‚
1132 1342 1310 1384 praesertim
1337 1341 1359 1374 si

354 1397 442 1429 obex
465 1403 649 1438 opponatur
672 1403 769 1434 quem
793 1401 848 1423 aut
873 1390 956 1423 sedes
971 1414 980 1429 ‚
1005 1397 1060 1423 aut
1081 1386 1254 1421 crasiitudo
1278 1397 1360 1427 quo-

354 1451 440 1482 que,
460 1442 492 1472 ὃ(
516 1438 650 1471 durities
674 1434 839 1468 ostendant
864 1446 920 1467 nec
935 1432 1059 1470 facile,
1083 1442 1138 1464 nec
1153 1431 1219 1462 fine
1242 1439 1360 1470 magno

354 1483 540 1517 discrimine
564 1476 770 1514 tollendum?
794 1480 879 1511 Duas
901 1488 961 1518 ego
985 1474 1135 1509 foeminas
1159 1473 1226 1515 scio
1247 1474 1261 1510 (
1284 1483 1357 1504 nam

356 1527 443 1561 libro
465 1538 559 1560 carco
581 1525 615 1556 in
638 1535 706 1565 quo
730 1523 827 1555 tertia
850 1523 1066 1563 proponitur,
1101 1531 1115 1551 a
1140 1517 1194 1549 Cl.
1217 1515 1357 1558 Caspare

358 1570 441 1604 Bose
465 1575 474 1609 (
500 1570 518 1602 d
539 1573 552 1609 )
574 1566 724 1605 laudata;
748 1573 899 1608 quartam
924 1574 997 1595 vero
1021 1560 1267 1603 imperforatam
1291 1580 1300 1596 ‚
1325 1561 1356 1591 δε

354 1615 420 1647 sine
445 1613 513 1647 ullo
537 1612 670 1654 quidem
683 1610 810 1652 vaginae
834 1609 973 1649 vestigio
989 1630 997 1644 ,
1022 1605 1149 1639 sednon
1174 1604 1238 1636 sine
1250 1603 1356 1649 aliqua

357 1668 464 1691 tamen
480 1681 489 1695 ‚
515 1654 722 1698 quantumvis
745 1652 880 1691 inutili,
903 1652 988 1684 uteri
1013 1648 1260 1682 adumbratione
1283 1646 1362 1679 iuis-

357 1704 408 1738 ie,
432 1702 509 1743 'lego
532 1703 542 1738 (
567 1698 615 1741 e)
639 1702 653 1738 )
673 1697 749 1729 duas
764 1717 773 1731 ‚
797 1697 952 1737 inquam,
977 1692 1043 1726 scio
1058 1713 1067 1728 ‚
1091 1702 1169 1733 quas
1190 1690 1253 1723 siue
1267 1699 1361 1722 utero

357 1747 393 1778 in
418 1745 521 1777 lucem
547 1742 647 1775 editas
671 1749 819 1773 anatome
854 1736 1121 1770 demonstraverit
1144 1758 1153 1773 ‚
1190 1734 1322 1765 alteram
1344 1745 1361 1766 a

357 1789 527 1821 Columbo
550 1786 658 1818 nostro
685 1780 740 1826 (f
755 1786 765 1821 )
780 1804 789 1819 ‚
812 1781 946 1815 alteram
969 1792 986 1813 a
1009 1778 1063 1811 Cl.
1087 1776 1156 1819 ejus
1189 1777 1260 1809 cive
1285 1778 1361 1809 Fro-

364 1832 486 1865 mondo
512 1835 521 1870 (
542 1840 564 1872 g
587 1833 601 1869 >
625 1827 814 1863 dissectarm
840 1835 874 1858 ut
898 1823 961 1858 hoc
984 1822 1091 1865 ipsum
1117 1818 1200 1854 mihi
1234 1819 1361 1853 indicio

356 1877 396 1909 iit
411 1898 419 1912 ‚
444 1874 549 1909 multo
574 1875 682 1914 plures
704 1882 742 1904 ex
764 1871 804 1902 iis
828 1879 899 1911 quae
927 1865 1253 1905 menstruosanguine
1274 1874 1363 1896 care-

358 1930 428 1954 rent
443 1942 452 1957 ,
479 1915 617 1959 potuisse
643 1916 683 1948 ab
706 1913 912 1949 Anatomicis
936 1910 1055 1952 absque
1078 1919 1172 1942 utero
1194 1908 1357 1943 inveniri;

357 1975 434 1997 nam
462 1972 498 1995 ut
523 1971 629 1995 rarum
654 1959 715 1992 hoc
744 1955 892 1990 videatur
918 1979 927 1993 ‚
960 1954 1064 1987 multo
1089 1952 1189 1985 rarius
1213 1948 1359 1983 videatur

361 2005 480 2040 necesse
505 2005 568 2043 est,
592 2003 614 2036 fi
640 2012 755 2044 praeter
779 1999 849 2033 illas
872 1997 961 2031 nulla
986 1997 1049 2029 alia
1072 1993 1179 2029 fuisset
1203 2017 1215 2033 ‚
1251 1993 1360 2026 ambas

360 2049 599 2084 Proseetoribus
622 2043 896 2081 Cremonensibus
918 2037 1091 2083 obtigisse.
1116 2040 1203 2071 Cum
1230 2038 1361 2079 utrique

359 2096 489 2129 illarum
515 2092 627 2125 deesiet
641 2093 768 2126 uterus,
791 2088 844 2121 via
867 2085 972 2119 deerat
983 2094 1112 2126 quoque
1136 2082 1268 2125 pervia,
1291 2091 1362 2122 qnae

365 2139 403 2172 ad
428 2137 529 2171 sedem
554 2136 637 2168 uteri
661 2133 774 2169 ferret3
809 2140 845 2165 ut
869 2131 1033 2172 primam,
1055 2127 1108 2160 cui
1133 2127 1256 2167 vaginae
1289 2134 1365 2165 por-

364 2187 417 2216 tio
440 2182 610 2214 dumtaxat
633 2186 723 2214 erat,
748 2186 821 2209 cum
846 2175 955 2216 priore
979 2172 1017 2206 de
1040 2170 1162 2204 duabus
1194 2178 1272 2211 quas
1307 2177 1367 2213 ego

362 2226 486 2270 inspexi
500 2237 509 2261 3
534 2224 666 2256 alteram
679 2245 690 2262 ,
714 2218 804 2261 cujus
817 2226 884 2251 erat
899 2218 1021 2258 vaginae
1036 2212 1202 2248 orificium
1217 2212 1371 2253 imperso-

362 2281 468 2305 ratum
482 2292 490 2305 ,.
513 2278 587 2301 cum
599 2267 696 2299 altera
711 2264 805 2296 liceat
819 2268 1001 2303 comparare
1016 2283 1023 2290 .
1050 2256 1165 2292 Visam
1179 2268 1194 2288 a
1205 2254 1372 2288 Columbo

363 2315 446 2359 siqui
470 2312 656 2352 Chirurgus
671 2307 810 2342 incidere
828 2303 986 2348 aggressus
1002 2302 1100 2340 effet;
1123 2298 1226 2333 viscus
1240 2297 1370 2342 aliquod

367 2358 468 2393 fundo
491 2356 580 2388 illius
605 2353 729 2396 vaginae
756 2349 919 2394 portionis
944 2348 1109 2389 attiguum
1131 2344 1223 2377 simul
1236 2343 1372 2375 incidis-

365 2403 408 2437 set
432 2426 441 2440 ‚
476 2412 490 2432 a
514 2397 605 2440 cujus
630 2397 756 2431 visceris
779 2391 1007 2435 compreffione
1031 2387 1159 2422 fortasse
1184 2396 1250 2420 erat
1284 2384 1371 2427 quod

373 2446 493 2479 mulier
518 2441 637 2485 quotics
659 2451 728 2473 cum
751 2439 821 2472 viro
844 2436 961 2474 coiret,
983 2432 1160 2467 mirandum
1183 2433 1215 2462 in
1248 2430 1371 2462 modum

354 2493 621 2532 'conquereretur.
646 2482 863 2522 conspectam
887 2491 902 2510 a
926 2474 1109 2511 fromondo
1134 2474 1216 2515 fiqui
1241 2470 1372 2513 scalpel-

370 2536 402 2567 lo
425 2529 596 2566 curandam
620 2524 844 2568 suscepissent3
870 2523 1011 2568 primi-rm
1022 2517 1153 2562 quidem
1179 2516 1300 2565 septum
1314 2514 1372 2548 ob-

369 2575 492 2612 stitiffet
518 2570 683 2606 validum,
708 2569 839 2602 firmum
854 2589 865 2605 ,
889 2568 918 2598 δι
937 2563 1031 2606 fibris
1053 2562 1127 2594 adeo
1144 2560 1254 2603 solzdz's
1278 2566 1374 2592 mter-

369 2628 493 2654 textum
507 2641 516 2656 ‚
542 2623 578 2649 ut
601 2616 639 2647 clei
661 2611 899 2652 cartilaginem
922 2616 1067 2640 naturam
1086 2604 1229 2646 proxime
1252 2603 1371 2635 accede-

371 2673 438 2698 ret.
464 2659 666 2698 Quodpdum
681 2658 711 2689 vi
737 2654 882 2688 adhibita
895 2651 1116 2694 persecarent,
1139 2645 1223 2680 nihil
1247 2645 1374 2680 facilius

370 2708 458 2740 faGm
483 2701 616 2742 fuiffet,
639 2710 737 2742 quam
761 2708 795 2731 ut
820 2697 945 2737 vaginae
970 2704 1084 2728 cavum
1108 2689 1227 2723 subeffe
1260 2698 1374 2730 putan-

375 2762 441 2788 te5‚
467 2747 563 2791 hujus
586 2747 719 2788 parietes
735 2766 747 2782 ‚
766 2742 888 2783 quippe
912 2740 998 2771 inter
1022 2736 1052 2769 se
1074 2733 1283 2768 coalescentes
1307 2756 1316 2770 ,
1340 2734 1371 2763 &

372 2792 501 2828 sortasse
528 2793 623 2824 etiam
649 2787 784 2822 adsitum
809 2783 883 2826 ipsis
907 2782 1052 2815 Rectum
1075 2778 1261 2822 intestinum
1288 2800 1296 2814 ‚
1319 2784 1373 2808 aut

374 2836 510 2870 vesicam
535 2833 711 2868 urinariam
735 2828 1003 2862 convulnerarent
1027 2849 1035 2857 .
1071 2823 1221 2861 Denique
1244 2818 1373 2853 luissent

376 2883 402 2914 ii
427 2881 562 2921 parietes
586 2873 795 2918 sejungendi.
822 2871 970 2910 Qarum
995 2878 1101 2900 rerum
1125 2867 1198 2907 quis
1231 2862 1374 2909 praestare

377 2924 469 2965 poffit
494 2922 614 2955 nullam
638 2913 860 2954 imfoeminis,
885 2926 900 2946 a
924 2923 974 2945 me
997 2909 1170 2952 inspefti52
1196 2904 1377 2941 subruisse?

377 2968 489 3001 Nemo
513 2974 599 2998 certe
616 2988 625 3004 ‚
645 2971 682 2995 ut
708 2971 829 3002 neque,
852 2966 1003 2993 uterum,
1027 2955 1163 2987 sicutiin
1176 2949 1313 2984 dissectis
1335 2951 1378 2983 il-

376 3012 414 3044 lis
438 3009 544 3042 deerat
560 3031 568 3044 ‚
593 3017 658 3039 non
681 3002 812 3037 defuisse
838 3025 845 3031 .
879 2999 933 3033 Est
957 3007 1110 3040 praeterea
1146 3005 1378 3036 nonnunquam

377 3065 485 3088 uterus
510 3052 559 3085 vel
583 3052 615 3083 in
640 3049 758 3082 adultis
783 3044 972 3078 mulieribus
1006 3050 1119 3084 parvus
1156 3039 1234 3072 adeo
1269 3046 1304 3069 ut
1328 3049 1380 3079 pe-

375 3099 467 3133 rinde
489 3096 528 3128 fit
554 3106 587 3127 ac
613 3094 637 3126 fi
664 3089 798 3127 deesset,
824 3085 1097 3129 quemadmodum
1120 3082 1249 3126 propria
1260 3081 1383 3113 Obser-

382 3143 512 3174 vatione
533 3136 619 3170 infra
643 3140 653 3175 (
677 3135 698 3169 h
720 3138 734 3174 >
756 3130 981 3169 confirmabo,
1004 3128 1025 3161 si
1050 3128 1137 3170 prius
1162 3149 1171 3164 ‚
1205 3135 1242 3158 ut
1265 3124 1302 3157 de
1326 3137 1382 3158 oc-

333 3206 336 3208 *
381 3184 471 3219 cluso
496 3183 656 3215 exteriore
679 3177 770 3219 ejus,
794 3175 827 3208 id
849 3172 892 3206 est
917 3173 1041 3217 vaginae
1064 3170 1191 3204 orificio
1215 3169 1311 3201 verba
1336 3167 1382 3214 ie-

379 3230 433 3265 ci,
457 3225 498 3259 sic
521 3225 560 3259 de
586 3223 750 3265 impedito
773 3219 928 3252 interiore
953 3216 1063 3249 osculo
1088 3213 1242 3248 nonnulla
1276 3211 1383 3254 subje-

379 3283 474 3306 cero.
494 3281 496 3284 ¹

427 3325 474 3356 14.
499 3312 577 3345 Oris
601 3319 767 3344 uterorum
792 3303 930 3339 conclusi
955 3315 1018 3336 non
1041 3313 1106 3335 uno
1129 3302 1161 3333 in
1188 3301 1273 3334 libro
1295 3299 1385 3341 Hip-

382 3357 552 3402 poci-atico
577 3355 622 3397 (i
647 3357 657 3391 )
682 3353 802 3385 mentio
826 3348 884 3382 fit.
911 3344 1139 3381 Conclusionis
1165 3345 1269 3386 plures
1294 3365 1303 3380 ‚
1331 3353 1384 3375 va-

987 137 1145 191 Liber
1178 142 1260 188 111.
1294 135 1378 188 De
1413 132 1620 186 Morbis
1652 129 1864 183 Ventris

1401 213 1521 253 riaeque
1544 210 1671 253 possunt
1693 209 1752 243 effe
1775 209 1873 244 causae
1893 222 1900 242 :
1923 218 2058 251 quarum
2081 204 2243 249 plerasque
2275 201 2396 238 exami-

1402 256 1491 287 navit
1514 253 1727 288 Vallisnerius
1749 257 1763 292 (
1785 254 1803 292 si
1823 257 1857 292 )‚
1881 255 1915 285 in
1938 256 2082 284 externas
2104 249 2272 285 dividens,
2298 255 2395 289 atque

1402 300 1562 332 internas.
1591 296 1754 334 Quasdam
1779 298 2001 338 attingamus.
2029 296 2116 327 Inter
2138 294 2209 325 illas
2234 290 2395 332 ponebant

1401 341 1566 382 quondam
1590 351 1663 373 cum
1675 340 1876 381 Hippocrate
1899 337 1959 377 (l)
1980 346 2139 370 omentum
2161 337 2195 368 in
2206 334 2402 377 praepingui-

1401 384 1458 417 bus
1481 396 1514 417 os
1537 383 1620 417 uteri
1642 383 1862 423 comprimens.
1889 379 1988 418 Quod
2012 379 2159 413 Vesalius
2189 387 2251 421 qua
2276 378 2400 410 ratione

1401 428 1575 469 explicaret
1593 448 1602 463 ,
1626 426 1723 467 paulo
1735 425 1832 458 fufius
1843 436 1881 458 ex
1890 420 2399 465 Sepulchreto(m)disces3eum

1400 473 1487 504 enim
1500 471 1607 504 locum
1621 472 1634 508 (
1647 479 1665 500 n
1677 472 1688 508 )
1701 472 1734 501 in
1749 467 1973 510 posterioribus
1984 466 2185 500 editionibus
2195 464 2249 497 ille
2272 473 2402 496 contra-

1401 515 1466 547 xit.
1477 514 1603 547 Scilicet
1614 512 1744 545 videbat
1756 512 1891 544 eximius
1903 511 2115 543 Anatomicus
2127 509 2202 541 hinc
2211 517 2306 549 quam
2319 507 2402 539 mol-

1404 557 1434 590 le
1446 566 1613 590 omentum
1626 582 1636 596 ‚
1647 555 1720 588 inde
1732 566 1806 587 vero
1817 565 1913 595 quam
1925 552 2010 586 craffi
2022 573 2031 589 ‚
2041 554 2071 584 δι
2083 553 2254 584 renitentes
2265 550 2400 591 parietes

1405 599 1468 633 fint
1483 601 1603 634 uterini
1617 598 1737 632 osculi.
1764 599 1877 638 Itaque
1890 604 2058 629 omentum
2069 607 2106 629 eo
2119 593 2216 636 usque
2229 595 2312 626 inter
2323 591 2402 626 vesi-

1401 655 1472 677 cam
1482 667 1494 684 ,
1505 644 1649 685 illudque
1662 642 1808 675 osculum
1819 639 2000 673 descendere
2014 665 2024 680 ‚
2036 638 2237 680 concipiebat
2252 658 2261 674 ‚
2273 644 2308 670 ut
2321 637 2403 668 mol.

1401 687 1444 720 les
1456 686 1583 720 surumae
1598 687 1719 727 vaginae
1731 685 1867 727 parietes
1881 684 2014 716 alterum
2027 682 2065 716 ad
2076 683 2208 715 alterurn
2220 681 2402 722 apprimen-

1401 731 1465 769 do,
1492 732 1576 764 viam
1600 728 1714 763 semini
1739 727 1777 760 ad
1802 728 1985 769 proximum
2008 726 2154 761 osculum
2175 723 2402 757 intercluderet

1403 773 1456 807 sua
1480 775 1583 810 mole,
1606 776 1637 806 &
1659 772 1797 817 pondere
1813 796 1821 812 ,
1848 773 1878 801 &
1904 770 2033 804 brevior
2046 770 2242 811 praesertim,
2267 765 2402 799 autlan-

1404 818 1536 859 guidior
1560 819 1648 858 penis
1672 815 1711 849 ad
1735 816 1891 848 summam
1916 814 2065 854 vaginam
2090 823 2153 846 non
2188 811 2366 853 perveniret
2390 833 2400 848 ‚

1404 873 1537 903 eamque
1561 858 1735 892 distendere
1758 868 1822 890 non
1848 854 1948 899 posset
1973 880 1980 888 .
2005 857 2116 894 Quam
2141 855 2269 889 Vesalii
2295 853 2402 895 expli-

1406 907 1568 943 cationem
1594 906 1696 936 minus
1721 912 1804 943 aegre
1828 899 1943 933 ferrem
1968 923 1977 939 ,
2001 911 2099 942 quam
2123 899 2245 932 nudum
2268 897 2404 939 Hippo-

1407 951 1503 981 cratis
1515 947 1632 989 dogma
1646 947 1839 979 recentiores
1850 943 2005 985 quosdam
2019 944 2231 976 Anatomicos
2242 938 2301 974 esse
2316 945 2404 974 secu-

1411 1002 1482 1025 tos:
1505 1001 1688 1033 quanquam
1701 990 1871 1029 concipere
1883 996 2050 1019 omentum
2064 997 2126 1019 non
2140 984 2301 1027 possumus
2315 985 2400 1017 inter

1412 1037 1536 1077 vaginae
1552 1033 1705 1068 summam
1719 1041 1840 1074 partem
1857 1051 1865 1066 ‚
1889 1029 2085 1073 vesicamque
2098 1027 2325 1070 interjeftum‚
2342 1027 2402 1061 nisi

1414 1079 1591 1120 discerptos
1615 1079 1672 1119 qui
1686 1076 1732 1109 ibi
1745 1072 1899 1108 effeinter
1910 1083 2078 1115 utramque
2093 1071 2193 1106 solent
2209 1091 2221 1111 ·,
2239 1072 2308 1104 imo
2322 1082 2405 1104 non-

1414 1133 1580 1164 nunquam
1593 1121 1759 1162 aliquanto
1773 1119 1868 1151 etiam
1881 1117 1975 1158 supra
1986 1117 2252 1159 conspiciuntur,
2272 1115 2408 1148 cellulo-

1415 1165 1463 1199 sos
1478 1176 1575 1198 nex-us
1597 1164 1839 1204 intelligamus,
1860 1162 1915 1203 qui
1929 1172 2002 1195 cum
2025 1161 2058 1192 in
2084 1159 2323 1201 praepinguibus
2345 1160 2408 1201 ipsi

1413 1220 1543 1251 quoque
1566 1207 1759 1249 pinguedine
1774 1205 1866 1238 fareti
1891 1203 1950 1237 sint
1965 1228 1974 1243 ,
1999 1201 2127 1237 fortaffe
2153 1214 2217 1236 non
2242 1203 2289 1235 ita
2313 1200 2407 1236 facile

1414 1252 1547 1289 cedant,
1574 1252 1745 1291 locumque
1767 1248 2063 1291 praebeantomenti
2076 1246 2208 1288 ponderi
2224 1269 2229 1278 .
2248 1247 2334 1279 Cum
2349 1258 2407 1279 au-
2452 1268 2456 1271 Α

1413 1306 1479 1329 teni
1505 1297 1537 1328 in
1548 1291 1865 1336 ejusmodifoeminis
1877 1288 2037 1324 cellulosae
2054 1301 2187 1333 quaeque
2212 1290 2408 1323 membranas

1414 1338 1610 1382 pinguedine
1619 1335 1836 1384 distendantur
1845 1346 1859 1374 ,·
1881 1336 2024 1377 proclive
2035 1334 2078 1367 est
2090 1333 2406 1376 intelligerenitgpos-

1414 1384 1478 1416 sint
1502 1381 1543 1415 ab
1566 1380 1673 1415 adsitis
1699 1379 1941 1422 praepinguibus
1964 1378 2146 1415 intestinis,
2168 1386 2222 1410 aut
2246 1389 2261 1409 a
2276 1377 2410 1418 pingue-

1413 1425 1487 1459 dine
1510 1425 1704 1458 increscente
1727 1423 1879 1456 tubarum
1902 1421 2063 1464 Falloppii
2094 1422 2287 1455 membranis
2311 1442 2321 1458 ,
2358 1434 2411 1455 ea..

1413 1480 1486 1502 rum
1508 1467 1647 1501 fimbriis
1670 1491 1681 1507 ,
1719 1475 1774 1500 aut
1799 1466 1908 1499 saltem
1933 1466 2140 1498 membraneo
2162 1465 2294 1498 vinculo
2317 1466 2411 1507 quod

1386 1532 1387 1535 =
1408 1513 1509 1546 Alam
1535 1509 1815 1554 Vespertilionum
1840 1510 1987 1543 vocitant
2006 1531 2016 1547 ‚
2042 1508 2091 1541 hae
2114 1519 2226 1541 ornnes
2260 1510 2407 1548 particu-

1407 1557 1470 1596 lae,
1493 1565 1547 1589 aut
1569 1566 1609 1588 ex
1632 1552 1704 1597 ipsis
1728 1554 1840 1595 aliqua>
1862 1554 1895 1585 in
1920 1551 1982 1585 suis
2005 1550 2043 1585 ad
2065 1551 2282 1594 generandum
2306 1552 2413 1587 neces-

1412 1598 1500 1632 sari-is
1525 1596 1857 1639 motibusimpediri;
1879 1595 1923 1630 fic
1950 1596 2033 1629 enim
2056 1595 2149 1637 juvat
2172 1595 2408 1632 Vallisnerium

1411 1646 1424 1682 (
1448 1654 1464 1674 o
1487 1645 1500 1680 )
1522 1641 1751 1689 interpretari,
1775 1647 1829 1672 aut
1852 1648 1935 1673 certe
1958 1638 2083 1682 aliquid
2106 1637 2145 1673 ad
2166 1637 2237 1681 ejus
2269 1640 2412 1683 explica-

1412 1688 1534 1720 tionem
1558 1685 1699 1728 adJicere
1713 1708 1720 1716 .

1415 1773 1422 1779 ι
1462 1739 1511 1770 ¹5·
1535 1730 1623 1762 Inter
1645 1726 1750 1761 causas
1773 1734 1880 1760 autem
1904 1727 2040 1761 internas
2062 1738 2098 1760 os
2119 1728 2204 1761 uteri
2225 1729 2414 1763 obturantes

1413 1772 1499 1805 idem
1531 1784 1606 1807 cum
1644 1771 1714 1806 aliis
1737 1770 1964 1804 excrescentias
1996 1772 2092 1811 ponit
2115 1772 2150 1803 in
2180 1774 2264 1805 uteri
2290 1773 2415 1806 cervice

1414 1826 1504 1850 natas
1529 1820 1540 1855 (
1560 1826 1583 1857 p
1607 1819 1644 1855 ),
1669 1817 1701 1848 &
1724 1825 1799 1849 cum
1824 1815 1895 1856 ipso
1906 1813 2112 1856 Hippocrate
2135 1814 2258 1856 lapides
2282 1827 2414 1858 quoque

1414 1863 1424 1898 (
1449 1870 1467 1901 q
1489 1862 1525 1898 ).
1549 1862 1624 1902 Ego
1647 1869 1718 1901 quae
1741 1857 1780 1891 de
1804 1856 2026 1891 excrescentiis
2038 1857 2204 1890 observata
2229 1858 2353 1897 habeo,
2377 1859 2412 1892 in

1413 1905 1598 1944 proximam
1622 1900 1800 1945 Epistolam
1833 1899 1951 1934 differo
1965 1927 1972 1934 .
1995 1900 2148 1934 Calculos
2172 1902 2205 1935 in
2228 1912 2319 1936 utero
2342 1913 2416 1936 nec-

1410 1946 1488 1995 dum
1512 1946 1635 1988 reperi:
1658 1955 1740 1988 quos
1765 1953 1871 1977 tamen
1895 1945 1935 1977 ab
1959 1943 2029 1977 aliis
2051 1943 2154 1976 nostra
2178 1946 2279 1978 etiam
2295 1956 2416 1979 memo-

1412 2001 1458 2022 ria
1472 2014 1482 2030 ‚
1502 2000 1566 2023 non
1591 1989 1691 2023 modo
1713 1988 1815 2030 olim,
1840 1986 2028 2029 εοῦΐρεᾶοε
2051 1988 2141 2027 scio,
2162 1999 2302 2030 quorum
2315 1988 2418 2023 histo*

1414 2035 1474 2066 rias
1506 2032 1629 2067 indicat
1662 2030 1875 2065 Vallisnerius
1898 2056 1905 2063 .
1940 2030 2000 2063 Sed
2035 2031 2171 2068 veliem,
2207 2032 2310 2074 plures
2337 2057 2345 2073 ‚
2379 2044 2417 2065 ο-

1416 2076 1566 2118 mnesque
1596 2077 1674 2110 adeo
1706 2085 1774 2108 tum
1807 2073 1931 2116 legisset
1967 2084 2038 2116 quae
2069 2074 2211 2108 collec'tae
2236 2075 2309 2110 sunt
2333 2075 2419 2119 apud

1416 2118 1612 2154 Schenkium
1637 2119 1689 2160 (r
1710 2123 1744 2159 )‚
1767 2128 1840 2151 curn
1863 2118 1941 2150 alibi
1977 2123 1986 2156 (
2008 2116 2060 2159 s)
2084 2118 2140 2150 vix
2161 2119 2242 2154 illud
2268 2120 2419 2153 conceffit

1421 2186 1443 2204 „
1466 2174 1531 2196 non
1556 2163 1615 2196 esse
1637 2161 1855 2204 improbabile
1877 2161 1910 2193 in
1936 2169 2030 2193 utero
2061 2172 2192 2204 quoque
2215 2159 2336 2206 lapides
2369 2165 2420 2205 gi-

1422 2230 1447 2248 ,‚
1471 2208 1584 2254 gni„.
1607 2205 1764 2239 Historiis
1787 2204 1948 2239 enimillis
1960 2203 2127 2247 perleeiis‚
2151 2206 2421 2249 aliisqueinsuper

1424 2250 1561 2289 additis,
1587 2259 1623 2283 ut
1648 2257 1725 2291 puta
1745 2248 1802 2282 illa
1825 2259 1896 2290 quae
1920 2246 2003 2290 apud
2026 2246 2254 2284 Bartholinum
2278 2249 2322 2284 est
2346 2253 2422 2293 (t),

1424 2297 1567 2336 itemque
1591 2293 1647 2326 illa
1670 2303 1766 2334 quarn
1791 2293 1824 2324 in
1851 2292 2059 2334 Sepulchreto
2082 2293 2172 2335 (n)
2195 2292 2313 2332 habes,
2340 2305 2421 2336 prae-

1425 2340 1507 2372 clare
1528 2336 1755 2373 intellexislet‚
1778 2336 1898 2371 toties,
1922 2337 1953 2367 δε
1974 2335 2014 2367 ab
2037 2334 2194 2376 ejusmodi
2217 2339 2312 2372 Viris
2335 2340 2369 2370 in
2392 2339 2424 2370 i-

1426 2381 1482 2424 pso
1504 2390 1707 2414 mortuarum
1740 2378 1951 2412 foerninarum
1988 2386 2082 2411 utero
2107 2380 2228 2423 lapides
2249 2379 2342 2415 fuisse
2365 2381 2422 2415 de-

1425 2423 1615 2468 prehensos,
1640 2434 1675 2456 ut
1701 2423 1835 2456 minime
1856 2422 1931 2455 esset
1956 2420 2160 2456 necessarium
2185 2423 2358 2467 suspicari,
2380 2427 2424 2460 fi-

1423 2469 1481 2509 qui
1505 2468 1621 2501 calculi
1645 2479 1682 2500 ex
1706 2467 1885 2501 viventium
1909 2475 2003 2498 utero
2025 2466 2118 2508 elapsi
2133 2489 2144 2505 ‚
2167 2467 2363 2511 derrafflve,
2387 2480 2424 2503 ut

1426 2513 1622 2546 nominatim
1646 2512 1678 2543 in
1703 2510 1850 2544 Larissaea
1871 2509 1927 2542 illa
1952 2510 2035 2551 apud
2069 2511 2308 2553 Hippocratem
2331 2517 2341 2551 (
2367 2523 2388 2546 x
2408 2517 2423 2553 )

1427 2556 1566 2594 ancilla,
1588 2553 1774 2587 dicerentur
1797 2577 1808 2593 ‚
1842 2564 1894 2586 eos
1918 2564 1957 2585 ex
1980 2554 2085 2585 vesica
2110 2555 2219 2594 potius
2242 2577 2252 2592 ‚
2288 2555 2380 2597 cujus
2404 2569 2422 2589 a.

1425 2599 1554 2633 calculis
1579 2605 1697 2631 vexatae
1721 2597 1894 2640 peculiaria
1919 2594 2009 2628 fimul
2034 2595 2154 2630 indicia
2176 2609 2239 2632 non
2264 2608 2424 2637 extarent,

1425 2654 1523 2686 quam
1546 2653 1585 2674 ex
1607 2650 1722 2677 utero,
1745 2637 1917 2682 prodiisse.

1471 2689 1520 2719 16.
1548 2685 1650 2731 Porro
1673 2685 1708 2717 in
1731 2682 1830 2717 caufis
1853 2682 1986 2716 internis
2011 2705 2022 2721 ,
2056 2684 2137 2717 uteri
2161 2698 2196 2719 os
2218 2686 2425 2721 occludenti-

1423 2729 1482 2763 bus
1505 2729 1603 2770 hujus
1625 2727 1812 2761 constrictio
1836 2726 1877 2759 est
1893 2748 1902 2763 ‚
1926 2729 1956 2758 &
1979 2728 2221 2770 conglutinatio
2245 2753 2257 2770 ,
2280 2742 2426 2773 quarum

1425 2773 1564 2815 exempla
1589 2772 1730 2805 invenies
1753 2771 1838 2803 inter
1862 2769 2015 2811 prodmsta
2038 2783 2054 2803 a
2077 2772 2130 2805 Cl.
2154 2773 2291 2808 Hallero
2312 2778 2368 2816 (y
2391 2778 2426 2814 ),

1427 2817 1541 2851 addere
1565 2824 1670 2849 autem
1695 2814 1814 2856 poteris
1837 2813 1896 2847 alia
1920 2836 1931 2854 ,
1966 2822 2002 2846 ut
2025 2813 2168 2849 Fabricii
2192 2817 2290 2851 nostri
2316 2817 2355 2850 ab
2378 2819 2429 2851 A-

1425 2859 1649 2906 quapendente
1672 2861 1682 2896 (
1708 2869 1731 2899 ’ζ
1752 2861 1787 2897 ),
1812 2859 1841 2890 δι
1867 2858 2137 2898 Experientiffimi
2162 2859 2314 2894 Benevoli
2337 2863 2427 2901 (a),

1429 2916 1467 2937 ex
1490 2915 1581 2945 cujus
1593 2901 1833 2936 Observatione
1855 2901 2005 2942 suspicari
2028 2901 2129 2943 licet,
2151 2914 2269 2945 praeter
2291 2903 2427 2938 constri-

1429 2949 1593 2984 ctionem,
1617 2944 1832 2978 membranam
1854 2943 1940 2978 forte
1963 2943 2203 2987 aliquamfuisse
2224 2959 2295 2990 quae
2320 2948 2428 2981 abor&

1432 3001 1468 3024 tu
1492 2991 1589 3034 usque
1614 2990 1696 3023 uteri
1720 2987 1865 3021 osculum
1889 2987 2048 3023 clauderet
2071 3015 2079 3022 .
2104 2991 2186 3024 Sane
2210 3000 2317 3025 autern
2340 2991 2428 3025 idem

1433 3035 1601 3067 Fabricius
1626 3037 1637 3075 <
1660 3032 1679 3066 b
1700 3035 1713 3070 )
1736 3030 1944 3064 membranam
1960 3053 1969 3067 ‚
1992 3043 2054 3073 quae
2076 3034 2223 3076 vaginam
2249 3033 2391 3079 efformat
2418 3061 2427 3075 ,

1436 3080 1480 3111 ait
1504 3101 1513 3116 ‚
1538 3079 1568 3111 se
1592 3077 1708 3119 digitis
1730 3074 1875 3107 immiffis
1897 3075 2071 3108 observasie
2094 3078 2128 3110 in
2153 3078 2226 3109 viva
2248 3088 2303 3119 per
2326 3086 2429 3112 totum

1432 3123 1609 3156 continuam
1625 3145 1633 3160 ‚
1656 3121 1696 3153 Θ
1716 3118 1800 3166 fateri
1827 3117 1979 3160 orificium
2002 3118 2176 3153 celantem:
2201 3121 2343 3155 Littrius
2374 3133 2430 3154 ve-

1434 3176 1470 3198 ro
1495 3165 1578 3207 (c)
1603 3166 1636 3197 in
1659 3162 1787 3211 disseffiia
1810 3162 1908 3196 sterili
1934 3163 2065 3196 muliere
2089 3163 2309 3197 membranam
2343 3165 2428 3198 vidit

1433 3220 1504 3251 quae
1529 3210 1665 3242 interius
1689 3215 1838 3247 vagmam
1861 3206 1973 3242 vestit,
1999 3216 2062 3239 non
2087 3206 2173 3240 secus
2198 3210 2281 3241 uteri
2305 3208 2428 3246 osculo,

1436 3264 1470 3285 ac
1495 3254 1618 3293 vaginae
1642 3247 1842 3291 superficiei,
1868 3247 2099 3289 adhaerentem,
2123 3260 2158 3284 ut
2182 3250 2260 3285 illud
2284 3251 2431 3286 occlude-

1436 3305 1481 3329 ret
1496 3321 1503 3327 .
1530 3296 1586 3329 Sed
1598 3297 1628 3328 &
1641 3293 1709 3336 post
1720 3292 2093 3335 ortumsuperexcrescere
2108 3294 2323 3328 membranam
2336 3302 2353 3333 ,·
2365 3305 2430 3327 non

1435 3340 1599 3372 dubitavit
1624 3338 1844 3379 Hippocrates
1867 3337 1951 3379 (d).
1976 3341 2051 3369 Cum
2074 3337 2431 3379 muliergenituramsu-

394 3470 2424 3500 W

503 3547 517 3575 )
535 3546 601 3573 Disp.
620 3545 649 3568 de
666 3541 799 3567 Obstetric.
816 3539 925 3563 Errorib.
944 3538 966 3561 8(
983 3543 1033 3562 caet.
1055 3536 1075 3566 §.
1094 3546 1117 3567 7.
1135 3536 1160 3559 in
1177 3534 1219 3559 fin.

522 3578 557 3600 De
575 3579 609 3599 Re
628 3577 704 3599 Anat.
721 3576 738 3597 1.
756 3581 791 3601 15.
812 3571 835 3594 in
855 3570 904 3598 ipso
921 3569 986 3593 fine.

495 3608 507 3636 )

503 3638 517 3666 )
592 3654 597 3659 .
618 3646 638 3665 5.
655 3637 718 3664 Aph.
735 3638 773 3662 46.
866 3662 869 3664 -

504 3669 518 3695 )
536 3667 597 3691 ibid.
616 3675 639 3690 n.
657 3669 680 3689 6.
742 3669 750 3694 s
771 3672 785 3692 q
802 3662 815 3691 )
833 3660 897 3686 lbid.
915 3668 939 3683 n.
957 3667 980 3688 7.
1000 3659 1021 3682 ὃ(
1038 3667 1058 3682 c.
1074 3667 1099 3683 2.
1117 3666 1140 3681 n.
1156 3666 1193 3684 42·

503 3698 517 3725 )
534 3699 605 3721 Cent.
623 3704 646 3723 4.
664 3695 728 3719 Hist.
746 3697 783 3721 64.
849 3694 862 3721 (
880 3700 896 3714 u
911 3691 925 3718 )
943 3691 959 3714 l.
978 3698 1000 3719 3.
1018 3691 1041 3713 S.
1059 3697 1095 3717 ²4.
1113 3689 1171 3712 Obs.
1191 3687 1226 3710 18.
1244 3685 1265 3713 ᾗ.
1288 3692 1322 3707 10.

530 3757 589 3780 Hist.
609 3758 637 3780 de
654 3759 672 3780 l*
689 3756 763 3779 Acad.
782 3756 811 3777 R.
833 3754 873 3777 des
888 3752 927 3776 Se.
945 3755 974 3775 A.
992 3758 1059 3778 1704-
1077 3749 1177 3774 observ.
1194 3749 1266 3776 Anat.
1285 3753 1321 3773 13-

1048 3570 1061 3596 (
1076 3578 1093 3598 g
1111 3567 1120 3597 )
1138 3564 1268 3595 Imperfor.
1286 3563 1385 3586 mulier.
1404 3562 1426 3585 xc
1444 3566 1498 3585 eaet.
1515 3559 1617 3583 Observ.

525 3609 560 3631 De
580 3608 638 3629 Nat.
657 3602 774 3628 Muliebr.
792 3608 865 3630 n-333
882 3603 917 3624 De
934 3598 1017 3623 Moxb.
1034 3598 1154 3622 Muliebr.
1170 3599 1190 3620 l.
1208 3603 1233 3618 2.
1246 3602 1273 3628 ⁴n.
1292 3601 1332 3623 5o‚·
1349 3595 1384 3617 De
1401 3591 1509 3616 Sterilib.
1526 3599 1550 3614 n.

835 3632 843 3660 <
863 3639 885 3653 m
904 3631 912 3659 )
929 3629 992 3654 Sest.
1012 3630 1055 3652 hae
1072 3637 1107 3658 34.
1125 3627 1184 3652 ΟΜ.
1202 3634 1227 3654 4.
1245 3632 1270 3648 in
1288 3623 1370 3647 Schol.
1386 3623 1414 3646 ad
1432 3622 1453 3651 §.
1470 3631 1494 3651 4.

1257 3655 1271 3683 (
1286 3662 1297 3677 r
1312 3656 1320 3684 j
1339 3653 1398 3677 Obs.
1415 3653 1486 3676 Med.
1504 3653 1521 3685 ¹:
1537 3659 1560 3679 4.
1580 3658 1651 3679 prope
1669 3648 1712 3673 fin.

537 3729 571 3750 De
589 3728 658 3751 Chir.
675 3728 750 3753 oper.
770 3723 810 3747 ubi
826 3724 854 3745 de
872 3721 936 3744 vitiis
952 3728 1019 3748 quor.
1037 3719 1105 3743 causa
1122 3718 1227 3742 foeminae
1243 3715 1344 3739 concub.
1363 3680 1584 3744 ngnxflngigtlflem:
1602 3681 1618 3703 l
1637 3690 1659 3709 5·
1677 3688 1699 3703 Π·
1719 3687 1753 3702 η’

1384 3750 1389 3774 ι
1414 3744 1428 3768 d
1444 3744 1457 3772 >
1474 3745 1509 3768 De
1525 3741 1632 3767 sienni).
1649 3749 1671 3764 n.
1691 3748 1728 3769 13.

2287 3381 2387 3423 scipt-

1280 3530 1290 3560 (
1312 3541 1323 3556 e
1338 3532 1351 3560 3
1371 3531 1436 3560 Disp.
1454 3532 1528 3554 Anat.
1545 3529 1576 3552 ab
1592 3528 1693 3586 Hallerg
1708 3526 1892 3588 2⁰383⁵230m'
1911 3534 1931 3556 ς.
1949 3533 2001 3555 pag.
2019 3534 2071 3555 ²27·

1569 3598 1589 3613 1.
1608 3589 1630 3612 8:
1645 3594 1697 3612 caet.
1758 3587 1766 3616 ί
1784 3586 1800 3611 k
1817 3574 1886 3616 2'1st.
1905 3586 1966 3610 della
1983 3588 2101 3612 Generaz.
2120 3589 2177 3616 P.3.
2195 3594 2215 3611 c-
2228 3594 2249 3611 1.
2268 3595 2292 3611 n.
2308 3587 2360 3615 3-8t
2372 3586 2433 3616 seqq.

1554 3624 1566 3646 (
1583 3629 1597 3642 n
1614 3624 1623 3645 )
1643 3622 1676 3643 De
1694 3617 1760 3642 hum.
1776 3625 1842 3646 corp.
1860 3617 1920 3641 sabr.
1938 3618 1956 3641 l.
1975 3626 1995 3644 ς.
2011 3625 2033 3641 c.
2049 3627 2071 3646 4.
2135 3619 2148 3646 (
2164 3627 2176 3641 α
2192 3618 2206 3645 )
2221 3621 2281 3647 n.'5.
2298 3617 2341 3641 cit.

1775 3649 1844 3677 (s)
1861 3650 1941 3676 Opere
1957 3649 1989 3671 T.
2008 3656 2030 3676 3.
2051 3651 2078 3671 P.
2097 3656 2117 3677 3.
2136 3656 2160 3670 n.
2183 3655 2214 3670 ιι.

1816 3679 1858 3708 (7
1873 3679 1886 3707 )
1903 3678 1931 3701 ad
1943 3679 2026 3702 Boerh.
2038 3678 2179 3702 Praelechxd
2193 3677 2340 3711 1nst.§.67·5.
2357 3683 2410 3703 not.
2423 3680 2433 3702 i

1587 3712 1599 3739 (
1617 3719 1632 3732 a
1648 3711 1661 3738 )
1678 3710 1800 3733 Ofletvaz.
1821 3717 1838 3733 1.
1901 3710 1914 3736 ς
1930 3708 1942 3731 b
1959 3709 1972 3736 )
1990 3710 2043 3733 loco
2060 3709 2134 3733 modo
2150 3715 2190 3731 cit.
