2498 4075
411 166 505 231 438

339 243 388 275 uti
414 242 447 273 in
472 241 581 274 animo
604 239 771 282 habuerit,
794 240 923 282 infans,
946 241 1032 286 quod
1055 242 1199 282 constat,
1235 245 1337 279 serva-

337 295 391 319 tus
413 284 452 317 fit
475 308 485 324 ‚
518 287 550 318 ἃ
584 292 689 317 mater
711 296 839 328 quoque
870 284 941 327 post
975 285 1104 327 longam
1136 291 1336 324 curationem

337 328 468 364 tandem
492 327 676 371 persanata.
702 328 794 373 Qd
817 337 894 363 vero
910 327 991 362 *huic
1014 328 1118 371 postea
1151 333 1300 369 acciderit
1321 355 1332 372 ‚

335 374 494 414 quoniam
516 381 591 404 cum
624 373 777 412 marito,-
810 373 921 405 neuter
952 372 1037 406 'enim
1057 372 1209 418 ¹indigena
1232 386 1297 410 erat
1321 389 1333 416 ς

336 415 411 448 inde
433 413 591 454 discedit,
615 415 782 448 Lemniaci
806 414 937 458 quidem
959 416 1128 458 ignoratur
1137 431 1148 458 3
1173 428 1204 452 at
1227 431 1334 461 certe,

332 458 421 501 quod
445 467 545 492 unum
572 457 611 498 ad
635 457 699 493 hoc
723 457 926 502 propofitum
952 459 1027 496 satis
1050 460 1094 493 est
1114 484 1127 501 ,
1158 462 1205 496 ibi
1230 463 1333 497 adhuc

331 503 441 544 imago
465 507 556 537 extat
577 523 588 540 2
622 511 718 546 quam
742 502 884 539 mulieris
899 501 1053 542 ,Medicus
1076 504 1225 547 reliquit,
1248 508 1333 540 illius

328 544 489 622 1abdomen
504 569 516 585 ,
540 543 619 584 ficut
642 554 713 581 ante
737 546 912 581 sectionem
933 555 999 581 erat
1020 546 1195 590 ‚fideliter
1219 560 1333 593 reprae-

341 597 450 622 entans
464 613 472 619 .

325 642 333 667 «ι
375 632 407 665 8.
433 633 533 666 Nunc
555 634 683 674 quando
705 634 796 667 verba
820 632 889 667 fieri
912 633 950 668 de
974 633 1118 669 foeminis
1130 644 1234 678 coepta
1247 636 1332 678 sunt,

334 680 441 712 minus
465 676 677 711 matrimonio
701 677 845 716 idoneis,
868 689 938 721 quae
960 678 1027 720 ipse
1048 680 1083 712 in
1105 678 1237 713 duarnm
1270 681 1333 714 dis-

327 721 492 761 regumn,
514 730 579 753 non
603 720 641 753 de
665 719 732 755 sede
755 720 907 764 quidem,
940 720 989 754 sed
1012 721 1050 755 de
1074 721 1251 756 occlufione
1281 737 1332 765 ge-

330 764 483 799 nitalium
508 763 767 805 observaverim,
789 766 946 799 continuo
969 765 1155 809 subjiciam.
1281 762 1293 767 “

379 822 408 850 9.
439 807 629 842 MULIER
651 818 749 841 annos
773 817 844 841 nata
867 807 1090 851 septuaginta,
1112 810 1175 851 jam
1188 809 1244 845 diu
1256 821 1330 852 pro-

334 861 406 896 pter
429 849 651 884 asthmaticam
686 850 886 885 affectionem
921 852 954 884 in
990 853 1196 886 Nosocomio
1225 852 1329 896 jacue-

334 905 383 929 rat
409 906 421 934 ,·
451 904 525 927 cum
560 896 820 937 peripneumonia
855 894 973 928 acceffit
996 919 1009 937 ,
1040 907 1173 940 eamque
1205 895 1328 932 sustulit

333 942 418 974 circa
444 936 588 972 medium
613 939 773 972 Martium
798 940 841 971 A.
867 948 957 983 1752.
1111 941 1328 975 CADAVE-

330 983 406 1017 RIS
431 981 595 1015 macilenti
618 983 783 1023 pulmones
805 981 984 1015 detraxerat
1016 983 1178 1017 Mediavia
1201 1008 1211 1024 ‚
1241 997 1323 1028 quos

331 1037 437 1059 revera
459 1025 555 1059 duros
578 1023 692 1066 fnisse,
714 1025 908 1060 affirmabat.
1041 1026 1224 1061 Nonnullas
1247 1039 1324 1061 vero

330 1070 406 1102 alias
432 1070 537 1102 Partes
559 1079 622 1112 ego
646 1069 801 1103 Studiosis
825 1068 1088 1105 Adolescentibus
1111 1070 1195 1105 idern
1219 1071 1324 1113 postea

330 1112 540 1146 demonstravi
563 1135 575 1152 ,
598 1113 633 1145 in
656 1114 775 1156 Capite
797 1113 972 1156 praesertirn
995 1136 1004 1152 ‚
1036 1116 1068 1147 &
1091 1114 1296 1149 Genitalibus
1320 1139 1328 1147 .

329 1158 373 1190 Et
398 1158 431 1189 in
455 1156 515 1189 illo
537 1154 668 1199 quidem
693 1155 778 1190 nihil
804 1157 1012 1191 animadverti
1036 1158 1123 1201 quod
1149 1167 1262 1200 praeter
1274 1170 1327 1191 na-

330 1210 437 1234 turam
469 1197 542 1233 esset
565 1221 576 1237 ‚
611 1199 670 1232 nisi
694 1200 835 1234 tendinis
858 1201 1070 1235 Troe-hlearis
1090 1201 1227 1238 musculi
1249 1202 1329 1235 alte-

329 1245 397 1278 rius
421 1243 509 1276 oculi
532 1253 606 1276 cum
630 1242 684 1276 sua
710 1243 852 1277 trochlea
876 1245 1036 1278 coalitum
1061 1256 1072 1283 3
1096 1255 1132 1279 ut
1155 1246 1327 1280 retrorsum

330 1287 491 1321 trahentis
514 1286 640 1329 digitos
662 1286 822 1321 musculus
845 1298 909 1321 non
932 1287 1132 1332 sequeretur.
1286 1289 1325 1323 In

377 1331 525 1366 Partibus
549 1339 657 1365 autem
679 1341 751 1373 quae
775 1331 946 1373 generandi
969 1331 1060 1365 causa
1081 1341 1196 1366 creatae
1220 1331 1291 1366 sunt
1315 1355 1325 1370 ,

331 1376 438 1410 multo
462 1375 551 1417 plura
577 1384 674 1417 quarn
695 1373 886 1415 voluissem,
910 1373 1101 1418 deprehendi
1126 1376 1164 1409 ab
1186 1377 1326 1410 naturali

330 1419 562 1453 constitutione
586 1416 713 1459 prorsus
738 1417 856 1452 aliena.
881 1418 1026 1453 Primum
1064 1420 1149 1453 enim
1186 1419 1225 1453 de
1257 1420 1329 1453 Fal-

329 1463 492 1506 loppianis
515 1461 603 1496 tubis
628 1462 727 1495 altera
749 1471 892 1495 extremo
917 1463 975 1496 suo
999 1462 1166 1497 fimbriato
1189 1464 1235 1496 ita
1256 1474 1328 1497 cum

327 1505 404 1540 teste
428 1506 589 1540 coaluerat
604 1529 613 1545 ,
636 1513 674 1540 ut
697 1504 925 1549 interpositum
946 1505 1083 1540 fimbriis
1094 1506 1239 1540 osculum
1262 1518 1327 1542 non

327 1558 515 1593 appareret,
538 1549 636 1583 altera
660 1557 765 1582 autem
789 1548 872 1583 illud
894 1549 1037 1584 osculum
1057 1551 1248 1592 impervium
1273 1551 1329 1583 ha-

323 1594 438 1634 bebat,
462 1593 611 1636 suamque
634 1594 817 1636 proximam
839 1601 962 1636 partem
985 1593 1188 1627 immobilem
1199 1604 1329 1637 propter

327 1639 411 1671 alam
432 1636 701 1679 vespertilionum
718 1660 728 1676 ‚
751 1648 822 1679 quae
847 1636 895 1669 ibi
918 1646 1007 1677 non,
1031 1646 1067 1670 ut
1090 1637 1194 1674 solet,
1215 1638 1325 1678 latior,

325 1680 378 1714 sed
414 1678 620 1722 perangusta,
657 1679 769 1712 tubam
794 1678 831 1712 ad
855 1679 964 1713 testem
988 1681 1196 1714 annestebat.

325 1725 426 1758 Uteri
451 1726 586 1766 parietes
609 1732 697 1756 erant
720 1722 808 1756 craffi
820 1746 832 1762 ‚
856 1734 1029 1766 eorumque
1055 1723 1152 1758 sceno
1176 1735 1230 1757 vas
1260 1724 1329 1758 san-

323 1766 507 1812 guiferum,
533 1767 584 1801 seu
609 1767 709 1800 mavis
724 1765 826 1801 smum
848 1766 1109 1809 comprehensum
1133 1768 1214 1800 intra
1239 1767 1328 1810 ipso-

322 1823 394 1847 rum
411 1810 624 1846 substantiam
647 1808 785 1844 ostendit
807 1809 846 1843 ad
871 1809 1036 1844 transversi
1059 1809 1186 1854 pollicis
1219 1810 1328 1854 longi-

322 1855 496 1896 tudinem,
518 1854 677 1888 diametro
702 1864 809 1888 autem
832 1854 1050 1898 sesquilineam
1083 1855 1184 1888 unciae
1218 1854 1328 1888 Bono-

321 1898 439 1935 nienfis
463 1907 633 1942 aequante:
657 1898 692 1931 in
715 1909 755 1931 eo
776 1896 842 1932 sinu
866 1898 1046 1940 pauxillum
1079 1899 1224 1932 concreti
1258 1897 1326 1931 san-

322 1943 431 1988 guinis
462 1943 630 1976 vidimus.
664 1942 803 1975 Interior
838 1942 924 1975 uteri
958 1941 1135 1984 superficies
1167 1951 1236 1975 tota
1259 1951 1325 1976 erat

322 1986 475 2024 leviffime
509 1985 642 2020 humida
667 1996 678 2024 ;
713 1987 747 2018 in
770 1983 872 2018 fundo
894 2009 904 2026 ,
937 1988 969 2018 δε
991 1987 1026 2018 in
1047 1987 1181 2020 cervicis
1212 1984 1323 2019 infima

322 2040 412 2077 parte
436 2029 523 2065 fusca
540 2055 548 2070 ‚
572 2031 606 2063 in
631 2029 752 2072 reliqua
777 2037 882 2062 autem
916 2028 1051 2062 albida:
1094 2038 1164 2073 qnae
1200 2040 1255 2063 cur
1279 2030 1332 2063 hic

323 2086 524 2115 memorem,
547 2072 633 2106 infra
655 2072 780 2106 dicam.
807 2071 930 2106 Eadem
952 2071 1063 2106 infima
1095 2073 1228 2106 cervicis
1260 2084 1331 2116 pars

325 2129 391 2155 erat
415 2130 500 2162 equo
535 2116 698 2161 angustior
715 2140 729 2158 ,
764 2118 796 2149 &
829 2118 911 2150 uteri
943 2115 1086 2150 osculum
1110 2127 1297 2159 perparvum
1322 2143 1331 2152 .

326 2167 415 2199 Cum
463 2162 627 2206 specillum
672 2171 727 2203 per
770 2158 833 2193 hoc
879 2159 990 2193 vellem
1021 2160 1056 2193 in
1090 2161 1237 2204 vaginam
1274 2160 1331 2195 de-

332 2209 486 2245 mittere5
512 2205 708 2239 obstaculum
732 2202 807 2237 sensi
831 2202 1031 2248 impediens,
1064 2215 1101 2237 ne
1135 2204 1219 2238 infra
1242 2204 1332 2238 oscu-

329 2254 397 2286 lum
412 2274 425 2292 ‚
448 2249 506 2283 nisi
531 2258 669 2283 extrema
694 2247 740 2282 sui
765 2256 879 2290 parte,
900 2246 1122 2283 descenderet.
1144 2251 1254 2291 Itaque
1278 2258 1333 2292 per

327 2294 493 2329 orificium
516 2293 639 2335 vaginae
663 2291 840 2325 immittere
868 2292 1033 2335 specillum
1067 2292 1197 2325 coaetus
1229 2292 1298 2326 sum
1321 2317 1331 2327 .

327 2341 450 2373 Verum
475 2337 558 2372 ultra
581 2336 714 2379 digituli
738 2335 900 2370 transverfi
923 2336 1126 2370 intervallum
1139 2346 1213 2369 cum
1235 2335 1336 2370 trans-

326 2385 372 2418 ire
407 2393 471 2416 non
498 2379 621 2424 posset,
644 2381 791 2423 vaginam
814 2378 987 2414 secundum
997 2379 1233 2423 longitudinem
1258 2392 1331 2422 pro-

329 2427 425 2463 funde
451 2425 576 2463 incidi,
599 2434 659 2464 ut,
682 2424 704 2457 si
731 2435 842 2457 cavum
865 2422 935 2458 esset
961 2423 1116 2467 aliquod,
1138 2425 1172 2456 in
1196 2423 1332 2466 conspe-

329 2473 418 2505 &tum
442 2470 584 2503 veniret.
610 2469 698 2501 Cum
724 2466 836 2501 frustra
863 2466 904 2500 {ic
927 2479 1125 2511 quae1·e1·em3
1161 2477 1231 2501 tum
1266 2478 1330 2501 non

330 2526 396 2549 uno
421 2514 494 2547 loco
517 2521 623 2545 totam
647 2512 680 2544 in
704 2511 915 2544 transversum
938 2512 1086 2553 vaginam
1099 2510 1254 2550 dis-secui,-
1278 2510 1330 2546 sed

330 2558 487 2602 nusquam
511 2555 659 2598 apparuit
683 2565 796 2601 cavum
819 2578 832 2593 ,
865 2557 897 2587 &
923 2565 960 2588 ne
981 2557 1052 2587 cavi
1076 2554 1243 2597 vestigium
1256 2555 1329 2597 qui-

330 2603 424 2635 dem.
452 2601 578 2643 Vagina
601 2607 697 2638 tota,·
719 2597 742 2630 s1
766 2598 922 2638 initium,
954 2600 987 2632 &
1009 2597 1103 2631 finem
1134 2599 1293 2640 exciperes
1316 2611 1325 2635 ς

331 2647 467 2679 omnino
488 2651 555 2677 erat
580 2641 676 2675 solidi
699 2641 843 2682 cylindri
867 2640 962 2674 instar
977 2665 989 2682 ,
1022 2653 1061 2675 ex
1084 2640 1252 2675 substantia
1277 2641 1327 2674 sa-

332 2691 377 2724 ἂί
401 2689 521 2731 ubique
544 2686 664 2728 pariter
687 2685 779 2724 alba,
802 2687 834 2717 &
857 2684 1067 2723 duriuscula5
1100 2694 1136 2719 ut
1160 2686 1293 2728 parietes
1317 2707 1327 2722 ‚

330 2741 405 2767 cum
431 2744 469 2764 eo
491 2728 580 2775 quod
603 2726 834 2769 includebant,
857 2729 1085 2768 continuatos,
1109 2728 1148 2762 ab
1170 2729 1233 2762 hoc
1256 2727 1328 2771 ipso

328 2773 542 2810 internoscere
580 2783 646 2806 non
669 2772 778 2805 liceret
805 2796 813 2804 .
846 2773 932 2805 Cum
957 2771 1024 2806 haec
1047 2773 1169 2814 vaginae
1205 2772 1327 2806 accide-

331 2829 433 2858 runt,
470 2817 553 2851 nihil
587 2815 744 2858 quidem,
777 2815 799 2848 fi
823 2816 962 2849 exterius
985 2814 1136 2859 aspiceres
1158 2839 1172 2859 ,
1204 2816 1243 2850 de
1275 2815 1328 2850 sua

328 2865 487 2900 diametro
509 2857 644 2894 amififfe
667 2859 837 2893 videbatur
861 2865 878 2897 ς’
904 2858 954 2893 sed
977 2859 1193 2902 longitudinis
1217 2860 1329 2893 amise-

334 2917 383 2944 rat
406 2914 532 2940 tantum
557 2926 567 2943 ‚
603 2913 640 2937 ut
674 2914 745 2937 curn
771 2903 809 2935 ab
845 2902 911 2945 ejus
941 2901 1070 2936 orificio
1106 2901 1147 2936 ad
1171 2903 1329 2937 summum

331 2961 461 2988 uterum
484 2947 685 2980 intervallum
709 2946 784 2980 esset
807 2945 987 2988 digitorum
1019 2945 1262 2981 transversorum
1294 2958 1329 2979 o-

333 2997 415 3032 6105
437 3002 500 3025 tres
522 2990 689 3024 dumtaxat
712 2991 769 3023 illa
790 2999 927 3033 aequaret
941 3013 953 3030 ‚
985 2992 1124 3033 quinque
1147 2990 1264 3033 reliqui
1297 2990 1334 3025 ad

333 3047 465 3074 uterum
502 3035 673 3067 attinerent
697 3058 707 3075 ,
741 3033 781 3066 sic
807 3043 909 3067 tamen
933 3055 942 3070 ‚
967 3042 1003 3067 ut
1026 3041 1138 3066 contra
1161 3044 1195 3066 ac
1218 3034 1298 3067 solet
1322 3058 1334 3075 ‚

333 3081 445 3118 cervix
469 3078 600 3121 longior
619 3075 694 3110 esset
709 3100 720 3117 ‚
739 3088 834 3120 quam
857 3076 993 3111 fundus.
1017 3078 1178 3110 Caeterum
1203 3077 1335 3120 ipsane-

330 3138 393 3172 que
418 3123 504 3158 ullos
525 3122 582 3164 qui
606 3120 781 3154 introrsum
804 3119 955 3154 exstarent
979 3143 991 3160 ,
1024 3120 1155 3153 lacertos
1187 3119 1300 3154 habuit
1324 3145 1334 3153 .

331 3169 457 3206 Frustra
480 3174 586 3200 autem
609 3165 644 3197 in
667 3176 725 3205 ea,
747 3163 858 3198 frustra
881 3166 914 3197 in
937 3162 1062 3200 fundo,
1087 3162 1200 3197 frustra
1224 3165 1258 3197 in
1281 3176 1336 3197 va-

335 3215 440 3251 25nae,
465 3210 521 3245 ubi
547 3208 696 3241 obturata
720 3218 781 3240 non
807 3216 872 3240 erat
889 3235 898 3249 ‚
921 3208 1099 3246 extremis,·
1121 3218 1259 3249 quorum
1284 3208 1335 3241 in-

334 3252 435 3291 ferius
460 3252 550 3288 omni
575 3251 722 3293 hymenis
743 3251 865 3284 carebat
888 3251 1041 3293 vestigio;
1064 3250 1176 3285 frustra
1200 3251 1334 3293 denique

334 3303 370 3335 in
394 3299 519 3341 reliquo
543 3294 682 3329 naturali
706 3295 805 3329 ullius
828 3295 988 3329 cicatricis
1033 3294 1155 3329 indicia
1199 3305 1217 3328 a
1241 3294 1335 3327 nobis

333 3341 465 3388 quaesita
488 3340 582 3375 sunt.
761 3353 763 3357 ’

382 3396 431 3420 10.
457 3387 613 3419 Attamen
637 3381 723 3415 hunc
746 3390 871 3416 tantum
893 3382 1013 3425 vaginae
1036 3381 1191 3415 coalitum
1216 3381 1254 3414 ab
1264 3391 1334 3413 ero-

333 3432 418 3467 fione
433 3454 446 3472 ,
469 3436 524 3463 aut
547 3427 584 3461 ab
607 3426 797 3458 laceratione
819 3426 942 3468 aliqua,
965 3436 1020 3460 aut
1042 3425 1132 3459 nullo
1155 3425 1268 3464 modo,
1278 3433 1332 3457 aut

333 3475 530 3518 negligenter
560 3478 669 3504 curata
691 3490 704 3508 ,
736 3468 826 3502 fuisse
849 3490 862 3509 >
894 3468 988 3503 credo
1013 3493 1026 3510 ‚
1055 3476 1130 3510 puta
1154 3470 1191 3502 ab
1213 3469 1332 3502 ultimo

334 3527 451 3562 partu3
474 3524 576 3557 nupta
598 3514 683 3546 enim
708 3513 823 3546 mulier
846 3513 970 3549 fuerat,
994 3511 1141 3554 annisque
1166 3522 1255 3545 antea
1267 3521 1330 3543 non

335 3562 448 3597 multis
470 3561 576 3592 virum
598 3556 767 3596 amiserat,
790 3567 932 3598 quocum
953 3557 986 3588 in
1010 3556 1218 3588 matrimonio
1241 3556 1327 3586 vive-

332 3616 388 3643 re,
422 3606 491 3638 imo
524 3612 561 3635 ne
584 3601 687 3634 vivere
721 3599 852 3642 quidem
872 3622 884 3639 ‚
914 3596 955 3632 sic
979 3597 1079 3633 clausa
1103 3610 1119 3631 a
1142 3596 1326 3641 primordiis

780 165 937 218 Liber
974 165 1035 218 V.
1075 167 1154 221 De
1190 168 1444 223 addendis
1479 169 1548 221 ad
1585 168 1771 222 Libros
1803 170 2089 235 superiores

1387 248 1523 289 vagina,
1544 246 1716 289 potuisset.
1742 245 1922 284 Quomodo
1944 247 2028 279 enim
2044 246 2168 286 censeS,
2191 248 2381 288 menstruum

1387 290 1597 333 sanguinem,
1621 291 1677 333 qui
1702 289 1742 322 ab
1776 289 1953 323 illiusmodi
1990 298 2081 323 utero
2114 301 2180 324 non
2211 292 2382 331 scaturiisse

1388 334 1521 371 florente
1542 342 1635 367 <etate
1656 343 1722 366 non
1747 332 1895 374 videtur,
1919 334 2003 378 intra
2024 332 2091 375 ejus
2113 344 2225 369 cavum
2238 336 2381 381 sineper-

1387 378 1469 410 nicie
1488 379 1637 411 ‘mulieris
1660 375 1794 419 potuisse
1817 377 1946 410 retineri
1965 381 1978 408 ε’
2002 377 2077 419 Ego
2095 386 2179 410 certe
2201 379 2381 416 vix‘intel-

1386 421 1515 464 ligerem
1530 443 1540 459 ‚
1561 422 1617 463 qui
1642 417 1742 462 posset
1765 417 1904 460 humor,
1928 428 1964 453 ut
1988 430 2180 463 per-paucus,
2212 425 2244 455 &
2277 428 2380 459 tennis

1385 464 1422 497 fit
1437 488 1449 505 ‚
1471 476 1537 508 quo
1560 461 1728 498 secundum
1752 472 1915 503 naturam,
1949 471 1985 496 ut
2008 464 2042 495 in
2067 462 2124 497 hac
2156 476 2283 509 quoque
2317 468 2379 503 [σε-

1385 510 1471 541 mina
1493 506 1600 541 vidisse
1624 518 1697 547 me,
1717 505 1812 543 dixi,
1836 508 1923 540 intus
1955 506 2067 539 leviter
2092 508 2202 551 madet
2236 520 2343 545 uterus
2365 535 2375 551 ,

1386 551 1462 585 huic
1486 551 1587 585 labem
1610 561 1674 584 non
1698 550 1835 583 attulisse
1857 573 1869 590 ‚
1901 548 2037 592 nisi'per
2061 550 2202 594 lymphae
2225 552 2340 590 duetus
2361 579 2375 596 ‚

1385 604 1438 628 aut
1461 594 1522 627 alia
1549 593 1747 629 absorbentia
1771 592 1892 626 vascula
1904 593 2118 627 reveheretur.
2145 593 2203 629 Sed
2226 596 2292 631 haec
2302 609 2377 633 num

1385 638 1529 681 sanguini
1552 648 1704 681 quoque,
1727 640 1759 670 &
1781 648 1814 669 ea
1838 638 1929 678 copia
1951 648 2011 679 qua
2036 637 2150 671 scimus
2171 641 2205 672 in
2229 643 2312 674 uteri
2324 652 2376 676 ca-

1385 692 1461 714 vum
1484 681 1612 723 singulis
1637 678 1791 714 mensibus
1813 679 1968 719 influere,
1992 679 2175 714 abducendo
2198 685 2282 724 paria
2305 685 2375 724 effe,

1384 724 1601 758 existimabis}>
1623 723 1722 763 Quod
1743 735 1817 756 vero
1838 722 1876 756 de
1900 723 1980 763 hac,
2012 726 2095 757 idem
2120 723 2218 758 ferme
2239 726 2278 760 de
2303 739 2373 762 rnu-

1381 768 1455 801 liere
1478 770 1575 802 etiam
1598 768 1692 801 altera
1719 778 1756 800 ex
1778 776 1809 800 te
1832 778 1942 809 quaero
1965 789 1975 806 ,
2006 767 2096 810 cujus
2119 777 2188 801 tum
2212 768 2315 803 fuerat
2339 773 2373 805 in

1381 811 1560 853 Gymnasio
1582 811 1711 844 cadaver
1734 809 1901 843 dissectum
1927 812 1982 843 vix
2005 810 2128 845 duobus
2150 821 2223 846 ante
2259 814 2376 854 menri,

1381 855 1462 893 bus,
1486 858 1517 888 &
1544 854 1611 888 haec
1634 865 1703 897 quae
1728 852 1925 896 sequuntur,
1947 865 1963 886 a
1987 865 2036 887 me
2062 854 2230 889 adnotata.

1425 909 1473 932 11.
1497 899 1625 931 ANUS
1649 899 1682 930 in
1707 896 1913 930 Nosocomio
1934 896 2101 932 decesserat
2126 909 2189 932 non
2213 911 2251 934 ex
2273 901 2339 935 alio
2359 927 2371 943 ,

1377 951 1533 991 quantum
1557 940 1748 984 apparebat,
1773 939 1911 981 morbo,
1933 952 2029 984 quam
2053 940 2272 977 deficientium
2307 945 2376 978 sen-

1379 988 1437 1019 sim
1459 985 1599 1023 virium3
1623 995 1678 1017 nec
1703 985 1819 1018 mirum
1839 984 1872 1016 in
1894 994 1927 1016 ea
1949 995 2020 1027 quae
2043 995 2141 1019 annos
2165 997 2218 1019 exe
2243 997 2306 1021 erat
2316 1000 2376 1025 no..

1379 1031 1511 1072 naginta
1534 1028 1635 1063 duos.
1787 1028 1971 1060 CORPUS
1996 1038 2061 1061 erat
2085 1027 2205 1071 strigosi
2230 1041 2333 1064 rmum
2357 1054 2369 1063 .

1380 1075 1433 1107 Ex
1457 1071 1638 1106 Abdomine
1676 1071 1745 1105 duae
1769 1070 1989 1113 prominebant
2023 1070 2167 1111 herniae,
2199 1073 2294 1106 altera
2339 1075 2375 1108 in

1380 1115 1489 1150 medio
1513 1115 1723 1158 hypogastrio
1735 1138 1748 1155 ,
1770 1125 1839 1157 quae
1863 1115 1961 1156 puelli
1983 1125 2077 1158 caput
2101 1116 2244 1158 aequabat
2261 1140 2271 1156 ,
2296 1118 2377 1151 alte-

1381 1171 1416 1193 ra
1448 1159 1487 1193 ad
1520 1160 1638 1201 prioris
1670 1160 1751 1192 latus
1782 1157 1964 1191 dexterum.
2003 1160 2142 1202 Utrique
2166 1161 2268 1193 inerat
2299 1172 2373 1204 pars

1378 1203 1521 1236 intestini
1555 1202 1639 1239 llei;
1663 1202 1782 1235 minori
1809 1211 1883 1233 vero
1907 1212 1976 1244 pars
1998 1204 2119 1236 omenti
2142 1215 2374 1248 quoque:quae

1378 1246 1435 1280 nisi
1459 1246 1549 1289 quod
1574 1244 1758 1279 herniarum
1785 1243 1877 1277 saccis
1901 1245 2122 1283 adhaerebanr,
2148 1246 2232 1279 nihil
2257 1258 2374 1290 praete-

1378 1302 1429 1324 rea
1453 1289 1611 1323 habebant
1633 1290 1727 1322 vitii.
1753 1288 1960 1323 Ventriculus
1981 1299 2076 1333 aequo
2099 1288 2232 1322 inferior
2255 1291 2337 1324 visus
2360 1314 2372 1330 ,

1379 1345 1418 1367 an
1439 1333 1528 1377 quod
1552 1332 1695 1366 deorsum
1718 1332 1836 1365 tractus
1858 1330 1964 1366 fuisset
1988 1333 2026 1366 ab
2037 1333 2092 1366 illa
2115 1334 2234 1366 omenti
2260 1345 2373 1376 parte,

1380 1377 1496 1411 herniae
1510 1400 1522 1418 ,
1544 1385 1580 1409 ut
1602 1376 1766 1415 diximus,
1788 1374 1927 1416 inclusa,
1952 1387 1991 1410 an
2015 1377 2123 1420 potius
2147 1376 2184 1410 ab
2207 1378 2277 1411 aliis
2299 1389 2375 1412 cau-

1379 1420 1440 1458 fis‚
1461 1423 1494 1454 &
1514 1421 1554 1453 in
1579 1419 1628 1453 his
1650 1419 1785 1464 quadam
1807 1418 1979 1462 glandula,
2010 1430 2047 1454 ut
2072 1431 2089 1452 a
2112 1422 2218 1462 primo
2238 1419 2366 1455 videba-

1380 1474 1457 1504 tur,
1480 1474 1579 1507 prope
1603 1463 1719 1497 lienem
1741 1472 1871 1496 omento
1892 1464 2026 1501 innexa,
2061 1463 2303 1506 magnitudine,
2337 1469 2370 1499 &

1380 1507 1483 1542 forma
1506 1508 1561 1540 ovi
1584 1506 1717 1550 majoris
1738 1506 1935 1541 columbini.
1979 1508 2085 1550 Qam
2107 1518 2182 1541 cum
2204 1509 2301 1551 paulo
2325 1518 2376 1541 at-

1380 1553 1501 1585 tentius
1523 1549 1752 1593 inspeetarem,
1775 1553 1807 1584 δε
1831 1551 1943 1583 lienem
1968 1551 2102 1585 alterum
2124 1550 2205 1592 esse,
2236 1551 2375 1595 suspica-

1381 1606 1451 1634 rer,
1476 1593 1686 1637 suspicionem
1709 1595 1886 1628 luculenter
1907 1593 2109 1628 confirmavit
2130 1593 2276 1629 disseffio
2297 1619 2310 1636 ‚
2342 1598 2377 1628 &

1380 1649 1454 1672 curn
1490 1638 1640 1680 proximo
1675 1638 1756 1671 liene
1790 1638 1958 1677 collatio‚·
1989 1637 2096 1672 eadem
2128 1639 2214 1671 enim
2246 1639 2375 1682 prorsus

1381 1681 1545 1723 utriusque
1569 1680 1744 1721 structura,
1767 1683 1799 1714 &
1821 1680 1994 1714 substantia
2008 1680 2093 1715 fuit.
2114 1681 2280 1715 Minorem
2290 1682 2376 1715 cras-

1379 1725 1512 1759 iiuscula
1534 1725 1658 1757 omenti
1682 1723 1813 1757 adibant
1837 1723 2013 1765 sanguifera
2035 1724 2116 1757 vasa.
2131 1724 2269 1766 Majoris
2293 1733 2377 1758 arte-

1379 1770 1424 1801 ria
1448 1775 1514 1801 erat
1537 1768 1678 1810 Magna5
1702 1766 1753 1800 sed
1776 1768 1829 1800 vix
1852 1766 1999 1800 leviffime
2021 1766 2181 1806 flexuosa,
2217 1779 2316 1812 neque
2342 1770 2378 1801 i'n

1379 1820 1466 1845 tanta
1498 1819 1590 1844 aetate
1624 1810 1697 1845 duri
1731 1809 1907 1854 quidquam
1939 1809 2097 1849 habebam
2134 1819 2169 1844 ut
2193 1822 2319 1856 neque,
2353 1811 2377 1845 ss

1379 1855 1491 1889 Iliacas
1514 1855 1673 1897 excipias,
1699 1854 1769 1887 aliae
1783 1878 1794 1895 ,
1816 1853 2017 1897 quascunque
2028 1855 2230 1894 examinavi,
2253 1856 2379 1889 arteriae

1379 1898 1503 1942 aliquid
1527 1896 1603 1932 ossei
1627 1897 1786 1936 habuere,
1809 1908 1907 1940 neque
1929 1897 2036 1931 cordis
2058 1898 2192 1931 valvulae
2215 1911 2226 1937 3
2251 1897 2377 1932 tametsi

1376 1954 1446 1987 quae
1469 1944 1581 1976 Aortae
1604 1941 1843 1984 praeficiuntur,
1866 1942 2094 1974 contractiores
2118 1950 2218 1982 erant,
2241 1945 2274 1976 ἃς
2296 1953 2380 1976 non·

1383 1985 1468 2020 nihil
1491 1986 1633 2019 vitiatae.
1661 1986 1737 2019 Erat
1759 1994 1888 2023 tamen,
1912 1993 2049 2028 quantus
2071 1995 2210 2027 quantus
2240 1987 2274 2018 in
2306 1997 2380 2019 ven-

1385 2041 1433 2064 tre
1457 2029 1522 2070 est,
1544 2028 1639 2072 ipsius
1663 2031 1777 2063 Aortae
1801 2037 1931 2061 truncus
1955 2028 1992 2060 ad
2003 2027 2242 2062 offificationem
2268 2029 2379 2073 dispo-

1383 2072 1480 2114 situs,
1504 2074 1623 2116 quippe
1646 2071 1806 2115 superficie
1830 2071 1947 2114 ubique
1979 2072 2210 2114 propemodum
2234 2081 2303 2107 tum
2329 2073 2378 2105 al-

1382 2117 1433 2152 bis
1456 2116 1611 2157 maculis,
1642 2124 1711 2150 tum
1736 2114 2009 2158 inrequalitatibus
2044 2115 2233 2158 quibusdam
2266 2116 2380 2150 distin-

1385 2163 1458 2202 ἀεὶ,
1482 2160 1576 2204 idque
1598 2161 1751 2194 interius.
1777 2160 1928 2192 Praeterea
1952 2168 2056 2193 autem
2080 2159 2164 2193 idem
2175 2169 2305 2194 truncus
2315 2160 2379 2193 hoc

1385 2205 1519 2240 habebat
1542 2203 1691 2244 insoliti,
1713 2202 1800 2247 quod
1823 2201 1929 2237 statim
1952 2201 2035 2236 infra
2058 2203 2262 2246 Emulgentes
2287 2203 2316 2237 se
2340 2203 2381 2237 ad

1388 2249 1526 2284 traetum
1550 2247 1734 2282 infleetebat
1757 2247 1917 2288 duorum,
1951 2256 2006 2281 aut
2029 2249 2127 2281 trium
2164 2246 2343 2290 digitorum
2368 2261 2379 2281 .-

1384 2305 1454 2336 quae
1478 2292 1611 2326 inflexio
1634 2291 1788 2325 vertebris
1812 2292 1963 2332 imputari
1986 2301 2051 2323 non
2074 2300 2220 2333 poterat,
2243 2301 2278 2325 ut
2301 2302 2380 2335 quas

1385 2338 1466 2370 reete
1492 2335 1625 2378 positas,
1649 2338 1681 2368 &
1704 2335 1780 2368 bene
1803 2334 1832 2368 se
1857 2334 2007 2367 habentes
2041 2334 2205 2367 videbam.
2307 2333 2380 2367 Sed

1385 2380 1425 2414 ad
1448 2381 1565 2413 viscera
1588 2388 1624 2413 ut
1649 2378 1796 2418 redeam;
1822 2378 1964 2412 Mesaraei
1987 2376 2142 2420 glandulae
2178 2389 2276 2421 neque
2311 2379 2380 2411 exi-

1382 2436 1452 2468 guae
1476 2432 1585 2464 erant,
1608 2433 1706 2464 neque
1729 2421 1840 2462 durae,
1863 2432 1961 2465 neque
1980 2431 2077 2461 atro,
2100 2423 2240 2455 exterius
2251 2421 2378 2463 saltem,

1382 2468 1511 2507 colore,
1535 2467 1585 2500 sed
1609 2465 1751 2499 tubello:
1775 2465 2005 2499 Vermiformis
2037 2465 2261 2508 Appendicula
2294 2465 2378 2502 duo-

1384 2512 1441 2544 bus
1463 2508 1642 2543 transversis
1664 2509 1778 2551 digitis
1802 2509 1926 2542 brevior
1949 2533 1960 2549 ,
1985 2512 2016 2542 δε
2040 2509 2214 2543 tenuiffima
2238 2534 2248 2550 ,
2285 2512 2317 2543 δε
2340 2521 2378 2542 o-

1384 2555 1496 2588 mnino
1522 2552 1648 2594 solida,
1672 2561 1708 2586 ut
1731 2558 1893 2594 nunquam
1914 2554 1985 2586 cavi
2010 2551 2132 2594 aliquid
2156 2551 2296 2586 habuisse
2330 2553 2378 2585 vi-

1379 2599 1527 2632 deretur.-
1551 2596 1637 2639 jecur
1659 2606 1764 2630 autem
1789 2607 1865 2629 num
1889 2596 2009 2638 semper
2031 2595 2139 2629 fuiffet
2165 2595 2275 2629 sanum
2291 2618 2303 2636 ,
2326 2595 2375 2629 fa-

1378 2643 1439 2675 cile
1461 2637 1651 2674 dubitasses.
1677 2638 1787 2672 Lobus
1811 2640 1895 2672 enirn
1919 2639 2031 2673 dexter
2063 2650 2124 2681 qua
2156 2638 2219 2681 jam
2254 2639 2377 2673 sinistro

1379 2686 1512 2728 propior
1544 2692 1627 2723 erat,
1664 2686 1697 2716 &
1729 2681 1810 2716 unde
1842 2682 1869 2716 se
1903 2692 2017 2726 praeter
2052 2693 2174 2716 morem
2208 2680 2377 2717 extendere

1378 2728 1524 2762 deorsum
1549 2727 1717 2770 pergebat,
1749 2725 1864 2760 faciem
1899 2737 2070 2759 convexam
2105 2725 2288 2759 ostendebat
2320 2737 2378 2760 nec

1379 2774 1515 2812 navem,
1537 2775 1569 2804 &
1594 2769 1778 2808 subamara,
1804 2781 1900 2812 quarn
1924 2769 1945 2802 si
1970 2769 2016 2802 ibi
2052 2769 2092 2803 ad
2126 2770 2267 2813 aliquam
2301 2781 2378 2812 pro-

1380 2814 1573 2851 funditatem
1585 2813 1719 2851 secares3
1743 2814 1875 2847 eundem
1898 2812 2258 2854 colorem,substantiam
2270 2823 2377 2847 autem

1380 2859 1560 2893 inveniebas
1584 2856 1782 2892 accedentem
1808 2856 1844 2890 ad
1868 2858 2032 2897 ligamenti
2056 2866 2221 2891 naturam.

1380 2903 1556 2945 Reliquum
1579 2900 1645 2940 est,
1669 2909 1704 2933 ut
1728 2899 2001 2938 deGenitalibus‚
2024 2899 2291 2942 quemadmodum
2307 2899 2375 2942 pol-

1378 2946 1488 2979 licitus
1511 2944 1578 2978 sum
1601 2968 1614 2985 ,
1636 2944 1741 2977 dicam
1765 2968 1774 2975 .
1809 2944 1905 2977 Tuba
1929 2953 2062 2986 utraque
2087 2946 2131 2977 ita
2156 2943 2212 2977 suo
2244 2952 2377 2987 quaeque

1385 3000 1459 3023 cum
1482 2990 1591 3021 ovario
1614 2999 1752 3022 connata
1775 2996 1839 3020 erat
1862 3011 1876 3028 ,
1904 2995 1940 3020 ut
1963 2987 2106 3020 neutrius
2129 2986 2261 3020 fimbriae
2284 3011 2298 3028 ,
2323 2999 2379 3019 ne-

1385 3033 1462 3066 dum
1485 3032 1651 3073 osculum,
1673 3031 1760 3074 quod
1782 3032 1865 3064 inter
1887 3041 1935 3063 eas
1957 3030 2023 3069 est,
2046 3039 2230 3073 apparerent
2254 3056 2262 3065 .
2287 3031 2378 3064 Intra

1386 3077 1493 3109 ovaria
1519 3086 1623 3110 autem
1645 3085 1733 3109 erant
1758 3073 1943 3117 hydatides.
1970 3075 2068 3106 Uteri
2092 3072 2210 3108 fundus
2232 3084 2306 3108 cum
2329 3074 2377 3107 se-

1386 3121 1455 3157 &us
1478 3117 1549 3152 esset
1573 3132 1581 3150 ε
1607 3120 1640 3151 in
1665 3118 1772 3152 medio
1795 3117 1976 3160 posterioris
2008 3117 2100 3150 faciei
2131 3117 2299 3159 conspesta
2331 3118 2378 3151 est

1387 3160 1553 3196 altiuscula
1576 3162 1770 3195 subrotunda
1795 3159 2029 3201 excrescentia,
2050 3172 2119 3202 quae
2143 3173 2158 3194 a
2183 3162 2290 3203 primo
2302 3173 2378 3203 qua-

1386 3205 1408 3239 fi
1432 3218 1469 3239 ex
1492 3206 1636 3239 vesiculis
1659 3205 1743 3238 faeta
1764 3204 1948 3241 videbatur3
1971 3203 2052 3238 se&a
2078 3213 2208 3243 autem,
2241 3215 2278 3237 ex
2301 3204 2379 3237 soli-

1386 3248 1425 3282 da
1456 3252 1536 3283 uteri
1573 3248 1744 3282 substantia
1765 3248 1906 3282 constare
1930 3248 2056 3280 inventa
2079 3247 2142 3282 est.
2164 3249 2249 3281 Cum
2262 3247 2376 3290 specil-

1383 3293 1450 3326 lum
1473 3304 1489 3325 a
1522 3292 1624 3327 fundo
1654 3292 1767 3324 vellem
1798 3292 1831 3323 in
1864 3292 2009 3334 vaginam
2045 3290 2259 3324 transmittere
2280 3315 2290 3331 ,
2322 3302 2378 3325 nec

1383 3335 1502 3379 possem
1527 3349 1538 3375 3
1569 3336 1720 3369 cervicem
1743 3334 1842 3367 incidi
1866 3356 1875 3372 ,
1911 3335 2049 3375 comperi
2074 3344 2111 3367 ue
2133 3333 2227 3377 hujus
2257 3332 2377 3369 infimae

1386 3380 1485 3421 partis
1518 3379 1556 3413 ad
1590 3378 1798 3411 breviffimum
1830 3378 1990 3418 traGtum,
2025 3345 2074 3411 sed
2098 3380 2129 3410 ἃ
2154 3378 2254 3411 osculi
2278 3377 2375 3419 ipsius

1385 3424 1501 3455 uterini
1528 3424 1660 3465 parietes
1683 3420 1723 3453 slc
1747 3422 1830 3454 inter
1852 3420 1882 3454 se
1904 3420 2073 3467 coaluisse,
2095 3430 2132 3454 ut
2155 3421 2260 3455 nullus
2282 3445 2293 3461 ,
2312 3420 2377 3455 *nifi

1384 3465 1468 3499 forte
1490 3467 1602 3509 aliquis
1626 3464 1818 3498 tenuissimus
1833 3487 1842 3502 ,
1865 3463 2012 3497 transitus
2036 3463 2199 3506 superesset
2213 3490 2221 3497 .

1426 3521 1476 3543 22.
1502 3510 1650 3543 Coalitus
1673 3506 1766 3542 hosce
1790 3519 1805 3540 a
1827 3506 1953 3541 difficili
1978 3516 2070 3549 partu
2095 3506 2313 3544 laceratione,
2337 3517 2374 3542 ut

1381 3552 1451 3585 dixi
1479 3557 1491 3592 (
1514 3564 1530 3585 ο
1552 3557 1588 3592 ),
1610 3552 1714 3593 aliqua
1739 3551 1869 3589 relifflt,
1895 3549 1989 3583 facile
2011 3548 2119 3583 induci
2143 3551 2234 3593 posse
2260 3577 2268 3592 ‚
2292 3550 2379 3585 illud'

1378 3594 1509 3630 fortasse
1532 3596 1742 3637 comprobat,-
1764 3592 1852 3637 quod
1874 3595 1907 3626 in
1930 3602 2061 3635 utraque
2084 3594 2214 3627 muliere
2228 3595 2372 3669 sublatum

2218 3648 2275 3670 occ
2292 3649 2327 3670 u—

392 3722 2334 3741 mmm-mm

397 3785 572 3816 (ο)ῐι.ιο.
