2498 4075
572 228 751 296 Epist.
786 228 948 283 Anat.
983 224 1198 283 Medica
1232 225 1342 279 LlI.
1380 225 1505 280 Art.·
1543 242 1626 289 27³

89 313 270 356 eas-tamen
293 307 353 341 esse
373 306 539 342 confestim
564 318 725 343 mortuas.
748 309 916 351 Qinipse
938 308 1018 352 quid
1042 310 1087 342 vi-

87 349 190 383 derim
212 352 246 383 in
271 350 387 385 felibus
410 351 555 387 duobus,
579 361 650 384 ante
667 352 802 386 biduum
826 355 926 390 natis,
953 363 1028 386 curn
1042 353 1088 384 vi-

88 396 234 427 ventium
268 396 373 435 capita
407 394 579 428 inciderem
614 396 724 430 aestivo
755 405 924 438 tempore,
963 406 1090 429 narrare

85 436 212 513 gessum
236 462 243 468 .
283 438 420 471 Reteffl)
445 439 531 470 enim
548 460 557 476 ‚
581 439 614 471 in
639 448 778 482 utroque
803 461 811 475 ‚
843 440 965 474 cerebri
989 440 1090 472 altero

112 480 337 523 emispbaerio‚
361 481 530 514 &Tenuis
554 483 714 525 meningis
737 483 880 516 utilitate
892 482 1092 517 animadver-

85 522 119 556 sa
142 524 176 555 in
196 524 327 571 cerebro
346 524 546 562 coercendo3
570 536 642 558 nam
663 537 726 567 qua,
738 525 822 560 forte
834 526 940 569 aliqua
954 527 1091 560 lacerata

86 574 153 599 erat
177 578 244 608 ejus
263 568 420 608 meningis
442 568 622 609 particula,
646 569 719 602 illac
742 569 896 612 particula
918 570 1040 604 cerebri
1063 569 1091 601 se

86 611 293 647 extrudeban
313 610 564 654 prominensque
576 611 753 653 perstabat3
778 611 933 647 assulatim
946 613 1026 646 illud
1040 622 1090 645 to-

85 662 158 689 tum
179 652 441 703 hemisphaeriiim
456 653 585 695 ademi,
610 666 711 698 neque
722 663 889 699 propterea
914 656 1089 692 movendi,

83 707 188 738 neque
200 696 357 730 sentiendi
368 695 506 731 facultas
518 699 553 731 in
566 698 839 740 respondentibus,
852 710 905 734 aut
918 702 949 731 in
962 698 1089 741 opposi-

85 741 131 773 tis
143 740 464 789 artubusimminui,
479 740 594 775 nedum
608 743 710 783 perire
727 766 735 781 ‚
760 742 825 775 visa
836 742 899 776 est.
925 743 997 776 Nec
1010 753 1088 775 vero

84 793 207 832 periit,
233 792 311 818 curn
323 797 400 818 mox
411 785 540 818 alterius
552 784 624 818 felis
647 785 838 819 cerebellum
860 784 1086 820 vulneraffem„

82 828 187 859 vPeriit
209 836 321 872 autem
343 828 449 862 statim
468 839 503 861 ac
516 828 643 862 alterius
667 828 879 866 cerebellum,
901 832 932 862 &
955 830 1089 862 initium

87 868 177 919 {orte
189 870 332 913 spinalis
343 871 489 905 medullae
501 871 564 904 alte
577 870 697 907 incidi,
721 871 935 905 acdilaceravi
945 884 958 912 ,·
969 874 1063 914 periit
1074 894 1088 911 ‚

89 924 228 963 {nquam
239 938 248 952 ‚
261 916 294 947 in
307 915 496 953 artubus,'&
509 922 581 947 toto
596 926 742 956 corpore,
756 925 913 957 quantum
928 917 1009 949 mihi
1021 923 1092 948 ante

85 956 199 990 oculos
212 967 291 992 tunc
300 967 368 991 erat
380 971 389 995 3
402 957 422 990 fi
435 962 490 990 cor
503 967 624 997 tamen,
635 957 852 1000 auriculasque
865 958 930 1000 ejus
943 960 1093 998 excipias,-

87 1000 204 1034 harum
227 1003 337 1038 enim,
359 1000 511 1042 illiusque
522 1009 629 1033 motus
642 1002 746 1042 vegeti
763 1001 990 1043 perstiterunt.
1017 1003 1091 1033 Imo

77 1054 162 1088 *cum
179 1045 346 1088 aliquanto
370 1043 439 1087 post
462 1053 602 1085 tempore
615 1054 864 1084 caputatrunco
876 1043 1092 1078 abscidissem:

87 1086 132 1121 sic
144 1088 372 1124 nihilominus.
387 1097 421 1121 ut
434 1086 454 1119 fi
467 1098 530 1119 non
545 1084 754 1122 abscidissem,
769 1087 1020 1128 perstabatMox
1033 1088 1094 1129 igi-

88 1139 144 1165 tur
155 1133 330 1175 amputatis
342 1130 422 1164 vafis
433 1130 584 1172 Magnis,
607 1141 680 1163 cum
695 1130 768 1171 ipsis
780 1141 835 1163 cor
846 1131 981 1168 abstul‘i3
1006 1130 1095 1173 quod

88 1184 169 1209 tunc
181 1175 319 1218 denique
331 1176 399 1207 cito
411 1174 598 1215 conquievit
608 1184 620 1212 ;
630 1172 683 1207 etsi
695 1183 771 1206 mox
781 1174 866 1207 inter
876 1174 996 1216 digitos
1007 1185 1097 1206 com-

87 1218 251 1261 pressum,
275 1217 383 1252 valido
394 1218 564 1250 etiamtum
577 1215 793 1256 nisuconari,
816 1216 911 1250 sensi.
938 1218 1099 1257 Veraigi-

89 1270 152 1295 *tur
175 1262 216 1296 ab
235 1263 277 1297 iis
289 1262 378 1298 dici,
404 1260 494 1300 scio',
518 1258 663 1301 quifeles
677 1259 874 1301 potiffimum
892 1258 1101 1295 diutiusresi-

88 1303 171 1339 :stere
193 1307 229 1340 in
261 1304 454 1339 anatomicis
484 1305 732 1344 experimentis,
757 1303 968 1346 scripserunt.
997 1302 1100 1336 Simul

88 1357 204 1382 tamen
229 1348 510 1388 etiamintelligo,
533 1345 684 1388 siquaein
697 1345 759 1379 hoc
785 1349 996 1381 animantium
1008 1358 1101 1389 gene-

87 1403 147 1430 re,
171 1393 350 1435 praesertim
363 1401 469 1424 recens
491 1398 664 1428 natorum,
687 1391 995 1428 animadvertimus,
1019 1390 1102 1424 mul-

88 1444 191 1477 toque
205 1438 310 1477 magis
321 1446 393 1477 quae
405 1434 439 1467 in
453 1433 565 1467 avibus
579 1455 589 1470 ‚
612 1431 800 1475 inseffisque
811 1456 820 1471 ‚
833 1436 862 1466 δι
873 1433 1020 1467 humanis
1032 1433 1104 1473 ipsis

90 1477 254 1516 foetibus,
280 1488 357 1521 puta
369 1478 426 1520 qui
440 1488 505 1510 non
517 1476 615 1510 modo
628 1475 690 1508 fine
701 1476 852 1516 cerebro,
876 1479 906 1509 ὅ(
921 1477 1077 1510 cerebello
1091 1498 1100 1513 ,

88 1521 145 1555 :led
158 1524 189 1555 &
204 1521 268 1556 fine
283 1522 480 1563 Oblongata
493 1542 503 1558 ,
528 1522 559 1553 &
571 1519 692 1561 Spinali
707 1519 844 1552 medulla
857 1520 1030 1562 aliquando
1044 1531 1102 1552 na-

85 1564 248 1604 :scuntur‚
272 1564 397 1604 fihaec,
419 1566 576 1605 inquam,
600 1562 705 1595 solum
721 1563 942 1600 attendamus,
965 1564 1035 1597 fore
1050 1564 1101 1595 in-

86 1608 229 1651 telligo,
256 1616 293 1641 ut
317 1609 418 1641 multa
432 1606 578 1640 adversus
592 1606 705 1639 harum
718 1606 950 1644 medullarum,
974 1609 1101 1640 &cere-

84 1651 163 1691 bri,
186 1652 303 1685 nedum
315 1650 459 1684 adversus
483 1648 717 1682 cerebelliusus
732 1676 740 1687 ,
765 1649 920 1691 consequi
944 1649 1028 1690 posse
1052 1651 1101 1683 vi-

85 1694 229 1729 deantur
244 1718 253 1727 .
365 1693 484 1726 Nolim
495 1703 623 1734 quoque
635 1690 688 1725 hic
702 1693 877 1734 plurimum
891 1693 1013 1726 tribuas
1025 1694 1102 1736 qui-

84 1737 223 1771 busdam
244 1736 393 1771 cerebelli
410 1736 501 1769 vitiis
512 1735 739 1778 quaelongiori
755 1761 764 1774 ,
789 1746 844 1769 aut
870 1733 974 1769 miuus
998 1737 1099 1778 longo

83 1781 397 1826 quidemtempore‚
423 1778 476 1812 sed
497 1786 582 1813 certe
608 1789 671 1811 non
697 1787 826 1822 repente
851 1778 951 1813 fiunt.
981 1780 1100 1812 Prioris

86 1825 217 1866 generis
241 1823 310 1858 haec
323 1823 414 1856 sunt.
438 1823 491 1856 Ex
504 1819 797 1862 Manchartom),
822 1822 966 1865 itemque
976 1833 1015 1855 ex
1028 1824 1100 1854 Lit-

85 1869 157 1900 trio
177 1869 191 1906 (
213 1867 232 1901 b
254 1871 265 1906 )
291 1868 325 1899 in
347 1865 473 1900 duobus
497 1864 745 1905 hydrocepbalis
768 1865 878 1906 pueris
901 1865 1098 1899 cerebellum

82 1919 146 1943 aut
169 1909 379 1946 induratum,
404 1917 459 1941 aut
483 1906 675 1941 scirrhosum
700 1906 742 1941 fic
765 1917 896 1947 tamen,
920 1918 955 1942 ut
978 1910 1012 1941 in
1038 1911 1100 1942 hoc

86 1953 191 1993 bina,
213 1954 363 1996 quamvis
384 1953 523 1994 exigua,
547 1949 738 1992 superessent
763 1951 834 1984 loca
858 1952 892 1983 in
904 1951 1023 1993 quibus
1045 1961 1101 1984 ce-

84 1996 246 2032 rebellum
263 1994 436 2030 secundum
460 2003 607 2029 naturam
621 1993 650 2026 se
674 1992 811 2027 habebat
830 2019 838 2032 ,
862 1994 895 2027 in
919 1994 978 2028 illo
991 2003 1098 2028 autem

87 2040 186 2074 Iobus
211 2041 310 2078 alter,
333 2048 370 2072 ut
394 2039 500 2070 minus
523 2036 674 2078 grandis,
699 2038 743 2070 ita
769 2038 874 2070 minus
897 2049 1027 2081 quoque
1050 2036 1099 2070 es-

86 2082 138 2117 {et
161 2081 281 2116 durus:
304 2093 343 2114 ex
367 2080 499 2114 ssriss‘aeo
523 2082 590 2118 (c)
613 2079 711 2113 durus
733 2092 865 2123 quoque
888 2089 1024 2118 tumor,
1049 2079 1100 2114 sed

86 2127 127 2160 :in
152 2125 261 2159 medio
293 2125 451 2159 cerebello
473 2132 583 2156 enatus
609 2134 617 2156 :
651 2125 764 2167 ‹ex-Cl.
790 2124 987 2158 Lieutaudio
1012 2129 1021 2163 (
1047 2124 1067 2155 d
1088 2128 1103 2163 >

90 2181 130 2204 os
153 2180 218 2202 non
242 2179 379 2212 parvum
403 2170 489 2200 intra
512 2167 653 2200 alterum
674 2175 740 2206 ejus
762 2167 897 2200 loburn:
922 2178 960 2200 ex
984 2168 1102 2210 Peyro-

89 2214 151 2247 nio
183 2216 194 2251 (
218 2223 232 2245 e
255 2217 269 2253 )
300 2221 410 2245 totum
433 2209 626 2244 cerebellum
649 2209 687 2242 in«
716 2211 934 2243 membranam
967 2220 1102 2243 conver-

86 2257 184 2294 esum,
209 2267 281 2297 quae
303 2265 419 2295 corpus
440 2253 611 2295 gallinacei
634 2254 689 2285 ovi
715 2252 1100 2296 magnitudineinvolve-

89 2300 150 2333 bat
163 2324 170 2336 ,
192 2309 232 2331 ex
243 2298 402 2340 glandulis
416 2296 561 2339 pluribus
574 2318 583 2334 ‚
606 2294 758 2338 durisque
769 2296 971 2338 compaetum
986 2319 994 2334 ‚
1010 2295 1100 2338 quod

87 2344 203 2385 potius
226 2343 257 2374 in
281 2352 397 2383 corpus
417 2362 429 2379 ,
462 2348 496 2373 ut
520 2339 559 2372 de
582 2339 714 2373 cerebro
738 2340 819 2373 olim
844 2338 988 2373 accidisse
1012 2339 1101 2373 vide-

89 2396 167 2424 tur,
189 2397 284 2426 quam
310 2387 342 2417 in
367 2383 456 2416 illam
470 2383 688 2415 membranam
705 2407 712 2420 ‚
737 2383 931 2417 cerebellum
956 2380 1100 2415 essemu-

91 2438 222 2465 tatum‚
247 2431 276 2462 3<
304 2428 359 2461 sub
375 2427 441 2467 ejus
465 2426 549 2459 larva
563 2425 744 2464 delituisse,
769 2427 869 2468 aliqui
894 2426 1022 2460 fortasse
1036 2425 1099 2459 sus-

87 2471 312 2516 picabuntur,
336 2481 401 2503 non
427 2469 513 2502 secus
524 2481 559 2502 ac
582 2469 735 2511 quasdam
749 2470 895 2503 cerebelli
920 2468 1016 2511 ipsius
1028 2481 1098 2512 par-

88 2525 141 2549 tes
164 2516 199 2548 in
223 2516 340 2557 quibus
362 2511 571 2555 deprehendit
596 2512 760 2545 Harderus
786 2510 844 2554 (f)
867 2513 1015 2555 globulos
1037 2523 1098 2546 tres

88 2569 231 2602 parvom
256 2570 329 2590 nam
355 2556 456 2599 major
479 2558 512 2588 in
537 2556 674 2596 Spinalis
698 2556 844 2589 medullae
875 2557 976 2588 initio
998 2555 1060 2589 fuit
1084 2569 1094 2592 ς

86 2611 149 2636 aut
173 2601 413 2635 Wurffbainius
436 2602 449 2638 (
469 2598 524 2642 g)
550 2599 638 2632 varia
662 2600 849 2641 corpuscula
871 2599 1057 2641 glandulosa
1082 2623 1092 2637 ,

88 2644 250 2679 cerebello
272 2645 401 2682 quidem
428 2642 536 2681 flavo,
558 2644 590 2675 δε
615 2641 733 2675 foetido
757 2668 764 2680 ‚
784 2642 838 2683 (sed
863 2653 928 2675 non
952 2642 1095 2683 putrefa-

85 2690 169 2727 cto,
193 2698 247 2720 aut
269 2688 395 2723 Flalcus
419 2684 501 2728 apud
527 2686 707 2718 Lancisium
731 2689 741 2724 (
764 2685 784 2718 h
805 2690 819 2724 )
842 2699 851 2721 ς
885 2697 984 2727 neque
1009 2686 1095 2719 enim

89 2730 260 2764 lancifius
283 2732 367 2763 vidit
390 2741 403 2769 ,·
434 2739 550 2769 corpus
575 2739 611 2761 ex
636 2729 780 2768 pluribus
803 2728 943 2770 globulis
966 2740 1094 2771 compa.

92 2774 206 2806 Cium.
230 2773 302 2806 Nec
326 2783 401 2805 vero
425 2773 463 2804 ad
488 2780 596 2804 totum
621 2773 777 2811 pertinuit
800 2772 992 2805 cerebellum
1017 2792 1026 2807 ‚
1060 2782 1094 2806 ut

91 2816 247 2850 videntur
271 2816 368 2856 aliqui
393 2815 555 2853 indicare,
579 2815 633 2847 alii
659 2824 764 2848 autem
787 2814 901 2849 diserte
914 2814 1096 2855 affirmant,

91 2861 123 2892 'is
148 2859 287 2892 scirrhus
308 2868 404 2900 quem
428 2859 461 2890 in
484 2856 631 2890 mendica
656 2859 758 2899 puella
781 2859 906 2891 invenit
932 2857 1096 2890 Cel,Hal.

96 2904 203 2941 ierus,
227 2902 355 2943 quando
378 2901 430 2934 hic
456 2900 520 2942 ipse
543 2900 591 2941 (i
613 2903 623 2937 )
649 2900 790 2935 cerebelli
812 2902 1095 2941 mediampartem‚

91 2947 131 2979 :id
154 2945 196 2978 est
220 2944 322 2978 lobum
337 2943 493 2985 fimftrum
505 2943 691 2984 occupasse,
716 2943 850 2981 scribit3
876 2953 910 2976 ut
924 2942 1017 2976 facile
1031 2956 1094 2977 non

90 2997 239 3031 aequaret
263 2998 359 3029 quem
382 2998 441 3028 ego
469 2987 607 3029 (minus
630 2995 735 3019 tamen
759 2986 902 3024 durum,
928 2988 1096 3029 minusque

93 3031 302 3074 coinpa&iim
328 3034 338 3070 )
364 3029 421 3063 sub
444 3030 577 3063 initium
601 3030 646 3063 A.
676 3040 768 3072 1754·
792 3031 825 3062 in
856 3030 917 3062 viri
941 3030 1096 3065 cerebello

93 3075 220 3110 offendi
244 3099 252 3113 ,
285 3076 401 3115 quippe
425 3082 539 3115 praeter
562 3071 697 3106 eundern
721 3084 798 3115 pene
821 3082 925 3107 totum
950 3074 1062 3107 lobum
1086 3096 1094 3111 ‚

90 3127 257 3154 §tenentem
272 3117 384 3150 mediae
408 3127 535 3159 quoque
549 3117 666 3157 partis,
690 3117 914 3159 &proximam
938 3117 1005 3150 lobi
1020 3118 1096 3151 dex-

92 3165 157 3197 teri
181 3161 392 3204 portionem,
414 3159 686 3201 quemadmodum
712 3171 750 3192 ex
773 3158 904 3193 historia
919 3182 929 3198 ‚
953 3172 968 3191 a
994 3172 1041 3194 me
1064 3173 1097 3193 a-

90 3208 142 3241 iio
165 3207 241 3239 loco
263 3207 277 3243 (
301 3203 319 3244 l<
342 3206 352 3240 )
378 3202 416 3235 ad
441 3208 471 3235 te
495 3201 712 3244 perscribenda
725 3202 913 3245 cognosces.
940 3203 993 3237 Ad
1016 3204 1098 3237 alte-

90 3261 164 3284 rum
190 3257 297 3283 autem
323 3247 460 3279 attinent
484 3246 517 3278 in
541 3247 698 3279 cerebello
730 3247 886 3279 vitiorum
912 3257 1009 3288 genus
1032 3259 1042 3285 5
1074 3247 1096 3280 fi

91 3305 189 3336 qnam
212 3289 483 3325 Observationem
496 3290 670 3330 Peyronius
694 3289 741 3333 (l
762 3293 796 3329 )‚
820 3291 907 3322 inter
926 3291 1097 3324 nonnullas

90 3347 222 3379 quoque
247 3335 474 3378 superiorum,
499 3332 638 3372 protulit
660 3356 673 3371 ,
695 3342 731 3365 ut
755 3334 808 3366 alii
832 3335 930 3366 etiam
956 3333 1063 3373 postea
1086 3355 1096 3370 ,

95 3391 137 3413 ex
160 3381 307 3412 Fautono
332 3385 423 3420 patre
438 3397 446 3411 ‚
470 3373 563 3408 facile
585 3374 733 3416 seponas,
759 3376 888 3418 quando
913 3377 1010 3409 Filius
1022 3379 1100 3410 Cla-

91 3422 229 3457 riffimus
263 3425 273 3460 (
299 3432 330 3454 m
352 3423 366 3460 J
388 3430 449 3461 pro
480 3417 637 3451 cerebello
667 3428 810 3460 corrupto
851 3420 1098 3461 intelligendum

93 3465 257 3499 existimat
279 3462 477 3497 cerebellum
488 3461 658 3494 dumtaxat
678 3462 826 3500 mollius,
849 3473 907 3496 nec
931 3465 1098 3498 nativico-

94 3511 194 3547 loris3
220 3509 384 3544 attinent,
408 3508 564 3547 inquam,
590 3506 730 3545 primurn
751 3530 757 3543 ,
777 3517 849 3548 quae
873 3505 985 3539 Mass‘ae
1011 3511 1022 3545 (
1045 3518 1063 3540 n
1087 3510 1097 3544 )

96 3552 159 3591 est,
182 3551 431 3593 apostematisin
447 3547 604 3581 cerebello
615 3547 683 3589 post
696 3549 810 3581 vulnus
825 3549 1004 3591 sincipitis,
1021 3550 1101 3592 snp-

88 3596 202 3638 parari
224 3606 291 3628 cum
309 3595 396 3635 fimie
419 3590 593 3626 laudabili.-
617 3590 732 3624 deinde
756 3592 851 3625 altera
866 3593 905 3625 ab
929 3594 1046 3626 Amico
1059 3592 1098 3626 ad

182 3638 347 3679 Morgagni
358 3638 392 3669 cie
404 3637 469 3668 Sed.
484 3636 526 3667 Cf?
536 3633 625 3673 Cous]
638 3634 739 3666 Morb.
758 3636 855 3667 Tom.
868 3637 913 3666 ΙΙ.

1987 239 2079 289 305

1141 314 1198 337 nos
1223 302 1341 344 scripta
1366 304 1407 336 A.
1435 311 1529 344 1735.
1556 301 1625 335 lobi
1648 297 1797 333 cerebelli
1811 296 1932 331 dexteri
1947 318 1958 336 ,
1980 310 2075 341 quern
2090 302 2145 331 to:

1140 356 1233 383 tum,
1257 345 1391 385 viridis,
1414 347 1445 378 &
1467 344 1583 379 foetida
1607 344 1704 377 sanies
1728 340 1909 383 pervaserat
1931 364 1943 381 ,
1977 339 2146 383 postquam

1144 391 1331 433 proximum
1351 400 1387 422 os
1411 398 1595 430 temporum
1619 386 1672 420 hic
1696 386 1766 419 illic
1789 382 2050 431 carie-affecerat,
2075 385 2147 416 Du-

1143 443 1275 474 ramque
1299 435 1483 473 meningen]
1506 430 1705 465 corroserat:
1733 438 1803 462 tum
1826 428 1945 469 hujus,
1970 429 1995 460 fi
2019 425 2146 474 causam

1142 475 1278 516 species,
1303 486 1367 508 non
1390 475 1548 508 diffimilis
1572 473 1697 511 nostra,
1721 472 1760 505 ad
1785 481 1816 505 te
1829 472 1903 504 alias
1924 473 1938 510 (
1960 482 1977 504 o
1999 472 2009 508 )
2034 467 2123 501 missa
2139 492 2150 507 ,

1142 518 1194 552 sed
1218 530 1255 551 eo
1277 519 1434 553 dissimilis
1468 517 1555 560 quod
1579 517 1679 550 sanies
1701 515 1813 550 lobum
1837 515 1974 548 eundem
1998 511 2147 545 cerebelli

1142 561 1306 604 superficie
1328 572 1417 595 tenus
1435 584 1444 599 ‚
1469 562 1566 602 idque
1591 571 1629 593 ex
1651 559 1758 600 aliqua
1783 567 1910 592 tantum
1936 567 2025 600 parte
2050 556 2151 588 vitia-

1141 614 1230 638 verat
1246 617 1256 636 .-
1277 614 1392 648 quarta
1404 604 1541 647 denique
1552 603 1605 636 Cl.
1621 602 1730 635 Planci
1755 606 1765 641 (
1785 611 1809 643 p
1831 605 1843 636 )
1868 599 2023 633 abscessus
2038 624 2046 636 .
2071 597 2149 631 duas

1141 649 1253 681 tertias
1278 648 1347 681 lobi
1371 648 1458 681 illius
1472 655 1574 688 partes
1599 647 1809 688 occupantis.
1833 643 1946 677 Nemo
1967 642 2099 686 quidem
2111 651 2150 673 ex

1140 692 1268 732 primo,
1294 700 1349 724 aut
1371 702 1410 723 ex
1434 691 1534 725 altero
1558 690 1630 722 vitii
1653 699 1766 729 genere
1791 695 1896 719 morte
1910 687 2080 725 repentina
2106 684 2150 717 il-

1139 734 1227 774 lico,
1250 737 1280 767 &
1303 745 1377 767 cum
1402 733 1491 767 sanus
1517 732 1679 766 videretur
1699 752 1708 766 ‚
1741 729 1882 763 sublatus
1908 729 1949 761 est
1974 739 1984 764 5
2018 728 2067 760 sed
2092 736 2151 760 nec

1142 778 1261 811 vitium
1284 786 1416 819 repente
1439 777 1483 810 est
1505 774 1627 809 factum
1650 786 1659 810 ς
1695 773 1734 805 iis
1759 783 1866 806 autem
1901 782 1972 812 quae
1998 772 2153 813 paulatim

1141 819 1225 853 fiunt
1240 843 1249 859 ,
1272 830 1385 853 natura
1399 820 1545 861 corporis
1555 815 1799 861 quodammodo
1813 814 1971 849 adsuescit
1986 835 1995 850 ,
2018 816 2049 846 &
2063 811 2153 856 quod

1140 863 1252 897 deficit
1269 889 1276 902 ‚
1298 864 1424 897 aliunde
1446 873 1513 904 quo
1537 863 1575 895 ad
1599 859 1668 902 ejus
1690 858 1791 893 facere
1815 858 1922 901 potest
1946 879 1956 895 ,
1991 856 2116 900 supplet
2142 882 2149 888 .

1141 905 1246 948 Cujus
1269 909 1315 940 rei
1337 908 1369 939 in
1396 906 1502 939 nervis
1524 904 1599 948 ipsis
1622 903 1806 945 exemplum
1832 901 1993 945 proferam
2023 925 2030 932 .
2061 898 2154 936 Quid

1142 951 1229 983 enim
1251 950 1349 984 causae
1375 945 1490 988 fuisse,
1516 958 1627 991 putas,
1651 946 1861 990 quamobrem
1886 945 1973 979 canis
1997 944 2049 976 cui
2074 941 2154 976 dex-

1144 1003 1250 1027 terum
1271 1015 1284 1033 ,
1316 992 1541 1034 sinistrumque
1577 992 1814 1024 Recurrenten'i
1847 990 1900 1022 Cl.
1929 989 2041 1021 Emett
2065 988 2078 1024 (
2103 988 2156 1034 q.)

1143 1035 1351 1071 dissecuerat‚
1377 1047 1513 1075 vocem,
1537 1046 1632 1077 quam
1656 1033 1749 1067 illico
1773 1032 1975 1075 perdiderat,
2001 1028 2155 1073 postridie

1145 1080 1281 1122 coeperit
1305 1089 1487 1119 recuperare
1503 1102 1511 1115 ,
1534 1088 1666 1119 eamque
1686 1078 1720 1109 in
1743 1075 1810 1110 dies
1823 1075 2041 1110 crescentem?
2068 1071 2156 1105 Ner-

1146 1134 1205 1156 vus
1228 1123 1408 1155 Recurrens
1432 1121 1564 1157 tertius,
1587 1121 1735 1162 inquies,
1760 1128 1795 1154 ut
1819 1121 1876 1162 qui
1902 1130 1985 1161 pone
1999 1117 2043 1149 As
2069 1125 2154 1148 eram

1147 1167 1295 1200 arteriam
1318 1166 1437 1202 latens,
1461 1165 1619 1198 consecari
1643 1173 1708 1196 non
1732 1171 1901 1205 potuerat.
1932 1164 1977 1195 At
2000 1162 2032 1193 in
2051 1159 2156 1192 olitus·

1147 1212 1173 1243 is
1197 1220 1309 1242 nervus
1333 1217 1420 1241 certe
1444 1209 1543 1241 etiam
1569 1206 1672 1249 pridie
1697 1205 1823 1239 fuerat:
1851 1204 2043 1245 fuerantque
2055 1213 2158 1235 ramu-

1149 1252 1228 1286 sculi
1242 1274 1256 1290 ‚J
1274 1253 1414 1294 opinor,
1437 1252 1493 1284 alii
1517 1273 1529 1290 ‚
1553 1262 1570 1283 a
1594 1249 1699 1290 Vagis
1722 1250 1828 1282 nervis
1851 1247 1943 1289 supra
1968 1248 2085 1280 horum
2111 1246 2162 1278 se-

1151 1297 1292 1329 ctionem
1318 1293 1495 1328 aValsalva
1518 1293 1600 1336 ('‘)
1627 1292 1789 1335 perastam
1805 1314 1812 1328 ‚
1838 1299 1892 1325 aut
1914 1289 2043 1324 aliunde
2065 1299 2161 1323 exor-

1151 1342 1179 1373 ti
1201 1343 1259 1381 qui
1281 1339 1448 1380 laryngem
1472 1346 1613 1379 peterent
1637 1336 1806 1372 in2catella
1830 1346 1900 1378 quae
1916 1359 1923 1371 ,
1947 1345 2021 1367 cum
2046 1332 2160 1367 frustra

1155 1392 1247 1416 antea
1270 1392 1464 1420 conaretur,
1489 1392 1577 1414 nono
1588 1379 1717 1413 demum
1741 1379 1858 1412 latrare
1871 1377 2065 1421 potuitdie-
2090 1376 2161 1410 Sci-

1155 1426 1231 1459 licet
1255 1426 1387 1462 senlim,
1411 1433 1465 1458 aut
1489 1435 1550 1466 ego
1574 1423 1693 1461 fallor,
1718 1420 1850 1465 spiritus
1872 1424 1927 1464 qui
1954 1433 2006 1464 per
2021 1419 2160 1462 majores

1154 1471 1229 1502 illos
1252 1468 1400 1502 diffeetos
1423 1479 1536 1501 nervos
1559 1469 1603 1501 ire
1627 1465 1765 1508 amplius
1788 1477 1853 1499 non
1879 1474 2052 1507 poterant,
2078 1474 2166 1497 mea-

1153 1523 1224 1552 tus,
1247 1522 1336 1545 antea
1359 1513 1465 1544 minus
1488 1519 1632 1552 patentes
1656 1532 1666 1547 ‚
1691 1520 1746 1552 per
1771 1510 1911 1542 minores
1936 1518 2050 1541 nervos
2075 1530 2083 1546 ,
2119 1504 2166 1539 al-

1152 1560 1217 1590 tius
1240 1567 1313 1589 cum
1339 1554 1516 1595 majoribus
1540 1552 1603 1586 five
1627 1562 1739 1589 extra,
1763 1552 1826 1584 sive
1849 1553 1946 1584 etiam
1969 1553 2055 1584 intra
2080 1560 2169 1583 cere-

1152 1601 1246 1633 brum
1268 1598 1566 1634 communicantes,
1591 1596 1767 1637 eodemque
1788 1595 2039 1632 contendentes,
2064 1592 2104 1626 fic
2119 1591 2167 1625 sa—

1149 1645 1194 1676 tis
1217 1643 1276 1676 libi
1298 1642 1533 1675 dilataverant.
1560 1641 1610 1673 Sic
1625 1639 1723 1678 satis,
1746 1640 1902 1680 inquam,
1928 1639 1960 1669 in
1977 1636 2167 1670 hominibus

1150 1689 1236 1720 enim
1263 1685 1302 1719 ad
1325 1695 1408 1726 quos
1431 1682 1499 1717 haec
1514 1682 1709 1719 transferes,
1734 1681 1881 1714 cerebelli
1909 1682 1996 1713 vitiis
2011 1681 2169 1722 paulatim

1151 1729 1403 1764 increscentibus
1429 1725 1557 1760 affectos
1583 1752 1592 1767 ,
1628 1725 1800 1766 postquam
1824 1724 1952 1757 tandem
1986 1724 2091 1763 ipsum
2116 1722 2170 1755 to-

1151 1784 1221 1808 tum
1234 1771 1465 1814 occupaverint
1482 1795 1491 1808 ,
1516 1772 1582 1802 veri
1606 1768 1707 1802 simile
1721 1770 1775 1800 vix
1798 1767 1862 1804 est,
1887 1768 2014 1803 cordis,
2042 1770 2071 1800 δι
2093 1766 2168 1809 pul-

1152 1827 1287 1850 monum
1313 1824 1440 1848 motum
1465 1812 1587 1854 semper
1611 1813 1680 1851 ita,
1703 1820 1739 1844 ut
1762 1820 1877 1849 antea,
1904 1810 2062 1853 viguisl‘e;
2085 1810 2166 1852 quin

1152 1859 1269 1894 diserte
1295 1861 1330 1891 in
1362 1854 1556 1898 quibusdam
1581 1867 1690 1889 eorum
1717 1879 1728 1895 ,
1758 1864 1794 1888 ut
1819 1855 1853 1887 in
1880 1855 1995 1887 Littrii
2032 1865 2132 1897 puero
2155 1876 2164 1891 ,

1153 1904 1314 1938 traditum
1337 1900 1401 1939 est,
1427 1900 1568 1934 debilem
1593 1898 1839 1941 respirationem
1864 1921 1875 1936 ,
1907 1898 2034 1941 pulsum
2060 1907 2167 1938 autem

1153 1957 1312 1990 perquam
1336 1945 1489 1985 exiguum
1513 1942 1607 1976 fuisse
1632 1966 1642 1982 ,
1679 1945 1710 1975 δε
1734 1944 1769 1975 in
1793 1940 2037 1977 observatione
2069 1952 2167 1984 quam

1153 1991 1191 2024 ad
1217 2002 1265 2023 me
1290 1989 1440 2030 scriptam
1463 1987 1551 2027 dixi,
1576 1987 1712 2028 languor
1735 1984 1908 2019 adnotatus
1919 1986 1986 2022 el'c,
2010 1987 2044 2018 in
2069 1984 2169 2026 eaque

1154 2037 1275 2076 pariter
1300 2042 1397 2073 quam
1423 2030 1460 2065 ad
1485 2041 1514 2063 te
1541 2030 1633 2066 misi,
1658 2038 1693 2062 ut
1705 2030 1812 2065 vires,
1837 2029 2007 2071 pulsusque
2026 2029 2170 2061 omnino

1153 2075 1365 2111 concidissent
1380 2097 1389 2111 ‚
1416 2075 1521 2107 videre
1547 2084 1638 2116 potes
1654 2098 1662 2107 .
1794 2073 1905 2107 Multo
1929 2072 2096 2106 difficilius
2119 2069 2171 2104 esa

1154 2121 1199 2154 set
1222 2118 1406 2162 objee'rioni
1431 2117 1608 2152 satisfacere
1633 2128 1730 2160 quam
1755 2115 1837 2158 apud
1851 2127 1979 2158 gravem
2001 2115 2168 2159 quendam

1153 2165 1333 2198 Aufitorem
1348 2159 1455 2203 legisse
1469 2163 1601 2196 memini
1614 2172 1739 2202 ,neque
1750 2162 1835 2206 enim
1847 2161 1916 2201 quis
1931 2159 2029 2194 fuerit
2041 2182 2048 2196 ‚
2063 2170 2167 2192 recor.

1154 2209 1221 2241 clari
1237 2219 1322 2241 nunc
1335 2203 1480 2248 possum3
1495 2217 1605 2248 nempe
1620 2208 1653 2238 in
1664 2203 1734 2237 fure
1748 2225 1756 2239 ‚
1767 2215 1858 2245 cnjus
1870 2203 2084 2237 infirmissima
2097 2212 2168 2236 erat

1154 2252 1310 2285 memoria
1325 2250 1469 2291 ,nullum
1484 2249 1630 2282 cereb:lli
1643 2247 1811 2288 vestigium
1827 2258 1842 2279 a
1859 2247 2035 2281 ssenivenio
2058 2258 2168 2287 reper-

1153 2304 1222 2330 tum
1238 2294 1297 2328 esse
1311 2309 1317 2315 ·
1331 2292 1389 2326 nisi
1400 2293 1590 2325 Benivenius
1603 2295 1644 2331 (r)
1659 2291 1724 2328 baec
1737 2299 1865 2323 tantum
1882 2290 2074 2332 scripsisset,
2087 2288 2169 2323 fuis-

1153 2339 1183 2372 se
1197 2341 1228 2371 in
1243 2351 1280 2371 eo
1292 2338 1325 2371 fu
1333 2349 1363 2370 re
1373 2335 1569 2377 posteriorem
1580 2335 1696 2377 capitis
1705 2342 1848 2376 partem,
1876 2332 1928 2367 1·th
1952 2334 2105 2368 memo-rm
2114 2332 2166 2374 fie-

1153 2384 1203 2416 des
1217 2382 1275 2421 cst,
1299 2382 1370 2415 adeo
1388 2378 1533 2415 brevem,
1558 2376 1769 2413 zzz-tantillam
1794 2375 1910 2411 cerebri
1928 2375 2165 2419 portiunculam

1152 2427 1393 2463 contineremur
1406 2421 1503 2464 fiquis
1515 2422 1558 2454 ob
1573 2423 1737 2463 antiquam
1756 2421 1845 2454 illam
1859 2421 1896 2453 de
1919 2422 2079 2454 memoria:
2096 2419 2163 2454 sede

1152 2468 1377 2502 credulitatem
1392 2488 1400 2502 ‚
1425 2466 1464 2499 de
1477 2466 1636 2499 cerebello
1648 2466 1755 2506 potius
1770 2464 1915 2508 quamde
1931 2464 2062 2498 cerebro
2074 2487 2085 2502 ,
2110 2475 2163 2498 ac-

1150 2514 1255 2554 cipere
1273 2511 1305 2544 id
1318 2510 1395 2544 velit
1408 2532 1417 2547 ,
1445 2520 1510 2542 non
1523 2518 1628 2542 tamen
1643 2507 1924 2541 omninodesuisse
1937 2508 2130 2542 cerebellum
2155 2533 2165 2547 ‚

1151 2554 1400 2598 agnoscat.Quae
1411 2554 1521 2586 omnia
1535 2563 1610 2586 curn
1623 2554 1668 2584 ita
1682 2549 1824 2586 [innisae-c
1838 2550 2070 2592 seponamus‚&
2083 2552 2161 2585 illuc

1148 2601 1232 2633 unde
1243 2596 1462 2632 controversia
1477 2599 1591 2629 &nata
1607 2595 1662 2634 est,
1674 2594 1823 2627 &dirimi
1841 2593 1967 2629 facilius
1984 2594 2085 2633 potest
2097 2619 2105 2634 ,
2117 2607 2161 2628 re.

1146 2643 1357 2679 deuntes,non
1367 2641 1575 2682 leves‚easque
1585 2640 1766 2682 repentinas
1776 2639 1919 2671 cerebelli
1933 2638 2072 2671 laesiones
2085 2649 2158 2672 cum

1148 2687 1269 2719 cerebri
1290 2695 1355 2718 non
1371 2684 1493 2717 levibus
1504 2706 1513 2721 ,
1526 2686 1613 2723 imo,
1624 2682 1645 2716 fi
1658 2684 1715 2719 vis,
1731 2682 1827 2715 etiam
1840 2681 2054 2723 gravioribus,
2068 2684 2098 2714 ὃς
2111 2694 2159 2716 re-

1147 2727 1603 2773 pentinislaefi01iibus‚quales
1617 2738 1632 2759 a
1646 2726 2157 2766 vulneribus[unecomparemus.

1190 2783 1241 2814 27.
1269 2771 1403 2806 Cerebri
1415 2769 1473 2803 effe
1485 2771 1629 2812 quaedam
1645 2769 1858 2811 vulneraquae
1885 2779 2022 2802 mortem
2046 2767 2158 2802 citissi—

1147 2827 1232 2849 mam
1250 2815 1406 2852 afferant,
1419 2824 1483 2846 non
1498 2813 1596 2847 modo
1609 2824 1673 2845 non
1686 2813 1729 2844 est
1742 2812 1947 2854 negandum,
1973 2811 2022 2846 sed
2035 2813 2156 2847 miran-

1147 2859 1226 2892 dum
1250 2858 1292 2891 est
1305 2859 1414 2900 potius
1428 2878 1436 2891 ‚
1460 2856 1535 2890 duas
1549 2881 1557 2895 ,
1583 2854 1666 2889 haud
1681 2857 1817 2896 amplius
1830 2877 1838 2892 ,
1854 2855 2106 2890 Observationes
2120 2857 2154 2889 in

1148 2902 1229 2936 hanc
1255 2913 1322 2934 rem
1346 2899 1503 2933 indicatas
1529 2899 1614 2933 effea
1639 2899 1831 2940 quibusdam
1847 2899 2075 2933 Eruditiffimis
2091 2901 2154 2932 Vi-

1147 2948 1214 2982 ris,
1238 2947 1270 2977 in
1295 2952 1555 2986 quarumneutra
1569 2953 1653 2975 mors
1678 2942 1783 2975 statim
1809 2942 1913 2975 secuta
1926 2943 1992 2980 (τῆς
2017 2955 2090 2976 curn
2114 2955 2153 2977 ex

1147 2999 1198 3022 tot
1222 2989 1402 3022 Auetorum
1429 2985 1760 3019 praestantissimorum
1783 2988 2015 3026 experimentis
2037 2996 2151 3020 contra

1146 3035 1298 3074 ignorare
1311 3041 1407 3063 nemo
1421 3029 1514 3070 poffit
1532 3053 1543 3070 ,
1565 3028 1726 3062 cerebello
1749 3028 1876 3062 inflicta
1889 3030 2020 3063 vulnera
2047 3032 2152 3064 vitam

1148 3079 1335 3117 plerumque
1348 3074 1504 3106 autillico
1524 3099 1532 3113 ‚
1556 3083 1684 3106 autnon
1708 3073 1813 3106 multo
1838 3073 1907 3114 post
1921 3073 2058 3107 adimere
2072 3086 2151 3106 con-

1147 3118 1278 3151 suevisse
1304 3141 1311 3145 -
1348 3118 1394 3148 At
1418 3119 1503 3162 enim
1529 3117 1636 3149 eadem
1661 3116 1825 3149 celeritate
1850 3128 1912 3149 non
1938 3116 2056 3158 semper
2081 3117 2151 3151 adi-

1148 3173 1258 3195 munt.
1285 3160 1411 3201 Nempe
1423 3159 1515 3192 salsus
1529 3160 1613 3192 sum.
1629 3159 1686 3192 Sed
1701 3161 1828 3200 quoties
1840 3160 1966 3192 tandem
1981 3182 1987 3195 ,
2005 3162 2036 3192 δε
2051 3172 2149 3201 quam

1148 3205 1237 3238 tarde
1259 3204 1321 3238 hoc
1336 3202 1489 3236 acciderit
1506 3225 1514 3238 ,
1541 3213 1651 3244 quaero
1667 3227 1675 3234 .
1701 3202 1884 3235 Franciscus
1898 3204 2060 3240 Antonius
2070 3205 2149 3235 Cat-

1147 3258 1198 3282 tus
1221 3249 1398 3280 Anatomes
1422 3247 1505 3287 apud
1528 3246 1764 3286 Neapolitanos
1790 3244 1948 3277 Professor
1982 3248 2013 3278 in
2038 3246 2150 3283 Onus.

1147 3293 1224 3325 culo
1250 3289 1330 3330 (s)
1356 3288 1480 3322 ibidem
1504 3289 1614 3322 recuso
1638 3291 1678 3320 A.
1698 3297 1802 3328 ‘1557.
1827 3289 2032 3329 experimento
2049 3287 2149 3332 facile

1148 3334 1341 3376 comprobare
1358 3332 1392 3374 se
1412 3331 1491 3376 posse
1515 3333 1547 3365 id
1571 3332 1693 3373 scripsit
1718 3332 1803 3373 quod
1830 3330 1891 3363 sine
1903 3332 2047 3364 cerebelli
2077 3334 2149 3374 vui-

1152 3389 1225 3411 nere
1248 3386 1311 3409 non
1359 3375 1494 3408 videtur
1520 3374 1721 3417 praesiitisi'e.
1745 3374 1882 3416 Reliquae
1904 3375 2020 3407 cerebri
2040 3382 2148 3416 portes

1153 3431 1277 3455 onmes,
1301 3419 1413 3461 inquit
1433 3441 1444 3457 ,
1477 3418 1550 3452 licet
1572 3417 1778 3450 vulnerentur
1797 3442 1804 3455 ‚
1840 3427 1896 3449 non
1920 3425 2021 3450 tamen
2038 3417 2150 3455 statim

1152 3475 1234 3497 mors
1251 3462 1415 3504 sequstum
1437 3469 1472 3493 αῑ
1494 3462 1657 3494 vulnerato
1678 3459 1837 3501 posteriori
1859 3460 2038 3492 ventriculo
2063 3486 2072 3499 ,
2097 3470 2150 3493 ex-

1150 3505 1263 3547 templo
1296 3504 1413 3538 animal
1444 3505 1596 3537 concidere
1618 3525 1627 3539 ,
1671 3515 1705 3536 ac
1749 3503 1877 3536 interire
1911 3500 2116 3543 conspicimus
2139 3529 2148 3537 .

1149 3548 1248 3590 Quod
1273 3546 1294 3580 fi
1320 3558 1436 3589 praeter
1461 3548 1651 3580 cerebellum
1675 3568 1684 3583 ,
1708 3545 1796 3589 quod
1822 3546 1944 3578 tametsi
1968 3557 2031 3578 non
2057 3545 2151 3579 undi-

1150 3604 1212 3634 que
1238 3616 1247 3630 ,
1269 3601 1306 3624 ut
1328 3594 1493 3624 cerebrum
1519 3589 1590 3623 suos
1614 3612 1623 3628 ,
1648 3601 1799 3632 quartum
1823 3588 1907 3622 bunc
1933 3590 2150 3622 ventriculum

1697 3634 1772 3672 (ζα
2035 3640 2108 3664 tan-

93 3681 1337 3695 ...ff—*m*
2105 3680 2154 3685 ⁴.-

158 3702 171 3730 (
188 3710 203 3726 a
218 3701 232 3729 )
248 3702 298 3728 Eph
325 3702 357 3723 N-
367 3700 394 3722 C·
407 3701 463 3723 Dee·
473 3706 492 3727 3.
511 3699 570 3725 Α-ιιΥ
580 3695 638 3721 obs,
649 3704 688 3726 59,
722 3699 729 3703 ‘
745 3695 796 3725 (b)
812 3698 872 3722 Hist.
882 3699 910 3722 de
921 3698 1020 3723 l’Aead.
1033 3701 1059 3722 R.
1072 3700 1112 3723 des
1123 3701 1159 3723 Sc.
1170 3701 1200 3722 A.
1212 3706 1277 3728 ¹703-
1291 3695 1349 3721 Obsss
1362 3700 1432 3721 Anat.
1445 3705 1478 3727 ¹3-
1535 3696 1584 3725 sc]
1600 3696 1662 3724 apud
1670 3696 1774 3719 Platner.
1787 3695 1841 3718 insta
1854 3694 1919 3718 Chir.
1931 3693 2047 3718 admotam
2062 3693 2077 3723 ᾗ
2096 3695 2149 3723 548⁰

157 3734 172 3760 (
187 3732 203 3755 d
221 3738 228 3760 j
246 3731 303 3754 Hist.
320 3730 348 3753 de·
364 3729 465 3753 l‘ricad.
484 3730 512 3752 R.
529 3727 569 3752 des
585 3728 623 3751 Sc.
642 3729 672 3751 A.
690 3733 756 3757 1737.
773 3728 831 3752 Obs.
850 3731 922 3752 Anat.
941 3731 962 3752 8.
1023 3731 1032 3752 (
1050 3737 1062 3752 e
1079 3731 1085 3756 )
1102 3731 1179 3753 Mem.
1197 3732 1226 3753 de
1243 3732 1266 3753 la
1283 3726 1363 3754 meme
1381 3727 1454 3752 Acad.
1475 3731 1504 3751 A.
1522 3735 1588 3756 174¹·
1651 3727 1663 3754 ζ
1678 3725 1714 3755 f)
1734 3725 1811 3752 apiar.
1830 3725 1889 3748 Obs.
1908 3726 1942 3754 38.

157 3765 161 3786 l
180 3771 198 3791 g
215 3767 224 3788 >
241 3762 302 3789 Epir.
321 3763 352 3783 N·
367 3762 460 3784 C.Dee.
472 3767 484 3782 2
502 3761 531 3783 A.
543 3767 561 3785 9.
576 3757 694 3787 Obs.2³7.
756 3759 770 3786 (
788 3759 801 3781 h
818 3758 826 3788 )
843 3761 878 3782 De
895 3767 950 3782 nox.
962 3758 1103 3782 PaludAEffl
1120 3762 1134 3783 l.
1146 3769 1165 3783 2.
1184 3760 1252 3788 Epis.
1267 3769 1286 3783 2.
1305 3769 1324 3783 c,
1337 3763 1357 3781 6.
1420 3760 1434 3787 (
1450 3759 1459 3781 i
1480 3757 1586 3786 )Opusc.
1599 3755 1762 3779 Path01.obs.
1778 3761 1795 3777 1:
1858 3755 1865 3779 s
1886 3754 1902 3778 k
1924 3766 1927 3778 v
1947 3754 2098 3782 Eoist.62.n.
2114 3763 2149 3786 13.

156 3793 165 3820 (
184 3793 193 3816 l
212 3792 219 3820 )
240 3793 292 3816 loco
308 3790 412 3815 indicato
424 3807 432 3815 .
496 3791 503 3817 l
525 3797 549 3813 m
565 3787 579 3817 )
596 3787 675 3813 Schol.
693 3789 717 3812 in
735 3788 799 3812 Edit·
815 3791 860 3813 ult.
878 3789 906 3813 ad
924 3796 975 3812 eam
993 3788 1048 3812 Obs.
1066 3798 1116 3818 qua:
1135 3799 1148 3817 9
1174 3792 1211 3814 est.
1272 3792 1279 3817 (
1299 3800 1314 3813 n
1332 3790 1344 3817 J
1362 3789 1379 3812 l.
1397 3790 1488 3813 Introd.
1507 3791 1579 3812 Anat.
1597 3794 1615 3809 c,
1634 3788 1669 3809 28.
1731 3786 1744 3814 (
1761 3794 1772 3808 υ
1789 3786 1802 3813 )
1819 3785 1891 3813 Epist.
1910 3793 1946 3814 η.
1965 3794 1989 3808 n-
2008 3794 2028 3814 3,

157 3825 171 3851 ιζ
184 3830 200 3851 p
219 3823 230 3849 3
248 3824 271 3845 in
290 3823 395 3846 Aurend.
412 3821 439 3844 ani
457 3820 528 3847 Epist.
545 3820 573 3843 :le
590 3819 693 3843 Monstr.
755 3821 762 3846 <
782 3826 796 3847 q
810 3819 824 3847 )
844 3821 957 3845 Teutam.
974 3819 1001 3842 dc
1018 3821 1074 3844 Cur.
1095 3820 1181 3844 Morb.
1199 3822 1296 3847 Cephal,
1314 3829 1335 3842 n.
1354 3827 1391 3848 30.
1456 3822 1461 3845 (
1481 3819 1495 3831 ⁴²
1511 3821 1523 3847 )
1541 3815 1610 3847 Evist.
1628 3819 1698 3841 Anac
1718 3824 1751 3845 13·
1770 3823 1792 3839 n.
1810 3823 1849 3844 37.

154 3858 161 3881 (
188 3861 198 3877 r
214 3853 228 3881 )
244 3855 282 3876 De
302 3849 381 3877 abdit.
398 3850 508 3876 nonnull.
525 3857 552 3875 ac
568 3849 672 3875 mii-and.
688 3848 797 3874 mother.
816 3849 861 3875 &a
877 3850 951 3875 causis
965 3857 986 3873 e.
1004 3851 1042 3879 89.
1102 3852 1115 3879 (
1128 3851 1169 3884 s)
1188 3852 1268 3880 Isagog
1294 3854 1365 3874 Anat.
1385 3858 1404 3874 c.
1424 3857 1462 3880 25*
1481 3851 1504 3876 in
1523 3849 1563 3873 fin.
