2498 4075
481 229 638 297 Epist-¹
675 227 839 284 Anat.
875 229 1079 285 Medica
1116 229 1260 286 LIX.
1293 229 1412 285 Art·
1451 244 1532 292 25.
1565 232 1621 285 &
1655 230 1738 284 26.

83 319 124 344 ex
144 308 291 342 Ferrario
304 330 317 349 ‚
338 318 377 343 ex
399 308 555 342 Lanzono
577 306 733 341 alterum.
759 309 797 341 In
820 315 957 349 utroque
987 308 1092 341 vomi-

81 361 157 391 tus,
178 353 248 386 imo
272 353 307 384 in
328 353 429 386 altero
450 350 517 393 ipse
547 349 695 384 voivulus
724 351 807 383 intra
839 350 936 384 horas
968 350 1093 394 aliquot

82 390 229 428 lethalis.
262 396 362 439 Juvat
394 393 537 437 exempla
571 393 632 426 alia
654 392 793 434 addere,
825 401 987 438 quotquot
1009 395 1094 427 inter

83 435 289 473 scribendum
311 437 522 478 succurrunt,
544 433 666 470 funesta
697 435 827 471 fortasse
858 436 966 470 futura
989 458 999 474 ,
1032 435 1091 472 nisi

84 480 283 515 obstitissent
317 480 455 515 remedia
477 504 485 512 .
533 479 698 513 Proferam
729 489 835 514 autern
868 491 906 513 eo
939 480 1089 515 libentius

82 524 172 568 quod
197 525 319 559 Patavii
343 526 493 568 pleraque
515 522 717 557 acciderunt.
740 523 896 558 Cortusus
920 523 1022 557 noster
1045 525 1093 558 ci-

83 578 155 602 vem
179 566 232 602 hic
257 567 346 602 suum
363 591 371 605 ,
396 578 412 600 a
437 576 554 608 magno
577 565 746 607 scorpione
767 567 990 608 vulneratum,
1021 567 1091 610 jam

84 612 182 645 animi
204 611 341 653 deliquio
362 611 542 650 detentum,
564 607 655 642 brevi
679 611 842 643 admodum
875 618 1011 651 tempore
1043 621 1092 644 re-

82 655 211 687 vocavit
241 655 280 686 ad
313 655 417 688 vitam
447 663 578 686 externo
611 653 748 693 pulveris
781 653 907 687 auxilio
939 664 1033 696 quem
1074 665 1091 687 a

81 696 267 731 Matthiolo
291 700 305 736 (
326 708 343 730 ο
365 702 379 737 )
402 704 560 737 acceperat
577 719 584 727 .
610 695 805 730 Benivenius
828 699 843 736 (
863 699 910 738 p)
933 694 1091 731 famulum

79 739 215 773 a‘sirnili
242 740 333 780 istu,
355 739 593 782 quamplurimo
616 737 725 773 statim
750 738 958 782 frigidissimo
981 739 1093 774 sudore

105 782 268 823 effusum,
290 784 430 817 theriaca
454 794 493 816 ex
515 782 667 824 generoso
691 785 768 816 vino
791 782 935 816 exhibita
958 806 970 823 ,
997 784 1092 817 illico

96 827 251 860 iberavit.
273 828 364 860 Clari
388 827 526 859 Veronae
548 825 672 859 Medici
706 827 791 859 Petri
817 838 832 859 a
863 826 977 860 Castro
1009 825 1093 860 indi-

81 880 155 904 cem
179 868 320 913 digitum
345 877 520 912 pupugerat
545 868 710 911 scorpius,
735 868 844 903 dolore
859 895 868 909 ‚
916 872 948 903 &
970 870 1095 914 frigore

78 925 158 947 mox
189 921 297 947 totum
328 911 496 946 brachium
532 912 722 951 invadente,
753 923 826 948 cum
863 912 953 956 ipse,
985 924 1096 956 parum

78 955 323 1000 proficientibus
348 954 494 989 remediis
518 956 664 996 caeteris,
690 968 728 989 eo
754 957 909 990 liberatus
941 954 986 992 est
1007 957 1096 1000 quod

78 1000 214 1034 Amicus
237 1000 303 1033 e'us
325 998 476 1034 Rhodius
515 999 568 1042 (q
589 1002 604 1039 )
627 1000 790 1033 memoriae
822 999 960 1033 tradidit
983 1023 992 1037 ,
1030 1000 1093 1034 hoc

78 1054 205 1086 quoque
229 1055 242 1076 a
268 1042 384 1086 jiciens
400 1069 409 1085 ‚
433 1053 518 1075 anno
543 1052 649 1075 tamen
671 1041 856 1086 insequente
891 1043 1012 1078 rediisl‘e
1034 1043 1092 1078 do-

81 1087 184 1120 lorem
206 1087 320 1121 eodem
345 1095 410 1121 tem
436 1095 490 1118 ore
513 1096 586 1120 cum
612 1095 738 1120 tumore
761 1085 860 1128 digiti
883 1086 1097 1129 phlegmono-

78 1130 138 1164 de.
163 1128 221 1164 Sed
245 1133 276 1164 δι
300 1130 329 1164 se
351 1142 416 1173 quo
434 1128 506 1162 dam
529 1130 652 1163 Patavii
676 1129 876 1172 scorpiorum
900 1131 983 1163 isius
995 1138 1097 1165 tumo-

81 1184 117 1208 re
139 1185 174 1207 ac
200 1174 301 1208 dolore
321 1184 439 1217 graves
461 1172 730 1218 animadvertisse.
764 1173 858 1214 Qin
881 1172 949 1215 ipse
968 1185 1096 1218 quoque

79 1216 316 1257 Vallisnerius,
339 1218 420 1261 qui,
443 1225 479 1250 ut
502 1214 593 1258 supra
614 1218 630 1256 (
651 1227 667 1249 r
687 1220 701 1256 )
723 1215 815 1253 dixi,
847 1216 977 1251 illorum
1000 1228 1092 1249 vene-

79 1270 158 1295 num
181 1260 263 1302 apud
286 1271 343 1293 nos
366 1258 450 1302 quasi
472 1260 633 1293 innocuum
653 1259 710 1292 esse
733 1281 742 1297 ‚
767 1270 935 1302 agnoverat
958 1283 968 1298 ,
1002 1259 1091 1294 deni-

80 1315 166 1347 que,
189 1313 310 1337 mutata
332 1303 550 1346 quadantenus
573 1302 747 1344 sententia,
771 1304 805 1336 in
833 1303 1009 1345 Specimine
1021 1303 1092 1337 Al-

77 1346 244 1390 phabetico
255 1371 267 1388 ,
288 1346 376 1390 quod
399 1345 624 1389 imperfectum
647 1346 779 1389 reliquit
793 1369 804 1386 ,
839 1346 996 1381 Historiae
1020 1347 1091 1381 Me-

80 1389 162 1424 dicae
180 1415 189 1431 ,
211 1393 243 1423 &
267 1390 440 1424 Naturalis
462 1387 522 1431 (s)
546 1388 652 1431 hyeme
676 1389 805 1432 quidem
825 1390 908 1425 illud
931 1388 985 1434 effe
1009 1390 1095 1425 inno-

79 1445 194 1490 ιιιριφνι,
213 1432 269 1476 sed
288 1432 385 1473 aestate
408 1432 459 1466 vel
481 1433 514 1465 in
537 1430 722 1482 nostratibus
746 1432 914 1467 affirmavit
937 1433 991 1480 effe
1013 1444 1095 1467 mor-

80 1485 107 1511 tt
126 1488 210 1511 erum
233 1501 241 1508 .

81 1491 264 1563 eiiemplum
296 1521 435 1562 protulit
473 1543 484 1559 ,
512 1519 668 1552 nimirum
693 1518 933 1554 adolescentula.²
956 1521 1008 1555 cui
1035 1520 1091 1554 sub

79 1565 234 1598 caniculae
256 1562 424 1598 ardoribus
446 1563 480 1595 in
501 1563 588 1595 collo
610 1562 684 1596 ietae
702 1562 859 1604 paulatim
881 1564 1016 1597 membra
1031 1563 1091 1607 fie-

79 1608 159 1642 bant
177 1607 308 1651 gelida,
330 1617 430 1650 neque
453 1617 492 1639 ex
513 1606 625 1639 multis
647 1606 805 1640 auxilium
829 1606 916 1641 aliud
940 1605 1064 1650 profuit
1079 1630 1093 1645 ‚.

77 1663 176 1694 quam
208 1650 315 1684 oleum
339 1676 348 1690 ,
380 1648 589 1684 controveleni
611 1647 735 1683 dietum
760 1673 771 1689 ‚
804 1650 918 1692 Magni
952 1651 1091 1684 Etruriae

78 1695 211 1734 Ducis,
233 1694 389 1733 interius,
412 1691 613 1734 exteriusque
634 1691 841 1735 usurpatum.
867 1694 987 1727 Verum
1011 1694 1091 1728 illud

75 1740 221 1781 primum
244 1733 419 1770 meminisse
443 1745 496 1776 te,
521 1736 642 1776 velim,
666 1746 728 1768 non
752 1734 843 1770 fuisse
866 1736 933 1770 haec
955 1736 1090 1781 denique

77 1779 203 1815 funesta
229 1781 398 1823 exempla:
422 1778 535 1813 deinde
545 1779 623 1822 quid
638 1789 737 1820 pauca
762 1778 841 1813 adeo
864 1779 902 1813 ad
927 1783 1089 1814 innumera

75 1825 159 1864 alia,
184 1825 320 1858 omnino
344 1821 586 1864 discrepantia?
606 1822 684 1864 quid
707 1821 770 1855 hoc
794 1821 899 1865 ipsum
935 1823 1088 1857 ultimum

75 1868 116 1901 ad
137 1877 190 1901 tot
213 1868 270 1900 illa
292 1879 362 1909 quae
385 1864 598 1899 indicavimus
620 1867 634 1904 (
655 1872 670 1898 t
692 1869 727 1906 )‚
761 1865 859 1901 Redii
891 1866 1002 1900 eodem
1027 1866 1089 1900 fer-

76 1910 238 1944 vidiffimo
261 1912 334 1943 anni
357 1908 527 1952 tempore?
550 1908 630 1946 Quo
653 1908 778 1943 tametsi
802 1908 927 1950 fatear,
950 1913 981 1943 &
997 1921 1088 1944 vene-

73 1966 152 1988 num
178 1955 238 1987 hoc
263 1955 364 1988 acrius
387 1952 476 1991 fieri,
510 1954 542 1985 δε
566 1951 735 1986 hominum
757 1964 891 1995 corpora
916 1953 1012 1996 ipsius
1034 1966 1090 1991 no·

72 1999 125 2032 xis
151 1999 251 2040 magis
274 2005 479 2040 opportuna5
504 2005 611 2028 tamen
636 1996 778 2029 O&obri
802 1997 903 2030 mense
928 1998 1014 2031 casus
1038 2007 1088 2030 ac-

72 2041 155 2076 cidit
179 2042 263 2074 Petri
288 2052 304 2073 a
337 2039 473 2079 Castro,
506 2041 539 2071 ὃ(
571 2039 654 2072 circa
683 2039 777 2082 Junii
809 2038 904 2074 finem
936 2042 962 2074 is
993 2041 1048 2083 qui
1073 2052 1089 2073 a

72 2087 231 2119 Lanzono
254 2088 265 2124 (
289 2094 309 2116 u
331 2087 345 2123 )
368 2083 469 2116 verbis
494 2081 618 2115 Medici
640 2085 695 2124 qui
719 2081 849 2117 affuerat
872 2105 881 2121 ‚
914 2083 1089 2127 descriptus

73 2128 135 2162 est.
161 2128 255 2168 Qui,
280 2129 311 2160 &
336 2127 469 2159 Ferrarii
492 2137 619 2168 quoque
643 2126 719 2159 alter
742 2125 765 2159 fi
798 2125 942 2167 funesti,
976 2130 1008 2160 &
1034 2139 1088 2171 per

75 2174 279 2206 vomitiones
301 2171 434 2212 quidem
458 2168 569 2207 fuere,
592 2170 667 2201 atin
692 2168 754 2205 hoc
778 2168 919 2212 scorpius
944 2171 1027 2203 intra
1051 2182 1087 2204 os

55 2215 268 2249 (dormientis
292 2214 380 2257 pueri
404 2211 571 2255 irrepserat
595 2236 606 2251 ‚
655 2212 750 2256 idque
775 2212 965 2247 sauciaverat
996 2225 1010 2253 ,-
1053 2216 1087 2247 in

73 2260 135 2292 illo
180 2268 286 2292 autem
331 2256 473 2291 foeminae
506 2279 519 2295 ,
561 2254 700 2289 chlorofi
745 2256 921 2291 laborantis
952 2279 962 2295 ,
985 2266 1087 2290 extre-

72 2298 162 2336 mum
199 2326 208 2342 ,
254 2302 332 2336 dum
357 2301 390 2333 in
414 2300 528 2333 latrina
552 2299 657 2332 alvum
689 2310 874 2334 exoneraret
906 2324 919 2341 ,
963 2301 1085 2334 intesti-

71 2358 149 2380 num
174 2345 320 2379 ferierat.
358 2344 480 2382 Quanti
512 2351 619 2376 autem
648 2342 769 2387 xreferat
803 2343 841 2378 ad
875 2344 1050 2385 augendam
1073 2369 1086 2386 ‚

74 2389 372 2429 accelerandamque
398 2386 507 2419 veneni
531 2390 673 2426 noxaml,
706 2385 727 2419 si
762 2398 826 2421 non
851 2390 950 2422 modo
984 2388 1085 2422 ictum

73 2445 189 2474 corpus
213 2433 371 2470 tenerius,
395 2429 590 2464 imbecillius
615 2452 624 2466 ‚
657 2440 840 2473 aegrumque
862 2431 901 2465 sit
924 2457 933 2472 ,
966 2431 1016 2464 sed
1053 2436 1085 2466 &

73 2488 146 2521 pars
168 2477 232 2510 ieta
255 2475 292 2509 sit
319 2473 386 2517 ipsa
410 2474 566 2512 mollior,
588 2475 620 2506 δι
646 2473 849 2516 exquisitiore
887 2474 972 2508 sensu
1009 2486 1090 2517 prae-

70 2521 161 2556 dita,
186 2531 259 2554 cum
283 2529 337 2561 per
360 2527 390 2551 te
414 2517 590 2558 intelligere
615 2515 687 2551 satis
711 2526 825 2558 potes,
848 2527 916 2552 tum
939 2517 996 2552 nisi
1021 2517 1083 2552 hoc

70 2574 237 2608 ponatur,
259 2563 429 2605 aliquanto
452 2562 555 2593 minus
580 2558 675 2593 facile
696 2560 738 2594 est
760 2560 896 2604 assequi,
929 2573 986 2596 cur
1017 2573 1083 2596 non

68 2620 160 2651 aeque
182 2607 333 2642 omnibus
355 2616 464 2647 graves
490 2600 635 2636 accidant
659 2614 723 2636 non
747 2604 830 2646 apud
854 2616 912 2638 nos
935 2613 1081 2643 tantum,

71 2651 123 2685 sed
146 2654 179 2685 δε
203 2649 283 2691 apud
310 2648 412 2687 ali-os,
435 2646 458 2681 si
482 2645 650 2688 Africam,
674 2649 707 2680 ἃς
731 2648 792 2680 alia
816 2647 942 2682 aestuosa
952 2648 1019 2681 loca
1031 2661 1085 2683 ex-

69 2696 195 2738 cipias;
220 2693 427 2734 scorpionum
449 2691 552 2726 ierus.

115 2748 166 2778 25.
191 2737 261 2771 Ubi
285 2737 369 2768 enim
393 2734 523 2767 attendo
545 2734 602 2768 illa
624 2746 696 2778 quae
721 2734 803 2777 apud
836 2733 1081 2777 Monspelienses

71 2780 183 2815 habita
206 2781 278 2813 sunt
302 2801 313 2818 ,
347 2779 561 2820 experimenta
588 2801 601 2818 ,
631 2778 725 2811 facile
748 2778 889 2811 adducor
912 2802 924 2818 ‚
957 2787 991 2810 ut
1014 2791 1081 2812 cre-

71 2824 146 2858 dam
163 2847 174 2864 ,
195 2833 259 2856 non
282 2823 365 2854 secus
389 2831 422 2853 ac
446 2819 532 2862 apud
555 2832 631 2860 nos,
654 2821 702 2854 ibi
724 2833 855 2866 quoque
881 2821 1078 2864 scorpiorum

72 2869 159 2901 ic‘tus
180 2876 216 2901 ut
241 2865 413 2908 plurimum
436 2862 493 2897 esse
516 2864 672 2898 innocuos
701 2888 708 2896 .
744 2866 814 2898 Nec
848 2876 923 2897 vero
954 2868 1079 2907 experi-

71 2921 178 2944 menta
201 2909 255 2942 illa
278 2907 445 2942 dumtaxat
468 2905 543 2940 dico
566 2918 636 2948 quae
659 2908 707 2941 ibi
731 2909 951 2952 anourtenio
983 2912 997 2948 (
1020 2921 1042 2943 x
1061 2914 1076 2950 )

71 2955 116 2987 A.
145 2957 235 2996 1679.
260 2951 331 2985 sunt
351 2949 500 2984 instituta
515 2973 525 2983 .
549 2950 639 2983 Nam
660 2950 747 2992 quod
769 2963 786 2984 a
820 2951 964 2995 pluribus
988 2951 1075 2986 scor·

73 2997 224 3039 pionibus
248 2995 356 3036 lingua
379 2994 483 3027 catelli
506 2994 699 3036 compuncta
722 2992 842 3035 fuerit,
874 2993 1075 3043 ejusdemque

71 3039 257 3074 abdominis
280 3046 352 3071 cute
375 3035 525 3070 nonnihil
548 3036 700 3075 diducta,
727 3038 860 3073 musculi
886 3039 942 3080 ipsi
976 3039 1014 3071 ab
1038 3040 1077 3072 il-

72 3084 115 3118 lis
139 3095 203 3118 non
226 3081 318 3115 semel
342 3081 400 3114 iffi
415 3105 425 3118 ,
450 3089 513 3113 arte
535 3081 632 3114 etiam
657 3081 752 3114 altius
777 3081 920 3124 appresso
942 3084 1077 3121 aculeo,

68 3136 255 3170 venenoque
278 3136 295 3157 e
316 3121 451 3166 subjecta
474 3121 605 3158 vesicula
630 3125 663 3156 in
686 3124 813 3158 vulnera
837 3125 997 3168 expresso,
1028 3137 1080 3158 ca-

72 3173 124 3205 nis
146 3180 251 3204 tamen
275 3166 358 3202 nihil
382 3166 567 3201 detrimenti
589 3169 708 3209 ceperit
730 3192 738 3205 .
775 3177 811 3201 ut
834 3179 933 3211 neque
956 3170 1079 3203 colum-

70 3214 132 3248 bus
156 3237 165 3251 ,
201 3212 278 3254 saepe
302 3210 340 3244 ad
362 3209 497 3244 eundem
519 3211 649 3258 modum
673 3222 689 3244 a
711 3209 877 3254 scorpione
901 3210 1076 3247 sauciatus:

70 3266 185 3290 contra
206 3263 313 3289 autem
335 3253 423 3298 quod
446 3252 552 3295 talpa,
574 3265 663 3297 cnjus
686 3255 767 3288 latus
792 3253 918 3298 scorpio
941 3266 1077 3299 pepuge-

72 3296 159 3340 rat',
180 3298 338 3333 continuo
361 3306 499 3330 mortem
522 3298 670 3332 convulsa
693 3298 812 3331 obierit
834 3309 848 3338 ;
879 3297 1075 3333 discriminis

69 3343 196 3377 causam
218 3340 326 3376 afferre
349 3339 429 3373 hanc
452 3337 550 3382 posses
564 3366 571 3380 ‚
596 3340 684 3383 quod
706 3341 862 3382 catellus,
896 3344 929 3374 δε
952 3344 1075 3377 colum-

69 3387 129 3421 bus
153 3387 192 3419 ab
217 3383 396 3422 inertibus,
418 3382 614 3427 infirmisque
640 3384 794 3428 scorpiis,
818 3385 937 3428 quippe
961 3386 1073 3420 ineun-

71 3439 105 3462 te
121 3429 284 3473 Januario-
299 3426 400 3460 mense
422 3449 434 3467 ,
466 3426 551 3466 talpa
574 3436 679 3461 autem
705 3441 719 3461 a
744 3427 851 3462 valido
875 3451 884 3466 ‚
919 3430 1042 3472 acrique
1065 3452 1075 3469 ,

157 3471 322 3514 Morgagni
343 3471 377 3504 de
400 3470 467 3503 Sed.
493 3470 536 3502 Θ
557 3471 643 3513 Caus.
667 3472 767 3508 Morb.
793 3473 892 3506 Tom.
921 3474 967 3506 II.

287 1476 390 1520 Cujus
414 1486 518 1510 tamen
551 1486 597 1508 rei
632 1486 755 1516 unum,
799 1475 883 1513 haud
918 1477 1054 1520 amplius
1084 1500 1097 1519 ,

1145 317 1182 342 ut
1218 312 1293 349 pote
1322 308 1406 341 circa
1437 309 1579 344 medium
1649 307 1841 349 uinetilem,
1863 308 2001 345 sauciata
2023 312 2123 350 fuerit
2141 328 2159 349 a

1149 349 1292 384 Pericula
1326 351 1429 393 igitur
1460 354 1516 386 illa
1553 354 1623 395 poti
1648 363 1749 386 imum
1779 351 1888 395 spec'to
1928 365 1999 397 quae
2034 356 2160 393 ibidem

1144 393 1399 436 quinquaginta,
1422 397 1565 439 opinor,
1590 395 1657 438 post
1679 396 1768 429 annis
1790 395 1870 430 fecit
1894 396 1957 430 Vir
1978 398 2049 437 CeL
2063 401 2162 434 Mau-

1143 435 1310 479 pertuisius
1333 438 1387 480 (y
1410 441 1442 478 ).
1467 441 1518 473 De
1540 450 1657 472 novem
1678 438 1832 479 canibus,
1854 440 1956 474 tribus
1967 442 2070 483 pervilis
2083 441 2159 484 pul-

1143 481 1208 520 lis,
1231 482 1263 513 &
1285 491 1350 513 uno
1372 492 1460 516 mure
1485 494 1565 526 quos
1591 482 1711 525 scorpii
1736 482 1969 524 percusserant,
2002 494 2085 518 unus
2115 496 2158 520 o-.

1142 524 1256 556 mnino
1278 525 1366 557 canis
1381 548 1393 564 ,
1416 528 1449 559 &
1470 526 1498 559 is
1522 526 1654 569 quincta
1675 538 1715 559 ex
1738 537 1802 568 quo
1826 525 1982 568 percussus
2016 526 2123 562 fuerat
2146 549 2160 566 ,

1141 565 1220 601 hora
1245 564 1313 608 post
1336 567 1415 609 saepe
1439 569 1566 602 iteratas
1590 570 1986 610 vomitionesconvulsus,
2009 580 2160 607 mortuus

1141 608 1205 649 est,·
1228 611 1377 643 animalia
1400 611 1568 645 duodecim
1593 613 1711 655 reliqua
1735 612 1817 645 nihil
1850 614 1987 647 omnino
2019 613 2159 648 laesionis

1142 651 1276 687 retulere
1300 678 1307 684 .
1332 654 1396 687 His
1419 663 1523 688 tamen
1547 666 1601 698 per
1623 655 1747 689 eosdem
1771 680 1779 694 ,
1803 665 1838 690 ut
1862 656 1990 691 videtur
2010 681 2023 698 ,
2054 657 2122 691 dies
2145 681 2160 699 ‚

1141 704 1225 730 certe
1248 705 1353 730 autem
1377 709 1393 730 a
1416 696 1547 741 scorpiis
1569 697 1707 741 ejusdem
1729 701 1872 741 generis,
1895 700 1934 732 ad
1957 699 2160 745 eundemque

1144 738 1279 773 modum
1302 741 1438 782 validis,
1460 742 1604 781 acribus,
1627 741 1859 775 ferocientibus
1882 743 1988 777 eadem
2012 744 2082 778 loca
2094 746 2159 779 icta

1147 783 1294 820 fuerant;
1321 793 1357 817 ut
1381 783 1456 818 hinc
1480 786 1566 818 nulla
1589 786 1687 827 repeti
1713 785 1803 827 poffit
1826 784 2023 820 discriminis
2047 789 2159 829 causa,

1144 837 1200 861 cur
1222 836 1324 862 unus,
1348 826 1435 861 haud
1458 829 1597 871 amplius
1618 849 1628 867 ‚
1651 831 1739 862 canis
1763 830 1922 863 interierit
1944 853 1956 870 ‚
1978 830 2159 872 praesertim

1145 880 1221 903 cum
1245 871 1271 902 is
1295 869 1334 903 ab
1356 882 1439 908 uno,
1462 881 1648 905 caeterorum
1673 872 1773 915 aliqui
1799 883 1815 905 a
1840 871 1984 913 pluribus
2020 872 2160 917 scorpiis

1148 913 1196 945 vel
1220 913 1325 947 multo
1349 914 1489 956 pluries,
1512 915 1676 957 multoque
1701 914 1892 957 profundius
1914 916 2021 951 defixo
2047 919 2160 952 aculeo

1146 956 1277 989 sauciati
1299 955 1394 990 essent
1410 980 1422 997 ‚
1446 959 1547 1001 iisque
1570 958 1748 1000 promiscue
1772 969 1841 993 tum
1874 960 2016 994 maribus
2042 983 2051 999 ‚
2088 970 2159 996 turn

1146 998 1321 1040 foemellis‚
1345 1002 1485 1044 itemque
1509 1012 1613 1035 recens
1637 1001 1775 1041 ablatis,
1811 1013 1847 1037 ut
1868 1013 1968 1047 neque
2001 1005 2035 1037 in
2069 1004 2158 1038 sexus

1147 1044 1355 1084 varietatem,
1377 1055 1475 1087 neque
1500 1045 1533 1077 in
1557 1056 1734 1086 venenum,
1758 1044 1843 1080 forte
1866 1047 1899 1079 in
1925 1048 2045 1089 priores
2074 1049 2157 1083 icius

1148 1089 1282 1119 omnino
1305 1086 1504 1130 insumptum
1520 1115 1527 1126 ,
1551 1087 1711 1131 conjicere
1735 1088 1830 1123 liceat
1863 1088 2061 1125 discriminis
2084 1103 2159 1126 cau.

1149 1129 1235 1170 sam,
1259 1128 1338 1163 sicut
1362 1133 1479 1164 merito
1501 1131 1624 1166 Redius
1646 1135 1719 1176 (z)
1740 1143 1804 1165 non
1827 1134 1861 1166 in
1882 1136 2005 1177 viperis
2027 1134 2130 1169 solum
2144 1159 2158 1176 ,

1147 1172 1197 1206 sed
1219 1174 1318 1206 etiam
1342 1177 1374 1207 in
1400 1174 1532 1216 scorpiis
1556 1174 1722 1209 Africanis
1745 1176 1905 1219 conjecit.
1940 1176 2074 1220 Conjici
2109 1187 2159 1212 ta·

1147 1227 1217 1249 men
1242 1218 1276 1250 in
1300 1216 1382 1254 alia,
1407 1226 1500 1260 atque
1526 1217 1588 1251 alia
1613 1218 1733 1259 potest,
1759 1222 1793 1252 ἃ
1816 1223 1850 1253 in
1874 1221 2003 1263 aliquod
2026 1220 2157 1256 fortasse

1142 1271 1254 1295 eorum
1275 1271 1346 1305 quae
1369 1272 1386 1293 a
1411 1261 1644 1304 Maupertuisio
1667 1260 1871 1297 indicantur.
1895 1264 2061 1299 Quoniam
2085 1276 2159 1298 vero

1144 1312 1211 1337 tam
1233 1315 1307 1338 raro
1331 1305 1470 1343 accidit,
1507 1314 1543 1338 ut
1574 1316 1701 1348 gravem
1726 1305 1908 1349 scorpiones
1944 1306 2076 1341 afferant
2101 1319 2159 1342 no-

1144 1359 1238 1385 xam3
1261 1346 1390 1381 facilius
1415 1347 1609 1381 crediderim
1633 1371 1642 1386 ,
1678 1358 1790 1382 eorum
1815 1350 1904 1392 plura
1927 1349 2018 1385 simul
2041 1362 2158 1385 conve-

1148 1392 1217 1424 nire
1239 1399 1411 1434 oportere,
1436 1401 1472 1425 ut
1495 1389 1648 1431 afferant,
1672 1401 1724 1426 aut
1748 1391 1874 1427 fortasse
1907 1393 1993 1428 aliud
2026 1395 2159 1437 aliquod

1146 1434 1325 1470 addendum
1355 1434 1412 1469 esse
1445 1433 1532 1478 quod
1563 1436 1763 1479 praecipuum
1785 1434 1824 1471 sit
1849 1462 1857 1471 .
1897 1437 2057 1481 Exemplo
2089 1450 2157 1473 rem

1146 1478 1314 1513 declarabo
1329 1504 1337 1512 .

1191 1525 1240 1554 26.
1274 1521 1371 1565 Apud
1406 1524 1538 1558 Veteres
1570 1523 1698 1559 volucre
1730 1533 1795 1559 erat
1819 1525 2044 1562 animalculum
2065 1549 2078 1568 ,
2108 1527 2158 1560 cui

1146 1574 1251 1600 nomen
1273 1566 1347 1609 afilo
1369 1569 1541 1606 Romanum
1563 1567 1622 1606 est3
1645 1578 1680 1602 ut
1705 1568 1841 1611 Virgilii
1864 1573 1929 1610 (a)
1950 1571 2050 1604 verbis
2061 1579 2156 1609 utar3

1145 1609 1247 1648 oesz'ron
1271 1610 1363 1642 Graii
1383 1618 1509 1644 vertere
1531 1617 1679 1645 vocantes
1704 1636 1711 1641 .
1749 1613 1838 1645 Idem
1875 1625 1889 1645 a
1915 1615 2042 1647 Latinis
2066 1611 2157 1647 taba-

1144 1661 1217 1685 num
1241 1664 1366 1695 quoque
1390 1651 1447 1687 esse
1469 1654 1592 1688 distum
1607 1679 1616 1694 ‚
1641 1654 1764 1688 indicat
1789 1655 1838 1688 M.
1865 1656 1971 1690 Varro
1993 1655 2081 1698 (b),
2106 1655 2158 1689 sed

1146 1693 1270 1729 Plinius
1292 1698 1354 1735 (c)
1380 1696 1501 1739 magis.
1526 1697 1565 1731 Id
1590 1698 1817 1732 animalculum
1850 1696 1929 1733 sitne
1960 1699 2045 1734 idem
2070 1699 2159 1744 quod

1144 1738 1242 1772 modo
1266 1738 1349 1782 apud
1371 1750 1428 1772 nos
1453 1740 1583 1774 tabanus
1606 1740 1750 1783 dicitur,
1773 1739 1796 1774 fi
1821 1741 1906 1775 forte
1927 1753 2049 1784 quaeras
2074 1756 2086 1783 5
2110 1743 2159 1777 fa-

1139 1782 1201 1814 cile
1223 1783 1369 1826 negabo:
1394 1782 1471 1815 sitne
1483 1794 1556 1815 vero
1579 1784 1666 1827 quod
1690 1784 1818 1819 Etrusci
1841 1785 1943 1820 adhuc
1967 1786 2076 1821 asilum
2099 1799 2159 1821 vo-

1145 1826 1274 1864 citant3
1297 1825 1411 1859 dubius
1434 1824 1578 1859 haerebo.
1606 1828 1693 1861 Nam
1717 1829 1751 1862 id
1774 1838 1857 1861 certe
1881 1839 1934 1862 aut
1956 1840 2020 1863 non
2055 1833 2159 1866 Vete-

1140 1879 1210 1901 rum
1232 1869 1322 1902 afilus
1355 1870 1422 1909 est,
1447 1879 1501 1904 aut
1523 1881 1586 1902 non
1610 1869 1729 1914 semper
1752 1872 1837 1906 idem
1859 1872 1957 1906 efficit
1979 1874 2066 1916 quod
2089 1875 2157 1908 Ve-

1140 1920 1222 1945 teres
1245 1913 1337 1946 nobis
1358 1911 1611 1954 descripserunt,
1633 1925 1669 1948 ut
1694 1916 1852 1949 vulnerata
1875 1915 1973 1950 boum
1997 1927 2070 1952 cute
2092 1916 2155 1952 hos

1139 1957 1279 1988 concitet
1305 1958 1337 1990 in
1362 1955 1523 1990 furorem.
1548 1957 1687 2001 Hocque
1710 1959 1788 1993 adeo
1811 1971 1922 1993 verum
1945 1959 2006 2000 est,
2030 1972 2065 1996 ut
2091 1962 2156 1995 Vir

1140 1997 1412 2034 Praestantiffimus
1435 2001 1645 2035 Reaumurius
1668 2001 1731 2043 (d)
1754 2002 1812 2036 fibi
1845 2004 2048 2047 quaerendam
2078 2016 2156 2040 cau-

1141 2040 1206 2073 sam
1230 2042 1388 2077 censuerit
1403 2069 1411 2082 ,
1435 2054 1493 2078 cur
1517 2043 1679 2079 interdum
1704 2047 1738 2081 id
1762 2045 1861 2080 faciat
1886 2068 1896 2084 ‚
1918 2047 1996 2082 alias
2017 2060 2080 2082 non
2105 2048 2154 2082 fa-

1139 2086 1223 2118 ciat.
1250 2087 1364 2129 Itaque
1387 2098 1461 2120 cum
1483 2087 1548 2129 ipse
1571 2089 1693 2123 nullum
1717 2113 1729 2130 ,
1765 2091 1849 2124 secus
1884 2101 1918 2123 ac
1943 2091 2154 2127 Vallisnerius

1137 2130 1228 2167 (e),
1251 2131 1284 2162 in
1307 2142 1345 2163 eo
1369 2141 1491 2171 acrem,
1522 2142 1618 2174 quern
1641 2133 1674 2165 in
1696 2134 1822 2168 vulnere
1847 2134 2003 2177 relinquat
2026 2136 2153 2171 succum

1138 2170 1309 2213 agnoscat,
1332 2175 1466 2208 minime
1490 2177 1606 2217 quaen't
1621 2199 1633 2216 ,
1656 2177 1769 2211 aliasne
1792 2179 1862 2220 plus
1884 2178 2063 2222 relinquat,
2078 2181 2153 2213 alias

1137 2216 1265 2249 minus:
1292 2217 1343 2250 sed
1367 2229 1466 2260 neque
1489 2218 1592 2252 credit
1618 2245 1627 2260 ‚
1662 2220 1854 2255 discriminis
1899 2222 2019 2257 causam
2043 2224 2082 2256 ab
2105 2225 2154 2257 al-

1139 2260 1226 2298 tius,
1252 2269 1304 2293 aut
1328 2262 1433 2294 minus
1456 2263 1520 2294 alte
1542 2261 1651 2296 defixo
1683 2265 1793 2298 aculeo
1825 2263 1881 2299 esse
1914 2267 2115 2308 repetendam
2138 2291 2152 2308 ‚

1135 2311 1302 2349 propterea
1324 2306 1399 2347 quia
1423 2303 1476 2337 hic
1502 2316 1600 2348 neque
1623 2309 1752 2340 tenuior
1772 2307 1834 2347 est,
1860 2319 1960 2352 neque
1972 2312 2075 2344 minus
2089 2312 2152 2345 alte

1137 2344 1416 2421 defigitumquam
1428 2347 1636 2384 bubulcorum
1647 2350 1812 2389 stimulus,
1838 2352 1934 2386 boum
1957 2363 2062 2388 cutem
2088 2355 2151 2389 alte

1138 2399 1192 2431 per
1209 2389 1388 2425 odientium
1412 2391 1511 2434 saepe,
1537 2402 1569 2425 at
1593 2404 1754 2437 nunquam
1780 2395 1903 2429 idcirco
1936 2398 1970 2430 in
2006 2396 2150 2433 furorem

1140 2435 1326 2475 agentium.
1353 2433 1424 2477 Ipse
1444 2435 1547 2477 igitur
1569 2437 1672 2470 censet
1689 2461 1701 2478 ,
1721 2449 1794 2472 cum
1818 2437 1884 2473 asili
1918 2441 2042 2476 aculeus
2078 2442 2152 2476 sub-

1137 2483 1310 2510 cutaneum
1334 2478 1471 2521 aliquem
1494 2479 1720 2514 crassiusculum
1745 2493 1875 2515 nervum
1898 2483 1984 2518 forte
1994 2496 2150 2528 compun-

1138 2521 1215 2561 git,
1240 2529 1308 2554 tum
1333 2521 1445 2555 bovem
1470 2521 1598 2564 furere‚·
1619 2535 1693 2558 cum
1715 2537 1787 2559 eum
1823 2537 1887 2558 non
1919 2530 2111 2572 compungit
2138 2555 2149 2570 ,

1134 2572 1200 2608 non
1224 2562 1345 2597 furere.
1371 2566 1445 2608 Ego
1467 2577 1541 2600 vero
1565 2578 1601 2600 ne
1626 2577 1696 2602 tum
1717 2569 1849 2611 quidem
1872 2569 1894 2602 fi
1918 2570 2007 2605 essem
2031 2573 2065 2605 in
2088 2571 2151 2607 hu-

1132 2618 1181 2648 Jus
1206 2608 1388 2642 animalculi
1410 2607 1595 2643 dissectione
1620 2612 1667 2644 vel
1692 2614 1829 2646 maxime
1849 2616 2061 2654 exercitatus,
2087 2617 2150 2649 mi·

1135 2650 1171 2682 hi
1197 2660 1319 2685 tantum
1344 2651 1516 2693 sumerem,
1539 2664 1574 2687 ut
1597 2655 1630 2686 in
1653 2654 1836 2689 dissensione
1850 2657 2006 2692 Virorum
2030 2661 2084 2702 qui
2095 2671 2150 2703 pa-

1134 2704 1181 2726 res
1203 2703 1295 2727 aetate
1317 2694 1376 2729 hac
1399 2698 1534 2729 minime
1556 2696 1731 2733 habuerunt
1755 2700 1790 2733 in
1815 2699 1995 2743 perdifficili
2008 2702 2150 2737 Insecto-

1133 2748 1206 2770 rum
1230 2735 1385 2780 historia,
1408 2740 1530 2781 aliquid
1563 2741 1708 2776 adversus
1739 2744 1926 2777 alterutrum
1957 2747 2148 2787 pronuncia-

1134 2791 1222 2819 rem,
1243 2781 1293 2815 sed
1317 2786 1446 2825 potius,
1474 2783 1560 2825 quod
1586 2796 1652 2817 mea
1677 2797 1747 2827 erga
1771 2788 1958 2820 memoriam
1983 2789 2147 2833 utriusque

1132 2823 1334 2858 observantia
1358 2826 1530 2869 postulat,
1554 2826 1663 2861 darem
1685 2839 1815 2870 operam
1837 2854 1847 2869 ,
1886 2829 1973 2874 siqua
2007 2831 2076 2866 fieri
2109 2833 2146 2868 id

1128 2869 1251 2909 posset,
1275 2878 1310 2901 ut
1333 2879 1578 2910 componeretur
1601 2871 1768 2914 utriusque
1792 2872 1969 2915 sententia,
1991 2874 2081 2910 fimul
2105 2876 2145 2912 ad

1127 2911 1358 2945 craffiusculum
1391 2914 1621 2955 commus-stum
1654 2926 1807 2955 nervum,
1839 2914 1931 2951 simul
1966 2918 2005 2952 ad
2039 2931 2144 2955 acrem

1126 2953 1314 2988 instillatum
1338 2955 1462 2990 succum
1484 2956 1708 3000 respiciendo,
1730 2958 1752 2992 {i
1778 2957 1864 2993 forte
1887 2959 1972 2995 hunc
1996 2974 2034 2996 ex
2068 2964 2144 2998 asilo

1126 2997 1272 3031 alicunde
1305 3001 1338 3031 in
1371 2999 1483 3033 vulnus
1511 3001 1646 3035 'existere
1669 3028 1678 3042 ‚
1712 3003 1861 3036 invenire
1897 3005 2017 3046 possem
2051 3033 2061 3049 ‚
2091 3020 2144 3042 ea-

1128 3051 1189 3083 que
1210 3042 1335 3074 ratione
1358 3041 1541 3085 scrupulum
1563 3044 1719 3087 quendam
1751 3045 1835 3079 mihi
1869 3050 1994 3089 penitus
2029 3053 2143 3085 evelle-

1130 3095 1162 3117 re
1185 3109 1194 3123 ,
1230 3083 1316 3119 fastu
1351 3085 1538 3128 perdifficile
1570 3088 1712 3123 credenti
1737 3112 1750 3129 ,
1782 3101 1819 3123 ne
1851 3089 1979 3126 bubulci
2012 3105 2143 3138 quoque

1128 3126 1273 3161 stimulus
1307 3129 1340 3163 in
1374 3129 1608 3166 craffiusculum
1640 3144 1771 3168 nervum
1806 3145 1945 3177 unquam
1981 3137 2105 3171 incidat
2127 3162 2142 3180 ,

1129 3169 1322 3220 bovemque·
1341 3174 1375 3205 in
1413 3172 1555 3207 furorem
1600 3185 1672 3214 agat
1693 3202 1702 3211 .
1749 3176 1848 3210 Nunc
1894 3190 1969 3211 vero
2016 3182 2142 3215 Summi

1128 3214 1203 3247 Viri
1245 3216 1461 3259 comesturam
1505 3217 1546 3250 ab
1591 3218 1667 3252 asilo
1710 3219 1749 3254 ad
1781 3219 1940 3264 scorpium
1963 3248 1972 3263 ,
2016 3225 2049 3256 in
2072 3235 2141 3267 quo

1127 3266 1292 3301 utramque
1336 3270 1531 3302 componere
1563 3263 1749 3296 sententiam
1797 3263 1871 3298 licet
1893 3288 1904 3304 ,
1952 3266 2140 3301 transferen-

1126 3309 1172 3334 tes
1216 3325 1225 3341 ,
1242 3342 1254 3347 ,
1269 3304 1377 3343 gravia
1422 3314 1461 3336 ex
1506 3306 1574 3339 ἱᾶυ
1620 3305 1714 3350 hujus
1758 3315 1835 3340 tunc
1881 3310 1962 3343 mala
2008 3310 2093 3354 sequi
2124 3335 2138 3353 ,

1124 3345 1189 3377 veri
1233 3346 1379 3379 similiter
1422 3346 1617 3389 suspicamur
1653 3373 1666 3389 ,
1710 3360 1785 3384 cum
1828 3352 2023 3389 craffiusculo
2066 3355 2137 3389 cui-

1125 3389 1212 3429 piam
1258 3399 1353 3422 nervo
1374 3412 1384 3428 ,
1431 3399 1485 3424 aut
1530 3393 1585 3426 alii
1628 3391 1777 3436 exquisiti
1823 3394 1926 3429 sensus
1970 3399 2052 3439 parti
2096 3397 2137 3432 fi-

1125 3432 1193 3465 mul
1237 3432 1350 3467 vulnus
1395 3433 1519 3477 infligit
1544 3459 1555 3476 ,
1602 3436 1757 3478 simulque
1803 3440 1997 3475 acerrimum
2044 3451 2136 3475 vene.

1649 3481 1759 3515 Ccc
2018 3494 2096 3519 num

87 3603 2121 3628 {Q

131 3746 139 3774 (
159 3753 171 3769 ο
188 3743 201 3773 )
218 3742 272 3768 Vid.
289 3741 359 3769 huius
376 3744 516 3767 Comment.
533 3741 559 3766 in
575 3741 684 3766 Dioscor.
703 3740 718 3764 l.
735 3744 758 3764 6.
776 3750 799 3767 ς,
816 3751 855 3773 ³9·

132 3778 146 3794 ι(
158 3775 197 3804 s)
213 3776 294 3802 Opere
310 3774 385 3796 Tom.
406 3781 427 3802 3-
448 3775 473 3796 Ρ.
491 3779 516 3801 4.
534 3772 582 3797 alla
599 3779 656 3796 voce
671 3773 791 3801 scerpicne
850 3774 865 3803 (
880 3780 891 3798 e
905 3774 959 3807 λη.
976 3780 1018 3803 ²3.

158 3810 199 3832 y)
219 3806 298 3828 Mem.
315 3804 344 3827 de
363 3802 380 3828 ι’
392 3804 467 3828 Acad.
485 3805 515 3827 R.
529 3803 571 3829 des
587 3804 628 3827 Sc.
648 3805 677 3828 Α.
699 3809 763 3831 ¹73¹-

158 3843 171 3860 c
186 3839 196 3863 >
212 3837 268 3860 Nat.
287 3834 346 3860 Hist.
364 3834 382 3859 1.
400 3841 436 3860 ιι.
453 3841 474 3860 ο.
491 3835 530 3860 28·

916 3741 925 3772 (
939 3748 957 3773 p
977 3743 985 3771 )
1002 3745 1037 3768 De
1052 3743 1141 3770 abditis
1156 3746 1268 3770 Morbor.
1285 3745 1347 3801 egis.
1366 3754 1387 3771 t.
1405 3750 1442 3778 56.

772 3833 777 3837 -
822 3803 833 3834 (
849 3812 866 3833 ⁶<
885 3805 952 3833 >em
968 3776 1121 3838 sumendi-if
1137 3776 1227 3835 ign-Ph·
1250 3778 1284 3800 N·
1325 3793 1330 3799 ι

597 3834 612 3863 ζ
627 3833 644 3859 d
661 3833 669 3865 )
683 3833 798 3859 Memmi.
815 3841 875 3865 pour
892 3834 948 3861 serv.
964 3834 977 3858 ὲ
993 3835 1076 3861 l’fflst.
1091 3836 1133 3862 des
1152 3837 1233 3864 Intest-
1252 3839 1327 3864 Tom.
1342 3845 1366 3869 4.
1384 3841 1464 3866 Mem.
1482 3847 1519 3868 ιι,

1502 3747 1512 3777 (
1527 3758 1542 3780 ²1
1559 3751 1573 3779 )
1589 3753 1662 3778 Cent-
1679 3760 1702 3783 3.
1718 3754 1776 3779 Obs.
1792 3753 1863 3778 Med.
1879 3761 1917 3784 9⁰·

1346 3779 1402 3802 Dec.
1420 3787 1443 3809 3.
1460 3781 1490 3804 A.
1507 3787 1529 3804 ι.
1546 3781 1607 3806 Obs.
1624 3790 1663 3808 20.

1235 3807 1249 3836 (
1263 3814 1280 3830 a
1299 3808 1307 3837 )
1323 3808 1410 3838 Georg.
1428 3810 1445 3834 Ι.
1463 3818 1484 3840 3.
1501 3817 1524 3835 v.
1547 3819 1599 3842 ¹47·

1976 3755 1989 3789 ζ
2002 3766 2015 3783 r
2029 3758 2040 3789 )
2054 3765 2079 3784 n.
2089 3762 2133 3795 23:

1728 3786 1735 3815 (
1753 3793 1768 3809 x
1783 3786 1799 3814 )
1816 3784 1839 3814 §.
1856 3785 1924 3814 supra
1940 3787 1971 3813 ad
1987 3795 2012 3814 n.
2031 3792 2069 3815 16.
2086 3795 2131 3817 eit.

1665 3812 1703 3840 (b
1718 3814 1733 3844 )
1747 3817 1784 3840 De
1799 3816 1836 3840 Re
1851 3815 1919 3841 Rust.
1935 3819 1953 3843 1.
1968 3826 1997 3847 a,
2007 3826 2030 3849 e.
2047 3828 2071 3852 ς,

1580 3843 1589 3873 (
1606 3851 1619 3869 e
1634 3843 1645 3874 )
1661 3845 1742 3874 opere
1759 3848 1836 3874 τοι-ει.
1850 3854 1872 3876 1-
1889 3848 1919 3875 P.
1932 3855 1960 3880 ⁴!
