2498 4075
329 255 482 322 Epist.
520 253 683 306 Anat.
718 248 919 302 Medica
956 245 1147 301 var.
1185 241 1302 296 Art.
1338 242 1382 295 8.
1413 258 1459 305 9.
1491 207 1546 294 ac
1578 254 1650 290 10.

69 332 241 367 crescentia
262 342 361 375 quam
385 334 419 366 in
454 330 594 365 Muliere
618 333 628 367 (
653 339 668 359 r
688 331 703 368 )
726 340 742 361 a
765 338 814 361 me
836 324 1063 368 deprehensam

67 377 170 418 legisti
190 400 203 417 ‚
238 386 274 409 ut
308 384 383 418 pote
427 386 498 417 quae
530 384 594 406 non
627 372 726 405 modo
761 380 829 405 erat
862 380 900 403 ex
941 368 1064 401 duabus

68 430 133 453 non
168 421 252 453 inter
286 420 336 458 se,
361 428 396 452 ut
419 421 454 451 in
478 417 557 453 illo,
595 415 756 456 contiguis
790 413 840 447 sed
872 423 912 445 ex
941 411 1064 445 duabus

69 462 148 496 adeo
183 462 355 504 sejunctis,
378 472 414 494 ut
445 459 574 502 fingulae
597 470 613 491 e
645 458 779 500 singulis
810 455 1065 505 orificiitl-ateri-

69 506 129 540 bus
159 508 244 540 intra
268 504 403 538 veficam
433 503 653 546 prominerent
677 523 687 538 ,
721 503 842 543 apicem
874 501 971 540 digiti
994 499 1066 547 pol„-

69 550 142 583 licis
175 556 338 590 aequantes
366 572 376 589 ‚
410 546 591 587 eaedemque
625 553 712 577 erant
753 544 880 587 insuper
919 541 1068 588 abnormi

70 593 196 635 figura;
219 591 320 625 ambae
354 591 554 633 caeteroquin
589 588 696 625 albae,
720 589 751 620 ἅτ
786 598 824 621 ex
857 585 1068 635 circumjecto

70 632 208 669 urethrae
245 633 401 676 glandoso
445 643 581 675 corpore
617 631 782 674 produetae
804 655 815 670 ‚
844 627 933 672 quod
966 628 1069 672 ipsum

70 689 201 720 quoque
235 678 345 712 album
378 677 432 711 hic
466 686 552 716 erat,
574 678 606 709 δι
637 674 779 711 durum,
804 676 835 706 δε
866 671 991 721 craffius
1022 670 1070 721 fa-

71 723 182 754 ctum.
209 722 286 754 Hoc
318 723 404 755 enim
437 731 551 763 corpus
585 717 640 752 etfi
665 729 725 760 ego
758 727 821 749 non
853 714 997 748 universe
1021 715 1071 747 di-

72 775 150 797 xero
185 765 373 798 muneribus
407 763 559 801 Prostatae
581 761 697 803 fungi3
722 759 798 793 huic
833 768 938 793 tamen
962 760 996 791 in
1019 769 1072 791 eo-

73 818 152 840 rum
176 808 368 851 quibusdam
393 807 601 848 respondere,
628 815 691 837 non
725 802 868 845 negabo.
894 801 993 844 Qod
1018 801 1071 834 ad-

72 850 147 884 dere
180 852 293 888 volui,
325 852 479 894 quoniam
512 852 546 883 in
570 847 754 882 mulieribus
777 857 911 895 quoque·
940 845 1071 878 uvulam

75 894 192 933 istam,
215 896 321 928 minus
354 903 486 933 tamen,
509 904 607 936 quam
641 892 673 923 in
708 890 783 922 viris
807 897 1041 932 prominentem
1059 909 1069 924 ‚

73 939 155 979 poni
190 938 284 972 video
307 949 318 976 5
351 948 539 980 quanquam
565 935 648 969 mihi
673 932 816 980 nondum
845 933 1015 980 contigit,
1033 941 1069 963 ut

75 980 235 1021 ejusmodi
259 979 324 1014 five
370 981 512 1014 arvulam
529 1005 537 1018 ‚
561 978 622 1013 five
645 987 800 1026 majorem
822 975 1072 1025 excrescentiam

75 1024 124 1057 ibi
157 1027 191 1058 in
223 1023 387 1062 foeminis,
412 1024 467 1058 ubi
502 1025 534 1055 in
574 1022 717 1057 maribus
737 1042 747 1057 ‚
782 1030 960 1052 invenirem
982 1043 991 1051 .
1026 1019 1072 1051 Et

78 1075 117 1101 n'e
153 1067 236 1101 forte
269 1068 435 1111 suspiceris
455 1090 465 1105 ‚
500 1065 521 1099 sl
554 1076 646 1100 antea
679 1074 778 1107 quam
812 1063 971 1096 summam
1003 1072 1074 1112 ure-

76 1111 184 1144 thram
216 1111 312 1144 toties
342 1112 375 1144 in
413 1120 551 1152 utroque
584 1110 657 1144 sexu
690 1115 870 1149 perattente
911 1116 1074 1139 examina-

76 1166 146 1188 rem
162 1167 184 1195 ,ς
220 1166 255 1187 ea
287 1166 359 1197 quae
396 1154 434 1187 de
467 1153 526 1186 ista
570 1152 667 1187 uvula
702 1149 868 1183 noviffime
912 1147 1075 1191 propofita

79 1196 175 1235 sunt,
201 1199 306 1240 legere
340 1196 512 1240 potuissem
528 1218 537 1234 ‚
560 1208 612 1230 me
635 1194 738 1238 ipsam
762 1192 887 1226 facilius
909 1194 943 1225 in
978 1193 1075 1229 viris,

79 1240 337 1283 mulieribusque
361 1240 451 1274 fuisse
474 1240 681 1282 agniturum3
705 1247 815 1270 omnes
846 1247 923 1279 quas
948 1235 1077 1285 perbre-

80 1284 114 1328 vi
137 1283 200 1317 hoc
232 1293 379 1326 tempore
402 1286 439 1317 ex
463 1295 529 1326 quo
553 1295 588 1316 ea
620 1283 706 1325 legi,
740 1279 855 1314 habere
888 1287 982 1321 potui
1013 1278 1076 1311 dis-

80 1328 259 1367 sectiones,
282 1329 431 1370 quamvis
464 1327 545 1359 nihil
581 1325 681 1360 ferme
705 1333 819 1366 praeter
842 1322 930 1365 quod
953 1321 991 1371 ad
1004 1333 1079 1364 pro-

80 1369 221 1411 positum
252 1371 315 1405 hoc
351 1371 467 1404 attinet
513 1372 657 1403 nostrum
681 1391 690 1407 ‚
722 1368 856 1410 dignum
892 1374 1080 1400 contineant

81 1423 119 1446 ut
153 1415 416 1456 perscribantur;
447 1424 554 1447 tecum
585 1411 724 1447 fideliter
754 1409 1027 1452 communicabo,
1048 1412 1080 1443 ὃ(

81 1468 98 1490 a
131 1456 268 1491 foemina
301 1458 435 1491 initium
466 1456 599 1491 ducam.

124 1501 153 1535 8.
177 1502 389 1535 VETuLAE
424 1501 458 1533 in
491 1500 554 1535 hoc
585 1500 792 1535 Nosocomio
832 1497 943 1534 nescio
967 1525 976 1539 ,
1009 1510 1076 1543 quo

80 1544 197 1577 morbo
239 1544 368 1578 sublatae
390 1566 403 1583 ,
437 1544 613 1582 urinariae,
647 1547 678 1578 &
710 1543 862 1587 genitales
896 1543 1006 1577 Partes
1046 1545 1081 1576 in

81 1586 300 1630 Gymnasium
325 1611 337 1627 ,
370 1587 426 1621 ubi
457 1588 642 1622 Anatomen
674 1587 848 1626 docebam,
870 1587 973 1620 allatae
1009 1587 1081 1620 sunt

81 1632 182 1674 paulo
214 1640 287 1664 ante
322 1630 418 1664 finem
451 1631 599 1673 januarii
632 1629 742 1665 mensis
777 1642 861 1664 anno
892 1629 953 1663 hec
987 1640 1079 1673 1759.

213 1673 279 1706 IN
312 1674 638 1708 GENITALIBUS
674 1674 762 1717 quod
796 1680 1080 1715 praeter'uaturam

82 1716 156 1751 esset
176 1742 186 1757 ‚
219 1717 302 1750 nihil
338 1717 396 1749 nisi
438 1727 534 1750 unam
554 1741 566 1757 ‚
601 1727 654 1751 a·ut
687 1719 818 1752 alteram
853 1716 1080 1751 subrotund'am

81 1760 340 1803 prominentiam
372 1759 547 1800 adnotavi,
580 1771 750 1804 utramque
783 1771 912 1802 parvam
935 1782 944 1795 2
983 1763 1013 1793 δε
1047 1762 1080 1794 in

82 1803 168 1838 facie
202 1804 315 1837 intima
349 1803 526 1845 posteriore
557 1807 677 1838 uterini
710 1803 802 1837 fundi
838 1804 987 1836 nonnihil
1023 1815 1078 1837 ex-

80 1846 239 1887 stantem,
262 1847 371 1889 quales
405 1848 438 1879 in
470 1847 583 1880 eodem
615 1846 718 1882 fundo
741 1846 900 1888 majores,
922 1847 1078 1881 minores-

83 1901 122 1925 ve
167 1902 184 1924 a
228 1902 276 1923 me
321 1890 382 1924 tibi
414 1891 489 1923 alias
522 1889 694 1934 descriptas
740 1888 821 1929 esse,
864 1892 1044 1924 memineris
1069 1915 1081 1923 .>

219 1932 318 1972 Qod
358 1944 436 1967 vero
466 1934 505 1968 ad
537 1936 693 1969 urinarias
727 1934 845 1967 attinet
882 1936 1011 1972 Partes,
1044 1935 1078 1967 in

80 1988 190 2013 renem
230 1976 397 2011 dexterum
432 1986 548 2018 praeter
578 1989 781 2012 communem
814 1977 966 2011 omnibus
997 1987 1079 2011 arte-

82 2023 167 2056 riam
200 2021 453 2063 Emulgentem,
485 2022 578 2062 alia,
612 2023 643 2055 in
679 2020 842 2055 nonnullis
873 2033 888 2053 a
921 2033 970 2054 me
992 2044 1005 2060 ,
1038 2021 1078 2055 ab

83 2065 220 2107 aliisque
264 2063 409 2105 pluribus
454 2065 660 2099 Anatomicis
705 2065 803 2102 visa,
836 2063 998 2098 ferebatur
1038 2076 1078 2098 ex

81 2119 200 2143 trunco
231 2108 352 2150 pariter
374 2108 497 2141 arteriae
521 2108 650 2150 Magnae
668 2135 675 2140 .
699 2109 760 2142 Sed
784 2108 845 2141 hoc
879 2116 992 2149 praeter
1015 2107 1078 2141 fre·

80 2153 287 2194 quentiorem
310 2159 431 2184 naturae
454 2151 738 2193 consuetudinem;
764 2152 842 2185 illud
866 2163 942 2184 vero
963 2151 1076 2185 habuit

79 2195 149 2238 ipse
173 2198 285 2230 Aortae
317 2202 448 2228 truncus
479 2205 598 2236 praeterr
625 2205 774 2230 naturam
807 2206 871 2228 non
909 2193 1007 2228 modo
1040 2204 1078 2228 ut

81 2239 171 2282 quod
196 2241 229 2272 in
251 2235 426 2271 senioribus
451 2238 595 2282 alioquin
628 2239 728 2276 solet,
755 2249 820 2272 non
854 2249 965 2280 parvas
990 2239 1077 2272 intus

78 2282 259 2316 ostenderet
291 2282 375 2314 albas
399 2281 558 2321 maculas,
580 2281 682 2317 futuri
706 2282 776 2317 offis
799 2280 942 2319 indicia,
966 2292 1076 2316 verum

78 2327 181 2360 etiam
214 2334 251 2360 ut
283 2324 443 2367 angustior
484 2325 558 2359 esset
591 2337 689 2369 quam
728 2326 856 2359 mulieri
879 2346 889 2363 ‚
928 2335 994 2358 non
1029 2327 1075 2359 ita

78 2370 213 2404 humilis
247 2368 394 2408 staturae,
417 2370 604 2403 conveniret
627 2395 635 2403 .
765 2371 843 2402 Sana
881 2370 980 2403 vesica
1003 2370 1076 2402 nul-

77 2414 142 2447 lam
175 2412 214 2447 ad
246 2414 350 2446 imum
382 2414 651 2454 prominentiam,
678 2413 861 2454 nullamque
894 2413 1013 2455 pariter
1036 2411 1075 2446 ad

77 2456 239 2491 summum
271 2454 422 2492 umbra,
445 2456 514 2489 imo
537 2467 575 2490 ne
597 2457 824 2499 prominentiae
855 2455 986 2498 quidem
1021 2463 1074 2489 ve-

80 2501 213 2543 stigium
237 2498 340 2534 ullum
379 2497 564 2532 habebant.

121 2556 159 2585 9.Δ
190 2540 324 2576 VIRI
357 2540 552 2584 sexagenarii
581 2565 591 2583 ‚
622 2551 658 2576 ut
691 2543 862 2577 videbatur
888 2565 901 2583 ‚
940 2542 1072 2575 cadaver

74 2589 189 2622 eodem
222 2596 366 2628 tempore
389 2609 416 2625 ,,
434 2586 619 2629 ibidemque
642 2587 867 2621 cousecabatur
891 2611 899 2619 .
932 2587 1011 2628 Qo
1034 2585 1073 2619 de

79 2635 153 2666 viro
184 2630 265 2663 nihil
299 2629 385 2662 aliud
417 2628 493 2662 scivi
518 2655 527 2669 ,
558 2630 616 2662 nisi
651 2631 731 2664 olim
755 2631 942 2672 priusquam
981 2632 1074 2662 Pata-

79 2676 128 2709 vii
154 2673 345 2708 mendicaret
368 2693 381 2711 ‚
411 2673 445 2705 in
478 2674 662 2708 triremibus
684 2672 795 2712 fuisse,
817 2674 958 2707 rixarum
980 2673 1073 2706 causa

81 2716 212 2752 fortasse
256 2716 476 2750 damnatum.
519 2718 619 2750 Certe
663 2727 866 2760 acceptorum
910 2717 1078 2750 vulnerum

82 2762 247 2795 cicatrices
270 2759 374 2801 plures
405 2761 439 2792 in
476 2760 666 2799 abdomine,
690 2759 909 2804 proximisque
934 2759 1079 2802 partibus

85 2804 285 2848 apparebant
308 2826 317 2835 .
449 2803 675 2841 VENTRE,
698 2808 728 2838 δε
751 2803 902 2838 Thorace
924 2803 1079 2841 dffleffls,

88 2848 219 2882 nullum
252 2857 290 2879 ex
315 2845 357 2878 iis
378 2847 565 2880 vulneribus
588 2848 621 2879 in
646 2860 758 2881 eorum
782 2858 898 2881 cavum
922 2847 1081 2889 pervenis-

84 2891 136 2929 se,
163 2894 277 2932 praet‘er
311 2900 411 2930 unum
445 2899 648 2932 compertum
680 2891 755 2931 est,
787 2890 874 2933 quod
908 2900 1014 2924 tamen
1047 2892 1080 2923 in

86 2942 222 2968 ornento
254 2931 466 2972 substiterat,
499 2934 618 2975 quippe
651 2934 743 2975 cujus
775 2935 952 2975 particula,
978 2933 1081 2976 subje-

84 2979 146 3011 ctis
170 2975 343 3009 visceribus
376 2976 501 3016 illaesis,
525 2976 721 3018 agglutinata
758 2977 896 3011 haerebat
927 2978 1012 3011 intra
1036 2977 1081 3010 el-

85 3020 243 3063 iypticarn
267 3019 382 3061 pertusi
417 3020 497 3054 olim
532 3021 698 3062 peritonaei
721 3020 881 3054 foveolam
907 3046 915 3054 .
948 3022 1081 3054 Ventri-

85 3064 177 3097 culus
212 3060 312 3095 ferme
335 3062 458 3099 inanis,
481 3066 510 3095 &
543 3071 647 3096 tamen
670 3063 847 3105 grandior,
879 3065 1014 3097 interius
1037 3064 1080 3097 le-

85 3118 158 3140 vem
192 3105 329 3139 ostendit
364 3105 581 3148 phlogofim„
601 3106 812 3150 oesophagum
848 3107 980 3143 versus,
1013 3109 1080 3140 Te-

83 3152 161 3183 nuia
194 3158 301 3183 autem
335 3147 485 3182 intestina
517 3150 656 3183 colorem
690 3152 830 3184 exterius
862 3163 878 3184 e
913 3151 997 3185 flavo
1029 3149 1081 3185 fu-

82 3194 194 3233 scum,
217 3191 333 3234 cystica
364 3192 438 3225 bilis
473 3190 613 3234 flavum,
636 3192 686 3227 sed
710 3195 870 3232 dilutum,
894 3197 924 3226 δι
954 3193 1080 3227 obsole-

82 3247 176 3270 tum.
197 3235 358 3280 Jecinoris
392 3233 487 3268 facies
518 3248 592 3270 cava
628 3250 643 3271 a
666 3238 786 3271 dextris
820 3237 942 3272 macula
976 3236 1079 3270 foeda-

81 3281 180 3314 batur
204 3280 398 3321 nigerrima,
420 3279 523 3320 figura
556 3283 605 3313 ad¹
626 3291 728 3316 aream
764 3281 876 3315 circuli
911 3278 997 3323 quasi
1028 3292 1079 3314 ac-

82 3325 212 3359 cedente
228 3344 237 3360 ,
261 3321 351 3364 cujus
386 3323 540 3355 diameter
577 3321 789 3358 transversum
813 3325 956 3367 digitum
981 3325 1077 3365 polli-

82 3379 152 3402 cem
186 3377 250 3400 non
285 3365 465 3412 superaret.
489 3366 575 3399 Cum
597 3366 714 3401 subesse
744 3369 890 3403 humoris
910 3369 1075 3410 quidpiam

83 3411 281 3446 videretur3
315 3410 466 3451 Jecinoris
500 3410 643 3442 tunicam
667 3422 728 3453 qua
762 3412 990 3454 operiebatur,
1026 3413 1076 3443 in-

82 3455 169 3493 cidi,
191 3456 223 3486 &
264 3452 532 3487 semiconcretum
567 3452 747 3495 sanguinem
780 3454 839 3488 esse
861 3476 871 3492 ‚
901 3455 1078 3496 cognovi,

82 3509 146 3532 non
181 3494 273 3530 valde
308 3495 465 3539 profunda
501 3495 594 3529 fovea
626 3496 913 3540 comprehensum.
938 3500 1077 3531 Interior

80 3542 176 3576 facies
209 3540 337 3586 Magum
362 3541 483 3572 arteriae
520 3540 691 3581 particulas
723 3543 854 3583 quidem
889 3540 1003 3574 habuit
1024 3540 1076 3574 os-

80 3582 240 3626 feasssed
265 3582 436 3625 diSJthas,
460 3594 591 3624 parvas,
617 3593 674 3615 nec
695 3585 829 3617 multas.
854 3585 943 3621 Quas
967 3585 1074 3623 interf.

168 3625 331 3669 Morgagni
341 3625 375 3658 de
386 3627 453 3658 Sed.
470 3626 512 3659 Φ*
522 3624 613 3667 Caus.
630 3624 732 3660 Morb.
746 3628 846 3661 Tom.
859 3626 904 3664 H.

1948 249 2041 302 433

1113 330 1149 357 ut
1180 319 1218 354 de
1252 313 1414 354 Thoracis
1444 327 1572 361 quoque
1609 313 1756 349 Partibus
1789 314 1912 357 aliquid
1944 313 2111 349 dicamus?

1115 359 1221 405 major
1252 372 1336 396 certe
1371 361 1434 397 fuit
1469 371 1540 402 quae
1562 357 1691 392 orificio
1720 357 1779 400 ipsi
1803 367 1870 392 erat
1900 356 2052 399 imposita
2075 357 2110 387 in

1114 408 1201 450 quod
1234 405 1393 439 desinebat
1428 411 1552 445 apertus
1587 401 1668 434 olim
1698 401 1731 434 in
1766 400 1849 434 foetu
1882 401 1997 433 canalis
2029 408 2111 436 arte-3

1115 449 1237 484 riosus.
1264 452 1332 482 Cor
1356 457 1529 490 magnum:
1556 456 1640 478 venae
1665 450 1769 478 autern
1781 445 1970 478 Coronariae
1991 444 2113 475 ostium

1119 505 1179 537 pro
1202 493 1327 526 valvula
1353 491 1436 526 nihil
1459 488 1545 523 aliud
1569 488 1703 526 habuit,
1728 499 1824 530 quam
1850 496 1944 521 tenue
1966 485 2113 522 filamen*

1120 535 1213 574 tum,
1238 537 1276 569 ab
1309 536 1469 578 superiore
1501 531 1573 566 ostii
1609 542 1664 565 ora
1696 531 1735 566 ad
1769 529 1957 564 inferiorern
1993 528 2115 577 produ-

1118 581 1226 613 ctum.
1252 580 1350 618 Quod
1375 579 1429 612 hic
1453 599 1462 614 ,
1496 575 1573 608 sicut
1603 575 1663 608 alia
1687 576 1805 611 etiarn,
1829 574 1925 607 retuli
1948 597 1962 614 ,
1994 581 2029 605 ut
2064 580 2116 603 in-

1121 623 1282 664 telligeres
1306 646 1317 662 ,
1354 632 1455 655 meam
1489 618 1537 652 vel
1574 620 1748 660 parvarum
1782 623 1889 650 rerum
1922 616 2117 664 diligentem

1120 666 1210 700 fuisse
1241 668 1274 698 in
1307 666 1369 699 hoc
1402 664 1552 701 cadavere
1586 660 1862 694 observationem.
1893 660 2031 702 Qanto
2054 667 2119 700 igi-

1123 720 1173 743 tur
1197 709 1387 752 diligentius
1413 721 1428 741 a
1453 719 1502 740 rne
1523 704 1686 747 quaefitam
1711 704 1841 738 uvulam
1865 703 1973 743 fuisse,
2002 711 2119 750 putas,

1122 754 1155 786 in
1180 752 1287 785 veficae
1310 752 1419 786 osculo
1441 749 1557 791 hujus,
1583 750 1613 781 δε
1638 748 1767 782 alterius
1798 747 1837 780 de
1859 759 1925 789 quo
1957 756 2036 794 mort
2069 754 2121 785 πηχ-

1122 797 1306 832 ditabitur,
1329 797 1424 832 Viri,
1449 792 1578 836 ejusque
1601 792 1639 825 de
1662 802 1725 833 qua
1760 790 1857 833 paulo
1891 799 1964 838 ante
1996 787 2122 821 dietum

1123 840 1189 876 est,
1213 839 1341 872 Vetulae
1367 854 1375 875 ς
1411 837 1585 881 praesertim
1619 845 1693 870 cum
1727 834 1762 867 in
1794 833 1856 868 hoc
1880 855 1890 871 ‚
1922 843 1987 875 jam
2011 838 2122 872 aperta

1123 881 1242 919 vesica,
1267 882 1384 915 exstare
1406 880 1527 922 aliquid
1561 880 1648 911 intra
1681 878 1863 920 proximam
1887 875 2025 910 urethrae
2049 883 2124 916 par-

1122 935 1188 960 tem
1222 925 1356 959 necdum
1389 933 1532 968 apertam
1566 921 1727 955 videretur
1751 943 1761 959 ‚
1796 919 2056 955 subrotundum‚
2091 917 2125 950 δε

1123 968 1331 1002 mediocriter
1370 968 1555 1011 prominens
1579 990 1587 997 .
1620 966 1744 998 Verum
1783 965 1949 997 enimvero
1994 959 2125 995 urethra

1126 1022 1222 1054 porro
1254 1010 1373 1052 incisa,
1397 1011 1552 1045 continuo
1576 1010 1723 1051 apparuit
1739 1029 1748 1044 ,
1773 1007 1943 1050 deceptum
1968 1017 2017 1038 me
2040 1002 2124 1053 effe-2

1126 1057 1197 1088 imo
1219 1067 1329 1089 omnes
1361 1056 1418 1098 qui
1452 1054 1581 1087 aderant
1611 1062 1683 1085 cum
1715 1052 1904 1084 exercitatis
1930 1048 2126 1097 Prosecmrx-

1127 1099 1185 1133 bus
1218 1097 1416 1132 studiofiores
1449 1096 1699 1131 Adolescente53
1724 1093 1778 1127 has
1801 1096 1885 1128 enim
1911 1093 2126 1140 Observatio-

1125 1154 1195 1179 nes,
1219 1152 1255 1176 ut
1288 1142 1351 1175 fere
1375 1142 1482 1180 soleo,
1504 1140 1633 1181 publice
1656 1137 1777 1172 habui.
1802 1138 2013 1179 Quaecunque
2039 1144 2127 1168 enim

1126 1185 1227 1219 fuerit
1240 1185 1440 1227 deceptionis
1451 1184 1567 1221 causa3
1590 1191 1677 1215 certe
1692 1182 1776 1214 nulla
1792 1184 1928 1214 omnino
1939 1180 2128 1222 prominen-

1125 1231 1171 1262 tia
1184 1228 1268 1267 fuit,
1293 1240 1363 1271 quae
1376 1228 1522 1262 totoillo
1535 1226 1638 1268 spatio
1649 1226 1735 1266 quod
1751 1224 1882 1258 veficam
1897 1226 1981 1256 inter
1994 1245 2003 1260 ‚
2029 1224 2059 1255 &
2075 1222 2130 1253 Se-

1126 1273 1277 1307 minalem
1289 1271 1493 1305 carunculam
1504 1267 1664 1308 interesl‚a
1680 1269 1770 1300 nobis
1781 1266 1923 1310 conspici
1935 1266 2000 1308 jam
2012 1262 2128 1314 posset.

1177 1327 1227 1351 ro.
1260 1316 1429 1354 Quoniam
1463 1323 1570 1348 autem
1605 1314 1671 1345 veri
1704 1310 1848 1346 discendi
1881 1311 1962 1344 adeo
1994 1307 2131 1351 cupidus

1130 1359 1225 1403 sum,
1248 1369 1284 1395 ut
1308 1358 1468 1402 quidquid
1502 1357 1578 1391 novi
1612 1355 1650 1389 de
1684 1356 1843 1395 Corporis
1880 1354 2039 1388 structura
2073 1363 2130 1384 au-

1130 1404 1207 1443 dio,
1231 1414 1286 1440 aut
1309 1399 1381 1447 lego
1403 1427 1415 1443 ,
1443 1399 1692 1447 perquirendum
1716 1398 1796 1431 mihi
1820 1398 1999 1434 existimem
2024 1396 2073 1428 vel
2096 1395 2133 1444 in

1130 1449 1171 1483 iis
1205 1448 1352 1484 Partibus
1384 1449 1416 1482 in
1457 1446 1574 1489 quibus
1616 1443 1734 1477 centies
1778 1454 1795 1475 a
1836 1454 1885 1475 me
1931 1438 2132 1482 perlustratis

1131 1492 1216 1528 nihil
1240 1492 1396 1536 ejusmodi
1429 1489 1542 1526 vidisse
1575 1487 1735 1528 memini,
1757 1484 1867 1535 easque
1904 1486 2012 1534 Partes
2045 1480 2135 1526 quasi

1132 1548 1296 1580 nunquam
1321 1547 1413 1570 antea
1445 1533 1646 1578 inspexissem
1671 1559 1680 1575 ‚
1721 1528 1847 1565 solicite
1879 1539 1958 1578 aveo
1990 1536 2134 1566 iterum,

1131 1583 1334 1624 iterumque,
1358 1591 1422 1613 non
1455 1578 1519 1613 sine
1551 1589 1662 1611 eorum
1694 1576 1753 1618 qui
1786 1587 1836 1608 me
1868 1573 2043 1623 adjuvant,
2067 1581 2134 1605 non

1130 1624 1265 1659 obscura
1289 1624 1501 1658 admiratione
1524 1645 1537 1662 ,
1568 1624 1598 1655 &
1623 1619 1751 1654 fortasse
1777 1619 1900 1658 taedio,
1923 1614 2097 1666 Ins-perstare
2122 1628 2132 1654 3

1131 1679 1186 1711 per
1220 1665 1302 1702 mihi
1326 1677 1454 1710 gratum
1489 1666 1552 1699 fuit
1587 1676 1643 1708 per
1673 1663 1748 1698 illos
1780 1661 1909 1698 eosdem
1942 1659 2009 1711 ‘1¹5⁵
2041 1670 2137 1692 occa-

1131 1712 1250 1746 fionem
1285 1710 1429 1745 incidisse
1459 1708 1592 1744 vesicam
1626 1709 1757 1742 tertiam
1787 1709 1995 1741 examinandi
2020 1728 2028 1736 .
2066 1704 2138 1736 Ita-

1131 1767 1192 1798 que
1225 1757 1330 1798 petii,
1353 1764 1388 1790 ut
1423 1753 1488 1797 ejus
1511 1754 1587 1787 Viri
1612 1751 1706 1794 cujus
1731 1751 1769 1785 ad
1793 1761 1827 1786 te
1859 1744 2134 1797 historiamscri-

1130 1799 1175 1841 psi
1213 1810 1352 1833 extrema
1376 1798 1521 1841 Epistola
1544 1797 1668 1830 LXlV.
1694 1795 1778 1837 (s)
1803 1807 1868 1829 non
1891 1795 1996 1828 sanum
2019 1792 2132 1827 thora-

1128 1843 1175 1876 cis
1208 1841 1404 1881 viscera‚in
1429 1843 1544 1885 quibus
1577 1840 1683 1875 morbi
1717 1849 1784 1874 erat
1818 1838 1924 1877 sedes,
1948 1847 2059 1871 verum
2084 1845 2133 1876 etz·

1127 1887 1192 1919 iam
1217 1888 1316 1920 urinae
1350 1885 1553 1920 inservientia
1587 1895 1707 1927 organa
1742 1883 1780 1919 ad
1818 1895 1869 1919 me
1902 1880 2098 1919 afferrentur
2122 1888 2136 1914 .“

1127 1931 1214 1963 Cum
1247 1931 1349 1973 igitur
1383 1928 1482 1963 vefica
1506 1953 1515 1968 ‚
1552 1931 1584 1962 <Sc
1615 1928 1743 1962 urethra
1780 1938 1894 1971 apertae
1939 1925 2015 1960 satis
2049 1925 2132 1960 mihi

1128 1973 1249 2007 idoneae
1284 1974 1467 2008 viderentur
1492 1998 1501 2014 ‚
1537 1974 1572 2005 in
1603 1974 1721 2014 quibus
1755 1973 2012 2014 prominentiam
2037 1970 2132 2004 istam

1128 2026 1250 2051 attente
1270 2029 1444 2060 quaererem
1468 2029 1478 2055 5
1511 2015 1570 2051 feci
1595 2016 1628 2050 id
1652 2015 1807 2058 quiden-13
1832 2015 1882 2049 sed
1907 2013 2022 2049 frustra
2046 2013 2135 2053 feci5

1128 2061 1213 2095 nulla
1246 2065 1332 2094 enim
1359 2061 1486 2102 prorsus
1510 2068 1635 2103 reperta
1667 2057 1712 2094 est
1736 2083 1743 2091 .
1779 2060 1872 2098 Quin
1903 2061 2032 2100 etiam,
2055 2070 2131 2093 cum

1127 2104 1287 2143 deessent,
1314 2105 1456 2138 absoluta
1488 2105 1675 2140 Anatome,
1698 2103 1837 2137 humana
1870 2104 2028 2138 cadavera
2050 2115 2064 2143 ;
2096 2105 2133 2139 in

1127 2159 1204 2182 cane
1229 2160 1293 2182 non
1315 2159 1416 2190 parvo
1440 2149 1603 2190 inquirere
1626 2147 1764 2189 placuit.
1790 2148 1889 2181 Hunc
1913 2148 1947 2180 in
1981 2148 2133 2190 Gymna-

1129 2192 1198 2231 fio,
1223 2199 1310 2225 more
1348 2190 1512 2233 Majorum
1536 2216 1545 2231 ,
1577 2193 1737 2224 viventem
1763 2190 1859 2225 secari
1883 2191 2033 2235 jusseram
2056 2205 2131 2227 cnm

1126 2236 1171 2269 ob
1194 2236 1280 2276 alia,
1304 2246 1373 2269 tum
1396 2235 1522 2277 insuper
1550 2243 1585 2268 ut
1609 2244 1795 2277 appareret,
1823 2246 1899 2270 num
1936 2236 2020 2270 inter
2044 2238 2132 2280 peri-

1126 2277 1292 2317 caudium,
1317 2282 1347 2312 δε
1369 2290 1426 2312 cor
1459 2281 1523 2313 sive
1556 2279 1589 2311 in
1613 2278 1708 2320 hujus
1742 2278 1877 2321 systole,
1902 2278 1965 2313 five
1995 2281 2029 2313 in
2063 2281 2134 2315 dia·

1128 2323 1204 2356 stole
1235 2323 1442 2356 interstitium
1476 2323 1678 2365 relinquatur
1713 2322 1837 2356 nullum
1863 2345 1872 2360 ‚
1916 2333 1950 2357 ut
1983 2335 2049 2358 non
2083 2327 2133 2359 ita

1127 2366 1250 2409 pridem
1274 2366 1432 2408 legeram,
1457 2365 1507 2399 sed
1533 2366 1747 2408 pericardium
1781 2367 1814 2398 in
1840 2367 2026 2401 viventibus
2046 2391 2055 2406 ‚
2082 2369 2131 2402 sa-

1125 2409 1239 2451 nisque
1269 2410 1390 2451 semper
1419 2409 1578 2453 quidquid
1611 2412 1781 2447 continet,
1807 2412 1913 2445 exac'ie
1939 2412 2018 2445 adeo
2040 2424 2133 2447 com-

1124 2454 1306 2494 plectatur,
1331 2452 1414 2486 nihil
1438 2463 1473 2486 ut
1496 2454 1588 2488 vacui
1612 2455 1699 2487 intra
1734 2453 1800 2496 ejus
1834 2466 1950 2489 cavum
1975 2455 2127 2498 supersit.

1124 2498 1177 2529 Ut
1201 2496 1426 2545 enimxobvia,
1451 2498 1498 2531 ita
1516 2497 1778 2532 dubitationibus
1802 2500 1906 2533 minus
1929 2499 2071 2533 obnoxia
2096 2507 2154 2534 ea'

1124 2540 1208 2574 mihi
1246 2541 1334 2573 ratio
1357 2540 1394 2573 ad
1417 2541 1451 2575 id
1482 2540 1743 2584 cognoscendum
1778 2542 1842 2576 visa
1877 2543 1919 2576 est
1940 2565 1950 2580 ‚
1986 2542 2007 2575 fi
2041 2546 2131 2577 canis

1123 2583 1254 2618 thorace
1287 2579 1328 2617 fic
1361 2594 1474 2626 aperto
1515 2595 1550 2619 ut
1586 2584 1714 2626 sanguis
1737 2596 1802 2618 non
1838 2587 1959 2620 multus
1985 2585 2129 2622 effunde-

1125 2638 1232 2664 retur,
1254 2625 1361 2661 statim
1384 2651 1396 2667 ,
1428 2629 1506 2662 dum
1540 2638 1596 2662 cor
1619 2629 1722 2662 adhuc
1757 2627 1829 2663 suos
1864 2629 1969 2663 valide
2003 2641 2131 2666 exercet

1126 2680 1255 2708 motus,
1280 2672 1520 2714 experiremur,
1544 2683 1582 2706 an
1608 2672 1781 2714 pericardii
1804 2696 1814 2710 ‚
1847 2673 1984 2715 necdum
2017 2675 2130 2717 incffi,

1131 2715 1315 2748 membrana
1338 2725 1395 2749 cot
1418 2716 1503 2749 arfte
1527 2716 1606 2749 adeo
1629 2717 1833 2759 contingeret
1848 2739 1857 2754 ,
1883 2727 1918 2749 ut
1941 2717 2032 2750 nullo
2059 2731 2130 2752 mo-

1129 2758 1193 2798 do,
1218 2767 1272 2792 aut
1305 2768 1390 2792 certe
1423 2769 1487 2792 non
1521 2757 1616 2792 facile
1650 2760 1735 2791 inter
1766 2759 1847 2793 duos
1870 2760 1993 2802 digitos
2018 2773 2129 2806 appre-

1128 2801 1247 2842 hendi,
1277 2803 1448 2844 attollique
1471 2802 1572 2844 posset
1597 2826 1604 2833 .
1638 2801 1738 2845 Qod
1771 2814 1848 2836 vero
1884 2804 1992 2846 potuit
2025 2807 2131 2841 multo

1129 2844 1285 2878 facillime
1308 2868 1317 2883 ‚
1352 2856 1416 2877 non
1453 2856 1518 2878 uno
1542 2845 1726 2887 experiente
1751 2869 1759 2885 ‚
1791 2849 1822 2879 &
1855 2848 2130 2889 conspicientibus
2159 2848 2161 2850 ’

1130 2890 1282 2922 omnibus
1307 2900 1315 2921 :
1353 2889 1385 2920 in
1410 2888 1541 2931 aliisque
1578 2888 1686 2931 postea
1717 2889 1968 2924 canibusidem
2003 2895 2129 2933 pericu-

1131 2932 1199 2965 lum
1211 2931 1321 2965 eodem
1345 2934 1433 2965 exitu
1458 2932 1582 2966 factum
1606 2930 1683 2969 esse,
1708 2932 1795 2967 scio.
1821 2932 1861 2967 In
1885 2946 1924 2967 eo
1948 2936 2052 2978 igitur
2075 2949 2129 2971 ca-

1132 2987 1172 3009 ne
1197 2975 1388 3017 postquam,
1413 2975 1446 3009 id
1471 2976 1558 3019 quod
1583 2976 1662 3018 saepe
1686 2976 1761 3009 alias
1776 2976 1937 3016 feceram,
1962 2990 2000 3012 an
2026 2981 2127 3014 Semi.

1132 3018 1217 3052 nales
1241 3019 1384 3052 veficulae
1417 3029 1483 3052 non
1506 3018 1607 3053 desint
1631 3044 1641 3059 ‚
1674 3019 1750 3060 sed,
1776 3029 1810 3053 ut
1834 3022 1985 3056 nonnulli
2019 3024 2130 3057 viden-

1131 3072 1184 3096 tur
1206 3062 1351 3100 credere,
1376 3061 1436 3095 fint
1469 3065 1575 3096 minus
1606 3063 1807 3105 conspicuae,
1830 3061 1942 3099 frustra
1967 3067 2128 3109 quaesivis-

1131 3106 1219 3144 sem5
1244 3104 1358 3139 frustra
1384 3108 1505 3148 pariter
1528 3105 1621 3139 istam
1644 3107 1774 3140 uvulam
1798 3108 1991 3150 perquisivi.
2016 3112 2127 3151 Aper-

1131 3159 1163 3183 ta
1197 3152 1281 3182 enim
1306 3148 1420 3187 vesica,
1450 3152 1481 3182 &
1511 3149 1664 3190 urethra‚
1688 3159 1724 3183 ut
1747 3149 1831 3184 nihil
1855 3153 1889 3183 in
1914 3153 2018 3192 prima
2044 3155 2124 3186 erni-

1130 3204 1203 3226 nere
1227 3193 1316 3232 vidi,
1338 3191 1395 3226 nifi
1427 3192 1491 3226 duo
1512 3193 1568 3226 illa
1599 3194 1714 3226 teretia
1737 3205 1872 3235 corpora
1902 3205 1974 3237 quae
1993 3196 2033 3229 ab
2055 3208 2127 3231 ure-

1130 3237 1252 3270 teribus
1274 3235 1515 3274 descendentia,
1540 3236 1578 3270 ad
1590 3237 1744 3278 angulum
1765 3237 1997 3280 deniqueinter
2021 3239 2128 3274 secoi-
2153 3272 2156 3273 a

1130 3281 1231 3317 bant,
1254 3280 1296 3313 sic
1322 3280 1362 3313 ab
1394 3292 1432 3313 eo
1467 3282 1585 3324 angulo
1609 3280 1691 3313 nihil
1716 3279 1754 3314 ad
1785 3282 1990 3315 carunculam
2024 3283 2125 3328 usque

1127 3324 1317 3357 seminalem
1341 3324 1523 3365 prominere
1546 3323 1718 3366 conspexi,
1741 3322 1799 3356 nisi
1822 3323 1941 3358 lineam
1975 3327 2064 3361 illam
2087 3329 2121 3362 in

1126 3379 1222 3410 quarn
1248 3368 1275 3399 se
1298 3379 1330 3399 ea
1355 3378 1489 3408 corpora
1514 3367 1733 3409 producebant
1758 3389 1768 3405 ‚
1802 3369 1907 3401 multo
1942 3369 2016 3411 ipfis
2048 3380 2121 3404 tum

1128 3410 1365 3453 angustiorem,
1388 3421 1457 3444 tum
1490 3410 1718 3444 humiliorem.
1743 3410 1865 3449 Nihil,
1887 3412 2042 3453 inquam,
2068 3426 2123 3447 ex-

1128 3452 1209 3487 stare
1234 3455 1341 3487 inveni
1365 3477 1374 3491 ,
1408 3464 1510 3496 neque
1547 3453 1628 3487 illud
1652 3454 1685 3486 in
1711 3453 1811 3487 vefica
1834 3453 1893 3488 esse
1918 3456 2085 3497 trigonum
2108 3479 2120 3496 ,

1128 3507 1163 3530 ut
1187 3497 1281 3530 video
1304 3497 1479 3540 appellari,
1504 3497 1542 3530 de
1552 3508 1617 3540 quo
1639 3498 1673 3530 in
1696 3497 1884 3530 hominibus
1906 3498 1984 3540 quid
2008 3494 2121 3537 antea,

1126 3540 1244 3574 nedum
1269 3540 1373 3581 postea
1398 3565 1408 3584 ‚
1440 3540 1701 3578 observaverim,
1727 3543 1758 3573 δε
1780 3540 1859 3582 quid
1881 3540 1919 3574 de
1943 3541 2013 3583 ipso
2037 3544 2120 3578 mihi

1125 3583 1326 3618 sentiendum
1357 3584 1502 3619 videatur
1525 3608 1534 3625 ‚
1567 3583 1669 3627 deque
1714 3581 1785 3616 aliis
1829 3582 1983 3626 ejusmodi
2027 3588 2120 3622 rebus

1642 3626 1728 3661 rii
1996 3641 2078 3672 quo.

73 3738 2112 3759 *rw—*mmm

140 3808 155 3837 ί
169 3818 179 3833 r
194 3809 207 3838 3
224 3808 297 3838 Epist.
315 3816 351 3838 39.
368 3816 390 3833 n.
409 3816 444 3838 33.
506 3807 576 3837 (s)
591 3815 616 3832 n.
637 3814 671 3837 19.
