2498 4075
333 139 520 279 η’[ρῐῃῗηᾱὶΓ
530 196 707 239 laboraret,
728 195 914 242 ereptusque
946 196 1106 239 repentina
1133 195 1338 243 suffocatione

337 247 476 282 creditus
512 254 559 280 it,
864 272 866 274 .

384 299 432 331 19.
457 289 528 322 Nec
552 295 626 319 vero
648 283 702 320 abs
724 292 756 320 te
779 281 835 319 hic
858 282 1055 325 interpellari
1078 292 1130 317 me
1152 281 1234 326 posse
1246 307 1259 324 ‚
1282 294 1340 326 pu-

333 341 373 366 to
394 331 528 376 objectis
554 327 674 362 duabus
697 338 736 363 ex
778 325 838 360 hac
869 325 1069 370 Sepulchreti
1112 327 1257 360 Seetione
1278 327 1339 363 XI.

337 371 628 412 observationibus
671 370 796 404 XXVI.
842 372 875 403 δέ
919 370 1012 402 LVI.
1056 370 1092 402 in
1136 370 1254 411 quibus
1289 370 1338 403 su-

338 417 407 453 bita
454 428 540 454 mors
596 415 792 458 proponitur
836 423 875 446 ex
919 411 1010 447 osseis
1067 411 1162 446 saetis
1205 413 1340 447 Semilu-

333 461 460 499 naribus
503 459 637 493 valvulis
659 480 669 496 ‚
714 465 770 496 aut
813 456 1004 491 Mitralibus
1026 481 1035 490 .
1080 456 1170 489 Nam
1215 457 1340 498 insupe-

334 504 435 540 rabile
479 502 678 537 obstaculum
723 499 892 543 quodlibet
915 521 925 536 ‚
970 510 1034 533 non
1065 498 1166 535 modo
1188 500 1308 536 osseum
1331 524 1340 539 ‚

333 547 390 582 ‚ubi
434 546 593 589 sanguinis
631 557 647 577 e
691 542 815 579 sinistro
858 541 966 576 cordis
1011 543 1193 576 ventriculo
1224 542 1340 585 egres·

335 591 404 625 sum
430 613 440 631 ,
481 599 536 627 aut
579 590 613 622 in
657 586 743 621 hunc
765 585 935 629 ingressum
953 585 1124 628 praecludat
1148 609 1158 624 ‚
1203 597 1262 629 ‘nec
1283 586 1342 620 clu-

331 633 425 671 bium
467 634 510 671 est
555 633 634 675 quin
679 639 814 666 mortem
860 627 969 662 afferat
993 653 1002 670 ,
1046 639 1147 671 neque
1185 629 1230 662 ad
1261 628 1341 663 hanc

334 678 452 714 attinet
484 675 735 718 disputationem
758 698 766 705 .
799 674 866 706 Hic
897 673 983 706 enim
1008 670 1054 705 de
1087 670 1149 705 osse
1177 672 1343 717 ³quaereba-

334 731 404 757 mus
438 721 472 752 in
496 718 565 762 ipso
587 717 705 756 corde,
727 727 794 750 non
818 717 1026 756 arteriarum,
1061 717 1343 750 autwvalvularum

335 763 506 800 substantia
529 763 664 796 innato:
688 770 871 803 quanquam
894 759 958 792 hoc
981 769 1113 802 quoque
1147 770 1162 792 a
1195 759 1338 802 Majori-

334 808 391 845 bus
411 817 447 840 os
469 804 576 838 cordis
597 804 819 837 vocitabatur.
845 801 903 835 Sed
928 801 967 836 ad
989 803 1104 839 Aortae
1129 801 1269 837 radicem
1303 805 1338 836 in

333 850 449 888 vetulis
472 848 663 882 animalibus
689 847 845 886 attinere,
867 845 936 888 post
958 844 1134 881 restitutam
1157 846 1339 880 An-atomen

334 894 409 928 bene
435 892 578 936 plerique
601 890 813 932 judicarunt,
837 888 1029 932 quibuscum
1063 886 1144 921 fecit
1172 889 1338 924 ¹Riolanus

332 936 388 979 (s
405 941 443 977 ),
466 934 548 978 apud
571 945 664 978 quem
689 935 778 967 locos
800 933 940 971 Caleni,
964 942 1057 975 atque
1081 931 1167 967 adeo¹
1183 932 1338 969 Aristote-

331 981 392 1018 lis,
416 980 618 1021 aliorumque
640 975 799 1011 indicatos
824 975 948 1012 videbis
969 1001 978 1008 .
1014 976 1130 1019 Neque
1162 985 1270 1010 tamen
1304 979 1337 1010 in

334 1024 460 1066 magnis
484 1021 634 1058 omnibus
666 1020 858 1057 animalibus
891 1019 1084 1066 agnoscebat
1120 1020 1308 1054 Aristoteles
1332 1044 1345 1060 ,

333 1067 480 1104 laudatus
503 1066 541 1099 ab
564 1064 714 1108 Ingraffia
735 1069 746 1104 (
770 1072 786 1098 t
809 1067 819 1103 J
842 1064 933 1107 quod
956 1074 1021 1096 non
1045 1065 1077 1096 in
1100 1064 1224 1096 cunetis
1246 1064 1346 1098 boum

332 1109 501 1154 generibus
519 1134 528 1149 ‚
551 1108 603 1143 sed
626 1109 659 1141 in
671 1109 802 1150 quodam
813 1108 941 1152 reperiri
960 1129 969 1144 ‚
992 1105 1171 1150 scripserit:
1196 1106 1225 1139 se
1236 1109 1320 1140 enim
1335 1132 1343 1147 ,

331 1154 471 1198 plurima
494 1152 683 1195 diversorum
705 1150 796 1188 boum
807 1174 819 1192 ‚
841 1150 1046 1193 quantumvis
1067 1157 1209 1183 veterum
1231 1171 1239 1184 ‚
1276 1162 1346 1184 cor-

334 1199 373 1231 da
399 1207 469 1231 cum
492 1194 698 1239 diffecuzffi‘t,
722 1195 755 1227 in
787 1204 845 1228 uno
881 1194 1049 1231 dumtaxat
1079 1191 1345 1236 exqutfitiffimum

333 1252 368 1278 os
390 1240 557 1285 invenisse,
580 1237 676 1283 idque
700 1236 736 1271 ad
761 1238 874 1270 Aortae
909 1236 1047 1273 radicem
1082 1236 1240 1278 pertinens
1263 1248 1275 1275 3
1309 1238 1343 1271 in

334 1283 459 1325 caeteris
482 1293 557 1319 vero
580 1279 727 1325 rarzffime
758 1280 868 1325 qffeam
891 1280 939 1314 ibi
974 1280 1038 1317 dici
1066 1276 1149 1323 poffe
1180 1279 1342 1323 cartilagi-

332 1336 428 1367 nem,
449 1325 609 1367 multoque
642 1325 748 1359 minus
768 1327 813 1357 'os
847 1323 1087 1367 cartilagineum
1121 1321 1302 1369 conspexiffe
1330 1349 1336 1357 .

328 1369 509 1413 Eademque
542 1369 575 1401 in
600 1365 787 1405 hominibus
816 1366 982 1403 observare
1015 1364 1176 1401 interdum
1209 1368 1339 1399 contin-

328 1414 399 1457 git.
426 1415 478 1446 Sic
501 1410 658 1454 Harvejus
681 1415 692 1451 (
718 1421 738 1444 u
760 1414 775 1451 )
797 1410 830 1444 in
856 1411 942 1444 Viro
965 1409 1183 1450 nobiliffimo,
1214 1413 1245 1442 δι
1271 1409 1340 1446 for-

330 1457 450 1494 tiffimo
472 1463 596 1498 partem
611 1456 734 1497 *magnae
758 1455 881 1491 arteriae
898 1455 996 1496 juxta
1022 1465 1074 1488 cor
1097 1453 1130 1486 in
1163 1465 1198 1488 os
1230 1461 1340 1488 rotun-

329 1502 405 1536 dum
427 1498 606 1542 conversam
631 1505 787 1534 memorat
803 1521 810 1528 .
835 1497 896 1531 Sed
919 1499 1023 1531 minus
1047 1508 1143 1536 raro,
1165 1495 1339 1539 praesertim

329 1546 364 1578 in
390 1543 592 1582 senioribus,
615 1552 651 1575 os
675 1541 721 1574 ibi
742 1539 950 1584 conspeetum
972 1540 1015 1576 est
1038 1541 1100 1574 alia
1124 1539 1250 1573 forma.
1288 1542 1339 1577 Sic

329 1586 541 1621 Bartholinus
565 1589 580 1626 (
601 1595 623 1619 x
644 1588 658 1625 )
680 1586 713 1617 in
739 1583 864 1617 Pontif.
892 1585 982 1618 Max.
1009 1584 1145 1621 Urbano
1168 1585 1267 1619 VIII.
1300 1595 1335 1618 os

328 1628 521 1673 triangulare
545 1627 719 1662 describit.-
743 1627 832 1669 quod
856 1638 916 1668 ego
941 1627 1005 1663 huc
1028 1629 1190 1667 attinere,
1212 1626 1335 1661 credidi

325 1681 394 1708 non
418 1681 487 1709 tam
510 1672 587 1716 quia
610 1670 645 1708 in
659 1669 782 1714 finistro
804 1671 906 1705 cordis
928 1671 1103 1707 ventriculo
1126 1669 1218 1704 fuisse
1238 1694 1252 1711 ‚
1284 1669 1337 1705 di-

327 1718 400 1757 cit,
429 1717 530 1756 *uam'
550 1712 638 1758 quod
654 1710 806 1757 frequens
828 1713 861 1748 id
883 1713 916 1748 in
933 1712 1062 1757 senibus
1082 1712 1164 1754 esse,
1188 1712 1337 1756 subjicit:

328 1759 452 1798 tameti
476 1758 567 1795 causa
590 1768 686 1801 quam
711 1754 835 1799 profert
857 1779 871 1797 ‚
903 1767 969 1793 non
1002 1756 1106 1799 placet
1130 1778 1141 1794 ,
1176 1755 1244 1790 fieri
1277 1757 1340 1793 hoc

327 1805 454 1852 summa
476 1804 614 1839 Naturae
632 1799 857 1843 providentia,
880 1807 917 1836 ut
939 1800 1081 1843 torpidus
1118 1799 1240 1845 alioqui
1264 1801 1340 1844 san.

329 1849 402 1892 guis
424 1847 515 1883 velut
531 1844 659 1887 stimulo
682 1843 790 1879 addito
813 1843 986 1879 admotum
1006 1842 1179 1879 incitetur.
1203 1843 1341 1878 Utrum-

332 1904 395 1936 que
419 1890 481 1928 hoc
505 1901 541 1924 os
563 1886 833 1921 commemoravit
844 1888 1009 1928 Raygerus
1031 1887 1086 1927 (y
1107 1890 1142 1926 ),
1166 1884 1256 1928 cujus
1268 1898 1338 1920 ver-

327 1937 369 1972 ba
393 1942 507 1972 caetera
531 1930 572 1966 ad
592 1932 726 1967 citatam
747 1930 872 1963 XXVI.
899 1927 1170 1964 Observationem
1202 1929 1225 1963 fi
1261 1928 1339 1963 dili-

354 1979 459 2013 entius
482 1975 611 2013 fuissent
635 1975 668 2008 in
692 1970 904 2015 Sepulchreto
928 1971 1087 2015 descripta
1103 1996 1116 2013 ,
1139 1983 1204 2006 non
1237 1972 1270 2006 id
1304 1975 1339 2007 in

328 1992 451 2057 {omine
474 2019 659 2063 insolitum,
681 2016 734 2053 sed
758 2015 919 2055 insolitum
941 2025 1034 2058 prope
1055 2038 1068 2055 ,
1101 2016 1141 2048 ad
1172 2017 1340 2050 minimum

328 2065 419 2101 valde
442 2062 619 2110 infrequens
641 2061 834 2104 legeremus·
860 2060 985 2093 Verum
1007 2059 1122 2093 Aortae
1146 2059 1279 2093 valvulae
1302 2058 1341 2092 ab

335 2122 373 2143 eo
395 2120 461 2152 quo
483 2107 538 2140 ille
561 2104 742 2144 scribebat,
765 2113 910 2146 tempore
933 2113 997 2137 non
1020 2103 1065 2136 ita
1096 2113 1168 2136 raro
1202 2103 1341 2138 inventae

331 2155 404 2187 sunt
429 2149 517 2185 osseae
533 2173 543 2189 ,
566 2158 749 2191 quanquam
772 2147 829 2180 ubi
853 2144 936 2180 nihil
961 2154 1108 2192 praeterea
1130 2146 1204 2180 vitii
1237 2144 1304 2180 fuit
1329 2170 1340 2187 ‚

329 2200 431 2230 rarius
453 2192 648 2230 tamrsubita
673 2202 758 2224 mors
783 2189 849 2222 illis
883 2190 993 2232 potuit
1037 2200 1105 2231 Jure
1149 2189 1305 2232 imputari
1329 2214 1338 2223 .

329 2240 402 2275 Nili
428 2249 512 2274 enim
539 2236 683 2279 sanguini
702 2234 830 2267 demum
854 2232 1048 2275 praecludant
1071 2233 1177 2270 viam,
1203 2242 1238 2266 ut
1261 2243 1340 2276 pau-

330 2286 364 2318 lo
388 2292 458 2316 ante
481 2280 685 2316 dicebamus;
712 2286 848 2313 mortem
871 2274 1028 2322 ejusmodi
1051 2286 1115 2311 non
1141 2276 1293 2311 afferunt.-
1308 2279 1341 2309 &

331 2328 400 2363 sane
424 2335 476 2362 tot
500 2324 653 2361 offearum
678 2321 876 2357 valvularum
898 2319 1066 2362 exempla,
1088 2330 1227 2362 quorum
1250 2321 1341 2361 plura

333 2372 410 2406 alias
432 2373 446 2412 (
469 2381 496 2412 z
517 2372 531 2411 >
554 2367 615 2400 tibi
638 2365 984 2403 commemoravimus,
1007 2373 1079 2395 cum
1101 2373 1135 2395 ea
1160 2374 1230 2395 raro
1252 2362 1339 2398 fuere

330 2413 502 2456 conjuncta
520 2434 529 2449 ‚
553 2413 585 2445 &
611 2406 794 2452 priusquam
816 2405 925 2440 forent
943 2430 952 2445 ,
974 2404 1040 2448 jam
1062 2404 1121 2438 alia
1135 2416 1199 2438 non
1210 2405 1338 2440 deerant

333 2458 415 2493 mala
434 2479 446 2496 ,
468 2466 540 2500 quae
564 2462 617 2488 aut
641 2450 733 2484 simul
756 2449 900 2491 efficere,
924 2458 978 2483 aut
1003 2449 1217 2490 praenunciare
1250 2449 1338 2486 illam

332 2499 477 2547 possent:
502 2506 642 2544 quorum
667 2494 823 2532 alterum3
846 2501 882 2527 ut
904 2503 944 2525 ex
964 2492 1176 2537 Commercio
1195 2492 1340 2526 Littera-

335 2547 388 2580 rio
411 2544 453 2578 A.
482 2543 574 2585 1736.
600 2538 742 2580 exempla
765 2536 821 2570 hic
843 2533 1017 2572 addamus;
1042 2536 1076 2567 in
1100 2534 1338 2570 Oblervatione

333 2588 422 2623 vides
443 2585 496 2619 Cl.
524 2583 650 2618 Trewii
673 2584 767 2621 (a),
789 2590 864 2613 cum
888 2587 1001 2621 praeter
1025 2577 1168 2620 rigidas,
1191 2579 1339 2612 &omni-

337 2642 381 2666 no
402 2630 496 2665 duras
517 2625 680 2663 valvulas,
702 2626 817 2658 Aortae
839 2621 1002 2656 orificium
1025 2629 1149 2655 tantum
1171 2633 1230 2655 non
1248 2622 1340 2664 peni-

337 2683 390 2710 tus
413 2671 627 2708 occludentes,
651 2667 790 2711 ejusdem
814 2666 937 2700 arteriae
959 2673 1050 2698 totus
1073 2663 1212 2698 ambitus
1242 2676 1337 2707 prope

333 2716 528 2762 principium
543 2712 637 2758 suum
659 2712 755 2747 durus
778 2707 874 2748 esset,
897 2716 990 2751 atque
1012 2706 1193 2750 inflexibilis
1216 2720 1227 2747 3
1260 2709 1338 2741 altc-

337 2771 408 2795 rum
433 2768 541 2794 autem
563 2757 599 2791 in
623 2754 859 2789 observatione
880 2752 933 2786 Cl.
961 2752 1111 2793 Krameri
1134 2754 1148 2792 (
1169 2750 1188 2784 b
1212 2753 1251 2791 )‚
1281 2752 1337 2794 qui

335 2803 535 2840 subitaneam
556 2808 695 2835 mortem
719 2796 839 2831 asthma
862 2792 1040 2840 praeceffiffe
1072 2806 1111 2827 ex
1142 2794 1339 2841 valvularum

337 2846 533 2891 offificatione
553 2866 564 2882 ‚
610 2840 837 2878 animadvertit
862 2865 869 2872 .
920 2838 1019 2873 Reete
1062 2838 1164 2882 igitur
1209 2839 1242 2871 in
1287 2839 1342 2871 suo

336 2891 409 2924 casu
454 2886 615 2922 dubitavit
658 2886 824 2927 Raygerus
843 2906 857 2925 ,
902 2893 940 2916 an
985 2880 1075 2915 orseae
1107 2881 1171 2914 illae
1209 2881 1341 2920 valvulae

341 2941 409 2967 tam
454 2931 620 2976 repentine
665 2930 780 2962 mortis
825 2925 920 2971 causae
951 2922 1080 2971 fuerint
1112 2948 1122 2965 ,
1166 2936 1236 2959 cum
1281 2926 1344 2959 cir-

338 2975 527 3010 culationem
565 2971 729 3017 sanguinis
773 2967 963 3014 impedivzflo
986 2991 995 3007 ,
1029 2966 1088 3011 ipfi
1112 2967 1256 3004 credibile
1280 2979 1343 3003 non

339 3018 500 3053 videretur
521 3040 535 3058 ,
577 3025 635 3048 nec
680 3012 764 3047 mihi
808 3014 954 3047 videatur
977 3033 987 3049 ‚
1021 3011 1145 3046 nullum
1168 3034 1177 3049 ‚
1209 3013 1260 3047 cui
1285 3011 1344 3044 ho-

340 3073 396 3097 mo
439 3070 529 3096 antea
572 3058 733 3092 obnoxius
756 3055 829 3090 esset
853 3080 866 3098 ,
888 3055 1035 3090 morbum
1060 3056 1180 3097 legenti
1207 3080 1215 3088 .
1241 3054 1341 3098 Qod

339 3105 362 3141 fi
408 3106 440 3139 in
484 3111 551 3139 toto
594 3112 717 3144 corpore
762 3098 843 3134 nihil
885 3109 1033 3142 praeterea
1076 3097 1249 3141 morbosum
1293 3110 1340 3131 re-

341 3157 468 3192 pertum
511 3146 553 3182 est
584 3169 597 3186 ‚
650 3143 737 3188 quod
781 3153 856 3176 cum
900 3141 973 3185 ipsis
1029 3141 1162 3175 valvulis
1205 3141 1342 3185 conjun-

343 3193 432 3228 &um
454 3216 467 3233 ,
490 3188 681 3234 praecludere
707 3187 854 3231 sanguini
878 3187 1022 3226 exitum,
1049 3194 1102 3219 aut
1126 3186 1217 3218 aliter
1237 3186 1342 3220 obsta-

344 3247 376 3270 re
399 3238 465 3279 ejus
489 3233 599 3268 motui
623 3230 759 3275 poffet5
807 3241 845 3264 ne
878 3229 984 3264 dicam
1030 3240 1094 3261 non
1139 3228 1212 3263 satis
1256 3240 1342 3271 quae-

348 3279 478 3319 situm3
522 3278 557 3311 in
602 3277 706 3309 nervis
750 3274 788 3308 id
834 3273 956 3307 latuisse
980 3298 1007 3320 ,-
1030 3272 1182 3306 libentius
1206 3272 1341 3310 dixero,

343 3324 392 3356 vel
439 3322 548 3366 potius
592 3320 626 3352 in
670 3329 737 3353 tam
780 3320 944 3351 concitato
991 3317 1151 3363 langui-nis
1181 3326 1273 3351 motu
1298 3318 1342 3349 el-

345 3366 373 3399 se
419 3363 652 3411 agnoscendum
674 3385 692 3404 ‚.
729 3364 782 3397 cui
805 3385 819 3402 ‚
862 3364 893 3397 &
939 3362 1041 3403 copiae
1084 3360 1175 3394 simul
1221 3362 1342 3402 impen-

404 3583 414 3645 ξ
429 3584 472 3614 s)
487 3586 627 3609 Comment.
646 3581 670 3616 in
688 3583 704 3606 1.
721 3581 808 3607 Galeni
825 3581 855 3608 de
870 3579 945 3605 Offib.
962 3582 1021 3608 post.
1037 3588 1059 3606 c.
1076 3588 1115 3611 32.

430 3623 445 3638 11·
459 3616 473 3643 )
488 3616 562 3638 Cent.
579 3623 602 3638 a.
619 3613 679 3637 Hist.
696 3614 767 3638 Anat.
784 3621 822 3643 45.
884 3610 925 3640 (Ι
942 3615 952 3638 )
968 3613 1032 3646 Epir.-
1046 3614 1078 3636 N.
1094 3614 1123 3636 C.
1139 3613 1197 3636 Dec.
1214 3619 1232 3636 1.
1251 3615 1280 3638 Α.
1299 3623 1320 3643 3·
1338 3616 1394 3639 Obs.
1411 3615 1464 3638 ²82.

406 3645 421 3673 (
435 3644 449 3668 ⁶
464 3645 477 3672 ³
495 3644 711 3699 Εἱῗάὶιὲϊῧλέἀ.
729 3645 823 3698 ufic?
834 3642 1219 3702 32¹·K.¹l'70⁵‚1‘‹¹>¹·=‚ss⁰{'32{f¹;¹.·
1237 3647 1270 3669 ¹⁸·
1332 3647 1345 3674 (
1361 3647 1376 3669 ‘¹
1392 3646 1405 3674 ³
1421 3652 1443 3668 ¹²·
1463 3654 1497 3676 ¹⁷·

405 3676 472 3736 5⁶32)
483 3692 573 3733 opusc.
591 3704 686 3728 Pathols.
703 3704 759 3729 obs.
779 3706 817 3729 18.
867 3691 893 3731 ⁸(
908 3699 924 3727 k
940 3703 954 3731 )
970 3705 998 3729 de
1014 3703 1094 3729 Vasor.
1112 3711 1175 3733 corp.
1193 3704 1261 3732 hum.
1278 3705 1377 3731 Lithiafi
1394 3709 1417 3731 S.
1435 3715 1455 3732 1⁴
1477 3707 1499 3738 §.
1517 3716 1541 3737 7.

1174 3581 1188 3610 (
1203 3587 1215 3605 ¹
1230 3576 1248 3610 )*
1260 3585 1399 3609 Comment.
1417 3581 1443 3607 in
1458 3582 1475 3608 1.
1491 3582 1565 3613 ejusd,
1583 3589 1603 3606 c.
1621 3590 1658 3612 24-
1675 3587 1704 3611 ad
1719 3587 1781 3612 (εκεῖ
1799 3596 1823 3618 3·

917 117 1072 173 Liber
1105 116 1167 169 11.
1200 115 1284 168 De
1320 114 1526 169 Morbis
1558 113 1813 168 Thoracis
1844 120 1846 122 ’
1898 157 1901 160 ,
1952 136 1954 139 ·

1387 193 1453 229 sius,
1495 194 1595 229 auetae
1639 193 1823 238 respondere
1867 203 1932 230 non
1977 197 2151 239 potuerint
2169 195 2323 231 »valvulae
2346 192 2405 228 sic.

1391 235 1511 271 affeetae
1536 248 1547 275 5
1591 235 1614 270 fi
1653 236 1722 271 haec
1765 238 1896 281 quidem
1918 263 1931 279 ,
1976 248 2014 272 ut
2059 251 2120 283 ego
2161 239 2304 283 suspicor
2325 261 2338 278 ‚
2360 240 2395 272 &

1391 290 1428 314 tu
1472 278 1637 313 conferens
1683 281 1862 324 intelligere
1906 282 2019 316 melius
2064 285 2184 326 poteris
2221 304 2231 319 ³
2286 281 2397 315 eadem

1390 322 1521 360 historia
1566 321 1608 356 est
1652 334 1687 356 ac
1731 335 1812 366 quae=
1844 337 1883 359 ex
1927 326 2097 368 Gayantio
2131 324 2289 359 [ἔοι-,11111111
2313 323 2399 358 Chi-

1390 378 1489 409 rurgo
1521 379 1537 400 a
1582 366 1658 400 Cel.
1704 367 1839 401 Senacio
1881 371 1895 408 (
1917 380 1934 402 c
1955 374 1970 409 )
2013 377 2210 404 memoratur
2235 394 2243 403 .
2278 368 2397 410 Neque

1391 412 1476 443 enim
1495 409 1597 446 homo
1617 408 1731 445 bonum
1754 409 1922 445 dumtaxat
1939 412 2136 454 jentaculum
2157 435 2170 453 ,
2202 411 2253 446 sed
2277 414 2312 444 &
2346 410 2399 442 vi-

1392 455 1425 487 ni
1448 455 1620 488 immanem
1640 452 1707 485 vim
1729 449 1900 496 sumpserat
1923 454 2106 498 prinsquam
2127 464 2255 497 repente
2285 453 2398 487 interi-

1391 505 1458 531 ret.
1484 498 1536 530 Sic
1558 507 1634 531 vero
1655 504 1750 533 tanto
1772 499 1873 539 magis
1895 497 2006 539 vides,
2040 499 2079 533 ad
2116 498 2254 533 nostram
2285 495 2398 539 dispu-

1389 541 1547 574 tationem
1594 536 1690 575 osseas
1733 538 1806 575 istas
1849 542 1986 575 valvulas
2011 552 2075 576 non
2121 542 2302 584 pertinere,
2322 548 2395 575 tum

1392 585 1467 626 quia
1513 594 1577 617 non
1621 584 1662 616 ab
1705 582 1773 617 illis
1814 592 1941 620 tantum
1967 600 1969 605 ’
1988 583 2052 618 fuit
2106 586 2289 628 repentinus
2344 583 2397 616 in-

1392 628 1509 661 teritus
1532 650 1543 667 ,
1587 635 1658 660 tum
1701 627 1775 669 quia
1820 627 1886 662 illae
1908 653 1918 669 ,
1961 638 1997 663 ut
2041 637 2113 662 ante
2154 627 2280 663 dietum
2324 624 2394 666 est,

1392 682 1456 705 non
1502 671 1540 704 ad
1573 669 1689 706 -cordis
1721 693 1735 713 ‚
1791 669 1844 706 sed
1888 672 1926 706 ad
1969 673 2156 707 arteriarum
2198 669 2262 706 offa
2316 669 2399 709 atti-⁴

1392 723 1486 748 nent·
1722 746 1724 748 ,
1852 737 1857 748 J
1887 734 1909 747 '¹
2380 736 2383 739 ⁴

1436 768 1487 792 20,
1513 759 1660 799 Qarum
1692 755 1730 790 de
1760 756 1874 803 ollibus
1897 779 1908 795 ,
1941 759 2021 801 saepe
2050 757 2129 792 adeo
2154 783 2164 799 ‚
2196 759 2229 792 δε
2262 757 2328 791 fere
2361 755 2397 789 in

1389 802 1566 843 quavis‘ad
1590 809 1622 833 te
1645 800 1792 844 Epistola
1815 804 2095 843 commemoratis,
2128 812 2210 837 nunc
2251 799 2395 843 sequitur

1389 854 1425 880 ut
1448 845 1610 884 videamus
1632 850 1741 878 verane
1762 843 1823 878 sint
1845 844 1931 885 ossa,
1955 857 1992 879 an
2012 846 2165 883 nonsint,
2188 843 2399 888 quemadmo-

1388 889 1468 922 dum
1491 888 1677 931 now-paulo
1701 888 1864 930 antesd)
1892 888 2019 930 solum,
2040 899 2149 925 verum
2173 891 2270 922 etiam
2291 886 2397 924 alias,

1389 944 1447 967 nos
1469 931 1612 967 faeturos
1634 928 1715 973 effe,
1740 931 1991 975 spopondimus.
2124 933 2266 966 Primum
2288 929 2400 963 omni·-

1394 986 1474 1016 u'm,
1488 976 1714 1011 *concretiones
1738 975 1863 1017 plures,
1887 987 1957 1018 quae
1968 999 1981 1017 ,
2004 975 2123 1009 duritie
2147 976 2249 1008 solum
2275 973 2397 1016 specsta-

1394 1029 1452 1060 ta,
1474 1031 1490 1052 a
1514 1019 1681 1053 festinante
1706 1018 1817 1062 aliquo
1835 1020 2041 1054 -Anatomico
2075 1018 2197 1062 possent
2231 1028 2293 1061 pro
2324 1015 2398 1049 offi-

1395 1062 1454 1097 bus
1477 1064 1581 1106 accipi
1603 1086 1617 1103 ,
1649 1065 1681 1096 &
1705 1060 1835 1096 fortasse
1859 1063 2019 1098 interdum
2044 1063 2178 1104 accepta:
2201 1059 2273 1094 suut
2294 1082 2307 1100 ,
2337 1057 2397 1093 effe

1396 1105 1436 1139 ab
1457 1104 1510 1140 his
1531 1114 1674 1140 accurate
1696 1103 1931 1148 distinguendas
1945 1129 1954 1145 ,
1977 1105 2178 1149 &lapideas,
2203 1102 2399 1147 tophaceas,

1395 1148 1526 1191 gypseas
1540 1175 1548 1188 ‚
1574 1153 1635 1190 ἃ,
1652 1148 1740 1191 quod
1764 1148 1876 1192 saepius
1899 1150 2016 1183 accidit
2031 1172 2040 1188 ,
2057 1147 2233 1187 lealculosas
2254 1146 2311 1180 esse
2341 1157 2399 1191 ap·-

1395 1192 1577 1238 pffllandas,
1598 1202 1635 1227 ut
1657 1193 1743 1225 varia
1767 1192 1959 1235 lingularum
1982 1203 2094 1228 natura
2116 1193 2156 1226 ad
2177 1190 2313 1234 lapidis,
2346 1196 2399 1223 to-

1394 1234 1475 1280 phi,
1497 1236 1615 1281 gypfi,
1639 1238 1671 1275 ὃς
1694 1236 1890 1270 calculorum
1905 1238 1969 1279 vqui
2002 1237 2142 1270 crebrius
2175 1236 2209 1268 in
2235 1232 2366 1267 'renibus
2387 1253 2399 1269 ι

1393 1289 1447 1313 aut
1472 1281 1613 1315 urinaria
1634 1278 1733 1313 vesica
1756 1279 1980 1321 concrescunt,
2003 1278 2250 1315 similitudinem
2272 1275 2400 1309 videtur

1393 1322 1534 1357 accedere
1558 1347 1572 1365 ,
1603 1331 1692 1356 extra
1713 1333 1844 1357 omnem
1876 1323 2115 1360 dubitationem
2171 1319 2288 1355 ofitum
2320 1318 2364 1352 est
2385 1341 2395 1351 .

1393 1367 1431 1401 Id
1455 1368 1531 1400 vero
1554 1376 1589 1400 ut
1614 1367 1720 1409 paffim
1745 1368 1873 1400 inanis
1894 1369 2042 1411 corporis
2064 1367 2147 1411 parti
2173 1376 2207 1398 us
2233 1388 2241 1403 ,
2269 1365 2317 1397 ⁷&
2339 1372 2401 1396 no*-

1392 1411 1542 1444 minatim
1564 1412 1599 1443 in
1625 1410 1743 1443 Pineali
1766 1410 1915 1453 glandula
1940 1415 1950 1450 (
1975 1422 1991 1444 e
2012 1415 2050 1452 ),
2073 1409 2115 1444 {ic
2138 1409 2235 1451 etiam
2257 1407 2292 1440 in
2315 1415 2401 1440 arte·-

1390 1455 1447 1487 riis
1470 1454 1585 1487 habere
1606 1454 1738 1494 locum,
1760 1454 1852 1489 ultro
1874 1451 2144 1497 agnoviEpistola
2165 1452 2298 1499 XXIII..
2316 1447 2377 1494 (f)
2385 1460 2401 1491 ·‚

1390 1497 1455 1533 ubi·
1491 1497 1685 1533 luculentam
1719 1509 1783 1540 prae
1805 1499 1928 1532 cvaeteris
1950 1498 2102 1532 Greiselii
2118 1495 2400 1530 -Oblervationem

1392 1544 1566 1576 memoravi
1591 1541 1716 1575 arteriae
1742 1543 1842 1583 partis
1864 1543 1897 1575 in
1920 1550 2046 1577 arenam
2063 1538 2211 1586 friabilis
2225 1539 2291 1571 .Et
2313 1547 2400 1580 quo-

1389 1587 1476 1619 niam
1497 1584 1546 1621 ibi
1569 1583 1607 1618 de
1629 1584 1764 1618 valvulis
1787 1583 2223 1628 potiffimumloquebamur3
2247 1591 2328 1616 nuuc
2340 1579 2400 1614 ob-

1391 1630 1602 1664 servationem
1629 1626 1712 1661 addo
1734 1628 1981 1666 c1.=ch0melii
2003 1631 2017 1667 (
2035 1628 2092 1671 g)
2114 1627 2171 1669 qui
2195 1636 2268 1659 cum
2291 1623 2400 1657 tuber-

1389 1672 1461 1706 cula
1483 1669 1635 1705 describit
1659 1670 1871 1712 lapideassic
1895 1672 2049 1711 interius,
2072 1668 2270 1713 exteriusque
2293 1667 2400 1711 super-

1391 1715 1473 1749 ficiei
1499 1713 1592 1748 affixa
1616 1714 1739 1747 arteriae
1764 1710 1989 1756 R'iilmonar‘iS,
2012 1722 2048 1748 ut
2079 1713 2198 1746 alicubi
2233 1719 2361 1746 externa
2384 1731 2400 1751 ,

1391 1760 1581 1799 internaque
1599 1757 1879 1791 communicarent
1901 1759 1984 1790 inter
2006 1756 2058 1795 se3
2080 1757 2188 1789 omnia
2212 1754 2352 1788 testatur
2374 1776 2407 1800 ,.-

1391 1824 1418 1842 „
1441 1813 1480 1834 ex
1505 1799 1650 1843 pluribus
1674 1799 1810 1843 lapideis
1832 1802 1938 1844 'gran-is
1951 1822 1974 1841 ,‚
1999 1798 2092 1833 fuisse
2122 1798 2287 1842 compacta
2310 1823 2318 1832 .
2353 1797 2400 1830 Et

1392 1855 1576 1888 quanquam
1600 1842 1683 1878 mihi
1706 1845 1741 1877 in
1764 1853 1817 1877 tot
1832 1845 2029 1878 varteriarum
2052 1842 2140 1878 duris
2159 1841 2297 1875 braeteis
2320 1862 2334 1880 ‚
2367 1842 2402 1873 δε

1390 1888 1530 1932 squamis,
1577 1897 1741 1930 nunquam
1775 1886 1899 1923 adhoc
1923 1897 2046 1929 tempus
2069 1884 2208 1925 accidit,
2232 1893 2269 1919 ut
2301 1883 2401 1917 ullam

1391 1930 1675 1965 animadverterem
1698 1941 1769 1973 quae
1793 1929 1867 1964 esset
1885 1930 2056 1970 friabilis,
2080 1931 2115 1963 in
2137 1937 2321 1972 arenamque
2353 1937 2402 1960 re-

1390 1974 1470 2010 solvi
1495 1972 1619 2017 posset,
1642 1983 1696 2008 aut
1720 1984 1791 2016 quae
1813 1985 1852 2007 ex
1874 1973 2009 2017 lapideis
2031 1974 2137 2017 granis
2162 1971 2330 2014 compafflt
2352 1969 2401 2004 es-

1392 2017 1421 2051 se
1445 2018 1628 2057 videretu1-;
1650 2026 1789 2049 attamen
1812 2017 1898 2059 quod
1923 2017 2006 2052 mihi
2028 2022 2092 2050 n'on
2118 2015 2258 2052 accidit3
2282 2015 2318 2046 id
2341 2014 2401 2046 ali·

1391 2061 1544 2102 quando,
1569 2068 1645 2096 aut,
1667 2059 1688 2091 fi
1713 2060 1787 2100 vis,
1810 2061 1888 2103 saepe
1912 2062 1982 2095 aliis
2006 2059 2174 2096 accidisse,
2198 2067 2401 2101 nequaquam

1392 2104 1529 2138 dubito.
1553 2103 1626 2136 Nec
1650 2100 1787 2140 dubito,
1809 2103 2048 2145 eosdem,suis
2071 2102 2199 2146 injetitis
2224 2103 2257 2135 in
2283 2110 2399 2143 prunas

1391 2148 1527 2181 lamellis
1541 2170 1554 2186 ,
1577 2145 1701 2180 nullum
1724 2145 1764 2178 ab
1786 2144 1837 2179 his
1855 2173 1864 2185 ‚
1888 2148 2013 2191 qualem
2036 2147 2077 2180 ab
2098 2146 2211 2180 offibus
2243 2143 2400 2178 foetidum

1391 2190 1539 2224 nidorem
1561 2186 1752 2231 percepisse,
1775 2190 1959 2233 nullamque
1982 2192 2015 2223 in·
2047 2188 2123 2232 ipfis
2154 2188 2263 2222 vidisse
2295 2188 2401 2230 nigre-

1391 2233 1517 2267 dinem.
1543 2232 1631 2267 Mihi
1656 2244 1750 2270 vero,
1771 2234 1829 2275 qui
1852 2233 1893 2268 id2
1912 2236 1946 2267 in
1971 2234 2048 2266 meis
2072 2243 2136 2265 non
2160 2232 2252 2266 semel
2287 2242 2401 2272 exper-

1392 2287 1467 2318 tus,
1488 2280 1521 2310 &
1545 2276 1641 2310 illum
1666 2278 1814 2318 percepi,
1838 2280 1870 2310 &
1894 2275 1974 2311 hanc
2006 2276 2074 2310 vidi
2097 2298 2109 2315 ,
2141 2277 2265 2309 veniam
2298 2274 2400 2316 dari,

1392 2322 1483 2362 spero
1508 2331 1524 2351 a
1547 2320 1600 2353 (ΣΙ.
1627 2320 1718 2354 Viris
1733 2341 1742 2357 ,
1766 2319 1789 2352 fi
1812 2320 1850 2352 de
1874 2322 1953 2355 meis
1977 2320 2070 2354 aliter
2093 2319 2224 2353 sentiam
2239 2341 2248 2357 ‚
2273 2318 2400 2360 praeser-

1392 2366 1453 2396 tim
1475 2374 1549 2398 cum
1572 2374 1644 2406 quae
1667 2364 1838 2397 etiamtum
1864 2364 1959 2397 essent
1985 2365 2168 2402 tenuiores,
2192 2363 2400 2396 flexilesfnon

1391 2407 1476 2440 secus
1498 2415 1591 2448 atque
1615 2417 1732 2449 ungues
1756 2408 1950 2447 invenerim,-
1975 2406 2130 2440 craffiores
2155 2416 2282 2449 autem,
2306 2415 2400 2447 atque

1390 2449 1534 2483 duriores
1557 2449 1634 2482 dum
1658 2449 1772 2492 majori
1796 2452 1829 2483 vi
1852 2451 2014 2484 inflectere
2036 2460 2192 2490 conarer,
2215 2449 2253 2483 ad
2264 2449 2399 2482 eundem

1390 2491 1526 2527 modum
1549 2494 1655 2535 rumpi
1678 2494 1813 2528 viderim
1832 2517 1844 2534 ,
1878 2505 1911 2526 ac
1934 2493 1956 2526 fi
1981 2492 2096 2529 osseam
2119 2493 2279 2526 lamellam
2310 2502 2401 2525 rum-

1391 2547 1519 2579 perem,
1542 2536 1715 2578 eodemque
1739 2536 1817 2572 sono
1840 2537 1873 2569 in
1897 2536 2097 2579 disruptione
2120 2536 2210 2572 edito
2232 2557 2242 2574 ,
2275 2546 2399 2578 quem,

1392 2580 1468 2613 dum
1494 2581 1676 2621 rumpitur,
1699 2578 1766 2613 e'dit
1790 2579 1915 2614 lamella
1939 2581 2020 2613 ossea
2039 2591 2053 2619 ;
2083 2580 2206 2613 nullam
2237 2589 2344 2613 autem
2377 2591 2394 2612 e

1389 2634 1451 2666 qua
1474 2624 1557 2657 inter
1584 2622 1818 2665 rumpendum,
1842 2623 2018 2666 quidquam
2041 2623 2197 2665 pulveris,
2221 2632 2398 2667 quantum-

1389 2668 1436 2699 vis
1465 2665 1632 2708 perliccata
1655 2664 1753 2704 esset,
1776 2666 1953 2701 excideret.
1980 2666 2180 2709 Hujusmodi
2213 2668 2315 2708 igitur
2350 2667 2398 2700 la-

1390 2710 1500 2744 mellas
1523 2721 1599 2745 num
1624 2710 1784 2753 lapideas,
1810 2709 2002 2753 tophaceas,
2026 2711 2157 2754 gypseas
2182 2733 2191 2749 ,
2223 2710 2397 2744 calculosas

1390 2753 1519 2792 dicam,
1545 2766 1583 2786 an
1606 2754 1701 2801 osseas
1717 2753 1730 2787 ?
1744 2755 1861 2791 Dicas,
1885 2755 2007 2796 inquies
2019 2778 2031 2795 ,
2054 2757 2163 2798 potius
2185 2753 2298 2787 ollibus
2311 2753 2399 2788 fimi-

1392 2798 1456 2831 les.
1483 2799 1534 2830 Sic
1558 2799 1717 2838 VernOJus
1741 2802 1755 2838 (
1775 2797 1829 2840 h)
1853 2799 1891 2832 in
1919 2799 2032 2831 Aortae
2069 2797 2287 2839 aneurysmate
2321 2808 2399 2831 con-

1391 2850 1508 2874 cretam
1533 2840 1760 2882 substantiam,
1782 2840 1870 2884 quod
1892 2852 1956 2874 non
1979 2852 2067 2885 aeque
2090 2853 2124 2874 ac
2134 2841 2273 2874 calculus
2288 2866 2296 2881 ‚
2323 2840 2397 2874 ess'et

1393 2884 1530 2918 friabilis
1546 2908 1558 2924 ,
1582 2884 1632 2917 sed
1657 2885 1817 2926 flexilior,
1840 2885 1951 2927 &igni
1974 2883 2144 2927 imposita,
2169 2884 2302 2918 odorem
2324 2884 2397 2918 offi-

1393 2928 1451 2961 bus
1476 2929 1642 2973 proprium
1667 2929 1827 2962 exhalaret
1842 2951 1854 2968 ,
1870 2927 2046 2971 substantia:
2069 2930 2148 2973 offeae
2166 2928 2398 2969 propenfiorem

1394 2969 1470 3010 esse,
1494 2973 1615 3005 censuit
1630 2997 1637 3004 .
1664 2973 1716 3005 Sic
1739 2973 1809 3006 Cel.
1834 2972 1983 3006 Hallerus
2007 2976 2020 3012 (
2043 2972 2056 3004 i
2078 2978 2091 3012 )
2112 2975 2144 3005 in
2169 2972 2234 3004 alio
2257 2970 2397 3014 ejusdem

1394 3015 1516 3047 arteriae
1527 3014 1744 3057 anenrysmate
1754 3014 1892 3058 squamas
1906 3014 1995 3048 fuill‘e
2010 3040 2021 3056 ‚
2044 3013 2168 3058 scripsit
2184 3038 2194 3053 ‚
2219 3015 2312 3059 oſjeas
2328 3015 2398 3058 ple-

1392 3057 1524 3100 rusque,
1545 3058 1597 3092 vel
1618 3058 1720 3101 offium
1735 3058 1875 3101 fimiles.
1900 3061 1972 3101 Ego
1994 3070 2068 3094 vero
2090 3070 2152 3092 non
2175 3069 2335 3101 quaeram,
2358 3070 2397 3092 an

1393 3102 1437 3134 ita
1461 3101 1531 3144 plus
1555 3101 1716 3143 dixerint,
1737 3114 1833 3145 quam
1856 3102 1965 3137 offium
1988 3102 2129 3143 similes,
2154 3114 2211 3136 nec
2255 3103 2360 3138 dicam
2383 3126 2397 3144 ,

1391 3145 1533 3188 primum
1557 3155 1660 3179 tamen
1673 3147 1818 3180 locutum
1831 3146 1874 3179 ibi
1889 3145 1945 3179 esse
1957 3145 1994 3179 de
2006 3146 2173 3182 substantia
2185 3169 2192 3183 ‚
2216 3146 2397 3189 quae,t·a153u

1386 3189 1515 3230 judice,
1538 3188 1655 3222 calculo
1677 3198 1742 3222 erat
1757 3189 1874 3234 fimilis
1888 3213 1901 3230 ,
1924 3191 2057 3226 alterum
2082 3189 2120 3223 de
2143 3191 2208 3224 illis
2224 3190 2398 3233 ipsis-squa-

1392 3242 1477 3271 mis,
1500 3243 1577 3273 quas
1598 3242 1689 3266 tanto
1713 3235 1910 3276 Praeceptore
1931 3233 2047 3276 dignus
2065 3235 2129 3267 Vir
2140 3235 2192 3268 Cl.
2207 3234 2396 3268 Winklerus

1393 3277 1427 3307 in
1451 3274 1594 3309 eidicata
1607 3277 1835 3311 Differtatione
1859 3277 1924 3317 (k)
1946 3276 2239 3320 lapideassquamas
2251 3279 2397 3317 dixerat,

1393 3319 1511 3361 quippe
1522 3330 1592 3361 quae
1606 3318 1645 3358 (l)
1655 3329 1707 3353 nec
1716 3318 1870 3359 combustae
1882 3319 2201 3365 mgraefao‘t‘aefuerc'nt
2208 3346 2221 3362 ,
2244 3325 2276 3356 ὃς
2287 3331 2397 3354 omnes

1395 3360 1562 3395 habuerint
1585 3363 1773 3397 conditiones
1784 3374 1864 3399 verae
1874 3362 2009 3398 lithiafis
2020 3389 2027 3397 .
2043 3367 2123 3400 Non
2136 3364 2203 3398 haec
2214 3366 2372 3443 ,dinquam
2384 3386 2398 3404 ‚

2250 3419 2355 3444 icam»

1657 3617 1662 3621 η
1884 3589 1897 3617 ζ
1915 3598 1930 3613 u
1946 3589 1960 3618 )
1976 3591 2011 3614 De
2030 3589 2120 3614 Cir-cul.
2140 3590 2169 3614 sa
2177 3597 2233 3620 ngu.
2254 3593 2340 3616 Exere.
2359 3599 2369 3620 3

1527 3617 1541 3645 (
1556 3622 1574 3642 z
1589 3614 1602 3643 )
1619 3617 1687 3653 Epist.
1708 3626 1744 3648 23.
1764 3627 1786 3643 n.
1806 3628 1841 3644 ιι.
1859 3628 1895 3649 ¹3-
1958 3620 1965 3649 (
1983 3627 1999 3643 a
2015 3620 2028 3649 )
2046 3623 2105 3644 Not.
2126 3628 2142 3644 1.
2162 3624 2210 3649 post
2228 3620 2321 3647 Praefat.

1558 3647 1714 3676 (e)12p»1t.
1735 3658 1756 3678 ς.
1775 3657 1798 3673 11.
1818 3657 1852 3674 12.
1915 3649 1978 3679 (f)
1995 3658 2020 3675 n.
2039 3660 2062 3679 9.

1273 3673 1281 3703 (
1301 3676 1314 3697 h
1330 3676 1343 3704 )
1360 3678 1502 3701 Comment.
1519 3679 1580 3706 imp.
1597 3678 1670 3702 Acad.
1689 3682 1810 3708 Petropol.
1828 3682 1901 3705 Tom.
1918 3684 1943 3704 6.
1960 3683 2000 3705 Cl.
2017 3681 2088 3713 Phys.
2106 3688 2149 3706 art.
2169 3689 2192 3710 4.

1602 3710 1824 3742 (1)s.2.§,5.
