2498 4075
463 278 617 345 Epist.
650 281 811 336 Anat.
847 281 1066 339 Medica
1098 283 1242 337 LXI.
1276 281 1396 336 Art·
1429 286 1571 346 15.&
1603 283 1674 339 16.·

85 352 193 397 pulsus
216 355 420 400 requirebant
433 381 447 399 ,
468 357 507 392 de
530 357 712 399 superiore,
734 360 768 393 85
788 359 941 395 inferiore
950 371 1019 396 artu
1030 372 1088 404 op-

79 395 209 441 posito,
234 410 303 442 nec
322 401 436 442 semel,
480 402 625 439 etrastm
660 405 691 435 &
723 403 825 439 multa
857 415 937 447 aqua
974 404 1104 448 saepius·

80 441 156 475 data
173 465 185 487 ,
207 441 305 485 quam
329 445 428 482 homo
463 455 514 480 me
536 445 601 479 ulla
622 447 859 488 repugnantia,
884 450 915 480 &
947 447 1084 482 difficul-

81 492 149 517 tate
174 488 335 529 potabat,
357 499 432 523 cum
456 498 513 530 per
546 487 644 529 haec«,
676 489 801 531 aliaque
832 489 913 524 nihil
950 493 1085 525 omnino

81 526 317 572 proficeretur,
339 532 408 565 imo
432 531 618 573 vaniloquia
631 556 641 572 ‚
663 532 872 573 accederent,
892 544 991 568 unum
1014 545 1086 568 rno-

81 570 125 605 do
149 572 307 607 auxilium
331 572 397 610 fuit
421 574 511 617 quod
535 576 709 610 anxietates
741 577 884 615 levaret.
907 587 996 619 aquae
1019 577 1086 612 bal·

83 624 179 648 neum
204 615 275 655 ita,
299 622 336 650 ut
357 618 614 661 quotiescunque
645 619 711 652 illae
742 621 871 661 gravius
904 630 1052 662 urgerent
1073 643 1083 658 ,

83 658 118 690 in
143 657 225 690 hanc
246 669 330 700 aeger
354 662 440 694 ultro
467 660 495 694 se
515 661 693 702 conjiceret
708 684 717 699 ,
752 661 840 704 quod
873 661 953 704 saepe
973 674 986 702 ;
1017 673 1083 697 erat

84 700 172 733 enim
192 701 336 736 calidum
360 705 434 737 anni
460 713 606 746 tempus;
639 703 778 739 faciebat
800 730 807 737 .
843 703 1005 740 Postremo
1035 706 1084 740 fe-

84 744 140 776 bre
161 754 225 776 non
247 744 332 786 levi,
355 757 413 781 nec
435 747 531 788 longa
555 757 682 785 tamen,
708 747 875 789 prehensus
889 759 983 794 ‚Ucum
1005 749 1087 784 mul-

84 796 156 820 tum
179 785 336 828 sudasset,
358 790 607 833 quartodecimo
631 803 647 823 a
673 792 777 824 morsu
809 789 867 825 die·
898 802 962 833 Jam
996 792 1087 827 sanus

84 826 144 863 effe
166 829 356 866 videbatur.
380 832 440 867 Sed
461 834 495 867 in
518 834 705 876 pleniluniis
727 834 840 867 deinde
861 832 1013 875 singulis,
1046 837 1085 871 ab

72 869 233 912 Rdemorso
255 874 330 908 loco
344 899 353 914 ‚
374 888 491 918 quem,
515 878 612 910 nimis
634 878 704 911 cito
726 877 837 910 clausis
869 878 1084 919 vulneribus,

85 915 226 955 lividus,
245 917 333 960 quasi
357 928 393 951 ut
416 918 495 953 solet
518 921 553 953 in
578 920 866 962 sugillationibus,
890 921 981 954 color
1014 924 1083 956 cin-

109 960 202 999 ebat,
225 960 339 996 sentire
360 964 462 1006 coepit
485 964 682 997 irritationes
702 961 854 1005 quasdam
888 964 1051 999 ascendere
1074 990 1085 1006 ,

86 970 158 1045 {Nm
180 1013 254 1037 cum
278 1004 318 1038 ad
342 1005 516 1045 praecordia
540 1005 753 1049 pervenissent
773 1028 784 1043 ‚
805 1006 942 1041 summas
975 1011 1084 1043 anxie-

85 1055 166 1078 tates
188 1045 312 1081 easdem
333 1048 404 1082 illas
426 1060 497 1092 quae
520 1051 607 1090 prius
630 1048 755 1083 fuerant
779 1073 789 1090 ,
823 1049 1003 1085 inferebant
1023 1074 1036 1092 ‚
1069 1064 1086 1087 a

86 1089 207 1130 quibus
229 1101 293 1125 non
317 1100 464 1133 poterat,
487 1092 545 1125 nifi
570 1103 624 1134 per
646 1091 1085 1130 venaeseffiones,1iberari.

89 1133 263 1175 Postquam
287 1136 325 1168 ad
349 1135 483 1170 eundem
499 1135 629 1169 modum
643 1159 656 1175 ,
671 1135 844 1178 eodemque
856 1145 998 1178 tempore
1017 1137 1085 1173 haec

88 1175 128 1209 ad
149 1175 450 1221 duodevigesimum
486 1177 584 1220 usque
606 1179 747 1212 mensem
771 1178 954 1220 redierant,
975 1193 1085 1224 coepe-

88 1228 168 1253 runt
188 1231 306 1261 quarto
328 1231 457 1264 quoque
479 1221 647 1256 dumtaxat
671 1221 849 1265 plenilunio
860 1222 1084 1266 redire2quod

87 1269 213 1305 tempus
236 1262 300 1305 jam
324 1274 442 1305 quarto
466 1277 482 1298 a
506 1265 614 1299 morsu
638 1276 745 1306 anno,
768 1265 834 1299 haec
856 1265 932 1299 dum
966 1266 1084 1301 scribe-

87 1315 179 1343 rem,
203 1305 307 1349 adhuc
331 1306 517 1342 servabant,

133 1355 181 1389 15.
204 1351 235 1383 Si
259 1362 349 1385 canes
372 1353 531 1394 exciphss
555 1362 619 1385 non
644 1351 754 1394 saepius
776 1349 841 1385 fere
863 1363 959 1395 quam
974 1364 990 1386 a
1012 1352 1087 1386 feli-

87 1392 147 1426 bus
170 1392 463 1437 hydrophobiam‚
486 1404 540 1428 aut
561 1406 691 1436 graves,
713 1395 751 1428 ad
775 1393 861 1428 hunc
883 1395 1084 1434 accedentes,

86 1447 187 1470 noxas
209 1438 315 1471 illatas
340 1439 473 1472 memini
497 1435 624 1480 legisse.
650 1437 751 1481 Quod
774 1436 795 1470 fi
830 1438 961 1473 canibus
991 1439 1087 1474 dum-

85 1488 199 1520 taxat,
222 1483 254 1515 &
275 1480 393 1516 felibus
415 1481 464 1514 illi
486 1481 554 1515 dati
579 1479 675 1515 essent
699 1478 839 1514 folliculi
861 1483 918 1523 qui
951 1493 1087 1524 graveo-

86 1525 207 1558 lentem
230 1525 389 1568 quendam
413 1524 584 1559 humorem
607 1522 646 1557 ad
669 1534 765 1557 anum
800 1525 955 1570 emittunt
981 1541 989 1563 3
1022 1534 1085 1559 non

88 1569 166 1602 levis
188 1569 267 1603 hinc
291 1568 499 1602 confirmatio
535 1567 637 1609 repeti
672 1565 772 1607 posset
802 1568 993 1607 conjecturae
1030 1580 1088 1602 eo-

87 1623 160 1645 rum
183 1612 240 1655 qui
260 1614 345 1646 inter
362 1611 476 1645 causas
498 1621 554 1643 cur
577 1609 679 1644 rabidi
703 1608 782 1642 fiant
806 1621 897 1643 canes
918 1632 926 1647 ,
960 1611 1089 1645 obstru-

89 1656 228 1689 &ionem
255 1655 414 1689 recensent
430 1652 577 1696 sacculi;
596 1655 663 1685 imo
686 1651 907 1692 sacculorum;
928 1653 991 1688 duo
1003 1657 1096 1688 enim·

90 1698 162 1732 sunt
185 1700 242 1741 qui
281 1698 430 1732 foetidam
464 1697 555 1729 illam
587 1697 757 1744 materiam
790 1696 959 1744 continent
981 1720 992 1736 ‚
1025 1708 1089 1746 qufe

86 1742 251 1775 humorum
274 1742 422 1774 acerrima
443 1749 518 1781 pars
540 1736 595 1782 effe
616 1740 758 1776 indetur,
784 1747 820 1771 ut
843 1739 864 1770 ¹¹
900 1741 932 1771 z'n
959 1740 1088 1783 sangue-

88 1795 157 1818 nem
180 1782 392 1825 resorbeatur,
412 1782 463 1816 vel
485 1792 522 1816 ex
543 1793 576 1815 εο
600 1783 659 1815 rite
669 1781 771 1814 minus
788 1781 987 1826 secernatur,
1004 1783 1089 1816 sum-

89 1838 145 1860 mo
168 1829 284 1868 cuique
307 1826 421 1860 morbo
454 1825 609 1866 pariendo
642 1824 757 1857 idonea
797 1824 865 1872 sit..
897 1825 940 1858 Et
976 1837 1090 1868 magna

93 1881 180 1904 certe
203 1870 354 1903 irritandi
378 1869 410 1901 vi
434 1868 494 1902 effe
518 1867 711 1908 praeditam,
734 1878 806 1900 cum
818 1866 893 1900 alias
907 1877 997 1906 ,turn
1010 1880 1091 1909 prae..

90 1915 187 1955 cipue
210 1923 287 1947 tunc
310 1912 482 1948 intellexi,
504 1922 579 1944 cum
601 1910 764 1943 mustelam
788 1909 977 1960 persecans,
999 1915 1030 1945 δι
1053 1925 1092 1946 ex

91 1956 160 1991 istis
181 1956 314 1991 sacculis
329 1981 337 1994 ‚
359 1966 440 1999 quos
463 1955 675 1997 proportione
697 1953 883 1995 grandiores
917 1953 1056 1989 habebat
1083 1981 1092 1996 ,

94 2000 263 2034 humorem
287 1998 471 2038 effundens,
493 1998 653 2031 continuo
677 2006 767 2029 nares
790 1997 948 2038 perculsas
983 1998 1093 2040 sylve-

93 2044 151 2077 stri
174 2043 318 2086 quodam
341 2051 436 2076 acuto
457 2040 556 2075 odore
580 2037 654 2073 senfi
670 2065 679 2079 ,
712 2049 750 2074 ut
782 2039 865 2072 nulli
901 2041 956 2074 alii
990 2044 1092 2083 magis

92 2086 323 2123 assimilandus,
344 2097 441 2128 quarn
464 2082 581 2118 accensi
605 2081 785 2124 sulphuris,
813 2084 976 2118 videretur
992 2111 999 2119 .
1025 2086 1092 2119 Ve-

91 2141 163 2163 rum
188 2141 251 2164 non
277 2128 416 2163 mustelis
439 2136 568 2162 tantum
586 2148 598 2165 ,
630 2126 682 2159 sed
718 2135 766 2159 tot
798 2126 870 2159 aliis
901 2129 1094 2161 animalibus

91 2173 126 2208 hi
150 2174 321 2215 obtigere,
343 2180 426 2214 quot
450 2170 501 2203 vel
526 2179 694 2211 antequam
719 2170 772 2201 alii
798 2171 831 2200 in
851 2170 948 2206 aliis,
972 2174 1003 2202 &
1035 2182 1095 2203 no-

93 2217 245 2251 minatim
271 2215 468 2257 Peyronnius
491 2213 558 2257 (u)
580 2213 611 2244 in
635 2209 820 2260 Moschc'ferp
841 2213 1009 2262 Animali,
1043 2217 1094 2248 in-

92 2259 265 2300 dicassent,
290 2260 324 2292 in
351 2256 549 2292 Adversariis
573 2254 687 2288 nostris
709 2255 776 2296 (x)
799 2265 863 2297 jam
887 2256 1024 2299 leger1s;
1058 2268 1095 2291 ut

92 2305 213 2337 mirum
238 2313 301 2336 non
325 2301 387 2342 fit,
410 2299 567 2342 scriptum
590 2297 649 2332 elle
675 2299 779 2339 postea
813 2311 828 2330 a
863 2300 1091 2334 l'raestantibus

92 2347 205 2383 Viris,
230 2347 262 2379 in
285 2343 512 2388 quadrupedum
531 2351 607 2383 pene
630 2347 697 2373 toto
716 2351 843 2384 genere,
870 2352 924 2376 aut
949 2342 1060 2377 saltem
1083 2367 1097 2384 ,

92 2391 248 2433 quoniam
273 2389 377 2431 plures
400 2397 508 2419 tamen
534 2384 650 2427 species
673 2382 746 2433 sunt
768 2385 964 2435 excipiendae
988 2409 997 2424 ,
1028 2398 1095 2420 ma-

93 2435 197 2470 xime,
223 2443 259 2466 ut
280 2431 335 2465 Cl.
360 2433 520 2464 Fautonus
542 2429 609 2471 (y)
630 2427 774 2475 loquitur
789 2453 798 2466 ,
822 2438 854 2460 m
866 2430 1011 2470 digitatis
1025 2440 1101 2473 qua-

93 2476 275 2518 drupedibus
299 2477 330 2508 &
353 2473 524 2509 carnivorz's
546 2470 672 2512 reperiri
687 2496 694 2502 .
720 2471 779 2504 Illa
802 2471 904 2511 igitur
926 2474 1015 2507 causa
1051 2484 1102 2505 ra-

95 2520 160 2553 biei
186 2518 338 2561 seposita,
362 2516 382 2550 fi
408 2526 475 2549 rem
499 2512 729 2548 tantummodo
753 2514 927 2556 spectemus
944 2541 951 2555 ,
968 2520 1024 2550 vix
1041 2516 1101 2549 du-

94 2564 187 2597 bium
210 2562 275 2601 est,
295 2562 375 2603 quin
400 2557 471 2602 post
494 2568 607 2592 canes,
632 2555 704 2589 feles
728 2568 790 2599 prae
814 2561 957 2596 emeris,
982 2569 1018 2593 ut
1049 2559 1101 2592 di-

94 2607 230 2644 cebam,
254 2602 517 2646 hvdrophobiam
540 2599 702 2639 inferant,
733 2609 788 2633 aut
821 2611 918 2635 noxas
951 2603 988 2636 ad
1019 2602 1101 2637 hanc

97 2651 243 2693 proxime
266 2642 466 2682 accedentes.
489 2646 571 2679 Tria
608 2643 701 2676 habet
736 2644 881 2684 exempla
915 2645 1101 2680 Scaramuc.

97 2696 166 2727 cius
190 2691 281 2735 (τὴ
306 2693 339 2725 in
363 2689 488 2723 duabus
513 2687 663 2721 videlicet
688 2685 855 2725 foerninis,
878 2689 909 2721 δι
943 2690 978 2722 in
1013 2690 1103 2722 Pres-

98 2731 238 2777 bytero?
263 2736 337 2768 bina
363 2733 543 2774 Brogianus
567 2730 604 2772 (a
620 2733 629 2767 )
646 2754 654 2768 ‚
680 2729 812 2763 alterum
838 2731 877 2780 in.
898 2732 1066 2766 Sacerdote
1094 2758 1103 2773 ‚

100 2782 136 2813 jn
161 2779 234 2810 viro
256 2776 395 2819 quodam
419 2776 576 2809 alterum.-
601 2783 700 2806 unum
726 2772 917 2807 Lindermus
939 2775 1025 2816 (b>.·
1049 2778 1104 2816 &‚

101 2834 142 2855 ne
165 2820 293 2861 longius
317 2818 454 2856 faciam,
476 2828 556 2850 unus
580 2816 770 2857 Stalpartius
792 2819 854 2855 (c)
877 2828 993 2866 novem
1030 2828 1104 2859 pro.

102 2865 236 2899 duxerat
262 2875 277 2895 a
301 2860 417 2896 felibus
439 2860 526 2893 rabie
549 2858 705 2896 instans,
728 2870 826 2901 eaque
850 2860 974 2894 occisos
990 2884 998 2898 ,
1023 2872 1106 2904 quo-

104 2919 177 2942 rum
202 2906 341 2948 primum
363 2903 427 2945 ipse
454 2902 599 2941 viderat,
622 2901 763 2941 reliquos
787 2902 922 2936 Amatus
942 2927 951 2942 ‚
984 2903 1102 2939 Hilda-

105 2962 184 2987 nus‚
210 2951 349 2982 Zatutus
371 2952 641 2980 memoraverant.
669 2943 785 2984 Neque
811 2946 892 2987 apud
927 2948 1102 2983 Patavinos

106 2992 288 3035 exemplum
311 2989 414 3024 defuit
439 2990 527 3023 annis
550 2987 764 3029 superioribus
789 2987 823 3019 in
850 2988 968 3024 Nobili
993 2992 1078 3026 Viro
1093 3014 1101 3028 ,

107 3038 191 3079 qui,
215 3044 251 3068 ut
275 3034 429 3075 Brogiani
453 3031 605 3066 Sacerdos
629 3055 639 3087 Ἴ
675 3029 849 3064 invisentes
873 3035 1035 3076 rogabat,
1067 3044 1102 3071 ut

106 3080 235 3124 longius
258 3076 438 3113 abfisterent
452 3102 464 3118 ,
486 3086 524 3111 ne
547 3073 635 3119 ipso-‘s
655 3071 838 3113 morderet,
861 3074 902 3112 fic
911 3078 1105 3115 confirmans

199 3627 366 3669 Morgagni
388 3628 422 3663 de
444 3628 511 3661 Sed.
536 3628 578 3663 ὡ
603 3625 689 3669 caus.
714 3629 812 3663 Morh.
838 3629 938 3666 Torn.
966 3630 1012 3664 ΙΙ.

2000 307 2031 341 0
2069 316 2072 319 .

1136 372 1208 404 quae
1230 370 1294 395 non
1317 371 1396 396 unus
1425 373 1466 395 ex
1491 362 1627 397 Medicffs
1651 362 1860 399 admonuerat
1880 368 1891 403 ;
1922 304 2000 399 ηοξ
2020 304 2130 405 ognies

1135 403 1369 446 hydrophobos
1389 404 1542 439 delirare.
1575 407 1634 441 Sed
1664 410 1699 440 ὃ(
1733 409 1882 452 pleraque
1913 420 1954 442 ex
1971 410 2131 447 »indicatis

1110 479 1117 485 ,
1135 442 1287 488 exemplis
1308 446 1332 482 fi
1354 447 1509 491 inspicere
1533 449 1671 485 volueris
1678 461 1691 490 ;
1714 450 1841 494 insuper
1864 452 2033 496 cognosces
2048 475 2057 490 ,
2080 465 2132 488 ac-

1134 489 1244 524 cidisse
1266 500 1331 524 non
1354 490 1473 532 semel,
1494 501 1530 526 ut
1554 505 1648 527 nemo
1682 492 1783 535 posset
1814 507 1830 528 a
1865 505 1987 529 terrore
2021 505 2134 530 natum

1137 531 1196 567 esse
1218 534 1390 575 morbum,
1411 536 1605 570 contendere
1618 560 1631 577 ,
1653 545 1689 570 ut
1710 539 1768 579 qui
1790 538 1917 581 ignaros
1930 565 1939 579 ,
1963 538 2057 573 felem
2072 539 2133 574 esse

1138 574 1283 610 rabidam
1305 588 1377 619 quae
1400 578 1485 619 ipsos
1506 579 1662 614 invaserat
1681 602 1694 620 ‚
1725 582 1837 615 multis
1868 581 1935 623 post
1970 582 2132 617 mensibus

1138 618 1364 662 prehenderit,
1389 631 1426 654 ut
1449 622 1482 653 in
1508 623 1700 665 Stalpartii,
1733 626 1766 656 δι
1799 625 1935 659 Hildani
1969 626 2132 660 Observa-

1135 661 1305 696 tionibus.
1337 663 1427 704 Qin
1461 664 1566 705 ignari
1600 677 1728 708 quoque
1760 665 1851 701 fuiffe
1884 667 2035 702 videntur
2070 670 2134 702 viri

1133 705 1223 741 duo,
1248 706 1294 739 ab·
1311 706 1509 745 Lindernio‚
1531 708 1740 750 &Brogiano
1764 713 1955 750 memorati,
1979 711 2132 746 secundus

1140 748 1337 790 praesertim,
1361 751 1480 792 quippe
1503 762 1519 783 a
1541 750 1604 784 fele
1626 762 1723 794 quam
1747 754 1971 795 percutiebat,
2003 755 2136 788 demor-

1138 791 1211 830 sus3
1235 801 1270 825 ut
1293 793 1340 825 ira
1365 793 1492 832 potius,
1515 805 1611 836 quam
1636 794 1723 828 rabie
1748 816 1758 832 ,
1791 797 2067 838 quemadmodum
2099 799 2134 830 in

1137 834 1209 868 casu
1232 846 1248 868 a
1272 846 1321 868 me
1344 834 1491 876 expolito
1512 839 1601 876 (d),
1623 839 1751 871 concita
1774 837 1866 872 fuisse
1878 839 2062 873 videretur.
2081 841 2135 873 Ad

1135 878 1268 911 eundem
1295 886 1399 911 autem
1423 878 1529 913 casum
1553 879 1771 922 quadantenus
1805 882 1838 915 id
1872 886 2012 924 pertinet
2045 883 2136 926 quod

1134 922 1167 953 in
1192 921 1405 955 Scaramuccii
1431 921 1621 965 Presbytero
1644 923 1832 965 accidebat,
1856 935 1892 958 ut
1917 925 2057 959 faucium
2081 938 2139 960 an-

1135 964 1258 1006 gustia,
1281 975 1297 996 a
1320 975 1382 1006 qua
1406 965 1474 999 cito
1496 966 1662 1006 evaserat,
1695 967 1815 1010 rediret
1845 978 1900 1010 per
1932 968 2047 1002 multos
2078 979 2136 1002 an-

1135 1018 1190 1039 nos
1233 1008 1334 1041 eodem
1365 1008 1440 1041 anni
1473 1015 1607 1051 tempore
1637 1020 1705 1052 quo
1738 1010 1844 1044 fuerat
1880 1024 1894 1044 a
1931 1012 2042 1045 rabida
2075 1010 2138 1046 fele

1136 1051 1304 1091 impetitus
1321 1072 1331 1087 ,
1354 1049 1418 1083 sola
1441 1049 1588 1086 dentium
1612 1052 1809 1096 impressione
1832 1055 1963 1094 testera,
1986 1054 2048 1087 sine
2081 1065 2139 1089 cu.

1136 1094 1188 1126 tis·
1202 1093 1414 1127 laceratione.
1439 1093 1499 1127 Sed
1522 1096 1663 1129 attinent
1686 1097 1787 1139 magis
1810 1097 1875 1131 duo
1899 1098 1958 1131 alia
1983 1098 2139 1132 Auctoris

1137 1135 1276 1177 ejusdem
1300 1135 1463 1177 exempla.
1487 1136 1618 1171 Scilicet
1642 1141 1675 1172 in
1700 1138 1834 1173 foemina
1851 1165 1859 1179 ,
1878 1140 1917 1175 de
1941 1152 2023 1182 qua,
2047 1143 2078 1173 δε
2098 1141 2140 1174 de

1136 1180 1206 1213 aliis
1228 1179 1386 1212 similibus
1410 1179 1556 1221 Epistola
1581 1182 1681 1215 VIII.
1706 1186 1771 1222 (e)
1793 1184 1892 1217 nimis
1929 1183 2026 1225 presse
2053 1184 2141 1216 indi-

1135 1223 1228 1258 cavi,
1251 1222 1352 1264 prima
1365 1221 1599 1264 hydrophobiae
1612 1223 1699 1266 figna
1724 1224 1753 1258 se
1775 1225 2014 1268 prodiderunt,
2036 1237 2109 1260 cum
2123 1237 2142 1259 a

1135 1265 1266 1299 vulnere
1288 1264 1352 1306 jam
1374 1266 1503 1300 excluso
1525 1265 1608 1309 quasi
1630 1267 1752 1301 radium
1784 1269 1919 1311 aliquem
1954 1267 2140 1311 inflamma-

1136 1309 1217 1341 torio
1233 1306 1324 1350 sensu
1342 1318 1399 1349 per
1421 1307 1581 1343 brachium
1603 1309 1710 1353 versus
1742 1311 1851 1352 pestus
1872 1315 1990 1346 moveri
2006 1310 2103 1353 senfic
2127 1336 2135 1344 .

1137 1353 1177 1384 In
1201 1352 1274 1383 viro
1298 1362 1404 1384 autem
1428 1353 1485 1393 qui
1507 1363 1587 1386 unus
1610 1352 1650 1387 de
1676 1353 1805 1394 tribus,
1839 1355 1879 1388 ab
1911 1354 2023 1389 eodem
2058 1365 2138 1388 cane

1137 1393 1312 1434 demorfls‚·
1335 1394 1502 1436 postquam
1515 1396 1580 1430 duo
1590 1396 1633 1428 ob
1645 1407 1715 1430 eam
1727 1397 1853 1432 causam
1867 1398 2020 1432 obierant
2037 1409 2141 1441 ‚qua-

1138 1446 1214 1471 tuor
1236 1437 1367 1470 circiter
1392 1448 1490 1470 annos
1513 1438 1619 1476 vixit,
1642 1450 1682 1473 ex
1705 1440 1835 1475 vulnere
1858 1444 1910 1475 cui
1934 1440 2053 1476 ferrum
2064 1451 2144 1476 can·-

1139 1481 1214 1514 dens
1237 1479 1420 1522 impressum
1445 1481 1569 1521 fuerat,
1591 1486 1785 1525 quotannis3
1810 1495 1974 1526 nunquam
1999 1485 2083 1517 enirn
2105 1483 2149 1518 ad'

1140 1525 1325 1557 cicatricem
1351 1534 1562 1564 pervenerat,
1585 1525 1725 1560 multum
1748 1528 1911 1569 sanguinis
1944 1529 2053 1562 exibat
2089 1538 2147 1569 per

1139 1567 1222 1599 illud
1246 1576 1370 1609 tempus
1392 1577 1458 1609 quo
1484 1567 1607 1601 morsus
1629 1569 1775 1603 inflictus
1798 1571 1901 1604 fuerat
1920 1598 1927 1611 ‚
1952 1571 2042 1613 usque
2075 1572 2153 1605 dum

1140 1611 1173 1644 in
1197 1608 1276 1642 tibia
1291 1635 1299 1649 ,
1322 1609 1375 1643 ubi
1396 1608 1511 1643 vulnus
1535 1611 1708 1653 contigerat
1732 1635 1742 1650 ‚
1773 1623 1852 1647 vena
1887 1614 2010 1658 diffista
2036 1611 2107 1654 fuit
2133 1640 2141 1645 .

1142 1654 1187 1686 Et
1211 1652 1339 1694 quando
1364 1651 1431 1694 jam
1463 1651 1502 1685 de
1534 1653 1648 1686 rabido
1678 1666 1808 1698 quoque
1840 1668 1918 1691 cane
1952 1658 2153 1690 mentionem

1142 1695 1303 1733 fecimus;
1328 1705 1444 1737 praeter
1468 1696 1544 1729 alias
1569 1696 1824 1732 Observationes
1850 1700 1911 1734 huc
1946 1702 2116 1733 attin-entes
2140 1722 2150 1736 ‚

1143 1740 1230 1778 legas
1253 1740 1350 1773 velim
1373 1749 1470 1781 quam
1493 1738 1532 1772 ad
1555 1739 1734 1774 Hildanum
1758 1740 1821 1785 (f)
1845 1742 1983 1776 Roscius
2008 1743 2155 1784 scripsit„

1143 1781 1306 1819 Videbis,
1331 1791 1413 1823 quot
1431 1809 1439 1822 ,
1464 1784 1497 1814 δε
1519 1793 1616 1822 quam
1653 1785 1765 1825 gravia
1786 1808 1798 1824 ‚
1833 1785 1892 1819 nili
1929 1787 2019 1828 quod
2059 1788 2149 1829 aquae

1144 1827 1239 1866 potio
1261 1836 1424 1867 nunquam
1448 1825 1587 1858 recusata
1609 1824 1655 1859 est
1672 1849 1682 1864 ‚
1706 1827 1861 1862 Matrona
1887 1830 2059 1872 pertulerit
2083 1830 2157 1870 post·

1145 1868 1380 1901 acerbissimum
1414 1866 1539 1902 brachii
1573 1869 1722 1903 dolorem
1746 1893 1759 1910 ‚
1788 1873 1876 1914 quod
1912 1872 2048 1915 septimo
2083 1882 2157 1905 ante

1146 1922 1231 1945 anno
1255 1910 1398 1945 rabiosus
1429 1913 1516 1944 canis
1539 1913 1781 1953 momorderat,
1814 1916 1959 1958 itemque
1994 1915 2067 1958 post
2099 1926 2159 1949 ane·

1144 1965 1205 1988 nos
1228 1954 1370 1988 totidem
1396 1955 1561 1997 principio
1584 1957 1746 2003 malorum
1770 1957 1897 2001 semper
1921 1959 2026 1993 duffio
2047 1961 2086 1992 ab
2099 1971 2157 1992 eo·-

1144 1997 1217 2031 dem
1241 1998 1376 2031 brachio
1392 2021 1403 2037 ‚
1426 2000 1457 2030 &
1480 1997 1593 2032 deinde
1617 2000 1789 2041 interjecto
1813 2001 1991 2040 sexennio,
2018 2013 2087 2037 turn
2099 2014 2159 2035 an-

1145 2051 1190 2074 no
1212 2040 1381 2075 dumtaxat
1407 2052 1493 2077 uno,
1526 2042 1712 2085 insequente
1745 2054 1852 2079 autem
1885 2056 1971 2079 anno
2007 2047 2056 2080 bis
2084 2072 2092 2086 ,
2125 2049 2163 2079 δε·

1146 2093 1197 2116 ter
1221 2085 1373 2126 proximo
1396 2084 1435 2117 sic
1460 2094 1590 2126 tamen,
1613 2095 1649 2119 ut
1671 2098 1737 2129 quo
1761 2089 1942 2123 crebriores
1972 2114 1981 2128 ‚
2013 2101 2050 2123 eo
2086 2090 2161 2122 bre-

1147 2129 1252 2160 viores
1273 2127 1373 2161 essent
1397 2128 1532 2161 insultus
1559 2152 1567 2160 .
1601 2130 1740 2164 Fuerant
1763 2132 1833 2173 post
1858 2141 2026 2174 acceptum
2065 2144 2156 2165 mor*-

1147 2169 1218 2202 sum
1242 2170 1361 2204 auxilia
1386 2171 1475 2212 plura
1497 2170 1665 2206 confestim
1691 2173 1857 2212 adhibita;
1892 2175 1944 2211 sed
1980 2176 2052 2218 post'
2090 2175 2165 2210 haec'

1149 2214 1264 2247 vulnus
1287 2213 1325 2247 ad
1349 2214 1534 2248 cicatricem
1558 2216 1771 2256 perductum.
1796 2220 1879 2257 Quae
1906 2230 1956 2253 res
1979 2231 2054 2254 cum
2092 2231 2159 2252 ma-

1148 2255 1179 2289 le
1202 2255 1326 2290 cesserit
1350 2255 1493 2291 foeminae
1515 2268 1645 2300 quoque
1678 2271 1716 2293 ex
1751 2262 1981 2296 Scaramuccio
2013 2273 2160 2297 comme-

1148 2310 1303 2337 moratae,
1326 2310 1437 2334 contra
1463 2309 1570 2334 autem
1595 2301 1686 2336 valde
1720 2304 1885 2347 profuerit
1910 2308 1987 2340 viro
2018 2306 2058 2340 d'e
2091 2318 2160 2349 quo

1149 2354 1188 2376 ex
1210 2342 1278 2384 ejus
1303 2343 1538 2377 Observatione
1564 2344 1686 2379 dic-'tum
1725 2346 1766 2381 est
1790 2370 1799 2385 ,
1835 2360 2004 2392 nunquam
2040 2349 2159 2384 vulnus

1148 2386 1322 2425 coaluisse3
1347 2386 1440 2420 facile
1465 2398 1614 2430 apparere
1638 2390 1739 2431 potest
1755 2415 1764 2431 ,
1785 2393 1948 2433 egregium
1972 2391 2031 2426 effe
2046 2404 2163 2428 eorum«

1155 2432 1304 2462 omnium
1330 2432 1492 2464 monitum
1518 2453 1527 2467 ‚
1565 2432 1622 2474 qui
1645 2432 1768 2467 diutius
1791 2445 1935 2478 apertum
1955 2434 2162 2476 servandum,

1155 2475 1188 2505 &
1211 2471 1232 2505 fi
1256 2473 1339 2506 forte
1364 2475 1461 2507 citius
1482 2474 1623 2509 clausum
1648 2474 1686 2509 fit
1711 2501 1720 2517 ,
1755 2478 1955 2512 reserandum
1979 2479 2086 2512 statim
2111 2480 2161 2513 ef-

1156 2514 1186 2548 se
1210 2538 1223 2555 ‚
1255 2516 1462 2549 docuerunt.
1501 2518 1592 2558 Qas
1616 2516 1697 2553 ficut
1722 2520 1802 2554 alibi
1835 2525 1899 2565 (g)
1935 2522 2161 2560 laudavimuse

1154 2560 1200 2592 ita
1226 2561 1257 2592 in
1284 2560 1428 2602 exposito
1463 2572 1479 2593 a
1513 2561 1605 2595 nobis
1639 2563 1709 2598 casu
1743 2562 1836 2599 fuisse
1869 2564 1990 2599 faffum
2017 2592 2027 2609 ,
2064 2567 2163 2601 velle*

1155 2613 1226 2636 mus
1241 2627 1248 2633 .

1202 2649 1250 2678 16.
1273 2645 1439 2681 Caeterum
1450 2655 1485 2680 ut
1498 2647 1581 2682 idem
1596 2648 1702 2691 casus,
1725 2662 1797 2686 cum
1811 2653 1881 2686 aliis
1893 2653 1948 2695 qui
1962 2654 2037 2687 alias
2061 2653 2162 2697 (h);

1156 2691 1187 2721 &
1209 2689 1308 2723 modo
1332 2691 1512 2731 praesertim
1536 2692 1686 2733 producti
1711 2692 1783 2728 sunt
1809 2708 1824 2729 a
1860 2697 1953 2728 nobis
1976 2720 1988 2736 ,
2020 2697 2160 2738 conium

1155 2732 1251 2773 Rus,
1272 2743 1343 2774 quae
1366 2734 1403 2767 de
1427 2734 1520 2775 hujus
1547 2737 1657 2769 veneni
1682 2748 1734 2778 per
1761 2750 1874 2771 nervos
1886 2741 2156 2773 communicatio-

1155 2787 1215 2812 ne,
1239 2779 1270 2809 δι
1293 2777 1476 2810 convulliva
1502 2787 1611 2811 natura
1636 2779 1850 2820 conjecimus,
1868 2782 2062 2815 nonleviter
2077 2795 2156 2816 con-

1159 2819 1289 2857 firmat,
1314 2817 1354 2851 fic
1378 2821 1522 2856 levamen
1547 2823 1677 2866 unicum
1701 2834 1739 2855 ex
1764 2836 1852 2865 aquae
1876 2824 1991 2858 balneo
2014 2838 2089 2860 cum
2113 2829 2153 2860 iis
2184 2843 2188 2846 Δ

1156 2862 1318 2894 consentit
1341 2873 1412 2903 quae
1437 2862 1476 2896 de
1499 2863 1685 2905 hujusmodi
1710 2868 1824 2899 auxilii
1848 2868 1903 2901 usu
1930 2879 1992 2901 uon
2026 2869 2156 2911 prorsus

1156 2905 1394 2938 contemnendo
1417 2906 1597 2940 censuimus
1620 2909 1695 2951 (i):
1719 2910 1828 2943 multae
1863 2920 1968 2944 autem
2003 2911 2154 2946 sudorum

1154 2946 1346 2989 profusionis
1369 2950 1493 2983 utilitas
1515 2962 1549 2983 ea
1571 2953 1763 2993 comprobat
1786 2964 1856 2996 quae
1879 2954 1916 2986 de
1940 2954 2000 2989 hac
2023 2956 2156 2989 Veteres

1154 2995 1184 3024 δε
1209 2991 1416 3024 Recentiores
1442 2993 1597 3028 docuere.
1623 2996 1772 3030 Quorum
1797 2998 1998 3039 praecipuos,·
2030 3010 2067 3031 ne
2101 3000 2154 3034 hic

1155 3034 1346 3076 singillatim
1371 3037 1556 3075 nominem3
1582 3037 1655 3070 satis
1678 3039 1732 3071 illa
1756 3051 1851 3082 quam
1881 3040 1970 3082 supra
1996 3040 2061 3083 (k)
2077 3043 2160 3087 *lau-3

1153 3077 1252 3115 davi,
1276 3076 1537 3122 Edimburgenfis
1561 3080 1752 3117 Dissertatio
1772 3083 1950 3119 indicabit.
1976 3086 2080 3119 Vale*

1571 3628 1675 3665 Fff
2015 3636 2126 3671 EPI-

121 3707 2145 3730 Q

268 3773 347 3825 gem.
367 3771 396 3796 de
413 3772 430 3796 l'
448 3772 519 3797 Acad.
539 3773 569 3797 R.
585 3773 626 3799 des
642 3776 679 3799 Sc.
697 3776 725 3799 Α.
742 3782 809 3805 173¹-

869 3777 909 3805 (κ
926 3777 935 3807 )
953 3779 997 3802 lv.
1016 3780 1129 3803 Animad.
1147 3788 1183 3806 29.

179 3771 255 3830 ἑῖς
297 3821 301 3824 .
319 3811 344 3826 2.
362 3803 423 3826 ibid.
439 3803 482 3826 citi
544 3805 557 3832 (
576 3804 589 3828 b
607 3809 614 3835 J
632 3806 772 3830 commere.
787 3807 872 3831 Litter.
891 3810 921 3831 A.
940 3815 1006 3838 ¹735-
1026 3809 1103 3833 Hebri.
1125 3818 1157 3834 ιι.
1175 3819 1197 3834 n.
1215 3820 1235 3835 2.

180 3832 195 3861 (
208 3832 224 3859 d
241 3834 252 3855 >
268 3840 291 3856 n.
313 3841 347 3859 ¹4·
406 3834 415 3861 (
435 3842 447 3856 e
463 3834 477 3862 )
494 3840 519 3857 n.
536 3840 571 3857 ιι.
632 3835 647 3865 (
663 3834 700 3865 f)
717 3837 788 3860 Cent.
806 3844 828 3861 1.
844 3837 905 3862 Obs.
921 3838 986 3863 Chir.
1003 3840 1041 3863 86.

192 3862 200 3890 ί
225 3863 235 3885 i
254 3864 261 3891 )
279 3862 341 3888 thid.
359 3872 383 3888 n.
400 3868 439 3892 29¹.
500 3863 574 3893 (le)
590 3872 615 3889 n.
637 3873 657 3893 9.

1101 3841 1115 3869 (
1129 3849 1148 3869 g
1167 3842 1172 3869 )
1190 3841 1263 3871 Epist.
1280 3843 1302 3865 8.
1321 3847 1343 3865 rr.
1362 3845 1399 3865 25.

1246 3781 1305 3811 (y)
1329 3782 1422 3805 Diffi-rt.
1443 3783 1513 3806 Anat.
1535 3784 1629 3805 Renov.
1647 3791 1670 3809 4.
1733 3781 1743 3806 (
1760 3783 1802 3810 m
1826 3785 1893 3812 supra
1909 3784 1938 3809 ad
1955 3794 1977 3810 n.
1998 3793 2033 3810 ιι.
2050 3784 2092 3809 eit.

1300 3811 1308 3837 (
1325 3819 1335 3834 c
1360 3815 1449 3841 >Ceut
1469 3820 1487 3835 r.
1506 3812 1605 3836 Observ.
1625 3819 1676 3835 100.
1698 3813 1719 3837 Bc
1736 3813 1759 3836 in
1778 3814 1859 3839 Schol-

1461 3841 1607 3872 (h)1bid.
1625 3850 1649 3866 n.
1669 3849 1705 3869 21.
1729 3844 1749 3867 ἃ
1768 3852 1805 3873 32.
