2498 4075
494 198 648 265 Epist.
682 200 842 256 Anat.
879 199 1098 257 Medica
1131 199 1265 256 LIV.
1301 200 1420 255 Art.
1444 207 1514 268 37.
1546 204 1602 258 &
1637 203 1703 259 38.

72 282 216 308 ventrem
240 275 393 317 plumbeo
415 276 549 320 globulo
572 276 864 314 transverberatum
885 279 1064 323 conspexis—

69 315 136 356 set,
160 317 330 366 vulnerato
353 321 485 363 quinsta
509 318 610 354 ferme
632 322 700 362 post
732 323 812 356 hora
846 324 1026 358 intereunte
1051 348 1062 363 ,

68 370 183 393 mortis
207 371 314 397 autem
337 367 411 398 citae
435 364 514 399 adeo
527 363 868 407 causaminquireret,
891 368 1064 410 deprehen-

66 403 238 447 deretque‚
260 407 429 449 globulum
444 429 455 445 ,
478 404 580 440 fundo
604 409 775 442 ventriculi
796 410 972 448 transfixo,
995 410 1066 443 hinc

61 454 122 486 per
143 447 358 496 mesenterium
383 451 462 484 inter
484 449 592 491 colon,
617 451 763 485 &ileum
775 474 786 491 ,
810 460 937 495 utroque
949 452 1040 495 illaeso
1055 474 1066 489 ‚

66 497 120 521 nec
142 499 245 532 ruptts
270 493 353 535 vasis
375 492 572 535 mesaraicis‚
598 494 745 537 transtisse
768 509 777 527 ς
806 506 920 537 parum
954 506 1061 529 autem

64 530 145 572 effe,
167 534 459 576 animadverteret,
482 535 561 577 quod
582 546 619 569 ex
641 539 797 571 contentis
829 538 1000 572 ventriculi
1033 540 1066 572 in

65 571 211 625 abdomen
233 578 512 621 descenderam&
534 577 622 611 nulla
655 579 782 622 usquam
813 581 871 614 effe
901 589 1066 624 gangraenae

65 619 118 651 vel
141 621 320 662 inctpientis
345 623 459 656 indicia
471 643 483 660 ,
505 629 561 654 aut
584 621 681 655 ullam
692 623 944 666 haemorrhagtam
966 624 1067 658 letha-

63 658 153 702 lem,·
176 663 327 710 potuisset
351 677 367 697 a
390 667 532 698 laceratis
556 663 737 706 majusculis
760 667 942 700 mesentetii
963 670 1068 701 nervis

63 713 133 738 tam
156 708 216 738 citi
240 708 348 741 obitus
372 708 496 741 causam
534 719 673 749 repetere
688 735 697 749 ,
721 710 779 744 nisi
814 712 934 744 certior
966 709 1069 745 fastus

62 746 160 788 esset,
182 749 286 796 nullar
309 750 513 793 convulsiones
534 759 606 784 ante
628 760 757 794 mertem
772 778 782 794 ,
805 753 942 787 vomitus
964 761 1069 787 autem

58 788 239 834 frequentes
265 793 377 827 suisse:
404 805 588 835 quanquam
614 795 735 829 intimae
749 795 911 830 viscerum
932 797 1066 830 convul-

63 833 166 868 fiones
189 834 317 870 fortasse
341 836 496 870 adstantes
520 838 705 871 latuerunt.
728 841 830 873 Certe
851 840 909 873 etsi
934 840 1066 874 vulnera

64 876 169 911 fundo
192 880 365 913 ventriculi
388 880 514 913 infliera
538 881 623 913 intra
650 882 745 916 breve
770 892 895 924 tempus
928 883 1068 925 plerum-

63 932 126 963 que
149 922 317 961 occidere,
341 924 433 966 supra
466 925 480 961 (
503 934 520 955 a
544 926 555 962 >
579 936 595 957 a
634 924 747 962 nobis,
772 926 956 969 produffis,
982 924 1069 959 indi-

63 965 206 1007 catisque
228 966 407 1008 praesertim
432 966 752 1009 observationibus,
775 968 1004 1003 confirmatum
1016 971 1068 1002 vi-

63 1007 162 1046 disti,
185 1017 251 1042 tam
275 1010 393 1052 exiguo
416 1017 522 1042 tamen
555 1011 660 1051 spatio
693 1011 876 1052 robustum,
899 1023 934 1047 ac
956 1012 1066 1045 sanum

63 1052 172 1085 virum
195 1051 410 1092 interemisse,
434 1063 537 1094 neque
571 1054 807 1095 MauchartuS,
832 1065 866 1090 ut
900 1064 1030 1098 apparet
1054 1080 1065 1096 ‚

63 1095 220 1134 credidit,
247 1107 348 1140 neque
372 1097 451 1129 alios
475 1096 630 1131 facillime
651 1096 830 1133 credituros
853 1098 912 1132 effe
934 1121 946 1138 ‚
980 1099 1067 1131 arbi-

63 1148 209 1176 tramur.
318 1141 444 1173 Verum
457 1139 494 1173 ad
507 1152 540 1173 ea
552 1152 625 1183 quae
647 1140 778 1183 ipsemet
792 1142 880 1181 vidi,
893 1142 1068 1178 redeamus.

106 1194 160 1225 37.
183 1183 435 1218 MOLITORI
460 1183 583 1217 famulo
596 1196 694 1217 unum
720 1185 811 1227 supra
836 1187 1067 1227 vigintiannos

63 1235 141 1260 nato
158 1249 167 1265 ,
193 1225 294 1264 sano,
319 1226 474 1266 robusto,
499 1228 689 1269 optimoque
702 1228 971 1270 corporishabitu
984 1240 1066 1270 prae-

63 1269 158 1310 dito,
183 1270 216 1304 id
240 1269 356 1304 accidit
370 1269 641 1313 quodjuvenibus
653 1272 843 1310 audacibus,
867 1271 1062 1305 minacibus-

63 1325 145 1356 que,
171 1314 274 1356 qualis
297 1312 361 1356 ipse
383 1323 475 1353 erat,
499 1312 611 1356 saepius
635 1314 715 1348 solet
738 1338 748 1353 ,
783 1324 818 1348 ut
842 1314 959 1349 lethale
991 1315 1063 1348 vul-

64 1368 123 1390 nus
147 1359 325 1400 acciperet.
350 1354 521 1392 Infliftum
545 1357 606 1390 hoc
628 1357 734 1391 fuerat
758 1358 894 1392 lanionis
909 1358 1062 1392 cultroin

62 1401 268 1443 Epicolicam
291 1402 456 1443 regionem
482 1399 659 1435 sinistram.
687 1403 734 1436 Ut
759 1411 836 1435 tunc
860 1411 926 1435 etat
959 1402 1061 1443 prima

63 1444 170 1477 noetis
193 1445 306 1487 vigilia
321 1468 329 1484 ,
352 1443 485 1478 domum
510 1455 564 1486 per
589 1443 617 1477 se
629 1444 745 1478 rediit.
769 1445 866 1478 Mane
890 1447 924 1479 in
948 1445 1061 1478 Noso-

62 1490 207 1521 comium
232 1488 341 1521 illatus
364 1510 375 1528 ,
409 1491 439 1521 &
463 1499 480 1521 a
504 1486 635 1520 Medico
661 1512 670 1527 ‚
704 1487 935 1530 Chirurgoque
957 1488 1062 1521 curari

62 1541 190 1573 coeptus
212 1531 274 1565 est.
301 1531 351 1564 Eo
374 1531 425 1564 die
448 1530 526 1565 levis
550 1529 647 1564 febris
671 1530 754 1564 fuit.
779 1531 839 1565 Sed
869 1532 962 1564 noete
986 1542 1061 1572 pro-

60 1576 147 1609 xima
172 1577 202 1607 &
227 1576 376 1615 vomuit,
401 1577 431 1606 δε
455 1585 494 1606 ex
515 1574 709 1607 convulfivis
732 1574 927 1608 subsultibus
939 1574 1061 1617 semper

61 1619 218 1652 tremuit.
243 1619 357 1659 Sicque
381 1627 521 1650 tremens
544 1618 695 1658 postridie
709 1629 798 1651 mane
820 1617 1059 1660 quadragesima

58 1663 191 1696 circiter
214 1660 291 1694 hora
315 1661 355 1693 ab
379 1669 512 1701 accepto
535 1660 663 1693 vulnere
688 1671 834 1694 mortuus
865 1660 926 1694 est.

59 1705 295 1738 CADAVER
320 1704 469 1746 proximo
489 1703 541 1736 die
565 1705 620 1746 qui
645 1702 708 1737 fuit
732 1706 791 1737 XI.
817 1704 892 1737 Kal.
918 1703 1060 1738 Februa-

59 1750 124 1782 rias
151 1750 192 1780 A.
221 1747 314 1790 1738.
341 1745 785 1789 multisqueinsequentibus‚
809 1748 903 1780 nobis
919 1747 956 1780 ad
971 1750 1060 1780 Ana-

59 1800 173 1825 tomen
196 1802 294 1833 quam
318 1792 352 1823 in
374 1788 557 1831 Gymnafio
579 1790 692 1824 docere
710 1801 930 1832 coeperamus,
952 1794 1062 1823 conti-

60 1833 221 1869 nuandam
243 1845 282 1867 ex
306 1833 364 1867 usu
388 1831 473 1866 fuit.
607 1832 806 1866 Abdominis
830 1833 965 1868 musculi
990 1836 1062 1867 Ob-

59 1880 167 1921 liqui,
193 1880 223 1909 &
248 1875 461 1910 Transversus
485 1876 518 1908 in
542 1887 576 1909 ea
600 1887 695 1918 quam
727 1877 867 1910 indicavi
890 1900 899 1915 ‚
933 1878 1062 1918 regione

59 1923 179 1967 pertusi
205 1930 293 1953 erant
317 1920 448 1954 vulnere
471 1918 551 1953 duos
572 1918 671 1953 ferme
693 1920 814 1962 digitos
845 1920 1060 1953 admittente:

59 1968 211 2008 interque
232 1965 305 1997 illos
328 1974 380 1996 aer
403 1962 541 1996 subierat
558 1985 567 2000 ,
591 1972 627 1996 ut
649 1964 780 1996 initium
817 1961 881 2005 jam
906 1963 980 1997 esset
1014 1961 1060 1996 fa-

58 2012 148 2045 &um
171 2008 259 2051 quasi
284 2005 551 2048 emphysematis.
578 2008 608 2039 Is
631 2007 911 2045 aerevulnerato‚
933 2016 969 2040 ut
985 2018 1061 2041 mox

58 2055 185 2089 dicetur
208 2074 220 2091 ,
252 2050 341 2085 Colo
364 2050 520 2082 intestino
550 2051 584 2082 in
607 2061 722 2084 cavum
746 2050 868 2083 ventris
890 2049 1025 2093 egressus
1049 2075 1059 2090 ‚

57 2098 145 2132 hunc
169 2093 381 2128 distenderat.
410 2093 523 2133 Neque
547 2104 598 2126 aer
621 2092 724 2126 solum
748 2105 789 2126 ex
812 2093 870 2126 illo
894 2093 1059 2135 prodierat

55 2140 232 2175 intestino,
259 2147 370 2170 verum
394 2138 491 2169 etiarn
505 2145 719 2173 recrementa5
744 2146 780 2169 ut
803 2137 924 2170 cumin
947 2145 1059 2169 ventre

56 2183 177 2219 humor
201 2181 275 2214 esset
299 2177 415 2213 effusus
439 2180 476 2212 ad
500 2180 596 2213 libras
619 2179 719 2216 duas3
745 2190 814 2220 pars
836 2178 932 2220 hujus
956 2180 1060 2212 maxi-

58 2240 112 2262 ma
136 2238 176 2259 ex
200 2224 406 2258 recrementis
429 2221 503 2256 esset
519 2246 530 2262 ‚
555 2224 688 2256 minima
722 2233 759 2255 ex
791 2222 962 2263 sanguine3
986 2222 1059 2256 nul-

58 2272 128 2305 lum
152 2269 237 2302 enim
261 2267 383 2308 insigne
409 2277 461 2299 vas
484 2265 594 2299 laesum
617 2265 720 2299 fuerat
738 2289 746 2297 .
772 2265 899 2298 Scilicet
922 2265 1024 2299 culter
1046 2291 1058 2306 ,

56 2313 253 2351 abdomine,
277 2319 313 2343 ut
345 2310 491 2343 dicebam
506 2335 514 2349 ,
538 2308 714 2347 transfixo,
739 2309 872 2351 oblique
905 2308 1025 2342 sursum
1048 2331 1059 2347 ‚

56 2355 302 2397 introrsumque
327 2363 529 2395 perrexerat,
553 2353 877 2395 &primumquidem
890 2351 958 2394 ejus
970 2352 1059 2394 quod

58 2399 262 2437 memoravi,
285 2396 424 2429 intestini
448 2395 692 2438 respondentem
717 2405 839 2437 partem
861 2395 903 2429 sic
935 2395 1059 2428 incide-

58 2456 131 2481 rat,
156 2451 191 2476 ut
216 2441 308 2475 simul
323 2441 487 2476 anterior,
509 2440 708 2482 &posterior
719 2438 914 2481 ejusfacies,
939 2440 970 2471 Sc
985 2449 1058 2480 quae

58 2501 77 2522 a
100 2490 201 2522 latete
224 2484 386 2518 vertebras
409 2483 550 2524 speetu,
574 2481 703 2516 discissae
729 2506 738 2521 ,
771 2483 834 2515 aeri
858 2507 866 2521 ,
901 2483 931 2514 &
955 2492 1058 2515 recre-

57 2531 175 2566 mentis
198 2530 321 2562 exitum
345 2529 378 2559 in
404 2536 546 2559 ventrem
570 2527 707 2559 darent.
732 2525 811 2559 Inde
835 2534 939 2558 autem
963 2535 1059 2566 rene,

57 2578 92 2609 &
113 2571 366 2616 diaphragmatis
390 2569 565 2612 appendice
589 2567 712 2606 illaesis,
736 2567 939 2605 Quadratum
975 2568 1061 2601 lum-

56 2619 175 2653 borum
198 2615 380 2649 musculum
404 2613 628 2652 transfixerat,
651 2612 797 2655 ultraque
816 2612 945 2646 huncin
969 2623 1061 2645 com-

59 2673 154 2696 mune
178 2659 258 2693 illud
279 2657 507 2696 ‘Sactolumbi,
533 2659 562 2688 δι
587 2654 778 2697 Longiffimi
807 2654 889 2689 dorfi
925 2655 1058 2689 initium

57 2705 101 2739 fic
125 2710 344 2745 penetraverat
371 2722 381 2737 ‚
413 2710 449 2733 ut
471 2698 509 2733 de
532 2699 715 2731 tendinibus
745 2709 783 2731 ex
807 2698 869 2732 hoc
891 2698 989 2731 initio
1021 2699 1058 2733 ad

58 2746 250 2782 transversos
274 2744 471 2777 lumbarium
495 2743 712 2775 vertebrarum
737 2741 894 2783 processus
927 2741 1059 2783 oblique

58 2788 302 2826 ascendentibus
326 2796 405 2819 unus
428 2784 511 2818 haud
534 2787 691 2823 omnino,
719 2784 769 2819 sed
792 2808 802 2825 ,
835 2784 921 2827 quod
956 2787 1060 2819 multo

57 2834 151 2877 pejus
174 2831 286 2866 haberi
310 2828 414 2867 nosti,
437 2840 475 2861 ex
497 2838 588 2873 parte
611 2828 780 2861 dumtaxat
812 2828 887 2862 esset
921 2827 1059 2863 incisus.

57 2879 148 2912 Hinc
172 2877 273 2918 igitur
295 2872 417 2906 causam
441 2872 583 2913 plerique
607 2869 736 2904 fortasse
751 2873 945 2913 praecipuam
958 2870 1059 2905 dedu..

57 2920 172 2955 xiffent
195 2928 293 2960 quare
315 2914 506 2949 convuliivis
540 2914 735 2948 subsultibus
765 2914 928 2948 confectus
950 2913 1022 2947 esset
1045 2938 1059 2955 ‚

59 2962 237 3007 praesertim
260 2971 333 2993 cum
357 2958 529 2992 sauciatum
553 2958 739 2991 intestinum
763 2970 801 2991 ne
833 2958 960 2992 ruberet
984 2960 1058 3000 qui-

57 3008 131 3041 dem
156 3028 167 3044 ‚
201 3012 255 3038 aut
290 3004 403 3035 liveret
430 3003 466 3035 ad
491 3013 558 3035 eam
583 2999 682 3042 ipsam
707 3010 828 3041 partem
851 3012 913 3043 qua
945 3001 1059 3034 vulnus

56 3049 217 3085 habebat.
242 3046 425 3080 Ventriculi
446 3043 563 3078 fundus
579 3067 588 3081 ,
612 3044 652 3078 ab
671 3046 823 3078 interiore
846 3044 928 3078 facie
952 3043 1057 3086 inspe-

55 3095 149 3133 fius,
170 3092 278 3125 tenuia
301 3087 425 3122 vascula
448 3087 501 3121 hic
525 3089 592 3121 illic
608 3089 644 3121 ad
660 3087 790 3129 aliquod
804 3089 941 3129 spatium
953 3089 1057 3120 osten-

57 3138 154 3171 debat
179 3134 327 3175 sanguine
351 3131 506 3164 distenta.
531 3130 791 3173 Caetetumjecur
802 3143 954 3173 magnum
967 3140 1054 3169 erat,

57 3184 92 3215 δε
114 3181 148 3212 in
171 3173 385 3211 transversum
398 3175 620 3216 praelongum‚
646 3185 682 3209 ut
702 3177 735 3207 in
754 3183 859 3208 totum
885 3185 1056 3216 propemo-

57 3223 137 3257 dum
159 3218 442 3263 hypochondrium
467 3216 626 3251 finistrum
661 3217 689 3251 se
722 3217 908 3251 extenderet
930 3241 940 3249 .
974 3217 1053 3250 Lien

57 3276 191 3309 quoque
215 3265 364 3305 longior,
388 3263 417 3293 &
440 3271 532 3301 aequo
558 3261 683 3302 maj0r3
706 3262 775 3304 ejus
798 3271 903 3294 autem
938 3262 1052 3294 arteria

58 3320 124 3343 non
148 3306 276 3340 tenuior
299 3304 397 3337 modo
421 3314 478 3345 pro
501 3315 535 3336 ea
559 3303 868 3344 praesertimizisceris
893 3305 1054 3344 magnitu-

57 3352 156 3391 dine,
181 3348 231 3382 sed
254 3351 286 3381 &
308 3348 478 3380 minimum
503 3347 669 3381 tortuosa.
692 3348 783 3381 Nam
808 3349 914 3380 minus
950 3348 1054 3379 tenui-

59 3404 161 3430 tatem
185 3394 317 3425 miratus
342 3390 433 3429 sum,
456 3400 529 3422 cum
555 3391 679 3424 arteriae
705 3392 831 3433 Magnae
845 3400 993 3423 truncum
1009 3391 1055 3422 ibi

62 3436 373 3473 animadverterem,
398 3441 433 3466 ut
457 3434 488 3464 in
514 3433 645 3467 thorace
667 3446 818 3476 quoque,
843 3434 1054 3474 angustiorem

59 3480 271 3526 proportione
295 3488 359 3509 non
384 3476 545 3518 adcorpus
556 3479 804 3513 tantummodo,
827 3487 936 3511 verum
960 3477 1054 3509 etiam

1971 219 2079 269 329⁶

1114 281 1259 316 foramen
1281 289 1348 314 erat
1375 282 1523 315 omnium
1547 282 1724 314 maximum
1735 291 1807 325 quae
1829 280 1934 315 videre
1949 279 2121 314 meminis-¹

1114 326 1198 359 sem.
1328 322 1479 358 Thorace
1521 334 1652 365 aperto,
1686 326 1854 366 pulmones
1888 324 2053 364 undique,
2083 321 2119 355 id

1116 369 1206 412 quod
1232 368 1337 400 minus
1358 365 1505 409 frequens
1529 367 1562 398 in
1587 366 1705 400 adultis
1728 368 1918 402 hominibus
1945 365 2030 405 effe,
2051 375 2119 397 non

1115 414 1269 454 ignoras;
1293 409 1413 443 solutos
1436 409 1568 452 quidem
1591 409 1763 452 conspexu
1786 411 1838 445 sed
1873 408 2122 444 Brouchialibus

1116 454 1274 499 glandulis
1297 453 1464 487 instruetos
1485 451 1572 495 justo
1596 452 1791 495 majoribus,
1815 465 1850 489 ut
1874 464 1935 487 una
1958 450 2126 493 compress

1117 500 1181 532 sam
1205 508 1319 531 nucem
1344 496 1538 531 mediocrem
1563 495 1664 531 ferme
1688 507 1847 539 aequaret.
1875 497 1913 530 In
1939 493 2122 537 pericardio

1117 553 1198 585 aqua
1221 551 1287 574 erat
1310 538 1503 579 flavescens,
1527 550 1582 573 nec
1608 540 1809 582 pauciffima.
1837 542 1907 574 Cor
1932 540 2041 582 potius
2054 548 2124 570 rna-

1118 596 1244 628 gnum,
1265 586 1297 617 in
1322 595 1425 625 eoque
1449 582 1597 624 sanguis,
1620 593 1656 618 ut
1680 584 1779 622 alibi,
1804 585 1894 627 niger
1917 596 1927 620 3
1963 582 2010 615 ibi
2045 591 2126 613 vero

1118 628 1215 662 etiam
1239 639 1278 661 ex
1302 636 1392 670 parte
1416 626 1524 669 aliqua
1547 627 1735 674 grumosus.
1762 628 1883 669 Magna
1897 626 2012 659 arteria
2036 624 2124 657 ultra

1120 680 1327 706 curvaturam
1352 670 1453 703 sulcos
1476 671 1562 711 quali
1578 669 1732 712 quosdam
1747 671 1899 704 interiore
1923 668 2004 701 facie
2018 667 2125 700 osten-

1119 716 1171 750 dit
1198 714 1368 748 secundum
1393 712 1631 754 longitudinem
1644 713 1777 747 ductos.
1908 713 2036 745 Caetera
2049 720 2125 753 quae

1120 761 1155 792 in
1179 758 1241 792 hoc
1262 758 1414 791 cadavere
1439 756 1609 793 adnotavi,
1634 755 1696 790 huc
1719 767 1782 789 non
1808 757 1968 790 attinent.

1163 802 1215 845 38.
1241 799 1310 834 Etsi
1334 801 1371 834 de
1398 798 1601 836 ventriculi,
1625 802 1655 831 ὃ(
1678 798 1914 833 Intestinorum
1931 820 1940 834 ‚
1964 799 1995 830 &
2019 795 2131 838 plero-

1120 856 1255 887 rumque
1279 845 1416 878 aliorum
1440 842 1595 876 viscerum
1618 853 1688 885 quae
1712 845 1744 876 in
1770 852 1878 876 ventre
1915 841 1988 875 sunt
2004 862 2013 877 ‚
2040 837 2131 874 Vulff

1120 889 1248 922 neribus
1271 888 1360 931 plura
1384 897 1422 919 ex
1448 885 1600 920 Valsalva
1615 910 1623 925 ‚
1647 889 1677 920 &
1701 887 1813 927 nobis,
1836 888 1866 919 δι
1901 885 1973 918 aliis
1999 881 2128 931 Obsssfi

1121 932 1290 965 vatoribus
1313 931 1372 964 hac
1395 928 1539 971 Epistola
1563 929 1711 972 accepisti
1733 943 1742 967 5
1767 939 1875 963 tamen
1900 929 1977 961 alias
2008 937 2046 959 ex
2068 924 2125 958 his

1120 976 1244 1008 ultimis
1266 973 1484 1008 indicabimus
1508 972 1654 1006 historias
1678 995 1687 1010 ,
1722 985 1801 1016 quas
1836 972 2074 1013 Sepulcbreto,
2100 966 2125 1003 fi

1119 1019 1222 1058 velis,
1244 1017 1381 1051 inseras.
1408 1017 1523 1058 Itaque
1547 1016 1584 1048 ad
1598 1014 1784 1049 Crassorum
1801 1016 2027 1049 intestinorum
2052 1011 2126 1045 vul-

1119 1073 1213 1098 nera,
1237 1061 1314 1095 Coli
1329 1060 1502 1096 videlicet,
1526 1070 1560 1091 ac
1574 1060 1694 1099 Reffi,
1717 1058 1967 1093 Observationes
1980 1056 2127 1097 (pestant

1119 1105 1257 1139 Harderi
1281 1108 1294 1143 (
1318 1102 1336 1135 h
1359 1107 1393 1146 ),
1418 1102 1676 1135 &Bautzmanni
1699 1105 1713 1141 (
1735 1103 1804 1144 c).
1832 1104 1869 1136 ln
1892 1101 1949 1136 hac
1974 1099 2016 1146 είζ
2029 1097 2127 1132 simul

1118 1148 1207 1191 quod
1232 1149 1267 1181 ad
1295 1146 1539 1189 Diaphragma,
1563 1146 1596 1178 in
1621 1146 1677 1178 illa
1689 1146 1777 1188 quod
1801 1146 1839 1179 ad
1852 1145 1941 1182 clivli
1957 1167 1967 1182 ‚
1994 1144 2016 1175 si
2041 1142 2126 1174 reete

1119 1190 1292 1232 intelligo,
1316 1190 1592 1231 Receptaculum,
1615 1198 1701 1222 certe
1714 1199 1819 1222 autem
1832 1189 1920 1230 quod
1946 1187 1982 1220 ad
1995 1187 2125 1220 Renem

1118 1234 1386 1270 convulneratum
1412 1234 1570 1274 pertineat
1585 1256 1593 1265 .
1616 1231 1721 1272 Cujus
1745 1232 1783 1265 de
1819 1232 1947 1264 vulnere
1975 1226 2126 1272 Epistola

1116 1289 1250 1322 quoque
1275 1277 1434 1319 superiore
1458 1276 1511 1317 (d
1532 1279 1546 1315 )
1571 1277 1693 1309 mentio
1715 1273 1798 1308 faeta
1823 1275 1866 1308 est
1882 1298 1890 1306 .
1916 1274 2015 1307 Nunc
2039 1273 2128 1304 Lau-

1116 1323 1163 1356 bii
1189 1322 1237 1363 (e
1260 1323 1274 1359 >
1297 1319 1431 1353 addetur
1465 1318 1662 1352 Observatio
1678 1342 1686 1357 ‚
1719 1330 1756 1352 eo
1788 1317 2014 1359 spectabilior,
2037 1313 2129 1358 quod

1116 1365 1217 1400 culter
1242 1375 1298 1406 per
1322 1364 1462 1396 medium
1485 1362 1604 1396 lienem
1628 1361 1665 1395 ad
1689 1373 1796 1395 renem
1819 1361 1978 1395 sinistrum
2012 1370 2127 1402 perve-

1117 1417 1208 1442 nerat
1231 1432 1239 1440 .
1274 1408 1384 1440 Lienis
1416 1414 1522 1438 autem
1560 1407 1622 1439 erit
1646 1406 1744 1439 altera
1769 1416 1808 1438 ex
1835 1405 1977 1438 Bernero
2000 1399 2085 1445 (f)
2114 1424 2128 1433 ·

1116 1453 1221 1486 Porro
1244 1450 1283 1484 ad
1305 1450 1431 1492 Jecoris
1455 1449 1586 1482 vulnera
1610 1471 1620 1486 ‚
1654 1458 1768 1491 praeter
1790 1449 1937 1487 exempla
1963 1447 2016 1480 illa
2051 1457 2132 1493 quaes

1115 1495 1268 1529 extremis
1301 1492 1518 1534 superioribus
1553 1493 1684 1525 Litteris
1707 1495 1796 1535 (g)
1843 1491 1984 1525 indicata
2019 1489 2089 1522 sunt
2115 1511 2132 1529 ,Ἰ

1116 1539 1177 1572 alia
1205 1537 1347 1571 ssohnius
1369 1538 1383 1575 (
1405 1534 1426 1567 h
1448 1538 1464 1574 )
1484 1534 1597 1574 dabit,
1620 1535 1657 1567 ad
1670 1535 1725 1568 has
1751 1535 1800 1567 vel
1820 1535 1919 1575 magis
1931 1533 2130 1571 attinentia4

1114 1581 1252 1616 Nullius
1276 1589 1382 1613 autem
1405 1589 1445 1611 ex
1470 1579 1590 1610 ventris
1616 1577 1791 1611 visceribus
1816 1577 1978 1619 profunda
1993 1577 2126 1610 vulnera.

1112 1626 1255 1662 certius,
1279 1633 1332 1656 aut
1356 1623 1454 1655 citius
1476 1632 1573 1663 quam
1598 1619 1714 1662 hujus,
1738 1620 1811 1654 sunt
1836 1620 1966 1655 lethalia
1990 1629 2125 1661 propter

1113 1668 1267 1701 vasorum
1290 1675 1360 1698 tum
1386 1665 1667 1707 multiplicitatem
1681 1673 1782 1706 ‚jtum
1807 1674 1873 1706 quo
1898 1664 1997 1705 magis
2011 1663 2047 1696 ad
2058 1662 2128 1696 dia-

1112 1711 1272 1754 phragma
1296 1709 1480 1748 acceditur,
1502 1707 1760 1742 craffitudinem.
1784 1707 2010 1748 Qamobrem
2045 1705 2125 1740 scite

1115 1755 1284 1788 Homerus
1308 1752 1355 1795 (i
1378 1756 1388 1791 )
1411 1756 1449 1785 de
1475 1751 1647 1794 Eurypylo
1680 1751 1820 1784 lanceam
1852 1750 2035 1794 jaculante,
2054 1759 2126 1791 per-

1114 1797 1218 1839 vasit,
1246 1796 1357 1838 inquit
1373 1820 1382 1834 ,
1402 1793 1497 1836 hepar
1514 1793 1625 1837 subter
1644 1795 1811 1835 praecordia
1837 1807 1847 1825 .-
1873 1794 1983 1833 statim
2019 1801 2126 1826 autem

1111 1850 1212 1882 genua
1227 1838 1353 1881 fluvit,
1378 1840 1409 1871 δε
1434 1838 1512 1871 alibi
1534 1840 1548 1876 (
1570 1836 1589 1876 l<
1611 1840 1622 1875 )
1645 1837 1684 1871 de
1707 1837 1881 1875 Patroclo,
1903 1835 2048 1879 percuffit
2071 1833 2126 1868 ubi

1114 1890 1233 1916 mentes
1250 1881 1379 1925 fingunt
1402 1881 1485 1914 circa
1504 1881 1640 1928 prudens
1650 1891 1722 1914 cor.-
1745 1881 1858 1915 cecidit
1868 1889 1974 1915 autem
1993 1893 2002 1913 :
2027 1891 2125 1924 quem

1116 1925 1156 1959 ad
1179 1927 1289 1959 locum
1310 1925 1356 1959 ob
1379 1925 1511 1958 verbum
1530 1924 1656 1966 fingunt
1677 1926 1905 1959 commentarii
1939 1924 2036 1958 instar
2059 1924 2126 1956 erit

1113 1970 1203 2012 quod
1227 1971 1261 2002 in
1284 1968 1371 2002 libro
1392 1967 1547 2003 habemus
1570 1967 1610 2001 de
1635 1967 1757 2002 Morbo
1781 1970 1877 2002 Sacro
1900 1971 1914 2008 (
1937 1968 1948 2003 l
1969 1969 2006 2009 ).
2031 1968 2075 2000 Et
2088 1978 2127 2000 ne

1112 2024 1165 2048 me
1188 2012 1265 2046 hinc
1288 2011 1376 2046 forte
1400 2012 1571 2046 arbitreris
1594 2010 1632 2043 ad
1658 2013 1788 2045 Poetam
1815 2021 1931 2057 praeter
1956 2011 2125 2054 Majorumz

1111 2055 1382 2089 consuetudinem
1406 2054 1559 2099 digredi3
1585 2053 1656 2087 vide
1678 2067 1749 2097 quae
1773 2056 1810 2089 ad
1827 2056 1919 2090 illum
1932 2055 1970 2090 de
1986 2054 2125 2097 Ulysse,

1112 2101 1146 2132 δι
1166 2100 1314 2142 Cyclope
1338 2100 1479 2133 Homeri
1502 2098 1612 2131 locum
1638 2102 1648 2137 (
1673 2109 1702 2131 m
1725 2102 1762 2137 ),
1788 2099 1844 2133 ubi
1877 2109 1995 2134 mentes
2029 2099 2127 2142 hepar

1112 2141 1248 2181 habent,
1283 2143 1428 2176 Galenus
1451 2143 1470 2185 (
1488 2143 1542 2184 n)
1568 2141 1789 2176 adnotaverit.
1814 2141 2011 2178 Vulneratam
2045 2143 2127 2178 hanc

1111 2195 1244 2224 venam,
1270 2188 1394 2219 cavam
1429 2186 1608 2224 nimirum,
1633 2196 1695 2227 qua
1727 2185 1837 2228 jecur,
1861 2188 1894 2220 in
1926 2186 2017 2230 cujus
2050 2188 2124 2222 sub-

1111 2228 1224 2262 stantia
1246 2229 1350 2263 defixa
1374 2229 1443 2269 est,
1466 2228 1505 2262 ad
1528 2227 1737 2270 diaphragma
1761 2230 1873 2273 alligat
1893 2254 1904 2272 ,
1935 2239 1993 2265 aut
2014 2232 2121 2266 divul-

1107 2270 1200 2314 sam,
1224 2274 1355 2315 inquit,
1378 2280 1474 2307 acuta
1498 2272 1571 2306 adeo
1586 2270 1732 2313 sequitur
1743 2284 1848 2311 mors,
1872 2282 1907 2307 ut
1918 2285 1988 2308 cum
2012 2274 2119 2315 Cyclo-

1108 2315 1167 2356 pt',
1193 2326 1367 2357 quanquam
1389 2317 1480 2356 longe
1503 2316 1639 2348 maximo
1662 2339 1670 2352 ‚
1696 2314 1953 2359 sapienttffimum
1986 2318 2119 2362 Ulyffem

1112 2360 1210 2391 Poeta
1226 2358 1377 2400 scriberet
1399 2358 1563 2401 insidiari,
1587 2364 1774 2401 mortemque
1786 2359 1958 2394 machinari
1970 2385 1982 2401 ‚
2002 2372 2059 2394 non
2082 2362 2118 2395 in

1114 2400 1210 2434 aliam
1233 2403 1366 2443 corporis
1388 2409 1513 2444 partem
1536 2400 1635 2442 ensem
1657 2401 1863 2443 impulsurum
1878 2402 1995 2447 fhiffe,
2013 2404 2120 2447 finxe-

1112 2444 1179 2483 rit,
1203 2456 1295 2487 quam
1318 2455 1377 2487 qua
1400 2444 1496 2486 hepar
1515 2442 1646 2486 phrenes
1670 2447 1848 2479 continent:
1870 2471 1878 2478 .
1892 2472 1899 2478 .
1916 2471 1944 2479 ..
1969 2449 2117 2483 adeocer-

1111 2493 1142 2519 te
1163 2486 1235 2522 huic
1257 2487 1321 2520 loco
1342 2487 1511 2530 confidebat
1526 2509 1536 2525 ‚
1561 2494 1598 2520 ut
1614 2486 1642 2528 fi
1663 2487 1789 2522 vulnere
1812 2485 1940 2531 affeb't'us
1962 2490 2052 2534 efflet,
2077 2503 2116 2527 ne

1110 2531 1261 2572 temporis
1284 2531 1405 2572 quidem
1428 2537 1618 2565 momentum
1628 2530 1734 2564 vivere
1745 2530 1803 2572 ipsi
1813 2532 1883 2577 effer
1890 2532 2093 2577 permissurus
2103 2544 2116 2570 .'

1111 2573 1173 2606 Sed
1196 2574 1397 2608 &Riolanus
1420 2574 1440 2616 (”
1455 2586 1470 2608 o
1492 2578 1507 2614 )
1529 2573 1691 2607 Calenum
1706 2575 1838 2616 laudat,
1860 2577 1947 2620 quod
1971 2577 2032 2611 hoc
2043 2579 2118 2611 Ho-

1111 2618 1192 2649 meri
1216 2615 1437 2651 testimonium
1462 2618 1660 2660 protulerit:
1712 2629 1871 2661 nanquam
1895 2623 2048 2655 memoria
2069 2622 2118 2656 la-

1111 2661 1205 2701 psus,
1226 2659 1314 2704 quod
1339 2670 1472 2703 uterque
1496 2657 1657 2696 fafflurum
1682 2629 1774 2695 iiiisse
1809 2662 1976 2704 Ulyssem,
2003 2664 2116 2707 ajunt,

1112 2703 1220 2747 reapse
1245 2702 1369 2740 fecisse,
1391 2704 1492 2738 dicit.
1518 2706 1547 2736 A
1564 2704 1701 2739 sauciata
1726 2715 1834 2739 autem
1855 2705 1936 2739 fellis
1960 2707 2113 2742 Veficula.

1112 2757 1189 2780 num
1213 2758 1300 2789 aeque
1323 2748 1426 2785 celer,
1452 2758 1487 2781 ac
1511 2749 1697 2790 repentinus
1730 2748 1841 2782 obitus
1872 2749 2041 2784 necessario
2073 2751 2114 2785 fit

1111 2790 1348 2831 expenandus,
1372 2790 1474 2823 sarisa
1496 2801 1545 2823 me
1570 2792 1616 2824 ΙΙ.
1643 2790 1780 2832 Epistola
1804 2794 1998 2826 Anatomica
2022 2798 2033 2833 (
2053 2795 2112 2837 p)

1109 2832 1269 2866 ostensum
1293 2832 1356 2873 est,
1379 2845 1452 2866 cum
1475 2835 1585 2866 omnia
1607 2835 1680 2876 quae
1717 2834 1755 2867 ad
1786 2833 1819 2869 id
1854 2835 1951 2879 usque
1985 2847 2113 2880 tempus

1109 2876 1265 2919 producta
1287 2876 1500 2914 dicebantur,
1524 2887 1586 2909 non
1613 2877 1710 2911 modo
1733 2879 1907 2918 avulnere,
1932 2878 1980 2913 sed
2002 2892 2112 2923 aqua-

1110 2930 1234 2961 cunque
1257 2920 1348 2952 causa
1363 2920 1449 2952 illius
1463 2920 1621 2960 ruptionis
1632 2921 1774 2962 exempla
1798 2921 1967 2964 perpendi.
1994 2925 2112 2958 Unum.

1110 2962 1278 2995 dumtaxat
1299 2985 1312 3002 ,
1346 2973 1400 2995 aut
1425 2963 1562 2996 alterum
1586 2963 1625 2996 ab
1647 2965 1706 2997 illo
1725 2972 1867 3006 tempore
1892 2965 2037 3000 additum
2061 2967 2111 3001 le-

1111 3003 1188 3048 giffe
1213 3007 1367 3045 memini,
1389 3017 1528 3047 quorum
1542 3007 1675 3040 alterum
1700 3006 1851 3049 inspicere
1875 3011 1997 3051 poteris
2021 3012 2107 3052 apud

1109 3048 1261 3088 Amplisl.
1286 3049 1492 3081 Swietenlum
1516 3054 1526 3088 (
1551 3060 1569 3091 q
1592 3053 1624 3088 ).
1651 3048 1807 3084 Vesiculae
1839 3052 1971 3094 quidem
1995 3055 2108 3088 vulne-

1106 3093 1158 3132 ri,
1180 3091 1316 3132 bilisque
1338 3093 1371 3124 in
1397 3093 1513 3125 ventris
1536 3104 1650 3126 cavum
1681 3092 1825 3127 effusioni
1857 3107 1927 3137 quae
1961 3097 2067 3131 statim
2093 3123 2105 3139 ,

1106 3138 1137 3167 δι
1160 3146 1230 3176 quae
1253 3134 1365 3168 deinde
1390 3133 1589 3168 successerint
1612 3147 1677 3169 non
1700 3137 1805 3178 levia,
1830 3138 1954 3172 videbis
1977 3151 1988 3178 3
2021 3149 2107 3175 atta-

1107 3189 1179 3211 men
1204 3188 1267 3210 non
1292 3188 1364 3211 ante
1386 3179 1449 3210 diei
1474 3177 1743 3221 septimiinitium
1767 3189 1906 3214 mortem
1929 3181 2105 3224 obtigisse.

1106 3222 1187 3254 I-Iaec
1211 3230 1316 3254 autem
1341 3223 1373 3253 in
1399 3221 1497 3254 altero
1520 3223 1665 3263 exemplo
1687 3223 1773 3264 quod
1790 3224 1926 3265 protulit
1949 3226 2001 3258 Cl.
2016 3227 2106 3260 Tac-

1105 3275 1204 3298 conus
1227 3267 1238 3302 (
1262 3274 1277 3295 r
1298 3267 1332 3302 ),
1356 3265 1488 3297 minime
1513 3265 1652 3306 accidit‚·
1675 3265 1723 3300 sed
1749 3268 1863 3299 mulier
1874 3268 1925 3302 cui
1951 3267 2102 3304 abscessus

1106 3307 1230 3349 hepatis
1242 3330 1249 3343 ,
1261 3318 1333 3339 cum
1345 3307 1521 3348 peritonaeo
1535 3318 1690 3342 conflatus
1700 3332 1711 3347 ‚
1724 3308 1837 3351 cystim
1850 3320 1977 3351 ruperat
1989 3335 2000 3352 ,
2011 3323 2104 3353 pror-

1106 3350 1155 3383 sus
1176 3349 1362 3383 convaluit.
1388 3351 1477 3388 Qun
1504 3350 1632 3384 Bohnio
1662 3351 1743 3393 (s)
1778 3353 1960 3394 adstipulari
1997 3356 2030 3388 in
2063 3369 2102 3390 eo

1108 3392 1202 3427 video
1237 3394 1289 3426 Cl.
1323 3393 1614 3430 Kaltschmidtium
1649 3396 1755 3437 (t),
1788 3395 1875 3438 quod
1909 3397 1971 3431 fine
2005 3400 2102 3440 cystis

1107 3436 1172 3469 bile
1216 3436 1281 3468 vita
1326 3436 1416 3478 poffit
1457 3437 1580 3470 diutius
1620 3437 1765 3479 protrahi
1795 3451 1802 3471 :
1836 3439 1903 3473 imo
1945 3441 2067 3475 censere
2088 3465 2100 3481 ,

1107 3491 1175 3512 eam
1222 3479 1320 3513 bilem
1354 3501 1366 3518 ‚
1414 3480 1500 3512 intra
1544 3479 1706 3514 abdomen
1749 3481 1879 3516 effusam
1915 3506 1927 3525 ,
1968 3485 2103 3526 praesen-

61 3526 100 3560 ad
124 3533 235 3557 venam
258 3520 357 3561 ipsam
382 3522 525 3557 Cavam‚
550 3519 640 3561 cujus
678 3523 710 3552 in
735 3521 824 3559 septo
857 3518 1055 3553 Transverso
1108 3532 1234 3556 rancum
1259 3533 1312 3565 per
1358 3522 1388 3556 se
1420 3534 1484 3556 non
1516 3522 1628 3558 afferre
1673 3525 1850 3567 periculum
1872 3552 1882 3560 .
2010 3529 2103 3563 Con-

147 3563 310 3607 Morgagni
332 3564 365 3595 de
378 3563 446 3596 Sed.
472 3562 610 3605 &caus
624 3562 722 3595 Morb.
748 3565 846 3596 Tom.
864 3565 909 3595 II.
1578 3567 1613 3600 T
1639 3576 1652 3599 t
2007 3579 2056 3605 tra

204 3676 225 3691 n,
246 3672 268 3693 9.
328 3665 341 3692 (
359 3663 372 3687 b
386 3664 400 3693 )
416 3665 478 3693 Eph.
497 3666 529 3688 N.
548 3666 576 3689 C.
594 3667 651 3689 Dec.
670 3672 682 3694 3
711 3667 738 3689 Α.
757 3674 777 3694 9.
794 3669 815 3690 8:
832 3674 870 3691 10.
888 3664 946 3688 obs.
964 3669 1001 3689 ει.
1066 3667 1080 3695 ζ
1096 3674 1107 3689 e
1121 3666 1136 3696 )
1154 3666 1214 3690 Ibid.
1233 3665 1294 3689 Obs.
1310 3674 1366 3695 234.
1428 3668 1443 3697 (
1458 3667 1474 3691 d
1491 3667 1505 3696 )
1519 3674 1544 3691 n.
1560 3674 1601 3695 40.
1894 3660 1903 3695 s

205 3698 263 3726 Eph.
281 3697 315 3718 N.
332 3697 362 3719 C.
379 3696 451 3719 cent.
470 3702 498 3720 ro
525 3694 578 3718 ΟΜ
602 3697 623 3719 8,

207 3727 275 3752 lliad.
292 3728 310 3750 l.
330 3732 364 3751 ιι.
426 3726 440 3754 ζ
455 3724 472 3749 k
488 3727 501 3753 )
520 3725 589 3750 Iliad.
606 3727 621 3749 l.
642 3728 679 3749 16.
740 3727 774 3755 (l
791 3728 800 3757 )
816 3735 837 3750 n.
856 3727 891 3751 18.

204 3758 365 3787 Anthropogr.
380 3757 398 3781 1.
415 3762 435 3779 1.
452 3763 474 3781 c.
492 3764 515 3790 ᾳ.
577 3758 589 3782 <
603 3762 620 3785 1>
638 3758 645 3784 l
661 3763 686 3779 n.
706 3759 742 3784 96.

383 3787 398 3816 (
413 3792 424 3811 ι
440 3787 453 3816 )
470 3786 566 3812 Differt.
582 3786 612 3812 de
629 3787 704 3813 vuln.
720 3788 809 3817 Hepat.
825 3787 847 3819 §-
862 3787 902 3818 48·

117 3669 134 3818 ΒΑΛ-κα

172 3669 188 3819 ννυψυ

144 3675 159 3692 a

141 3707 156 3722 e

149 3728 158 3750 ι’

148 3766 161 3781 ⁰
295 3787 298 3790 .

144 3788 165 3819 s
198 3795 222 3815 c.
236 3796 263 3819 4·
279 3792 322 3813 cit.

686 3695 753 3725 (f)
770 3697 821 3721 Αὲὶ.
840 3699 873 3721 Ν.
891 3697 920 3720 C.
938 3698 1014 3720 Tom.
1032 3704 1053 3720 ι,
1069 3696 1123 3720 Obs
1143 3700 1182 3725 69.

949 3727 958 3755 s
976 3735 999 3750 m
1014 3726 1027 3754 )
1045 3726 1128 3756 Odyls.
1144 3729 1163 3751 l.
1182 3735 1203 3755 9.

803 3758 818 3787 (
833 3766 848 3786 ᾳ
864 3758 878 3786 )
894 3758 995 3782 Comm.
1010 3757 1035 3781 in
1053 3757 1138 3782 Boerh.
1155 3757 1217 3788 Aph.
1237 3757 1261 3788 §.
1277 3764 1331 3788 312.

1245 3698 1257 3722 (
1272 3706 1290 3727 g
1306 3696 1321 3726 )
1336 3705 1358 3720 n.
1375 3704 1414 3725 41.
1475 3698 1489 3725 (
1506 3697 1520 3720 h
1538 3698 1551 3726 )
1567 3705 1587 3721 e.
1604 3705 1628 3727 4.
1646 3697 1711 3727 supra
1727 3699 1757 3723 ad
1773 3706 1796 3722 n.
1814 3704 1850 3728 36.
1865 3699 1907 3725 eit,

1267 3728 1329 3756 (n)
1350 3729 1386 3751 De
1403 3726 1453 3752 Usu
1468 3729 1533 3752 Part.
1550 3727 1608 3757 l.¹4.
1624 3735 1637 3751 c
1667 3737 1702 3757 ¹4-

1391 3758 1406 3788 (
1421 3767 1432 3784 ν
1449 3757 1463 3788 )
1479 3759 1513 3784 De
1529 3758 1588 3784 raris
1602 3759 1711 3789 quibusd.
1729 3759 1817 3789 nepat.
1834 3761 1877 3785 &1:-
1894 3760 1997 3788 observ.
