2498 4075
384 182 391 234 Ῐ
402 195 496 249 392

627 179 784 234 Liber
817 180 912 234 IV.
927 177 1013 232 De
1031 177 1238 231 Morbis
1255 175 1580 246 Chirurgicis
1597 216 1611 240 ‚
1647 178 1702 232 δι
1724 174 2110 231 Universalibus

338 258 467 295 ta'rchus
490 260 502 298 (
523 260 598 305 q),
621 260 690 295 Dio
711 261 725 298 (
749 270 764 292 r
788 260 821 297 ):
859 258 928 291 imo
961 254 1012 290 his
1042 256 1170 290 duobus
1212 266 1345 291 conten·
1395 253 1492 297 hujus
1516 253 1662 296 Vellejus
1685 255 1826 289 historiae
1849 254 1947 288 finem
1970 253 2073 293 fecit,
2096 262 2175 287 mox
2220 250 2322 295 ipsam
2366 251 2407 286 ad

335 301 427 337 ditur
450 324 460 340 ‚
493 311 647 344 majorem
671 301 732 335 esse
752 301 849 337 fidem
873 299 1078 338 habendam,
1103 301 1226 343 quippe
1251 300 1346 333 Grae·

336 347 405 383 eis,
436 355 540 388 eoque
576 345 609 378 in
643 343 775 378 historia
811 355 923 378 verum
957 343 1147 384 diligentius
1181 343 1345 385 inquirere

335 386 469 428 solitis,
490 397 587 430 quam
610 385 752 427 Latini,
775 390 807 421 &
831 388 865 419 in
889 398 922 420 re
946 386 1120 428 praesertim
1145 385 1183 419 ad
1206 395 1346 428 graecum

335 432 509 475 imperium
533 431 690 464 attinente
717 456 727 470 ‚
760 429 782 463 fi
811 429 879 463 loca
905 429 1051 463 attendas
1074 452 1083 466 ,
1119 430 1348 471 propioribus3

335 474 361 509 fi
385 475 579 509 documenta
606 499 615 513 ‚
640 473 923 507 instruffioribus.
947 472 1028 505 Non
1051 473 1094 506 est
1118 472 1198 505 mihi
1221 474 1253 505 in
1279 473 1350 506 ani·

335 528 393 551 mo
417 517 500 551 illud
520 515 744 555 Quinaftiliani
766 515 841 558 (s)
862 526 1139 549 commemorare:
1165 516 1280 548 Graecis
1303 514 1352 548 hi-

335 560 437 594 nortis
457 559 639 602 plerumque
662 560 790 602 poetica
806 559 923 601 similis
946 557 985 597 esi
1008 558 1157 596 licentia,
1184 558 1354 599 multoque

335 603 444 638 minus
468 607 479 643 (
502 609 517 635 t
533 602 551 644 )
578 603 732 646 quidquid
756 603 873 636 Graecia
897 601 1028 636 mendax
1050 602 1145 634 audet
1188 603 1220 634 in
1264 600 1353 641 histo-

338 646 412 680 ria:
436 647 518 690 quin
543 646 634 680 ultro
657 645 764 680 fateor
781 672 789 685 ‚
822 644 917 680 fuisse
962 656 1001 678 ex
1044 645 1172 678 Graecis
1215 644 1355 679 summos

341 689 553 727 Historicos,
575 700 715 733 quorum
740 701 801 732 ope
826 700 874 722 res
896 689 993 722 etiam
1042 688 1208 722 Romanas
1252 687 1350 721 disca-

342 742 438 771 mus,
463 731 643 775 praesertim
666 732 753 774 quod
779 732 817 766 ad
842 733 923 766 ritus
946 731 1065 765 attinet
1089 731 1254 774 publicos.
1282 731 1356 765 Hos

339 778 450 816 enim,
473 777 596 819 aliaque
621 773 882 818 ejusdemmodi,
904 784 941 808 ut
975 775 1010 806 in
1055 774 1194 815 quadam
1240 775 1356 808 Grotii

339 818 487 861 Epistola
512 817 618 860 legisse
644 819 776 857 videor,
801 818 960 852 adnotant
983 840 992 854 ,
1036 819 1233 859 traduntque
1280 816 1356 851 dili-

337 862 470 905 gentius
493 862 630 898 Exteri‚
654 872 753 904 quam
778 862 899 901 Cives,
923 861 979 905 qui
1004 872 1061 894 ceu
1073 861 1358 894 notiffimaomni-

338 906 399 939 bus
414 928 425 942 ‚
449 906 611 939 inutiliter
635 903 732 938 scribi
755 904 907 939 censent.
931 902 988 936 Sed
1015 906 1045 936 &
1068 916 1115 937 res
1139 905 1178 937 ab
1201 905 1358 938 Romanis

334 947 444 992 gestas
467 958 510 982 ex
533 949 659 990 magnis
702 948 769 982 illis
815 949 901 982 inter
924 947 1059 980 Graecos
1084 948 1260 981 Historicis
1284 959 1355 990 per-

337 992 460 1026 multas
481 990 652 1028 discimus,
676 991 710 1025 in
736 992 850 1035 primis
873 990 911 1024 ad
934 1002 968 1023 ea
994 991 1090 1032 usque
1113 1001 1258 1033 tempora
1281 993 1355 1033 qui-

337 1035 399 1070 bus
422 1034 550 1069 tandem
574 1034 684 1068 Latini
709 1033 764 1069 sua
786 1034 846 1077 ipsi
870 1034 955 1068 fa&a
993 1033 1171 1077 elegantius
1218 1033 1355 1068 scribere

339 1087 511 1121 coeperunt
525 1101 533 1109 .
556 1078 647 1112 Nam
671 1079 721 1112 vel
743 1077 782 1112 ab
805 1078 897 1113 initio
920 1087 1023 1111 rerum
1047 1081 1254 1119 Romanarum
1276 1100 1286 1115 ,
1318 1087 1354 1110 ut

340 1121 475 1156 testatur
499 1121 621 1156 Cicero
643 1126 655 1162 (
679 1132 699 1155 u
721 1124 756 1162 ),
781 1121 873 1164 usque
904 1122 944 1154 ad
974 1122 1012 1152 ‘P-
1045 1123 1188 1155 Mutium
1221 1120 1355 1163 ‘Pontifi-

341 1176 408 1200 cem
431 1165 611 1200 Maximum
633 1175 683 1199 res
705 1175 811 1199 omnes
828 1163 1022 1207 singulorum
1046 1174 1196 1198 annorum
1228 1167 1355 1198 manaa-

337 1207 395 1242 [παι
416 1208 536 1242 litteris
560 1205 712 1251 Pontifex
732 1211 825 1242 Max.
850 1209 1001 1248 Quorum
1023 1208 1202 1241 Annalium
1243 1207 1354 1240 simili-

338 1251 488 1285 tudinem
511 1250 629 1285 multos
646 1251 773 1295 secutos
797 1249 879 1288 effe,
901 1250 1005 1286 dicit3
1028 1251 1081 1291 qui
1096 1250 1162 1292 fine
1184 1249 1263 1283 ullis
1305 1262 1353 1283 or-

339 1295 497 1328 namentis
519 1295 709 1329 monimenta
726 1292 829 1337 solum
851 1301 1045 1334 temporum,
1071 1291 1229 1340 hominum
1251 1317 1264 1333 ,
1307 1294 1353 1327 lo-

337 1348 443 1371 corum
464 1360 476 1378 ,
506 1337 716 1381 gestarumque
739 1347 843 1370 rerum
866 1336 1080 1378 reliquerunt,
1105 1345 1140 1369 ut
1165 1347 1267 1377 major
1289 1338 1354 1370 Ca-

338 1389 376 1414 to
392 1403 402 1420 ‚
427 1382 459 1413 ἃ
481 1382 617 1421 Ρίἃοῑ,
638 1382 670 1413 &
694 1379 786 1414 Piso:
811 1391 882 1423 quae
906 1378 997 1413 causa
1021 1380 1171 1413 videlicet
1195 1379 1262 1414 fuit
1295 1392 1354 1416 cur

343 1423 382 1457 ad
407 1434 467 1458 nos
489 1435 603 1459 eorum
628 1424 752 1467 Scripta
778 1434 844 1457 non
870 1423 1077 1466 pervenerint
1123 1433 1236 1457 contra
1257 1447 1271 1464 ,
1316 1436 1352 1459 ac

339 1468 444 1502 multa
467 1467 601 1502 illorum
625 1468 683 1509 qui
707 1465 776 1509 post
799 1478 851 1501 eos
877 1467 1041 1500 Romanas
1064 1477 1112 1499 res
1135 1467 1282 1501 ornatius
1306 1469 1352 1501 la·

338 1512 407 1545 tine
431 1509 566 1545 scribere
588 1511 823 1545 instituerunt.
847 1510 925 1550 Qo
948 1521 987 1543 ex
1011 1518 1158 1552 tempore
1190 1521 1241 1544 me
1286 1522 1351 1544 non

336 1554 459 1597 injuria
483 1554 644 1588 faeturum
668 1563 769 1597 puto,
794 1553 815 1587 si
839 1553 878 1588 de
901 1553 1000 1586 modo
1045 1555 1091 1587 rei
1138 1554 1313 1595 praesertim
1337 1578 1347 1593 ‚

290 1635 294 1637 μ
337 1608 437 1640 quam
457 1596 514 1631 hic
536 1596 736 1640 spe&amus‚
761 1600 904 1631 neutrius
928 1597 1027 1638 partis
1050 1597 1187 1639 gloriam
1232 1610 1350 1641 augen-

341 1650 395 1681 te,
418 1640 488 1683 plus
511 1642 567 1674 uni
592 1642 713 1675 Latino
736 1642 865 1674 credam
888 1641 920 1673 in
947 1640 1093 1674 Romana
1117 1640 1250 1684 quidem
1295 1640 1347 1676 hi-

338 1684 461 1724 storia,
485 1695 583 1727 quam
606 1684 731 1718 Graecis
754 1682 899 1717 duobus.
924 1682 978 1715 Ad
1002 1684 1185 1717 Romanam
1212 1694 1316 1719 autem
1339 1708 1350 1724 ,

337 1739 377 1762 an
402 1726 440 1760 ad
464 1727 613 1761 Graecam
637 1726 806 1762 historiam
831 1726 949 1769 spectet
972 1726 1093 1760 bellum
1118 1726 1158 1760 ab
1181 1729 1348 1771 Augusto,

338 1771 455 1809 vietis,
478 1773 509 1805 δι
533 1772 572 1806 ad
597 1773 713 1805 mortis
736 1770 946 1805 neceffitatem
971 1769 1090 1804 adactis
1113 1772 1286 1812 Antonio,
1318 1775 1349 1805 &

339 1814 539 1857 Cleopatra,
563 1813 767 1853 confectum,
792 1813 873 1857 quid
896 1814 1012 1847 attinet
1035 1812 1196 1847 ostendere
1217 1837 1232 1854 ,
1274 1827 1348 1849 curn

338 1860 369 1891 ἃ
394 1856 460 1892 dux
483 1867 619 1901 uterque
641 1858 830 1895 Romanus,
853 1858 884 1889 &
907 1857 983 1891 belli
1008 1859 1177 1899 praemium
1209 1860 1347 1901 AEgypti

337 1911 475 1943 regnum
500 1901 624 1939 fuerit,
648 1903 682 1936 in
707 1902 893 1935 Romanam
918 1901 1120 1943 provinciam
1143 1901 1307 1936 reda&um
1333 1902 1348 1935 ,ἓ

337 1947 385 1978 At
408 1946 493 1978 enim
517 1949 547 1979 δι
570 1946 746 1988 Cleopatra
769 1945 885 1978 Graeca
910 1954 1000 1986 erat,
1025 1946 1055 1977 ὅ(
1087 1945 1279 1979 Graecorum
1311 1947 1347 1980 id

339 1999 475 2031 regnum
490 2015 500 2029 ‚
524 1999 560 2023 ut
583 2000 724 2032 quorum
748 1989 945 2031 imperium,
967 1991 998 2022 &
1042 1987 1154 2031 lingua
1200 1989 1345 2031 vigerent

337 2032 546 2067 Alexandriae
561 2057 569 2066 .
595 2033 723 2070 Fuerit;
747 2033 821 2075 quis
841 2033 927 2065 enim
951 2033 1070 2074 negat?
1101 2034 1133 2065 &
1176 2033 1309 2074 Reginae
1330 2055 1343 2073 ,

336 2078 371 2109 δι
394 2078 485 2119 regni
511 2089 526 2110 a
550 2076 678 2110 Graecis
704 2078 826 2109 vetusta
848 2076 962 2119 origo.
990 2076 1083 2109 Num
1107 2075 1222 2109 Graeca
1267 2088 1344 2117 pro-

337 2128 447 2162 pterea
471 2122 501 2154 δι
524 2121 628 2163 leges,
652 2123 685 2153 δε
709 2118 876 2158 instituta,
899 2122 931 2153 &
963 2120 1075 2162 lingua
1097 2140 1108 2158 ,
1154 2130 1193 2152 an
1241 2121 1344 2162 AEgy-

336 2163 431 2207 ptia‚
456 2175 493 2196 an
519 2164 579 2197 alia
605 2164 674 2205 post
699 2174 799 2197 annos
821 2162 886 2205 jam
911 2173 1012 2206 prope
1035 2171 1195 2196 trecentos
1227 2162 1261 2195 in
1305 2175 1344 2197 eo

339 2216 412 2240 tum
437 2218 536 2249 regno
560 2205 840 2241 dominabantur?
862 2206 955 2249 cujus
982 2209 1086 2247 Reges
1110 2205 1175 2248 jam
1188 2214 1279 2240 antea
1292 2206 1344 2240 vel

337 2259 374 2283 ne
398 2250 582 2293 AEgyptiam
607 2251 730 2292 quidem
753 2250 896 2292 linguam
918 2248 1071 2292 didiciffe,
1107 2249 1159 2283 vel
1201 2251 1345 2284 Macedo-

338 2293 440 2327 nicam
465 2292 641 2339 reliquisse,
663 2293 783 2327 fatetur
805 2293 870 2334 ipse
896 2292 1084 2327 Plutarchus
1107 2296 1118 2332 (
1141 2292 1222 2334 x),
1245 2305 1349 2335 popu-

342 2336 366 2370 li
391 2346 497 2371 autem
522 2339 578 2370 illa
604 2348 674 2377 pars
699 2348 770 2380 quae
793 2336 832 2370 ab
854 2337 982 2379 antiquo
1008 2348 1045 2372 ex
1069 2336 1183 2370 Graecis
1207 2335 1312 2371 fuerat
1336 2363 1345 2378 ‚

339 2383 373 2415 δι
398 2382 570 2414 communis
592 2384 764 2414 Graecorum
787 2380 1016 2423 consuetudinis
1038 2379 1120 2413 haud
1150 2380 1312 2414 immemor
1332 2404 1345 2421 ,

338 2424 406 2468 jam
433 2423 563 2466 Polybii
586 2433 699 2463 aetate,
725 2433 761 2457 ut
785 2423 904 2457 Strabo
941 2423 1028 2465 (y)
1073 2423 1188 2461 docet,
1213 2434 1346 2457 evanue-

340 2476 410 2501 rat.
436 2467 526 2501 Nam
548 2469 635 2510 quod
662 2466 872 2504 Plutarchus,
898 2469 929 2499 &
955 2465 1025 2500 Dio
1050 2466 1128 2500 locis
1152 2468 1344 2508 propiores,

337 2512 542 2546 documentis
565 2510 781 2544 instruitiores
803 2508 894 2544 fuisse
917 2510 1092 2548 dicuntur,
1116 2520 1184 2543 tam
1207 2510 1343 2553 longum

337 2554 382 2588 est
404 2553 612 2588 intervallum
637 2553 727 2596 quod
750 2553 935 2600 Boeotiam,
959 2556 989 2586 &
1013 2553 1223 2595 Bythiniam,
1257 2554 1341 2588 unde

339 2598 389 2631 illi
413 2606 527 2637 erant,
548 2596 587 2630 ab
611 2599 759 2639 AEgypto
782 2597 961 2638 disjungit,
988 2605 1022 2628 ut
1048 2609 1111 2629 non
1136 2606 1229 2630 tanto
1274 2609 1341 2630 ma-

340 2639 390 2686 jus
411 2641 549 2682 denique
572 2639 677 2674 videri
700 2640 813 2674 debeat
837 2639 924 2683 quod
947 2641 1029 2673 inter
1053 2639 1158 2678 hanc,
1193 2640 1340 2674 Italiam-

339 2696 403 2726 que
426 2682 646 2725 interjicitur.
671 2685 718 2716 At
742 2685 848 2717 minus
870 2693 977 2722 certe,
1001 2682 1035 2716 id
1059 2686 1147 2726 quod
1180 2685 1339 2726 praecipue

339 2730 374 2761 in
398 2727 572 2762 Historicis
597 2725 801 2770 spectandum
826 2727 890 2764 est,
934 2727 1141 2760 intervallum
1187 2731 1342 2768 temporis

340 2771 427 2812 fuit,
450 2783 515 2813 quo
537 2772 672 2814 propior
694 2771 878 2813 Cleopatrae
903 2771 1003 2803 morti
1028 2768 1171 2811 Vellejus
1193 2791 1203 2807 ,
1245 2782 1342 2812 quam

339 2814 551 2852 Plutarchus3
576 2817 608 2847 &
633 2815 801 2854 AElianus,
824 2825 920 2856 quam
946 2814 1033 2847 Dio.
1058 2815 1264 2847 Documenta
1289 2827 1342 2848 au-

339 2867 406 2890 tem
431 2869 506 2891 num
531 2859 670 2891 certiora
696 2856 906 2891 Plutarchum
921 2855 1073 2900 accepisse
1096 2860 1260 2890 credemus
1305 2869 1343 2892 ex

342 2912 404 2934 avo
427 2901 483 2934 suo
498 2924 512 2942 ,
534 2909 682 2934 narrante
705 2901 793 2944 quod
816 2913 832 2934 a
858 2900 985 2935 Philota
1011 2901 1176 2933 audiverat
1201 2899 1340 2935 familia-

341 2945 370 2979 ri
394 2944 560 2986 cujusdam
582 2956 622 2977 ex
648 2945 784 2977 Antonii
808 2946 944 2988 coquis,
969 2955 1006 2976 an
1032 2944 1214 2986 Vellejum,
1259 2953 1341 2978 tern—

340 2989 415 3028 pori
440 2987 489 3020 illi
512 2998 610 3030 quam
634 2988 844 3029 proximum,
868 2999 906 3021 ex
931 2987 1157 3029 praestantibus
1170 2989 1261 3021 Viris
1284 2991 1341 3031 qui

340 3041 417 3064 cum
443 3031 591 3074 Augusto
615 3028 746 3065 fuissent
771 3030 998 3070 Alexandriae,
1024 3031 1138 3072 saepius
1165 3031 1271 3065 audire
1283 3033 1342 3065 do-

341 3075 386 3107 mi
402 3100 411 3114 ‚
435 3076 625 3116 militiaeque
649 3072 807 3117 potuisse,
834 3075 1007 3117 utrobique
1031 3079 1042 3115 (
1066 3077 1146 3117 z),
1180 3084 1216 3107 ut
1250 3075 1342 3109 nobi-

340 3118 384 3151 les
410 3117 551 3161 Maiores
575 3118 621 3151 sui
636 3142 644 3154 ,
668 3128 733 3150 non
759 3116 823 3151 fine
845 3118 1023 3153 illustribus
1046 3118 1232 3152 muneribus
1255 3144 1264 3160 ‚
1307 3122 1339 3152 δι

341 3164 542 3206 ornamentis
566 3159 749 3194 versatum?
774 3161 874 3198 Quod
897 3162 918 3195 si
943 3171 979 3196 ut
1003 3161 1080 3196 huic
1105 3161 1246 3196 adulatio
1278 3163 1339 3195 ob-

341 3205 425 3246 jecta
448 3205 492 3237 est
515 3216 588 3246 erga
612 3206 775 3237 viventem
800 3205 972 3239 Tiberium
989 3230 997 3244 ,
1021 3208 1052 3238 &
1074 3205 1209 3239 necdum
1232 3208 1340 3239 omni-

341 3258 385 3279 no
408 3248 593 3289 pessimum,
618 3246 669 3280 sed
690 3248 774 3281 inter
796 3247 893 3286 bona,
918 3258 954 3282 ut
980 3250 1024 3281 ait
1049 3250 1188 3283 Tacitus
1221 3253 1233 3288 (
1255 3261 1273 3282 a
1294 3253 1308 3289 )
1329 3272 1339 3286 ,

341 3289 483 3334 malaque
505 3291 664 3331 mixtum,
688 3290 836 3325 incolumi
857 3299 983 3332 matre,
1003 3293 1038 3325 in
1062 3293 1152 3336 cujus
1174 3293 1268 3327 obitu
1282 3294 1343 3327 luae

1396 298 1568 332 Vinicium
1604 298 1785 340 insequenti
1809 308 1893 331 anno
1923 297 2100 332 Consulem
2146 297 2277 329 mittens
2298 307 2312 336 ,-
2355 295 2404 329 ita

1396 341 1534 386 placeret
1557 342 1724 381 Dionem,
1747 344 1778 376 &
1803 339 2013 374 Plutarchum
2037 338 2206 377 accusare;
2229 349 2294 385 non
2316 338 2407 372 dees-

1395 384 1466 420 sent
1490 383 1630 421 Valefii,
1656 385 1815 426 Rapinii,
1842 383 1983 421 Bodini,
2008 382 2137 420 Voffii,
2159 382 2260 424 Lipsii
2294 380 2415 415 censu-
2437 383 2439 386 ⁴

1399 439 1466 467 raa,
1491 428 1584 461 illum
1610 437 1645 462 ut
1669 428 1887 470 plagiarium,
1910 439 1926 460 a
1950 437 2028 460 vero
2050 425 2295 462 defleaemem,
2319 426 2407 467 opti·

1401 472 1462 505 mis
1487 470 1668 507 infensum,
1693 470 1773 513 saepe
1796 471 1979 505 adulantem
1995 493 2004 507 ‚
2028 468 2109 513 saepe
2132 468 2407 504 hallucinantem,

1402 514 1520 548 diserte
1544 515 1771 556 arguentium,
1798 524 1901 557 neque
1927 514 2062 547 aliorum
2095 513 2129 545 in
2161 510 2370 545 Plutarchum
2395 534 2408 550 ‚

1405 554 1563 599 majorem
1585 560 1618 591 in
1642 558 1712 600 ipso
1735 568 1838 592 rerum
1864 558 2086 591 Romanarum
2110 557 2264 588 notitiam
2287 553 2408 588 defide-

1405 601 1574 636 mutium,
1602 611 1659 633 nec
1683 609 1886 643 perveterum
1911 600 2016 633 solum
2032 623 2040 636 ,
2065 597 2115 631 sed
2141 602 2172 633 δι
2194 610 2303 632 earum
2337 608 2411 639 quae

1407 646 1443 679 in
1465 654 1612 686 tempora
1637 655 1700 676 non
1724 645 1770 677 ita
1795 645 1930 687 antiqua
1962 642 2145 677 inciderunt
2177 657 2184 675 :
2229 640 2413 684 cujusmodi

1406 687 1574 729 exempla,
1600 696 1636 720 ut
1661 688 1794 721 mittam
1815 688 1904 730 quod
1928 686 1971 720 est
1993 686 2075 729 apud
2102 687 2300 721 Lambinum
2325 683 2412 724 (‚b)3

1407 731 1458 765 vel
1481 741 1546 764 uno
1569 732 1602 763 in
1626 729 1711 763 facto
1735 731 1826 774 plura
1847 730 1971 773 profert
1997 730 2111 763 Paulus
2134 729 2302 763 Manutius
2327 729 2411 771 (c),

1408 775 1627 816 miraturque,
1652 782 1719 807 tam
1743 775 1880 816 turpiter
1903 771 1958 817 effe
1979 771 2099 815 lapsum
2116 794 2126 809 ‚
2150 771 2237 815 quod
2269 774 2301 805 δε
2333 771 2414 804 alibi

1409 818 1464 862 (d
1485 820 1496 856 )
1522 817 1587 856 ait,
1606 816 1685 859 saepe
1708 815 1812 850 eidem
1837 816 2002 851 accidisse:
2027 826 2211 858 quanquam
2236 817 2355 849 mirum
2378 816 2414 848 id

1410 861 1469 894 effe
1493 869 1592 902 negat
1617 861 1761 894 Bodinus
1784 864 1795 900 (
1818 871 1833 894 e
1854 863 1892 900 ),
1913 861 1949 893 in
1968 858 2089 893 homine
2112 861 2240 898 Graeco,
2283 859 2338 901 qui
2375 857 2414 900 se

1408 904 1547 946 linguam
1570 904 1717 937 Latinam
1739 913 1797 936 non
1814 903 1899 946 satis
1921 898 2102 944 intellexzffe
2116 925 2127 941 ,
2151 903 2183 935 in
2207 903 2278 935 Vita
2302 905 2412 935 Demo·

1398 947 1515 988 sthenis
1540 943 1644 988 (f),
1674 946 1857 990 confitetur.
1885 947 1964 985 Quo
1988 948 2019 979 δε
2042 945 2123 979 illud
2148 946 2285 986 pertinet
2322 943 2412 987 quod

1405 990 1446 1024 ab
1469 989 1603 1023 Rhodio
1628 990 1681 1032 (g
1704 994 1714 1028 )
1740 989 1894 1032 scriptum
1917 987 1979 1026 est,
2003 987 2210 1023 Plutarchum
2230 1013 2240 1028 ,
2285 988 2412 1021 Latinis

1407 1031 1563 1067 codicibus
1587 1033 1696 1075 usum,
1720 1034 1752 1066 in
1774 1032 1864 1066 rebus
1888 1032 2036 1068 Romanis
2073 1030 2255 1074 saepiuscule
2294 1029 2375 1074 falli
2399 1055 2410 1062 .

1406 1078 1523 1119 Neque
1546 1078 1656 1118 ignota
1682 1075 1753 1109 sunt
1777 1088 1849 1119 quae
1873 1070 2011 1118 ejusdem
2046 1075 2096 1108 vel
2143 1076 2176 1108 in
2223 1074 2412 1108 nominibus

1405 1120 1633 1153 Romanorum
1658 1129 1760 1152 errata
1783 1128 1952 1153 notaverat
1979 1118 2211 1156 Robortellus,
2236 1119 2317 1152 alibi
2341 1116 2411 1160 (h)

1406 1176 1421 1196 a
1446 1163 1539 1196 nobis
1561 1163 1733 1201 laudatus,
1759 1173 1813 1197 aut
1836 1163 1924 1206 quod
1949 1161 2077 1204 Lipsius
2102 1166 2113 1202 ί
2137 1162 2209 1205 i),
2240 1163 2297 1195 ubi
2342 1171 2411 1194 non

1406 1205 1617 1240 Plutarchum
1643 1207 1765 1244 modo,
1788 1207 1838 1240 led
1872 1205 2020 1240 universe
2056 1206 2192 1239 Graecos
2227 1205 2412 1240 Historicos

1405 1251 1439 1282 in
1463 1252 1502 1282 iis
1527 1249 1704 1292 praesertim
1729 1261 1800 1293 quae
1823 1250 1859 1282 ad
1885 1252 2030 1283 nationes
2054 1258 2201 1283 externas
2235 1251 2374 1282 attinent
2396 1272 2410 1288 ,

1405 1294 1565 1326 Romanis
1588 1292 1644 1326 effe
1668 1293 1922 1335 praeponendos,
1944 1292 2059 1326 diserte
2083 1302 2196 1334 negat,
2221 1293 2312 1326 varia
2334 1292 2413 1325 illos

1404 1347 1474 1370 cum
1497 1337 1529 1370 in
1553 1335 1641 1369 rebus
1663 1336 1737 1379 ipfis
1755 1335 1845 1380 gestis
1866 1333 1997 1379 peccaffe
2008 1359 2021 1376 ‚
2043 1343 2113 1370 tum
2158 1336 2191 1369 in
2234 1334 2412 1369 nominibus

1400 1380 1554 1422 praecipue
1570 1381 1711 1422 propriis
1733 1381 1869 1421 turpiter
1890 1379 1990 1424 lapsos
2012 1379 2091 1417 ess‘e,
2108 1380 2322 1413 contendens.
2341 1379 2412 1412 Ve-

1403 1435 1475 1458 rum
1502 1434 1560 1456 nos
1583 1423 1626 1456 ob
1648 1432 1760 1457 caetera
1785 1424 1897 1456 eximii
1922 1422 2088 1465 utriusque
2111 1421 2293 1465 Historici,
2324 1422 2411 1456 Dio-

1405 1469 1455 1500 nis
1478 1466 1648 1503 videlicet,
1673 1469 1704 1500 &
1729 1466 1896 1501 Plutarchi
1921 1465 2121 1509 praesertim,
2146 1467 2261 1501 merita
2285 1488 2295 1504 ,
2341 1463 2411 1499 haec

1405 1510 1547 1553 objicere
1571 1519 1664 1544 tanto
1687 1511 1843 1544 libentius
1866 1512 2078 1550 omittimus,
2101 1510 2188 1554 quod
2211 1520 2343 1549 neuter,
2373 1517 2412 1542 ut

1400 1564 1503 1597 neque
1527 1555 1720 1594 Suetonius,
1744 1553 1810 1597 ipse
1834 1565 1964 1597 quoque
1988 1564 2081 1587 tanto
2105 1553 2264 1597 posterior
2298 1551 2410 1586 Velle-

1397 1595 1454 1638 J'0,
1479 1607 1574 1639 negat
1596 1598 1734 1640 denique
1758 1599 1790 1630 id
1812 1597 1901 1640 quod
1924 1597 1962 1631 de
1985 1608 2099 1640 genere
2125 1598 2239 1630 mortis
2270 1597 2411 1639 Cleopa-

1398 1650 1458 1673 trae
1481 1640 1535 1674 hic
1563 1641 1719 1678 tradidit;
1745 1639 1794 1674 sed
1819 1640 1875 1673 etsi
1900 1641 1983 1674 idem
2007 1651 2072 1674 non
2097 1640 2278 1681 affirment,
2316 1640 2409 1682 plura

1399 1694 1505 1717 tamen
1529 1684 1648 1718 habent
1666 1707 1675 1722 ‚
1702 1696 1739 1718 ex
1761 1685 1899 1726 quibus,
1922 1696 1998 1718 curn
2022 1684 2227 1717 Medicorum
2242 1711 2251 1725 ‚
2276 1683 2313 1717 ad
2326 1694 2407 1723 quos

1400 1726 1588 1763 transimus,
1615 1727 1815 1768 diagnostica
1838 1728 1986 1762 dofflina
2019 1726 2203 1768 conjunctis
2225 1750 2235 1766 ,
2283 1725 2405 1767 Velleji

1399 1769 1590 1803 sententiam
1612 1780 1778 1804 tueamur.

1440 1825 1494 1856 40.
1519 1813 1610 1848 Nam
1636 1814 1705 1847 Dio
1728 1817 1739 1853 (
1764 1813 1817 1854 k)
1847 1813 2019 1856 punt'iuras
2042 1820 2166 1847 tantum
2200 1815 2328 1856 exiguas
2372 1813 2407 1845 in

1400 1866 1535 1890 mortuae
1559 1859 1745 1900 Cleopatrae
1767 1855 1893 1891 brachio
1916 1865 2054 1899 repertas
2100 1856 2155 1900 effe
2179 1879 2188 1895 ,
2233 1857 2368 1891 affirmat
2393 1868 2407 1887 ε

1397 1900 1508 1940 quales
1533 1903 1564 1934 &
1590 1900 1779 1935 Plutarchus
1804 1900 1852 1943 (l
1873 1903 1888 1939 )
1913 1909 2071 1935 memorat
2094 1901 2170 1933 duas
2194 1925 2201 1932 .
2249 1900 2406 1943 Idemque

1398 1944 1489 1982 Dio,
1513 1946 1545 1976 &
1566 1945 1736 1978 Suetonius
1760 1947 1770 1982 (
1794 1954 1824 1977 m
1849 1947 1859 1982 )
1881 1943 2001 1987 psyllos
2023 1943 2063 1977 ab
2085 1944 2233 1987 Augusto
2258 1944 2317 1978 esse
2352 1943 2407 1977 ad-

1397 1994 1499 2019 motos
1513 2008 1523 2024 ‚
1538 1987 1691 2021 ‹scribunt
1705 2010 1716 2026 ,
1739 1989 1799 2028 qui
1829 1997 1981 2020 venenum
2026 1987 2147 2020 scilicet
2191 1987 2375 2030 exsugerent
2395 2012 2406 2023 .

1400 2029 1499 2063 Unde
1522 2041 1628 2065 autem
1651 2030 1860 2072 exsugerent,
1887 2030 1945 2063 nifi
1969 2041 2007 2063 ex
2028 2031 2094 2064 illis
2117 2033 2280 2065 venenatis
2326 2042 2407 2073 pun.

1397 2073 1518 2106 ἂιπίςὲ
1541 2076 1660 2117 quibus
1683 2085 1781 2116 quarn
1804 2072 1987 2116 proficuum
2011 2072 2114 2108 suffio
2137 2075 2315 2109 remedium
2341 2074 2379 2108 fit
2394 2097 2408 2113 ,

1395 2116 1488 2158 supra
1512 2121 1525 2157 (
1546 2119 1600 2160 n)
1624 2129 1662 2151 ex
1685 2127 1850 2156 veterum,
1873 2118 2159 2158 recentiorumque
2197 2118 2405 2153 Medicorum

1396 2158 1554 2194 sententia
1579 2163 1653 2195 satis
1664 2160 1917 2195 demonstratum
1932 2159 1996 2194 est.
2024 2161 2195 2195 Funerurae
2218 2170 2325 2195 autem
2338 2164 2407 2195 exi-

1397 2214 1480 2245 guae,
1494 2204 1620 2245 &duae,
1635 2214 1670 2239 ut
1683 2213 1757 2248 apte
1766 2213 1946 2247 congruant
1956 2215 2029 2237 cum
2043 2206 2083 2238 iis
2093 2216 2165 2247 quae·
2176 2214 2295 2239 veteres
2306 2208 2405 2239 iidem

1401 2247 1524 2281 Medici
1550 2248 1674 2282 summo
1699 2249 1850 2282 consensu
1872 2248 1910 2281 de
1935 2247 2050 2290 aspidis
2073 2248 2182 2282 morsu
2213 2249 2372 2283 tradidere
2391 2273 2406 2291 ,

1403 2290 1500 2324 altera
1522 2292 1662 2327 ostendit
1686 2292 1828 2336 Epistola
1852 2291 1978 2324 nostra.
2004 2293 2090 2326 Cum
2133 2292 2277 2326 obscuris
2318 2295 2404 2327 enim

1403 2335 1626 2377 vulnusculis,
1649 2347 1720 2379 quae
1743 2346 1800 2369 acu
1823 2334 1947 2369 inflicta
1970 2333 2032 2368 sint
2049 2360 2058 2374 ‚
2080 2347 2193 2369 omnes
2236 2347 2405 2380 compara-

1398 2388 1495 2417 runt,
1522 2381 1553 2412 δι
1575 2380 1693 2413 diserte
1715 2380 1797 2413 citra
1821 2387 1973 2414 tumorem
1996 2378 2056 2413 esse
2071 2404 2080 2420 ,
2104 2379 2170 2413 fere
2191 2391 2302 2414 omnes
2346 2380 2404 2415 do-

1399 2433 1514 2462 cuere,
1538 2423 1638 2465 aliqui
1662 2425 1761 2457 etiam
1785 2421 1875 2456 binas
1898 2420 1975 2459 esse,
2000 2433 2067 2455 non
2113 2422 2249 2457 omisere
2272 2448 2280 2456 .
2334 2424 2407 2460 Nee

1397 2476 1475 2498 vero
1498 2466 1597 2506 illos,
1621 2477 1772 2510 tanquam
1797 2466 1848 2499 sua
1872 2477 1910 2499 ex
1934 2466 2005 2499 aliis
2027 2464 2266 2504 describentes,
2297 2468 2406 2510 despi-

1395 2510 1484 2547 cias,
1509 2520 1610 2552 neque
1633 2512 1719 2544 en'rm
1744 2509 1844 2543 aliena
1869 2509 2014 2551 semper,
2038 2508 2089 2543 sed
2113 2514 2144 2544 ἅτ
2167 2512 2298 2553 propria
2324 2513 2404 2546 scri-

1394 2551 1545 2594 pserunt,
1568 2553 1657 2595 quod
1680 2565 1719 2587 ex
1743 2562 1865 2587 attenta
1888 2564 2001 2586 eorum
2046 2553 2187 2587 lefflone
2212 2578 2222 2593 ‚
2265 2564 2320 2587 aut
2363 2567 2403 2589 ex

1393 2596 1532 2630 Freindii
1558 2597 1703 2631 Historia
1728 2597 1921 2635 Medicinae,
1946 2597 2002 2629 ubi
2024 2595 2063 2629 de
2086 2596 2217 2638 fingulis
2242 2599 2338 2631 verba
2351 2597 2402 2632 fe-

1391 2642 1464 2679 cit,
1488 2641 1629 2682 proclive
1651 2642 1715 2674 tibi
1739 2643 1801 2674 erit
1824 2639 2033 2682 cognoscere:
2059 2642 2091 2672 δι
2115 2651 2186 2683 quae
2210 2640 2311 2674 aliena
2325 2653 2403 2685 pro—

1392 2682 1546 2724 posuere,
1570 2696 1609 2718 ex
1631 2684 1927 2718 Observationibus
1950 2681 2014 2716 fere
2038 2682 2133 2724 sunt,
2156 2695 2237 2726 quas
2260 2684 2317 2717 nisi
2341 2686 2402 2728 ipsi

1395 2726 1490 2760 nobis
1512 2726 1705 2768 servassent,
1729 2726 1855 2771 prorsus
1878 2728 2123 2769 ignoraremus,
2168 2727 2402 2763 excellentium

1395 2770 1621 2805 Medicorum.
1647 2771 1722 2805 Nec
1744 2770 1832 2814 quod
1855 2770 2089 2810 Dioscorides,
2112 2771 2172 2813 qui
2196 2772 2306 2805 eadem
2351 2782 2402 2805 ta-

1394 2824 1466 2846 men
1490 2826 1561 2855 quae
1584 2813 1622 2848 ab
1647 2815 1713 2848 illis
1734 2814 1907 2853 omnibus,
1934 2825 1987 2849 aut
2010 2812 2108 2847 ferme
2139 2816 2291 2849 omnibus
2323 2815 2401 2850 scri-

1394 2868 1450 2899 pta
1474 2857 1554 2897 effe,
1579 2857 1677 2892 modo
1700 2858 1883 2892 dicebamus
1898 2881 1909 2897 ,
1932 2856 1997 2898 ipse
2019 2868 2149 2899 quoque
2173 2867 2264 2892 antea
2279 2858 2399 2894 docue—

1393 2911 1443 2934 rat
1466 2902 1518 2942 (ο
1539 2905 1571 2942 )‚
1597 2911 1652 2935 aut
1676 2913 1741 2936 non
1765 2900 1864 2935 fuerit
1887 2912 1984 2942 quem
2008 2901 2190 2943 Cleopatrae
2202 2901 2397 2937 familiarem

1392 2944 1484 2979 fuisse
1499 2970 1507 2984 ,
1532 2947 1730 2987 accepimus,
1753 2955 1807 2978 aut
1833 2944 1951 2990 nullam
1973 2943 2011 2976 de
2036 2944 2094 2977 hac
2117 2944 2156 2978 ab
2179 2945 2296 2989 aspidis
2309 2958 2397 2981 mor-

1392 2988 1427 3022 su
1447 2987 1617 3023 interfecta
1642 2989 1843 3023 mentionem
1866 2988 2035 3029 injecerim
2070 2987 2196 3022 idcirco
2237 3000 2310 3032 quae
2357 2989 2397 3024 de

1393 3029 1531 3073 exigua,
1555 3034 1585 3065 &
1609 3031 1673 3065 line
1696 3042 1825 3067 tumore
1856 3031 2012 3073 punctura
2056 3030 2221 3074 scripserat
2244 3055 2258 3073 ,
2301 3033 2397 3068 illum

1392 3075 1604 3118 consequente
1628 3101 1637 3115 ‚
1682 3087 1747 3109 non
1792 3075 1954 3109 credemus
1988 3087 1999 3106 .·
2043 3086 2229 3118 quanquam
2272 3079 2304 3110 δε
2346 3075 2397 3110 fa-

1392 3119 1443 3151 &a
1466 3117 1594 3152 fortasse
1618 3119 1802 3160 Cleopatrae
1826 3119 1948 3152 mentio
1973 3120 2076 3161 potest
2099 3141 2111 3158 ,
2155 3129 2191 3153 ut
2235 3128 2286 3153 tot
2332 3120 2396 3155 alia

1388 3173 1461 3204 quae
1504 3163 1654 3197 Maranta
1699 3163 1823 3196 indicat
1867 3163 1992 3204 (p),
2024 3163 2178 3204 temporis
2201 3161 2322 3205 injuria
2358 3165 2395 3197 in

1393 3204 1595 3240 Dioscoridis
1617 3207 1731 3240 codice
1753 3203 1949 3239 intercidisse
1964 3227 1973 3242 ‚
1996 3215 2053 3238 nec
2074 3204 2186 3239 desunt
2210 3206 2313 3241 adhuc
2334 3208 2396 3251 qui

1393 3249 1496 3282 Suidae
1521 3253 1531 3289 (
1555 3261 1573 3292 q
1594 3253 1609 3289 >
1630 3251 1762 3283 credant
1776 3272 1787 3289 ‚
1810 3247 1901 3283 fuisse
1923 3247 2008 3281 hunc
2029 3248 2134 3291 ipsum
2146 3249 2394 3291 Dioscoridem,

1394 3294 1451 3336 qui
1473 3292 1595 3327 vixerit
1616 3293 1697 3335 apud
1717 3292 1910 3334 Cleopatram
1925 3289 1986 3334 sub
2006 3293 2173 3333 Antonio,
2204 3292 2357 3328 habentes
2379 3316 2394 3334 ,

2313 3347 2351 3373 ut

490 3530 565 3556 Graee.
583 3532 654 3555 Rom.
670 3538 693 3560 q.
712 3531 753 3555 111.
771 3531 824 3556 Vit.
841 3530 867 3556 in
884 3532 978 3556 Anton.
1042 3530 1056 3560 (
1071 3539 1083 3556 r
1099 3532 1112 3561 )
1128 3534 1200 3557 Rom.
1211 3532 1271 3556 nist.
1287 3531 1351 3561 l.5r.

494 3563 529 3584 De
545 3563 651 3586 Oratore
665 3564 682 3586 l.
701 3569 721 3585 2.
786 3563 799 3592 (
816 3570 830 3586 κ
849 3564 855 3590 )
872 3561 898 3586 in
915 3562 1038 3587 Antonio.
1104 3565 1110 3589 (
1124 3571 1142 3593 y
1160 3567 1168 3592 )

486 3623 575 3646 Annai.
591 3625 606 3646 l.
617 3630 640 3653 5.
656 3623 681 3646 in
698 3622 740 3646 fio.
804 3623 817 3652 (
834 3621 848 3646 b
866 3625 875 3652 )

492 3652 516 3675 in
532 3652 606 3682 Epist.
625 3662 644 3683 ς.
662 3654 678 3677 l.
696 3652 769 3680 ejusd.
834 3654 847 3681 (
864 3661 875 3676 ε
892 3657 903 3680 )
921 3653 1000 3677 Meth.
1019 3653 1078 3678 Hist.
1096 3662 1118 3678 c.
1133 3663 1154 3683 4.

486 3683 557 3711 Epist.
575 3683 603 3707 ad
621 3684 672 3708 Cel.
693 3684 774 3707 Polen.
792 3683 820 3708 de
838 3684 889 3707 111.
906 3683 1002 3708 Consul.
1020 3685 1131 3708 Frontin.

474 3712 519 3739 lc·
539 3714 630 3747 172cit.
693 3715 707 3743 (
722 3714 763 3742 n)
779 3721 803 3737 n.
822 3721 861 3741 ²9-

457 3683 470 3709 3

460 3741 473 3770 2
489 3742 599 3768 Hlssorw.
616 3744 645 3770 ad
663 3746 756 3770 Vocem
772 3743 920 3774 Dioscorides
935 3760 942 3769 .

1217 3655 1231 3683 (
1243 3654 1286 3684 f)
1303 3654 1327 3677 in
1346 3657 1452 3679 Prooem.

1195 3686 1208 3713 (
1223 3686 1233 3707 i
1249 3686 1262 3714 2
1280 3686 1336 3707 Var.
1354 3685 1422 3710 Lest.
1438 3688 1455 3710 l.
1473 3694 1495 3715 3-
1513 3693 1533 3710 c.
1549 3693 1588 3709 ιο.

923 3715 938 3744 (
953 3722 966 3738 ο
980 3715 995 3744 )
1011 3716 1047 3739 De
1064 3715 1153 3741 Medic.
1171 3717 1234 3741 Mat.
1252 3716 1268 3739 l.
1286 3718 1309 3739 6.
1327 3723 1348 3740 c.
1361 3724 1397 3746 54.

1414 3533 1422 3562 (
1436 3532 1479 3563 s)
1496 3531 1572 3558 Instit.
1589 3533 1659 3556 orat.
1676 3530 1695 3555 1.
1711 3539 1734 3558 2.
1749 3539 1772 3558 c.
1789 3539 1815 3562 4.
1875 3532 1889 3561 (
1904 3537 1916 3556 e
1931 3531 1946 3560 )
1963 3531 2078 3561 Juvenal.
2093 3531 2144 3557 Sat.
2162 3539 2198 3558 ιο.

464 3528 478 3589 3
1185 3565 1221 3587 De
1236 3563 1280 3587 situ
1296 3562 1370 3586 Orbis
1386 3564 1405 3586 l.
1424 3571 1462 3591 17.
1516 3569 1519 3571 ·

464 3592 478 3619 )
495 3591 549 3616 Vid.
566 3592 628 3618 Voff.
645 3593 673 3616 de
691 3591 752 3617 Hist.
770 3593 825 3616 Lat.
843 3595 859 3617 1.
878 3600 898 3616 1.
914 3600 936 3616 c.
954 3601 991 3619 24.
1010 3592 1032 3616 &
1048 3593 1154 3617 Boecleri
1174 3593 1250 3617 lndic.
1268 3592 1422 3619 Vellejanum
1439 3595 1464 3618 in
1481 3593 1579 3622 Velleius
1591 3595 1603 3623 ‚'
1619 3593 1658 3618 cui
1676 3593 1735 3617 adde
1750 3592 1839 3621 Velleii
1855 3591 1874 3617 l.
1891 3600 1912 3616 2.
1929 3600 1950 3617 e.
1967 3600 2019 3620 χιιι.
2037 3592 2062 3616 in
2077 3591 2122 3616 fin.

463 3623 476 3680 J)
892 3623 983 3647 Adnot.
1002 3626 1037 3647 16.
1055 3625 1079 3647 in
1097 3625 1175 3649 Cicer.
1192 3625 1263 3648 Orat.
1280 3631 1322 3652 pro
1340 3623 1422 3650 Deiot.

1483 3626 1498 3654 (
1513 3633 1524 3649 e
1539 3626 1553 3654 )
1569 3626 1710 3649 comment.
1728 3624 1753 3648 in
1770 3624 1841 3653 Epist.
1861 3623 1918 3657 ¹2¹·
1934 3632 1956 3647 ι.
1974 3623 2050 3648 Cicer.
2067 3623 2097 3646 ad
2113 3625 2148 3654 Q.
2165 3624 2207 3648 Fr.

1513 3655 1524 3684 (
1539 3662 1558 3686 g
1575 3655 1588 3683 )
1604 3657 1667 3679 Not.
1684 3654 1712 3679 ad
1728 3654 1924 3687 Scribonnliprsl.
2040 3683 2047 3688 ³
2209 3683 2214 3687 η

1651 3685 1665 3715 (
1679 3685 1695 3710 k
1713 3685 1727 3714 )
1740 3686 1756 3709 Ι.
1775 3692 1811 3714 5¹·
1828 3689 1870 3717 cit.
1933 3685 1948 3713 (
1962 3684 1972 3707 l
1987 3683 2001 3713 )
2018 3685 2067 3710 Vit.
2085 3685 2176 3712 Antan.
2192 3687 2234 3708 cit,-

1460 3717 1474 3746 (
1487 3722 1505 3747 p
1521 3721 1533 3745 >
1549 3716 1630 3741 Meth.
1646 3715 1752 3746 cognosc.
1770 3714 1881 3745 Simplrc.
1898 3714 1914 3740 1.
1926 3722 1948 3741 a.
1965 3721 1986 3738 c.
2005 3715 2048 3739 ult.
