2498 4075
432 140 523 193 134

361 205 508 241 foeminis
538 201 781 248 hypogastrium
803 210 926 237 tumeat
951 225 962 241 ‚
996 201 1052 235 etsi
1077 203 1140 237 laesi
1170 206 1254 238 uteri
1287 215 1352 238 non

358 250 462 284 defint
487 258 573 282 notae
595 260 606 287 5
637 248 674 280 de
698 246 798 280 vesica
823 256 929 280 tamen
953 256 1025 288 quae
1049 255 1120 280 ante
1143 255 1270 282 uterum
1293 248 1352 282 sita

357 293 426 331 est,
450 304 513 326 non
538 291 579 325 est
600 290 705 324 omnis
728 290 997 332 praetermittenda
1021 288 1179 332 suspicio:
1204 302 1260 324 nec
1275 294 1350 333 quia

357 336 479 380 jugiter
501 334 560 367 sibi
582 333 739 367 destillare
762 335 885 366 urinam
904 354 917 371 ‚
951 331 1038 374 ajant
1061 357 1070 372 ,
1094 343 1158 365 non
1183 343 1349 376 propterea

357 377 539 415 habendum
564 388 623 419 pro
644 385 732 410 certo
755 376 819 414 est,
842 374 924 407 nihil
947 374 984 408 de
1008 375 1072 416 ipsa
1095 375 1239 410 restitare
1260 390 1267 409 z
1293 388 1348 410 ne-

356 435 420 467 que
442 422 571 455 demum
592 417 717 453 tametsi
741 419 861 452 constet
880 439 893 456 ,
916 417 1139 462 ¹exulceratam
1160 430 1233 453 cum
1257 430 1353 453 utero

357 466 417 500 effe
441 466 611 506 vaginam3
636 463 758 497 idcirco
782 459 1057 503 lotiiadjune‘tum
1081 461 1274 504 quandoque
1286 463 1351 496 stil-

353 508 502 544 licidium
536 506 654 550 semper
677 506 720 541 est
755 503 795 537 ab
818 515 945 537 annexae
979 503 1116 537 urethrae
1140 528 1148 543 ‚
1181 505 1351 547 veficaeque

356 551 593 588 exulceratione
605 545 830 592 repetendum.
857 547 984 582 Neutra
1009 547 1160 580 enimhic
1183 557 1249 581 erat
1262 549 1352 582 exul..

353 604 479 631 cerata.
503 594 561 627 Sed
584 604 659 626 raro
681 595 710 627 &
733 590 851 628 causae,
877 593 908 624 &
931 589 1063 623 effeetus
1086 591 1252 633 exemplo,
1276 592 1352 624 scir-

353 637 448 675 rhosa
471 635 635 679 utriusque
658 635 793 669 durities
815 634 907 667 simul
930 634 1030 666 urinae
1047 634 1317 668 incontinentiam
1341 657 1351 673 ‚

352 683 447 717 simul
483 681 693 714 retentionem
716 677 854 713 faciebat
875 702 882 709 .
914 677 999 710 Duri
1023 678 1112 711 enim
1136 677 1272 711 urethrae
1296 689 1352 720 pa-

351 727 448 760 rietes
480 726 527 757 ita
548 720 727 764 constringi
759 731 825 755 non
849 727 1002 763 poterant
1027 744 1036 759 ,
1068 729 1104 753 ut
1127 720 1236 754 vesicae
1259 721 1352 755 orifi-

352 772 441 803 cium
474 767 548 800 satis
571 765 796 799 occluderetur
819 788 826 795 .
860 763 905 796 Et
928 761 1002 796 duri
1036 764 1116 797 item
1151 765 1291 797 maxima
1315 776 1354 797 ex

349 822 440 856 parte
471 809 579 844 veficae
603 810 737 851 parietes
767 805 916 840 contrahi
941 806 1119 847 nequibant
1142 830 1150 845 ‚
1186 816 1220 840 ut
1253 808 1354 840 urinae

350 855 488 898 requirit
519 851 662 886 extrusio
685 864 695 884 .·
727 861 829 893 neque
852 847 933 882 hanc
959 848 1107 891 adjuvare
1130 851 1205 884 satis
1228 859 1354 891 poterat

351 910 465 933 eorum
487 904 559 941 pars
582 895 703 937 reliqua
728 904 793 926 non
816 892 896 927 dura
919 914 928 929 ‚
963 894 1082 935 quippe
1106 905 1176 937 quae
1199 904 1274 927 cum
1299 905 1355 927 an-

351 942 470 975 teriore
501 939 624 973 ventris
648 938 767 980 pariete
789 958 798 974 ,
831 945 901 969 tota
925 936 1160 978 propemodum
1180 959 1192 976 ,
1224 937 1354 970 coalue-

347 994 428 1021 rat:
459 982 680 1026 impediebant
714 989 820 1015 antem
844 980 1046 1020 aliquantum
1079 979 1145 1014 duo
1167 980 1221 1013 illa
1257 980 1353 1014 craffa

347 1039 485 1071 corpora
507 1039 579 1070 quae
604 1036 620 1059 a
645 1025 799 1067 lateribus
830 1021 950 1057 orificii
977 1023 1131 1056 extabant
1153 1048 1160 1056 .
1194 1023 1286 1063 Qas
1309 1023 1353 1057 ob

344 1072 453 1107 causas
475 1082 586 1105 omnes
611 1070 732 1104 mirum
753 1078 819 1101 non
842 1066 884 1100 est
906 1088 916 1104 ‚
948 1064 969 1099 si
995 1075 1122 1100 tantum
1157 1067 1352 1102 retineretur

344 1118 441 1157 lotii,
464 1124 622 1158 quantum
654 1123 718 1146 non
744 1110 841 1146 modo
865 1109 1098 1151 amplificatam
1130 1109 1261 1143 vesicam
1287 1112 1348 1143 im-

346 1161 449 1203 pleret
464 1181 473 1197 ,
498 1158 550 1192 sed
572 1160 604 1190 &
627 1165 789 1195 meteres,
811 1156 842 1187 δι
866 1163 976 1187 renum
1010 1153 1134 1195 pelves,
1157 1165 1192 1188 ac
1216 1153 1348 1187 tubulos

347 1204 520 1238 dilataret.

389 1257 442 1291 35.
467 1247 552 1284 Quae
578 1242 680 1278 ferme
701 1253 776 1276 cum
801 1241 892 1284 super
915 1241 1067 1274 urinariis
1091 1240 1243 1275 Partibus
1264 1266 1274 1283 ,
1306 1242 1348 1275 iis

344 1294 402 1335 qui
425 1288 579 1328 aderant,
601 1284 810 1328 exposuissem
833 1295 846 1323 ,-
878 1293 948 1317 tum
972 1285 1009 1319 de
1042 1284 1238 1331 genitalibus
1260 1295 1349 1325 quae-

340 1336 418 1369 dam
441 1343 552 1367 eorum
575 1342 646 1374 quae
671 1330 723 1363 hic
737 1327 889 1364 habebis,
911 1331 1071 1361 continuo
1081 1330 1212 1369 adjunxi
1227 1342 1237 1361 .·
1260 1328 1348 1364 Scir-

340 1379 408 1414 rhis
432 1376 490 1411 esse
514 1385 644 1409 uterum
679 1372 742 1407 suis
765 1383 839 1406 curn
863 1371 1092 1413 appendicibus
1126 1373 1264 1405 maxime
1287 1371 1348 1405 ob-

338 1423 476 1456 noxiam
494 1443 505 1461 ‚
528 1419 645 1453 morbo
669 1414 853 1459 perdifficili
875 1436 884 1453 ,
907 1414 966 1448 nisi
989 1416 1058 1448 cito
1079 1415 1274 1456 cognoscas,
1296 1417 1348 1447 in-

339 1466 474 1501 sanabili
494 1486 503 1502 ,
528 1463 550 1496 si
575 1463 609 1495 in
633 1470 786 1495 cancrum
808 1457 1047 1500 degeneraverit
1066 1481 1074 1488 .
1108 1458 1158 1491 Ex
1183 1459 1348 1502 Magistris

343 1510 425 1544 meis
447 1509 607 1543 alterum,
632 1515 744 1546 nempe
755 1501 997 1541 Albertinum,
1018 1500 1166 1535 auditum
1189 1515 1205 1536 a
1229 1514 1279 1536 me
1300 1500 1347 1535 es-

339 1555 370 1589 se
395 1563 469 1587 cum
491 1550 634 1588 diceret,
658 1547 688 1581 se
712 1555 873 1579 tumorem
898 1546 981 1579 uteri
1002 1568 1016 1585 ,
1049 1545 1106 1587 qui
1129 1547 1275 1588 tangenti
1297 1547 1349 1578 vi-

340 1597 477 1633 debatur
500 1591 673 1628 scirrhosus
698 1615 706 1630 ‚
740 1589 808 1622 solo
831 1587 1043 1631 chamaepitys
1067 1587 1122 1621 usu
1145 1610 1155 1625 ‚
1179 1590 1268 1623 nullo
1290 1600 1346 1623 ex-

340 1643 443 1677 terius
467 1638 616 1671 adhibito
640 1634 762 1669 auxilio
784 1657 793 1672 ,
815 1632 966 1674 nullaque
989 1632 1171 1665 excretione
1194 1632 1346 1666 consecu-

338 1696 373 1720 ta
390 1708 401 1725 ,
425 1681 565 1716 feliciter
588 1676 779 1713 discuffisse:
806 1674 943 1708 alterum
968 1685 1044 1707 vero
1065 1697 1074 1712 ‚
1097 1673 1132 1707 id
1154 1675 1196 1710 est
1219 1676 1347 1710 Valsal-

339 1740 413 1763 vam
437 1752 445 1766 ‚
480 1727 514 1758 in
540 1722 668 1764 scriptis
703 1718 859 1752 Consiliis
881 1717 944 1751 sive
966 1728 1037 1760 pro
1059 1718 1144 1750 uteri
1165 1740 1178 1758 ,
1200 1718 1263 1752 five
1286 1729 1345 1762 pro

340 1779 555 1808 mammarum
586 1764 742 1801 cancrolis
776 1761 961 1796 tumoribus
983 1785 992 1800 ,
1027 1759 1183 1795 affirmare
1213 1761 1346 1795 solitum

340 1816 432 1852 fuiffe
456 1840 466 1855 ‚
497 1815 580 1846 inter
604 1808 709 1851 magis
732 1805 871 1840 efficacia
894 1805 932 1839 ad
964 1804 1158 1838 tardandum
1181 1814 1347 1840 utrorum-

340 1873 403 1905 que
437 1860 675 1891 incrementum
708 1848 852 1894 praesidia
886 1847 942 1883 usu
966 1846 1025 1881 fibi
1056 1857 1255 1889 compertam
1288 1848 1347 1883 esse

338 1916 429 1939 venae
452 1901 628 1935 seffionem
650 1893 826 1939 quotannis
849 1901 985 1936 quater,
1007 1891 1057 1925 bis
1080 1891 1231 1926 videlicet
1253 1903 1346 1932 vere,

340 1952 373 1983 δι
396 1948 446 1981 bis
469 1952 627 1978 autumno
652 1938 854 1973 institutam.
880 1933 953 1969 Effe
976 1943 1084 1968 autem
1110 1935 1312 1971 manifestum
1338 1962 1347 1978 ‚

338 1994 375 2027 in
398 1991 449 2027 his
471 1989 578 2027 vires,·
601 1982 724 2019 rationi
746 1979 960 2018 conveniens,
984 1980 1017 2012 in
1040 1979 1107 2012 illis
1133 1978 1248 2014 scirrhi
1271 1992 1348 2015 cau-

342 2036 390 2069 sas
412 2032 472 2068 effe
496 2027 719 2065 attendendas.
742 2023 834 2058 Nam
857 2031 892 2057 ut
916 2021 1128 2065 chamaepitys
1150 2023 1349 2066 incidendo,

345 2074 620 2121 abstergendoque
653 2082 692 2105 ex
716 2066 886 2110 Majorum
917 2066 1216 2102 Observationibus
1248 2068 1351 2102 visce-

345 2136 419 2159 rum
450 2117 715 2155 obstrussiones,
748 2114 780 2146 &
812 2120 1025 2148 mammarum
1060 2109 1197 2146 durities
1233 2113 1349 2151 tollat3

347 2182 398 2204 me
423 2177 528 2201 tamen
563 2171 599 2197 ut
622 2158 785 2195 non-illis
807 2155 900 2193 facile.
934 2167 1004 2199 quse
1031 2157 1115 2189 uteri
1141 2155 1316 2200 profluviis
1340 2180 1350 2196 ‚

345 2208 620 2257 quemadmodum
651 2207 685 2239 in
709 2203 812 2237 nostra
846 2201 981 2237 historia
1002 2226 1010 2241 ‚
1043 2199 1194 2234 obnoxiae
1217 2197 1315 2233 effent
1337 2223 1350 2241 ,

345 2262 388 2292 hc
413 2253 568 2288 libentius
590 2251 630 2284 iis
652 2249 802 2286 daturum
825 2257 897 2289 quae
920 2256 960 2277 ex
991 2244 1206 2278 articulorum
1229 2243 1365 2277 dolori-2

346 2303 407 2336 bus
431 2296 582 2333 translata
606 2293 646 2328 ad
670 2302 796 2327 uterum
823 2290 977 2327 materia,
1004 2289 1037 2321 in
1053 2288 1156 2321 levem
1179 2298 1279 2329 nuper
1293 2285 1354 2320 hu-

346 2346 398 2389 jus
418 2340 669 2378 obstruetionem
692 2331 893 2372 inci-diffent5
918 2331 1073 2366 menstrua
1085 2334 1171 2365 enim
1194 2333 1278 2369 ciet,
1303 2329 1354 2365 sed

347 2384 532 2424 arthritidis
555 2382 655 2417 causae
670 2402 679 2419 ‚
705 2390 741 2413 ut
766 2377 878 2415 nosti,
901 2375 1081 2409 adversatur
1103 2400 1111 2408 .
1145 2377 1247 2407 Porro
1271 2374 1355 2408 mul-

348 2443 421 2467 tum
444 2429 620 2469 discrepare
652 2425 736 2457 inter
759 2420 788 2455 se
821 2418 1018 2453 extensiones
1040 2441 1052 2458 ,
1077 2418 1212 2460 species,
1237 2416 1320 2466 sede-s
1343 2438 1353 2453 ‚

348 2475 490 2518 origines
513 2469 710 2504 scirrhorum
734 2466 838 2499 uteri.
862 2461 1043 2496 Extensum
1066 2461 1128 2494 late
1152 2459 1238 2494 hunc
1261 2458 1354 2493 fuisse

348 2520 389 2554 ad
413 2517 568 2559 vaginam
598 2521 728 2554 quoque
750 2534 759 2549 ‚
790 2510 823 2542 &
846 2517 981 2539 annexas
1017 2504 1094 2539 huic
1126 2513 1229 2547 partes
1250 2525 1260 2542 ‚
1289 2514 1356 2536 non

351 2562 453 2598 rnodo
476 2571 492 2593 a
515 2556 670 2592 lateribus
690 2575 700 2592 ,
735 2551 786 2586 sed
811 2550 852 2584 ab
873 2549 1088 2583 anterioribus
1120 2550 1216 2581 etiam
1242 2572 1250 2586 ,
1286 2558 1358 2580 ure-

350 2607 460 2641 thram
493 2601 647 2636 videlicet
670 2618 680 2633 ‚
718 2608 753 2629 ac
776 2595 914 2628 vesicam
936 2604 999 2635 qua
1034 2591 1115 2625 facie
1138 2601 1265 2625 uterum
1290 2589 1358 2624 haec

352 2648 518 2693 speetabat
537 2669 545 2677 .
577 2639 680 2677 Fuisse
703 2648 812 2673 totum
847 2647 886 2670 ex
908 2635 1065 2670 uniformi
1089 2635 1159 2668 alba
1182 2658 1193 2675 ‚
1215 2634 1358 2676 duraque

353 2691 529 2729 substantia
549 2711 562 2728 ,
594 2696 692 2727 eaque
725 2680 908 2728 istiusmodi
928 2702 941 2720 >
986 2688 1023 2714 ut
1055 2679 1103 2711 vel
1139 2679 1172 2711 in
1206 2689 1357 2727 cancrum

353 2737 574 2771 exulceratum
596 2726 748 2764 conversa
772 2747 782 2764 ,
814 2734 905 2765 cujus
927 2722 1010 2756 odor
1042 2721 1120 2755 solet
1144 2719 1202 2755 esse
1220 2720 1357 2774 1((ιξιάιίῖἶ-

355 2791 449 2818 mus,
474 2775 559 2811 nihil
583 2784 679 2817 grave
689 2772 809 2804 oleret.
835 2767 948 2802 sedem
970 2766 1067 2804 huic,
1091 2764 1179 2808 quod
1191 2777 1229 2799 au
1252 2765 1358 2814 ipsum

352 2833 482 2858 uterum
507 2819 645 2857 attinet,
668 2813 758 2848 fuisse
781 2812 940 2847 cervicem
962 2819 1091 2846 totam,
1115 2819 1189 2842 cum
1213 2807 1273 2841 sint
1285 2818 1359 2850 qui-

353 2868 414 2901 bus
438 2863 593 2901 cervicis,
616 2868 670 2893 aut
693 2856 787 2892 fundi
812 2865 881 2897 pars
902 2875 912 2891 ,
947 2863 1001 2887 aut
1025 2851 1142 2886 fundus
1165 2861 1254 2901 totus
1277 2862 1359 2901 ptae-

353 2911 452 2945 beant
476 2906 581 2941 sedem
604 2928 611 2935 .
646 2902 800 2943 Origines
822 2898 961 2937 denique
994 2896 1064 2929 aliis
1095 2895 1154 2944 eise
1185 2903 1322 2928 interius
1345 2916 1355 2931 ‚

355 2954 428 2988 aliis
451 2950 588 2985 exterius
604 2971 612 2979 .
637 2946 721 2985 Qae
744 2954 818 2977 cum
842 2938 957 2984 presse,
982 2942 1012 2972 &
1037 2939 1077 2972 fic
1101 2948 1200 2971 etlam
1224 2949 1295 2980 quae
1319 2937 1358 2987 ad

357 2997 469 3032 sebum
494 2989 676 3026 attinebant
700 2989 733 3020 in
757 2986 834 3020 teste
858 2985 961 3019 altero
982 2981 1214 3026 deprehensum
1235 3003 1246 3020 ‚
1280 2989 1358 3014 atti-

356 3038 496 3084 gissem;
518 3035 614 3070 finem
637 3029 767 3065 dicendi
789 3027 871 3062 feci.
1190 3068 1196 3075 ·
1225 3068 1233 3074 -
1332 3067 1340 3074 ι

399 3084 452 3126 36.
476 3080 560 3113 Tibi
582 3086 663 3115 vero
682 3083 793 3107 eorum
817 3082 888 3114 quae
913 3080 991 3105 tunc
1015 3068 1142 3112 preffius
1164 3068 1254 3107 dixi,
1278 3067 1359 3100 ulti-

353 3139 407 3163 ma
443 3135 528 3158 nunc
551 3120 648 3164 paulo
679 3116 781 3152 fufius
815 3114 1010 3156 explicabo.
1046 3112 1256 3147 Scirrhorum
1290 3120 1360 3143 ute-

355 3173 387 3206 ri
420 3168 593 3210 origines,
625 3163 687 3196 five
732 3157 908 3202 primordia
941 3168 1005 3189 non
1051 3155 1142 3190 semel
1175 3165 1246 3205 tum
1277 3155 1359 3203 inte-

355 3215 446 3252 rius,
469 3220 539 3244 tum
563 3207 702 3242 exterius
725 3199 836 3237 vidisse
859 3212 931 3239 me,
952 3199 1067 3233 credo.
1093 3200 1136 3231 Et
1160 3200 1199 3232 de
1221 3207 1358 3231 interio-

355 3257 446 3291 ribus
478 3252 610 3296 quidem
635 3249 715 3282 alius
748 3247 808 3281 erit
831 3244 1049 3287 opportunior
1083 3242 1241 3275 scribendi
1265 3242 1354 3274 locus

356 3299 438 3343 (s)
461 3312 471 3336 ·‚
505 3297 558 3330 hic
581 3294 740 3327 exteriora
765 3286 951 3323 memorabo
973 3311 981 3318 .
1016 3287 1053 3318 In
1087 3295 1216 3333 exter-na
1250 3286 1353 3333 igitur

355 3345 441 3378 uteri
464 3340 544 3374 facie
567 3336 752 3380 prominere
773 3332 842 3366 vidi
863 3329 1027 3364 tubercula
1046 3350 1058 3368 ,
1095 3332 1127 3362 in
1152 3339 1219 3378 elus
1242 3337 1353 3370 proxr-

356 3398 408 3421 ma
432 3382 605 3419 substantia
627 3377 732 3413 defixa
752 3399 762 3415 ,
792 3376 868 3410 alias
891 3384 929 3408 ex
951 3372 1048 3406 rubro
1081 3372 1214 3407 liventia
1235 3394 1248 3412 ,
1282 3371 1354 3404 alba

350 3505 1320 3532 Μ

495 3587 567 3617 Epist.
585 3594 622 3616 47.
640 3594 663 3611 n.
680 3588 717 3610 26.
734 3586 756 3609 Er.
771 3583 832 3613 seqq.
895 3581 909 3610 (
925 3586 935 3604 t
951 3579 965 3608 )

497 3621 539 3646 Ep.
557 3625 594 3641 22.
611 3625 636 3641 n.
655 3617 692 3640 18.
755 3617 797 3643 (z
813 3616 822 3643 )
836 3613 880 3641 Ep.
898 3619 936 3639 19.
953 3618 977 3644 n·
998 3617 1033 3638 5¹·

501 3646 560 3671 Obs.
579 3648 620 3671 cit.
639 3655 675 3676 54.
693 3645 718 3673 §.
735 3652 770 3675 ις.
832 3644 846 3673 (
862 3642 878 3667 d
893 3642 906 3671 )
925 3639 984 3665 1b1d.
1004 3639 1027 3669 §.
1045 3647 1079 3676 Π..

505 3678 626 3706 Sepulchr.
645 3676 704 3700 sea.
721 3675 762 3699 cit.
780 3673 839 3698 Obs.
856 3681 879 3701 4.
898 3671 921 3702 §.
941 3678 979 3700 3²-
1041 3668 1049 3699 (
1066 3678 1075 3693 ι
1090 3669 1104 3698 )
1120 3667 1190 3692 Thes.
1207 3670 1229 3691 6.
1247 3673 1329 3699 πηδο-

528 3724 533 3729 .
551 3715 616 3736 ¹733-
631 3707 709 3730 Hebd.
728 3713 763 3736 3¹·
780 3713 803 3729 n.
821 3712 842 3728 2.
861 3704 886 3727 in
902 3702 942 3726 fin.
960 3700 982 3724 8(
999 3702 1027 3724 A.
1045 3708 1111 3729 174²-
1129 3698 1207 3723 Hebd.
1224 3705 1263 3726 45.
1280 3704 1305 3719 in
1321 3695 1361 3720 fin.

441 3588 460 3618 s

439 3626 458 3671 'c

445 3678 459 3701 h

451 3708 464 3762 ir
505 3709 564 3773 silli.
581 3737 612 3762 de
626 3737 643 3762 1‘
651 3736 723 3762 Acad.
741 3738 771 3760 R.
787 3735 828 3761 des
845 3735 880 3760 Sc.
897 3734 929 3759 A.
945 3732 1015 3762 1748.

412 3590 429 3618 t
471 3587 480 3618 )

413 3620 424 3647 (
474 3620 481 3647 )

416 3648 431 3677 ί
472 3649 486 3675 )

419 3678 430 3705 (
475 3678 489 3706 )

420 3708 435 3735 (
475 3708 489 3735 )

420 3738 438 3767 ζ
479 3737 490 3767 )

1379 781 1388 788 0
1404 766 1517 800 chreto
1539 769 1553 805 (
1575 765 1627 807 a)

982 3581 1026 3607 Ep.
1044 3580 1080 3608 38.
1098 3585 1122 3602 n.
1141 3578 1177 3601 28.
1195 3575 1218 3600 δε
1233 3576 1280 3604 Ep.
1297 3582 1332 3604 37.
1350 3582 1374 3597 n.
1394 3582 1433 3601 29·

1094 3610 1108 3638 (
1124 3616 1138 3632 a
1155 3609 1163 3639 )
1180 3606 1239 3631 Sest.
1255 3605 1299 3629 hac
1315 3612 1353 3629 21.
1368 3604 1425 3629 Obs.
1446 3613 1482 3634 54.

1142 3640 1155 3666 (
1171 3646 1182 3662 e
1202 3639 1209 3666 J
1226 3638 1297 3661 Cent.
1316 3643 1336 3664 3.
1354 3635 1412 3659 obs.
1429 3639 1468 3661 46.

1075 3731 1089 3760 ζ
1101 3737 1119 3760 ρ,
1134 3730 1147 3759 >
1163 3728 1205 3755 cit.
1222 3726 1283 3757 Eph.
1297 3728 1368 3753 Cent.
1386 3732 1405 3752 ι.
1422 3728 1444 3752 ἃ
1460 3734 1481 3751 2.
1498 3725 1556 3751 obs.
1573 3726 1629 3751 186.

942 125 1100 180 Liber
1133 126 1223 180 ΙΙΙ.
1257 123 1342 181 De
1378 125 1583 180 Morbis
1615 127 1828 181 Ventris

1403 206 1500 241 alias,
1524 207 1554 239 &
1576 202 1731 239 {cirrhosa
1754 205 1898 244 duritie,⁴
1922 213 1959 239 ut
1978 218 2059 241 meas
2081 206 2220 250 relegens
2232 206 2394 251 Epistulas

1403 252 1412 287 (
1436 256 1450 280 t
1469 247 1507 289 ),
1532 257 1587 281 aut
1612 258 1660 280 eas
1682 259 1759 290 quas
1783 247 1851 281 sum
1874 250 2046 291 scripturus
2070 252 2124 293 (u
2145 254 2179 291 ),
2201 251 2371 294 inspiciens
2387 273 2398 289 ‚

1401 291 1589 332 cognosces.
1614 291 1660 323 Ea
1685 291 1895 333 amplificari,
1919 295 1949 325 &
1973 294 2148 328 excrescere
2170 294 2203 326 in
2229 294 2398 328 scirrhosos

1401 343 1564 370 tumores,
1589 332 1737 366 existimo
1760 359 1769 368 .
1793 335 1883 369 Nam
1910 335 2067 377 pustulam
2089 348 2186 380 quam
2210 337 2285 371 alias
2304 340 2318 377 (
2340 349 2360 370 x
2382 339 2399 378 >

1403 378 1465 411 tibi
1489 376 1656 418 descripfi‚
1681 378 1715 409 in
1738 377 1847 411 eadem
1871 378 1937 411 sede
1961 391 1976 411 a
2001 391 2051 412 me
2076 382 2175 414 visam
2198 401 2206 416 ‚
2231 383 2261 413 δι
2282 389 2400 422 corpu-

1405 420 1488 454 scula
1511 431 1581 462 quae
1606 419 1756 453 Valsalva
1780 420 1910 462 disjeeia
1935 423 2017 456 vidit
2040 427 2094 464 (y
2120 427 2130 462 )
2152 424 2225 461 ‚s&
2251 423 2402 457 tubercu-

1402 464 1470 497 lum
1501 462 1589 506 quod
1615 463 1802 497 Santorinus
1825 468 1835 504 (
1859 474 1882 508 z
1904 467 1918 504 )
1938 488 1948 504 ,
1987 469 2106 509 quippe
2129 466 2192 500 hoc
2226 466 2264 499 de
2287 476 2400 508 genere

1401 508 1599 549 cysticorum
1632 516 1797 540 tumorum
1817 531 1827 546 ‚
1861 518 1974 543 caetera
1997 520 2073 542 vero
2106 519 2160 543 aut
2183 507 2229 542 ibi
2254 520 2309 551 pus
2333 506 2400 553 jaim

1403 551 1574 587 habentia,
1599 558 1652 582 aut
1667 574 1675 588 ,
1698 550 1786 591 quod
1809 550 1925 584 similia
1948 552 2024 586 alibi
2048 553 2256 586 ostendebant
2271 573 2280 589 ‚
2311 551 2398 586 idem

1403 593 1525 637 postea,
1550 603 1602 626 aut
1629 595 1797 626 materiam
1820 594 1997 635 pultaceam
2021 595 2192 635 habitura,
2216 595 2310 637 longe
2334 594 2400 627 alio

1404 636 1585 679 pertinere,
1606 647 1671 668 non
1693 635 1813 669 dubito
1834 661 1842 671 .
1877 637 1994 672 Ulcera
2017 642 2103 672 enim
2128 649 2236 672 uterus
2259 639 2400 670 exterius

1403 691 1533 722 quoque
1557 690 1786 721 nonnunquam
1809 679 1904 713 habet
1930 705 1938 720 ‚
1970 694 2026 716 nec
2050 695 2085 716 ea
2118 681 2288 716 dumtaxat
2307 702 2319 719 ,
2352 679 2404 714 sed.

1405 725 1436 756 ὅ(
1460 722 1686 756 excrescentias
1708 744 1716 759 ,
1754 734 1791 756 ex
1813 723 1932 764 quibus
1965 728 2109 767 ingentes
2131 726 2208 760 duas
2231 725 2264 756 in
2290 723 2403 766 Sepul-

1651 765 1732 807 leges
1755 765 1930 808 descriptas
1953 790 1970 808 ,s
1997 781 2134 809 quarum
2158 770 2256 802 altera
2280 766 2400 800 consta.

1404 811 1458 843 bat
1482 812 1591 843 tunica
1624 809 1727 842 veluti
1749 809 1850 842 [ardea
1872 833 1882 849 ,
1919 818 1973 844 aut
1987 811 2114 854 sebacea
2135 835 2145 851 ,
2181 812 2278 845 altera
2301 811 2399 844 etiam

1400 852 1586 895 pinguedine
1619 849 1735 893 referta
1757 862 1825 885 erat
1848 876 1856 884 .
1879 853 2068 895 Qasduas
2092 855 2288 897 potiffimum
2311 853 2399 886 indi-

1403 908 1465 934 co,
1490 897 1564 939 quia
1587 894 1710 928 ibidem
1733 898 1747 935 (
1767 893 1786 927 b
1807 898 1822 935 )
1844 897 1984 930 Severini
2009 899 2199 940 producitur
2234 897 2321 930 locus
2354 896 2403 930 fa-

1404 941 1503 973 tentis
1525 940 1656 980 quidem
1676 959 1687 975 ‚
1719 939 1751 971 in
1773 939 1855 972 uteri
1887 941 2037 974 exteriore
2061 941 2169 975 habitu
2194 939 2401 982 saepenumero

1404 982 1614 1021 melicerides,
1636 980 1883 1016 &atheromata
1905 983 2031 1025 visenda
2037 984 2070 1026 se
2094 983 2253 1026 obtuliffe3
2278 991 2309 1015 at
2321 983 2403 1016 stea-

1403 1036 1564 1060 tomatum
1589 1036 1652 1058 non
1679 1024 1875 1059 recordantis
1893 1052 1902 1066 ‚
1928 1038 1965 1059 an
1990 1025 2088 1060 ullum
2098 1037 2231 1069 unquam
2253 1024 2397 1063 ibidem,

1403 1070 1426 1102 si
1452 1070 1556 1106 reete,
1578 1069 1748 1110 intelligo,
1771 1068 1879 1102 videre
1899 1066 2074 1112 obtigzffet.
2098 1070 2157 1103 Sed
2181 1078 2267 1102 certe
2289 1069 2322 1101 in
2345 1081 2399 1102 ea-

1400 1112 1473 1146 dem
1498 1111 1696 1154 Sepulchreti
1721 1111 1868 1145 Sectione
1889 1134 1902 1152 ‚
1928 1121 1964 1147 ut
1987 1114 2169 1156 exemplum
2193 1112 2242 1155 (c
2264 1116 2279 1152 )
2299 1113 2402 1145 omit-

1401 1165 1470 1189 tam
1494 1156 1628 1189 maximi
1654 1156 1736 1190 uteri
1758 1177 1768 1193 ,
1802 1155 1859 1197 qui
1884 1162 1971 1189 totus
1989 1156 2204 1199 pinguedinem
2228 1155 2310 1197 quafi
2332 1166 2402 1188 car-

1400 1198 1582 1241 tilagineam
1604 1196 1783 1242 referebam
1819 1197 1911 1231 facile
1931 1202 2018 1232 enim
2043 1200 2078 1233 ad
2104 1199 2240 1233 scirrhos
2267 1200 2368 1240 magis
2391 1220 2402 1236 ,

1400 1253 1497 1285 quam
1522 1243 1560 1275 ad
1585 1243 1792 1281 steatomata,
1815 1240 1848 1273 id
1872 1243 2035 1283 pertinet;
2059 1253 2143 1277 certe
2156 1244 2345 1283 simmam,
2367 1241 2402 1275 in

1402 1284 1482 1318 collo
1511 1287 1594 1320 uteri
1616 1283 1762 1328 abscessus
1784 1309 1793 1325 ,
1825 1283 2017 1321 steatomatis
2040 1295 2184 1319 naturam
2207 1283 2340 1329 referens
2362 1295 2403 1317 ex

1402 1329 1554 1362 Ballonio
1576 1337 1775 1363 memoratur
1803 1328 1862 1369 (d)
1877 1351 1886 1365 ‚
1902 1326 2216 1366 steatomatisautem
2240 1325 2405 1370 uterifun-

1402 1373 1439 1405 do
1448 1371 1631 1406 adhaerentis
1642 1371 1758 1406 diserte
1769 1372 1917 1404 meminit
1931 1371 2132 1411 Rhodiusce
2149 1376 2160 1411 )
2177 1396 2184 1409 ,
2200 1372 2403 1413 alterumque

1397 1415 1552 1449 describit
1565 1417 1724 1450 Goetzius
1734 1414 1796 1456 (f)
1808 1426 1815 1447 :
1829 1417 1859 1447 δε
1871 1425 1929 1447 nos
1941 1415 2002 1448 tibi
2013 1415 2230 1458 superioribus
2240 1413 2406 1456 descripsi-

1398 1470 1469 1492 mus
1482 1459 1615 1493 Litteris
1637 1461 1700 1501 (g)
1724 1457 1824 1500 ipsam
1835 1457 1928 1492 fundi
1954 1461 2070 1491 uterini
2086 1458 2312 1498 substantiam,
2337 1468 2404 1491 non

1399 1501 1486 1536 secus
1511 1513 1543 1535 ac
1568 1503 1681 1539 testes,
1705 1504 1735 1534 &
1758 1502 1868 1538 tubas,
1895 1502 1928 1533 in
1952 1500 2062 1535 sebum
2084 1502 2290 1540 conversam3
2315 1500 2404 1544 quod

1399 1556 1478 1579 vero
1501 1547 1589 1579 intus
1612 1545 1648 1579 fit
1673 1567 1683 1583 ‚
1717 1544 1799 1578 nihil
1834 1545 1954 1578 mirum
1978 1546 2020 1578 est
2043 1571 2051 1585 ,
2085 1545 2106 1578 fi
2133 1547 2230 1579 etiam
2264 1546 2404 1580 exterius

1397 1588 1478 1630 fiat,
1502 1589 1599 1624 modo
1622 1588 1755 1623 sebaceae
1779 1588 1898 1630 quibus
1921 1588 2048 1629 sanguis
2069 1590 2229 1625 abundet,
2259 1590 2404 1630 particu—

1397 1632 1457 1669 lae,
1482 1641 1516 1666 ut
1539 1633 1572 1665 in
1597 1634 1756 1675 parietum
1779 1633 1863 1665 uteri
1887 1633 2042 1665 interiora
2064 1655 2077 1672 ‚
2116 1630 2157 1665 fic
2182 1634 2213 1665 in
2239 1633 2405 1665 exteriora.

1396 1677 1640 1718 importentur:
1663 1686 1846 1717 quanquam
1871 1677 1992 1708 rariora
2018 1676 2124 1714 uteri,
2150 1687 2246 1718 quam
2272 1674 2406 1713 testium>

1396 1718 1585 1752 steatomate
1610 1717 1795 1752 affeetorum
1820 1718 1973 1751 habemus
1997 1718 2157 1760 exempla.
2182 1719 2314 1752 Omiffis
2336 1720 2404 1759 igi-

1396 1772 1451 1796 tur
1484 1774 1555 1805 quoe
1581 1762 1619 1796 ad
1652 1761 1791 1795 scii-rhos
1814 1761 1954 1803 spefiare
1982 1785 1991 1799 ,
2019 1772 2082 1794 non
2107 1760 2207 1794 credo
2229 1784 2239 1799 ,
2265 1773 2323 1803 pro
2347 1773 2402 1793 eo-

1397 1816 1470 1839 rum
1503 1804 1692 1848 primordiis
1715 1813 1829 1838 caetera
1863 1805 1988 1845 accipio
2011 1826 2020 1841 ,
2053 1816 2122 1845 quae
2146 1804 2237 1846 supra
2261 1815 2406 1838 comme-

1398 1850 1544 1890 moravi,
1568 1853 1598 1883 &
1622 1851 1681 1884 alia
1704 1848 1960 1892 ejusdemmodi,
1985 1848 2074 1881 velut
2098 1848 2189 1881 illam
2213 1859 2310 1890 quam
2334 1857 2407 1880 ute·-

1372 1893 1426 1926 ’τὶ
1463 1892 1565 1929 fundo
1588 1895 1728 1927 exterius
1761 1891 1909 1926 adnatam
1946 1892 2091 1924 Paawius
2122 1890 2216 1931 (h)
2248 1890 2405 1925 describit

1397 1936 1635 1980 excrescentiam
1646 1936 1828 1972 candidam,
1850 1934 2061 1977 magnitudine
2072 1945 2207 1968 verrucae
2221 1959 2229 1973 ,
2254 1944 2320 1977 quae
2343 1932 2406 1976 des-

1394 1979 1479 2024 seda
1494 2005 1504 2022 ,
1527 1980 1608 2015 nihil
1631 1981 1719 2014 intus
1742 1977 1935 2016 continebat,
1953 1977 2008 2020 sed
2023 1976 2123 2019 solida
2148 1977 2231 2010 omni
2254 1987 2292 2010 ex
2310 1984 2404 2018 parte

1400 2030 1492 2066 erat,
1514 2026 1545 2057 &
1569 2024 1674 2057 multo
1699 2023 1800 2064 magis
1814 2033 1893 2064 quos
1917 2021 2070 2063 proponit
2085 2019 2270 2062 Ruyschius
2296 2024 2306 2060 (
2332 2021 2343 2053 i
2368 2024 2405 2060 )‚

1397 2076 1515 2109 parvos
1538 2075 1673 2101 tumores
1696 2066 1858 2101 rotundos,
1884 2064 2046 2098 admodum
2065 2063 2258 2106 scirrhosos,
2282 2063 2332 2096 vel
2349 2073 2409 2105 po-

1400 2111 1467 2144 tius
1485 2110 1643 2154 scirrhos‚
1667 2117 1753 2144 utero
1776 2109 1905 2142 cuidam
1929 2117 1987 2139 non
2005 2105 2106 2149 solum
2127 2106 2294 2148 pedunculi
2319 2117 2373 2148 ope
2397 2131 2410 2148 ,

1400 2162 1511 2188 *verum
1533 2156 1627 2188 etiam
1651 2153 1760 2196 absque
1783 2164 1836 2191 eo,
1861 2158 2026 2188 comatos,
2050 2151 2106 2193 qui
2132 2161 2240 2183 uterus
2263 2149 2375 2197 iisdem
2398 2175 2410 2192 ,

1406 2197 1541 2241 aliisque
1575 2196 1807 2239 magnitudinis
1831 2197 1928 2229 variae
1952 2217 1964 2234 ‚
1995 2204 2063 2227 erat
2086 2193 2228 2236 undique
2251 2193 2374 2228 obsitus
2399 2216 2410 2226 .

1405 2241 1490 2278 Quae
1513 2241 1578 2274 duo
1602 2242 1639 2274 ad
1653 2241 1790 2274 totidem
1814 2237 1958 2281 exempla
1971 2237 2088 2275 adde53
2112 2249 2212 2280 neque
2237 2239 2323 2270 enim
2339 2237 2410 2279 plu-

1406 2297 1440 2318 ra
1461 2309 1470 2324 ‚
1502 2282 1597 2326 hujus
1621 2284 1754 2326 quidem
1789 2284 1912 2326 generis
1934 2304 1943 2319 ,
1979 2282 2115 2323 protulit
2137 2280 2279 2326 Crellius
2313 2281 2345 2313 in
2371 2292 2410 2313 eo

1407 2330 1645 2369 Programmate
1670 2331 1680 2367 (
1704 2326 1779 2370 k),
1802 2338 1873 2369 quo
1894 2334 2047 2359 tumorem
2071 2324 2135 2367 ipse
2158 2335 2288 2366 quoque
2306 2320 2411 2366 fundo

1406 2371 1489 2404 uteri
1511 2378 1634 2405 externe
1657 2369 1859 2405 adhaerentem
1883 2370 1966 2401 mori
2001 2367 2123 2401 smnus
2147 2369 2374 2413 magnitudine
2396 2389 2410 2406 ‚

1404 2416 1524 2448 durum
1543 2435 1553 2451 ,
1589 2413 1790 2455 solidumque
1813 2410 2058 2446 describendum
2095 2410 2229 2453 suscepit
2251 2435 2259 2443 .
2297 2411 2409 2452 Hujus

1405 2466 1511 2492 autem
1534 2458 1656 2500 generis
1679 2457 1747 2490 dixi
1768 2470 1778 2493 ς
1813 2467 1887 2489 nam
1911 2455 2040 2488 alterius
2061 2465 2190 2497 quoque
2218 2454 2410 2487 memoravit

1405 2512 1478 2543 quae
1502 2499 1585 2544 apud
1608 2501 1711 2542 ipsum
1737 2499 1844 2533 videre
1869 2499 1990 2542 poteris
2013 2511 2024 2534 ·,
2046 2498 2125 2540 quin
2149 2498 2249 2531 etiam
2273 2494 2374 2530 osseos
2398 2519 2409 2534 ‚

1409 2553 1464 2577 aut
1487 2543 1573 2587 quafi
1596 2543 1697 2578 osseos
1721 2543 1754 2575 in
1777 2543 1989 2575 Commercio
2001 2541 2178 2574 Litterario
2203 2544 2214 2579 (
2239 2540 2250 2572 l
2271 2543 2309 2578 ).
2333 2540 2411 2573 Nec

1409 2587 1568 2624 deessent,
1593 2587 1614 2620 fi
1639 2587 1676 2620 de
1701 2585 1749 2618 his
1773 2596 1862 2626 agere
1886 2584 1941 2618 hic
1964 2584 2117 2617 vellemus
2139 2606 2148 2619 ,
2174 2585 2257 2616 uteri
2283 2582 2411 2616 Obser-

1410 2633 1580 2667 vationes,
1603 2631 1660 2672 qui
1685 2628 1842 2662 scirrhoso
1864 2637 1990 2662 tumore
2015 2636 2067 2660 aut
2093 2625 2222 2660 affeetus
2247 2626 2411 2660 videretur

1408 2675 1454 2708 ob
1477 2674 1632 2717 plurimos
1656 2672 1778 2715 lapides
1799 2672 1915 2713 quibus
1938 2670 2003 2712 ejus
2016 2670 2245 2704 infarciebatur
2269 2668 2413 2709 substan-.-

1408 2720 1455 2751 tia
1479 2722 1490 2757 (
1514 2729 1545 2751 m
1569 2721 1603 2757 ),
1627 2726 1681 2751 aut
1705 2714 1877 2750 scirrhosus
1901 2725 2007 2748 revera
2031 2712 2102 2747 esset
2128 2714 2191 2746 sive
2214 2713 2349 2747 dimidia
2372 2724 2412 2746 cx

1410 2771 1501 2804 parte
1524 2766 1535 2800 (
1559 2772 1578 2794 n
1602 2763 1638 2800 ),
1662 2759 1723 2793 sive
1747 2769 1837 2793 totus
1860 2758 1946 2802 (o)
1969 2758 2013 2790 ita
2047 2759 2094 2790 uti
2120 2756 2243 2799 pondus
2266 2765 2410 2799 aequaret

1408 2805 1564 2839 librarum
1588 2812 1751 2846 quatuor,
1775 2805 1806 2835 δε
1829 2800 2061 2844 quadraginta:
2086 2803 2116 2833 &
2139 2801 2172 2833 in
2186 2810 2340 2843 promptu
2363 2808 2411 2833 et-

1407 2849 1474 2882 iam
1498 2847 1596 2881 essent
1620 2855 1789 2880 tumorum
1812 2845 1976 2883 historiae,
1999 2855 2140 2886 quotum
2164 2842 2248 2877 sedes
2273 2844 2409 2877 Medico

1409 2892 1594 2926 attrectanti
1617 2889 1710 2923 facile
1732 2891 1933 2931 imponeret,
1957 2896 1992 2920 ut
2017 2899 2073 2930 pro
2098 2889 2181 2920 uteri
2206 2885 2333 2921 scirrhis
2357 2898 2411 2919 ac·-

1407 2937 1550 2978 ciperet‚
1575 2945 1646 2967 cum
1670 2933 1707 2967 ad
1731 2932 1815 2966 hunc
1838 2932 2027 2974 neutiquam
2052 2955 2061 2971 ,
2086 2930 2136 2964 sed
2161 2940 2214 2964 aut
2239 2930 2276 2964 ad
2301 2929 2410 2964 vesicae

1408 2978 1547 3013 fundum
1572 2982 1581 3017 (
1606 2987 1626 3020 p
1647 2980 1681 3017 )‚
1705 2986 1759 3010 aut
1785 2975 1821 3010 ad
1846 2975 1941 3008 aliam
1966 2975 2106 3016 aliquam
2132 2975 2314 3015 proximam
2335 2984 2410 3015 par-

1408 3031 1473 3056 tem
1496 3026 1510 3063 (
1533 3021 1586 3065 q)
1611 3022 1780 3053 attinerent
1795 3044 1802 3051 .
1826 3019 1952 3051 Verum
1976 3029 2013 3051 ne
2039 3018 2078 3051 ab
2101 3016 2246 3058 suscepto
2267 3017 2306 3051 de
2330 3017 2409 3050 scir-

1409 3065 1511 3099 rhofis
1543 3065 1682 3098 externis
1705 3060 1877 3096 tuberculis
1900 3061 2045 3096 sermone
2077 3061 2273 3095 discedamus
2295 3083 2308 3100 ,
2339 3062 2410 3095 imo

1411 3118 1447 3144 ut
1478 3120 1552 3143 eum
1575 3108 1776 3141 absolvamus
1798 3117 1809 3143 3
1844 3105 1865 3138 si
1890 3102 1975 3138 forte
2005 3115 2128 3147 quaeras
2148 3126 2160 3143 ,
2193 3116 2256 3147 qua
2279 3106 2405 3138 ratione

1411 3152 1568 3186 scirrhosa
1590 3149 1736 3193 quaedam
1761 3150 1930 3182 tubercula
1954 3148 2094 3182 inveniri
2119 3147 2330 3191 poffintvquae
2353 3158 2409 3190 per

1411 3196 1627 3238 angustiorem
1660 3192 1874 3235 pedunculum
1900 3194 1939 3226 ab
1971 3201 2063 3225 utero
2090 3216 2099 3230 ,
2130 3200 2165 3224 ut
2201 3189 2408 3233 Ruyschium

1407 3239 1519 3272 vidisse
1534 3264 1543 3279 ,
1563 3238 1724 3273 diximus,
1750 3245 1804 3269 aut
1829 3247 1843 3268 a
1868 3235 2039 3269 visceribus
2061 3235 2133 3268 aliis
2157 3233 2335 3276 pendeant3
2358 3243 2407 3266 et·-

1403 3281 1427 3316 fi
1450 3294 1513 3315 non
1537 3293 1602 3315 uno
1625 3279 1722 3313 modo
1746 3280 1888 3322 intelligi
1910 3279 1944 3313 id
1967 3278 2070 3321 potest
2091 3292 2101 3315 ς
2124 3277 2177 3311 hic
2201 3288 2307 3311 tamen
2331 3276 2406 3311 satis

1404 3324 1487 3359 mihi
1511 3326 1570 3359 erit
1596 3324 1689 3358 illum
1712 3322 1774 3356 tibi
1806 3325 1838 3356 in
1865 3323 2055 3356 memoriam
2078 3320 2219 3362 redigere
2239 3343 2249 3357 ‚
2280 3332 2344 3361 quo
2366 3320 2405 3353 fi-

1404 3369 1527 3403 militer
1560 3368 1731 3413 pendentes
1752 3365 1919 3409 hydatides
1939 3389 1953 3408 ‚
1983 3368 2015 3399 &
2037 3365 2150 3400 harum
2175 3388 2185 3405 ,
2217 3363 2317 3399 effuso
2340 3361 2403 3398 hu-

2247 3417 2335 3441 more
2349 3431 2357 3446 ‚

1498 3574 1543 3602 (α
1560 3572 1568 3603 )
1585 3574 1632 3602 Ep.
1651 3575 1689 3603 56.
1705 3580 1730 3598 n.
1747 3581 1786 3600 ιο,
1847 3574 1861 3603 (
1875 3581 1889 3597 x
1907 3572 1916 3602 )
1932 3574 1975 3601 Ep.
1993 3581 2027 3603 35.
2046 3579 2071 3596 n.
2089 3575 2127 3604 16.

1503 3604 1524 3634 §.
1544 3612 1563 3628 ιν
1582 3604 1605 3627 8:
1623 3604 1659 3628 18.
1721 3605 1735 3633 (
1752 3608 1765 3626 o
1784 3604 1797 3632 )
1815 3604 1876 3628 ibid.
1893 3603 1972 3628 schot.
1989 3603 2018 3627 ad
2036 3602 2092 3627 Obs.
2109 3610 2148 3631 37.

1530 3635 1544 3663 (
1556 3633 1598 3663 f)
1615 3634 1666 3657 Ast.
1684 3637 1717 3659 N.
1736 3636 1765 3658 C.
1782 3636 1857 3659 Tem.
1874 3642 1895 3657 2.
1913 3633 1971 3658 Obs⁴
1990 3641 2044 3663 ²07·
2104 3633 2112 3661 (
2129 3640 2147 3662 g
2163 3631 2171 3661 )
2189 3638 2213 3654 n.
2229 3637 2267 3661 34.

1392 3667 1406 3695 (
1421 3664 1437 3689 k
1457 3666 1465 3694 )
1482 3664 1642 3691 vitembergae
1659 3666 1686 3689 A.
1706 3673 1770 3693 1739·

1425 3697 1431 3722 l
1450 3704 1473 3719 m
1491 3700 1502 3722 >
1521 3694 1580 3723 Eph·
1596 3696 1628 3718 N.
1647 3697 1674 3720 C.
1692 3697 1763 3719 cent.
1781 3702 1801 3718 1.
1818 3696 1840 3718 8<
1856 3702 1878 3717 2.
1896 3693 1957 3718 Obs.
1973 3702 2015 3722 77.
2076 3694 2090 3722 (
2106 3701 2122 3715 n
2137 3692 2150 3720 )
2167 3693 2238 3715 Cent.
2257 3697 2277 3717 9.
2294 3689 2350 3715 Obs.
2360 3697 2397 3720 31,

1689 3725 1704 3755 <
1719 3733 1733 3756 q
1748 3725 1763 3754 )
1780 3727 1841 3755 Epir.
1857 3725 1938 3751 earud.
1954 3727 2011 3750 Dec.
2029 3730 2052 3754 3.
2069 3726 2099 3749 A.
2115 3731 2138 3753 7.
2153 3721 2177 3746 δι
2192 3722 2216 3747 8.
2233 3719 2292 3748 Obs.
2311 3729 2361 3751 ιη.
