2498 4075
326 218 401 241 ium
426 219 495 251 quae
519 205 564 240 ibi
587 204 724 248 ingenue
745 202 840 238 fassus
862 201 956 242 sum,
979 212 1044 235 non
1066 201 1218 237 contendi
1242 213 1257 234 a
1281 213 1331 235 rne

322 250 413 293 quod
458 252 491 283 in
537 249 668 282 canibus
701 247 814 291 saepius
836 246 927 286 vidi,
950 245 985 278 id
1007 243 1065 279 esse
1087 247 1120 280 in
1144 245 1331 280 hominibus

318 304 483 337 nunquam
506 292 614 334 posse,
636 303 745 325 verum
769 290 895 332 insuper
917 299 980 322 non
1004 298 1254 333 repugnaturum
1287 291 1330 322 ti-

319 337 352 370 bi
369 361 380 376 ,
405 337 426 368 si
450 336 536 370 forte
561 346 788 377 nonnunquam
813 332 924 369 fuisse,
946 332 1074 366 credas.
1108 330 1210 367 Fuisse
1243 333 1328 365 enirn

318 380 450 424 potuit,
475 390 575 422 neque
597 390 663 413 uno
687 378 806 411 modo.
833 377 977 409 Primum
1004 377 1090 409 enim
1112 376 1135 410 si
1158 387 1191 409 ea
1213 376 1329 419 legeris

316 435 389 465 quae
414 435 429 455 a
454 434 503 456 me
521 446 533 462 ,
556 425 587 455 δε
611 420 651 456 ab
675 422 746 454 aliis
768 419 934 462 conspedta
959 418 1067 462 scripsi
1088 419 1197 462 (s),
1221 421 1254 452 in
1277 431 1328 465 ca-

318 467 414 499 nibus
433 489 444 506 ,
468 469 499 499 &
523 464 715 508 quibusdam
739 464 811 497 aliis
837 462 1052 496 animantibus
1075 473 1138 495 non
1161 473 1260 497 unum
1284 464 1329 495 es-

316 509 344 542 se
372 510 503 550 locum,
526 510 560 541 in
583 521 648 551 quo
673 507 786 541 rubelli
803 531 811 545 ‚
837 508 870 538 &
895 507 1088 539 acicularum
1110 506 1265 540 tenuitate
1279 507 1331 538 in-

315 553 484 585 nascantur
506 551 691 590 vermiculi,
718 550 862 592 undeque
887 551 1012 584 exitum
1036 557 1182 583 tentent.
1217 550 1331 591 praeci-

317 607 377 637 pue
403 606 507 629 autem
530 597 563 627 in
586 594 652 626 vasa
678 592 880 637 sanguifera‚·
903 604 966 625 non
1001 592 1091 625 valde
1133 592 1298 626 miraberis
1321 617 1331 632 ,

319 638 489 673 Thomam
521 639 712 671 Cornelium
746 640 831 677 (t)
863 637 897 668 in
930 635 1037 669 sturno
1072 633 1331 671 convulfionibus

317 692 433 716 vexato
456 683 557 717 cordis
580 679 676 723 bafim
699 681 852 715 teretium
875 680 1066 722 quorundam
1088 679 1331 713 vermiculorum

318 725 465 767 amplexu
488 724 758 766 circumplicatam
781 722 950 760 invenisse,
981 722 1149 765 multoque
1190 725 1295 756 minus
1319 745 1330 761 ,

318 768 462 801 nobilem
484 767 686 809 Chirurgum
710 767 912 809 Lapeyronie
937 768 951 804 (
975 765 1030 806 u)
1054 776 1118 798 non
1142 776 1208 799 uno
1230 767 1263 798 in
1275 777 1328 798 ca-

316 822 356 844 ne
378 812 463 844 inter
483 810 591 844 cordis
614 809 734 849 basim,
758 813 791 843 &
814 807 1053 852 pericardium‚
1077 819 1134 841 nec
1168 808 1259 842 semel
1292 811 1327 842 in

313 855 502 888 ventriculis
526 853 625 895 ipsis,
649 854 804 887 vermium
829 852 985 894 glomeres
1008 850 1140 886 vidisse.
1175 853 1326 892 Quorum

317 896 340 931 fi
364 906 513 933 neutrum
537 896 747 931 similitudine
771 897 876 938 aliqua
899 895 1070 938 deceptum
1093 894 1196 929 credis
1227 911 1236 934 3
1269 897 1334 929 rni-

315 953 373 975 rius
399 940 566 984 deceptum
591 940 786 975 existimabis
812 938 1014 973 Lochnerum
1041 942 1055 978 (
1076 949 1099 973 x
1120 943 1156 979 ),
1181 941 1238 982 qni
1271 940 1333 973 mi-

317 996 350 1018 re
389 985 424 1028 se
468 993 630 1019 moventes
654 982 873 1027 reptantesque
895 982 1085 1017 vermiculos
1108 982 1147 1016 ab
1169 983 1198 1016 se
1221 982 1332 1025 depre-

315 1027 430 1062 hensos
453 1028 611 1065 affirmat,
636 1030 667 1060 δι
692 1026 912 1061 rubicundulos
932 1024 1087 1067 quidem,
1110 1035 1203 1069 atque
1225 1036 1260 1060 ut
1284 1026 1332 1059 sa-

313 1073 357 1105 tis
381 1072 529 1115 exemplo
551 1071 673 1104 indicat
700 1075 753 1113 (y
777 1073 791 1111 )
817 1093 826 1108 ‚
867 1068 998 1112 craffitie
1017 1092 1030 1109 ,
1064 1070 1106 1102 &⁸
1137 1069 1330 1111 longitudine

314 1116 470 1149 aciculam
492 1123 645 1158 aequantes
659 1138 670 1154 ,
694 1113 809 1156 eosque
830 1113 864 1145 in
887 1113 1034 1145 thalamo
1056 1111 1179 1146 sinistro
1223 1112 1329 1146 cordis

315 1159 528 1201 virgunculae
552 1182 565 1200 ,
608 1158 700 1200 cujus
732 1155 894 1190 bimestres
926 1157 1111 1196 cruciatus,
1134 1154 1327 1199 rosionisque

309 1201 431 1235 sensum
454 1204 538 1234 circa
563 1201 738 1244 praecordia
762 1198 914 1233 describit
938 1223 950 1240 ,
971 1210 1045 1232 cum
1079 1208 1215 1232 tremore
1237 1222 1249 1239 ,
1294 1202 1327 1233 &

337 1245 528 1288 alpitatione
552 1244 656 1277 cordis
669 1268 680 1285 ,
705 1243 812 1286 pulsus
834 1242 1061 1276 intermissione
1091 1264 1100 1279 ,
1135 1241 1327 1276 defeffioni-

312 1257 372 1323 bus
398 1289 521 1329 animi,
547 1287 660 1322 sudore
686 1286 814 1329 frigido
839 1312 848 1326 ‚
889 1289 920 1319 &
954 1285 1148 1319 convulsivis
1180 1285 1325 1320 motibus

314 1331 524 1376 conjunctos.
662 1330 853 1373 Optandum
874 1328 1005 1373 quidem
1028 1329 1155 1369 suerat,
1178 1339 1213 1363 ut
1225 1328 1326 1372 prius-

309 1388 407 1420 quam
430 1387 541 1410 eorum
564 1376 812 1410 vermiculorum
834 1373 940 1406 nidum
963 1374 998 1405 in
1020 1371 1115 1406 corde
1129 1371 1328 1415 fuiss'e,pr0-

312 1422 504 1459 nunciaret,
528 1419 644 1453 viscere
666 1419 709 1451 ob
731 1416 798 1452 suas
822 1417 957 1450 alternas
979 1416 1246 1456 constriffiones,
1268 1415 1331 1449 eas-

309 1475 396 1508 que,
421 1475 495 1497 cum
519 1464 690 1497 irritantur
710 1485 722 1501 ,
753 1460 1006 1494 vehementiores
1029 1486 1038 1500 ‚
1071 1462 1178 1494 minus
1211 1460 1332 1494 idoneo

308 1507 348 1542 ad
359 1508 610 1542 vermiculorum
622 1504 897 1543 nidificationem‚
922 1515 1109 1546 moramque
1132 1503 1330 1542 bimestrem3

309 1551 493 1594 optandum
510 1575 522 1592 ,
545 1552 698 1593 inquam,
722 1546 851 1588 fuerat,
875 1557 911 1581 ut
937 1547 1113 1581 substantiae
1137 1547 1243 1581 cordis
1256 1559 1330 1581 ero-

307 1593 432 1635 fiones,
453 1598 486 1628 &
510 1593 731 1628 indurationes
753 1592 826 1625 illas
860 1590 1049 1635 quaefiviffet
1068 1615 1081 1632 ,
1113 1602 1131 1624 a
1161 1591 1254 1624 nobis
1287 1592 1321 1624 in

305 1637 466 1679 ejusmodi
491 1637 577 1671 nidis
602 1634 852 1672 animadversas,
877 1646 914 1667 ne
938 1634 1025 1667 forre
1046 1636 1079 1667 in
1104 1636 1224 1668 tunicis
1245 1632 1322 1667 valis

308 1681 446 1724 alicujus
468 1679 598 1714 fuissent
623 1691 686 1713 non
711 1678 887 1720 plurimum
910 1676 1007 1711 dissiti
1028 1704 1035 1716 ‚
1073 1686 1109 1711 ut
1143 1676 1237 1711 facile
1267 1688 1323 1710 cor

306 1723 407 1770 posset
430 1726 464 1759 in
487 1723 675 1758 consensum
698 1722 813 1762 trahi,
837 1721 1088 1755 &aver-miculis
1103 1730 1180 1754 tunc
1194 1720 1324 1754 demum

307 1769 390 1804 adiri
405 1792 414 1807 ,
437 1780 512 1804 cum
535 1769 568 1802 in
593 1776 695 1802 morte
709 1790 717 1805 ‚
743 1775 798 1799 aut
822 1776 898 1798 mox
921 1764 993 1809 post
1015 1773 1154 1798 mortem
1177 1776 1326 1807 quoquo-

307 1812 413 1847 versus
435 1825 452 1847 e
476 1812 561 1847 nidis
583 1811 755 1854 aufugiunt
777 1820 916 1848 vermes,
937 1807 1329 1852 quemadmodumaVal-

305 1856 436 1891 lisnerio
481 1859 495 1896 (
517 1856 575 1901 z)
610 1855 801 1889 adnotatum
825 1853 884 1886 est.
911 1852 1014 1890 Quod
1035 1853 1069 1884 in
1092 1852 1225 1885 canibus
1249 1863 1330 1893 quo-

306 1912 390 1944 que,
417 1899 548 1943 aliisque
573 1898 763 1932 animalibus
787 1906 865 1930 tunc
888 1897 1033 1941 arbitror
1052 1892 1218 1933 accidisse,
1244 1894 1327 1927 mul-

307 1954 407 1988 toque
432 1944 534 1986 magis
560 1943 613 1976 ubi
640 1954 702 1975 non
726 1941 764 1975 de
787 1940 993 1979 vermiculis,
1016 1937 1067 1972 sed
1100 1937 1138 1971 de
1171 1937 1325 1971 teretibus

309 1990 422 2028 agitur
445 1987 690 2025 intestinorum,
713 1984 947 2027 ventriculique
981 1982 1150 2017 lumbricis
1173 2005 1185 2022 ‚
1219 1992 1325 2014 revera

308 2027 485 2076 anquando
508 2032 595 2064 intra
617 2027 832 2073 pericardiuin
855 2027 1006 2070 repertis.
1031 2026 1148 2068 Neque
1172 2025 1257 2058 enim
1271 2035 1326 2067 per

308 2075 488 2118 {anguifera
510 2073 604 2114 vasa,
625 2074 659 2106 in
682 2083 821 2116 quorum
853 2069 888 2104 hi
922 2070 1052 2114 quidem
1085 2069 1205 2101 tunicis
1241 2066 1325 2118 haud

309 2120 515 2159 nidulantur‚
539 2115 590 2151 sed
614 2128 668 2159 per
694 2116 818 2149 brevem
865 2113 1111 2156 expeditamque
1155 2110 1324 2161 oesophagi

311 2167 418 2200 viam,
442 2173 542 2207 quem
564 2171 629 2194 non
655 2160 749 2194 aliter
773 2170 808 2192 ac
840 2157 987 2191 intestina
1009 2181 1020 2198 ‚
1056 2167 1111 2189 nec
1146 2154 1294 2205 rarissime
1311 2178 1319 2194 ‚

310 2207 495 2253 perforent,
522 2206 550 2240 se
574 2206 608 2237 in
632 2205 820 2247 proximum
846 2198 972 2244 possunt
997 2198 1212 2242 pericii-dium
1244 2209 1324 2232 con-

311 2255 407 2298 jicere
424 2277 431 2284 .
458 2251 533 2295 Q
556 2249 681 2283 ratione
700 2272 713 2289 ,
737 2250 769 2281 δε
792 2259 831 2281 eo
854 2257 921 2288 quo
943 2244 1012 2279 dixi
1037 2267 1046 2282 ‚
1071 2253 1223 2292 tempore·
1260 2241 1324 2276 huc

311 2293 486 2342 pervenisse
511 2317 523 2334 ,
565 2291 755 2326 crediderim
777 2315 790 2331 ,
833 2289 928 2323 illum
952 2288 1080 2331 Baglivi
1104 2286 1324 2326 lumbricum,

312 2351 409 2386 quern
431 2345 663 2373 commemorat
688 2335 840 2368 Clericus
861 2336 874 2372 (
897 2344 915 2365 a
938 2336 976 2373 ),
998 2333 1141 2374 itemque
1164 2330 1324 2379 alterum,

313 2395 409 2428 quem
431 2383 485 2416 Cl.
511 2378 672 2414 Haehnius
696 2381 709 2417 (
734 2377 753 2411 b
774 2381 812 2417 ),
836 2387 913 2409 curn
939 2374 1102 2423 ane-orde,
1124 2383 1177 2406 cui
1213 2372 1325 2421 affixus

314 2437 401 2466 erat,
427 2423 644 2462 abstraheret,
660 2420 794 2461 statim,
819 2421 863 2452 ait
877 2444 886 2457 ‚
909 2418 1020 2460 digitis
1036 2417 1107 2464 stus
1123 2416 1158 2458 se
1191 2427 1327 2450 careum-

315 2469 466 2515 cinxiffe,
489 2467 601 2509 anguis
623 2465 662 2498 ad
684 2462 794 2503 instar.
821 2463 887 2496 Hic
911 2462 996 2493 enim
1020 2459 1196 2493 lumbricus
1219 2460 1253 2492 in
1277 2460 1326 2490 vi-

315 2527 353 2549 ro
377 2513 442 2548 fuit
457 2535 465 2551 ,
489 2509 599 2553 cujus,
626 2507 701 2541 dum
726 2507 870 2546 viveret,
894 2504 981 2538 nulla
1004 2514 1075 2546 quae
1098 2501 1139 2536 ad
1160 2513 1218 2535 cor
1237 2503 1329 2552 *atti-

315 2567 433 2594 neant‚
458 2562 683 2599 proponuntur
706 2548 910 2583 incommoda
923 2559 935 2587 ;
958 2547 1081 2589 primus
1104 2555 1211 2580 autem
1233 2556 1268 2578 in
1293 2556 1331 2578 eo

293 2632 295 2635 ,
316 2604 372 2645 qui
399 2611 472 2634 cum
495 2596 664 2632 doloribus
688 2594 858 2628 ventriculi
882 2591 943 2625 alia
967 2591 1142 2633 pertulerat
1166 2589 1271 2629 mala,
1295 2587 1334 2621 ad

317 2657 374 2679 cor
395 2642 528 2688 quidem
542 2664 554 2681 ‚
576 2639 629 2674 sed
652 2637 747 2671 facile
770 2638 803 2670 in
826 2633 1012 2670 consensum
1039 2645 1055 2667 a
1077 2633 1257 2678 ventriculo
1269 2642 1336 2665 tra—

317 2691 407 2723 &um
420 2710 432 2728 ,
455 2684 651 2729 speuantia.
677 2680 909 2716 Dubitationes
931 2679 1033 2724 igitur
1050 2699 1060 2715 ‚
1083 2679 1115 2710 &
1138 2676 1337 2719 conjeffiiras

317 2731 478 2775 intelligis
505 2739 610 2767 meas,
632 2736 709 2769 quas
733 2735 798 2757 non
822 2733 893 2758 ante
917 2721 1086 2770 abjiciam,
1119 2731 1215 2761 quam
1264 2719 1338 2762 plu-

318 2788 388 2817 res,
410 2786 465 2809 nec
490 2771 552 2807 fine
576 2767 832 2808 accuratissime,
853 2764 940 2810 quod
954 2765 1067 2808 saepius
1078 2762 1240 2802 defidero,
1266 2774 1338 2811 exa-

319 2821 407 2854 mine
421 2843 432 2859 ,
456 2816 574 2851 habitae
597 2812 850 2847 Observationes
873 2808 1105 2853 proferantur,
1126 2818 1197 2849 quae
1221 2818 1270 2839 me
1295 2807 1337 2855 il-

321 2864 374 2898 luc
398 2861 556 2895 adducant
579 2856 734 2895 tandem,
755 2864 791 2888 ut
813 2852 901 2898 quod
924 2852 992 2886 fieri
1016 2849 1121 2894 posse,
1142 2852 1175 2883 δε
1212 2852 1338 2899 potuis-

320 2907 352 2941 se
368 2930 380 2947 ,
403 2915 468 2938 non
491 2901 642 2937 inficior,
672 2898 795 2932 fastum
818 2897 877 2931 esse
899 2896 1002 2929 libens
1026 2893 1212 2936 agnoscam.
1238 2892 1338 2926 Vides

322 2949 438 2989 fimul,
462 2946 518 2979 ubi
543 2943 661 2986 dignus
685 2942 811 2982 ᾼιιᾶοῑ·
833 2940 874 2974 est
889 2963 901 2980 ,
923 2940 976 2973 cui
1000 2937 1170 2977 credatur,
1193 2940 1225 2970 ἃ
1250 2936 1338 2986 ’τῴ-[ε

321 2992 405 3026 visos
427 2999 483 3024 aut
506 2987 721 3026 vermiculos,
745 2994 799 3018 aut
823 2983 1000 3018 lumbricos
1016 3005 1025 3020 ,
1050 2982 1193 3014 viventes
1207 2980 1340 3018 scribit,

321 3048 341 3071 a
365 3047 414 3069 mc
439 3030 558 3068 fidem,
581 3041 617 3064 ut
642 3040 697 3072 par
719 3027 785 3067 est,
809 3026 977 3061 adhiberi.
1004 3027 1222 3059 Veruntamen
1257 3033 1340 3066 quot

323 3080 459 3121 denique
482 3072 641 3119 ejusmodi
665 3079 776 3106 extant
800 3067 1080 3104 Observationes?
1104 3079 1177 3100 nam
1200 3078 1334 3110 quarum

323 3123 532 3157 memineram
577 3119 611 3151 in
658 3114 824 3158 praesentia
845 3138 857 3154 ,
888 3125 994 3148 earum
1028 3111 1148 3146 nullam
1173 3110 1226 3145 hic
1251 3122 1264 3142 a
1290 3123 1339 3144 me

324 3162 588 3211 praetermissam,
613 3160 752 3204 aliquam
786 3159 885 3191 etiam
915 3168 980 3189 non
1016 3156 1153 3188 viventis
1186 3153 1337 3203 lumbrici

326 3205 490 3243 admissam
516 3215 597 3249 puto
622 3230 630 3238 .
762 3202 809 3235 At
833 3202 917 3233 enim
942 3202 1110 3240 Verneyus
1132 3220 1141 3236 ,
1176 3199 1302 3240 inquies
1325 3222 1337 3237 ,

326 3251 518 3295 observasse,
539 3247 691 3282 scribitur
713 3249 727 3285 (
749 3258 765 3279 c
788 3249 802 3286 )
824 3243 1043 3284 lumbricum,
1074 3241 1276 3291 terrestrium
1298 3240 1337 3274 si-

327 3296 460 3334 milem,
483 3295 514 3326 &
538 3291 622 3325 hunc
643 3293 825 3327 viventem,
850 3289 935 3320 intra
960 3288 1071 3332 Sinum
1095 3284 1339 3327 Longitudina-

329 3340 392 3372 lem
417 3338 504 3380 pueri
530 3347 622 3378 quem
648 3332 778 3367 assiduus
801 3330 1030 3373 vehemensque
1075 3328 1172 3362 dolor
1204 3339 1338 3361 vexave-

330 3393 379 3415 rat
404 3381 442 3415 ad
465 3378 527 3414 nafi
553 3379 693 3412 radicem
710 3404 718 3417 ‚
742 3379 775 3409 &
808 3374 877 3418 post
910 3372 1101 3406 trimestrem
1137 3373 1255 3405 lentam
1292 3370 1338 3403 fe-

329 3427 438 3464 brem,
464 3433 585 3466 magnae
608 3421 735 3455 demum
757 3417 977 3453 convulsiones
1000 3415 1186 3451 sustulerant
1208 3439 1216 3446 .
1251 3414 1340 3449 Mihi

913 123 1072 178 Liber
1105 122 1170 175 Π.
1205 124 1291 176 De
1328 121 1537 176 Morbis
1572 119 1831 174 Thoracis

1380 211 1455 232 vero
1484 203 1572 233 hunc
1604 201 1707 242 ipsum
1738 206 1845 235 casum
1877 200 1997 244 legenti
2032 200 2065 232 in
2101 197 2245 232 Historia
2268 198 2380 240 Regiae

1380 244 1594 278 scientiarum
1615 243 1800 278 Academiae
1819 246 1834 283 (
1856 243 1876 276 d
1897 248 1931 284 ),
1955 246 1987 276 δε
2021 242 2112 276 verba
2145 242 2267 284 singula
2313 252 2383 284 per-

1379 286 1527 328 pendenti
1550 288 1717 329 Verneyus
1739 287 1821 321 visus
1844 286 1887 320 esl:
1909 288 2019 330 potius
2042 297 2107 318 rem
2128 284 2186 317 fibi
2202 294 2384 323 narratam,

1377 341 1476 376 quam
1497 329 1691 372 observatam
1715 329 1873 369 retulisse;
1895 341 1932 365 ut
1954 329 2107 362 nonnulla
2128 327 2211 361 mihi
2244 328 2383 370 suspicio

1378 372 1441 412 sit,
1463 373 1522 416 qui
1544 374 1737 410 narraverit,
1759 385 1800 408 ne
1833 372 1939 414 ipsum
1969 371 2101 416 quidem
2143 383 2209 405 rem
2244 370 2354 404 vidisse
2374 396 2383 410 ,

1379 414 1430 449 sed
1451 427 1525 452 cum
1548 417 1590 451 ab
1611 418 1652 451 iis
1674 418 1731 459 qui
1753 416 1919 459 viderant,
1943 414 2107 452 audivisset
2121 437 2130 452 ‚
2155 414 2283 449 fortasse
2306 416 2383 447 aSi-

1379 470 1445 498 nu,
1467 469 1503 493 ut
1518 457 1587 500 fit,
1611 460 1649 494 ad
1673 461 1785 494 Sinum
1802 485 1811 499 ,
1836 473 1851 493 a
1875 458 2020 494 Frontali
2042 458 2190 492 videlicet
2224 461 2238 497 (
2260 458 2311 501 e)
2344 457 2384 491 ad

1380 502 1668 546 Longitudinalem
1688 503 1896 538 transtulisse.
1923 507 2038 546 Itaque
2062 513 2126 535 non
2149 502 2258 544 agitur
2292 503 2346 534 hic
2372 524 2382 539 ‚

1380 554 1418 584 ut
1440 545 1551 586 vides,
1573 558 1612 579 an
1637 548 1789 589 Verneyo
1811 546 1994 582 credamus:
2019 554 2055 580 ut
2078 556 2178 588 neque
2213 554 2250 577 an
2286 544 2383 579 Tho-

1381 601 1441 625 mae
1463 590 1620 624 Cornelio
1641 593 1655 630 (
1673 587 1699 631 f
1714 594 1724 630 )
1735 613 1748 631 ,
1770 590 1901 633 quando
1923 589 2061 634 puellam
2094 598 2274 622 memorans
2299 611 2313 629 ,
2347 590 2382 622 in

1381 645 1443 676 qua
1471 632 1542 675 post
1564 632 1711 667 molestos
1732 634 1857 668 circum
1879 632 2053 677 praecotdia
2076 632 2203 666 dolores
2218 655 2231 672 ,
2254 634 2286 664 &
2317 630 2381 664 fre-

1382 685 1531 723 quentem
1555 677 1759 719 epilepsiam,
1783 677 1867 712 nulla
1892 678 1953 711 alia
1973 676 2127 711 interitus
2151 676 2384 719 apparuitcau-

1382 722 1412 753 ia
1426 718 1518 760 ,nisi
1543 720 1631 762 quod
1652 730 1774 754 vermes
1797 718 1961 755 lumbricis
1996 719 2118 762 similes
2160 719 2264 753 cordis
2306 718 2383 762 vasa

1382 761 1569 807 exediffi’nt,
1593 763 1731 804 puellam
1752 763 1888 807 quidem
1909 762 2023 808 novisse
2045 763 2076 797 se
2090 786 2101 802 ,
2136 761 2249 797 scribit
2271 773 2281 800 ς
2312 772 2383 795 ver-

1377 818 1444 841 mes
1466 808 1527 842 hos
1550 806 1682 847 vidisse,
1705 815 1770 840 non
1794 806 1926 847 scribit,
1950 808 2008 843 ubi
2030 806 2220 841 vermiculos
2253 806 2286 837 in
2322 805 2383 838 illo

1378 850 1505 890 sturno,
1528 850 1562 883 in
1584 850 1766 892 glandulis,
1786 852 1874 884 canis
1895 850 2075 893 oesophago
2085 849 2229 890 adnatis,
2250 849 2284 881 in
2296 848 2384 882 aliis-

1383 905 1443 936 que
1462 894 1600 927 aliorum
1610 905 1679 937 quae
1692 893 1813 928 ibidem
1822 895 1969 933 nominat
1979 917 1992 934 ,
2015 893 2203 927 animalium
2214 892 2358 935 partibus
2372 916 2382 931 ‚

1380 938 1501 980 semper
1523 936 1637 971 diserte
1659 937 1699 972 ab
1722 937 1751 971 se
1773 937 1960 980 conspthOS
1984 935 2098 977 fuisse,
2121 938 2190 977 ait,
2214 939 2244 968 ἃ
2280 937 2320 969 ab
2354 936 2383 969 se

1383 983 1500 1023 pariter
1524 980 1610 1015 visos
1634 982 1666 1015 in
1688 979 1810 1015 cerebro
1833 981 1929 1015 eriam
1949 1003 1962 1020 ‚
1984 980 2028 1013 (θ’
2048 981 2136 1013 corde
2157 990 2279 1014 vermes
2302 979 2384 1013 mul-

1382 1021 1525 1066 tiformes
1541 1050 1550 1065 ‚
1574 1025 1615 1058 Θ
1638 1025 1794 1058 interdum
1814 1034 1873 1057 non
1896 1023 2002 1057 minus
2023 1024 2136 1065 copia,
2158 1032 2250 1064 quam
2261 1023 2383 1064 magni-

1382 1067 1488 1101 tudine
1510 1068 1684 1102 mirandos.
1712 1067 1794 1109 Qae
1818 1067 1911 1101 verba
1934 1076 2041 1101 tamen
2063 1065 2125 1101 hos
2147 1065 2293 1100 indicant
2314 1076 2385 1097 vei·-

1379 1109 1547 1144 miformes
1568 1112 1677 1153 potius
1700 1109 1791 1145 fuisse
1813 1111 1971 1153 polypos,
1995 1119 2032 1144 ut
2055 1111 2089 1143 in
2115 1110 2220 1153 puella
2255 1120 2385 1152 quoque

1378 1154 1435 1186 illa
1455 1153 1545 1187 fuisse
1559 1177 1570 1194 ,
1592 1153 1786 1196 conjiciebat
1808 1154 2021 1188 Vallisnerius
2043 1157 2057 1193 (
2075 1164 2098 1196 g
2120 1157 2155 1195 )‚
2187 1153 2282 1187 fibras
2316 1164 2386 1186 ver-

1378 1196 1545 1230 miforrnes
1569 1209 1607 1230 ex
1630 1197 1759 1238 albida,
1783 1196 1966 1240 viscidaque
1988 1199 2144 1238 materia,
2168 1198 2274 1231 cordis
2297 1196 2385 1230 ulce-

1377 1242 1404 1274 ri
1427 1240 1640 1274 adhaerentes.
1667 1240 1725 1273 Sed
1747 1251 1819 1283 quae
1842 1240 1935 1273 nobis
1959 1242 2051 1274 venia
2071 1239 2175 1274 danda
2198 1251 2262 1273 non
2285 1239 2358 1274 esset
2372 1264 2386 1281 ,

1376 1282 1399 1318 fi
1424 1295 1470 1318 res
1491 1282 1684 1326 ejuscemodi
1707 1282 1769 1317 hoc
1791 1293 1935 1326 tempore
1957 1296 2018 1327 pro
2039 1285 2199 1319 vermibus
2219 1282 2313 1317 facile
2337 1296 2388 1318 ac—

1377 1329 1575 1372 ciperemus,
1597 1328 1626 1360 ei
1649 1331 1681 1361 &
1705 1328 1812 1367 Viro,
1836 1330 1868 1360 &
1891 1327 2031 1370 tempori
2055 1326 2158 1361 danda
2202 1326 2244 1360 est
2262 1351 2276 1369 ,
2319 1339 2388 1371 quo

1379 1373 1508 1405 Coiteri
1532 1372 1656 1404 monita
1678 1380 1733 1405 aut
1756 1372 1945 1414 neutiquam
1960 1395 1972 1411 ,
1994 1380 2050 1405 aut
2072 1371 2273 1415 negligenter
2305 1370 2386 1405 adeo

1383 1427 1399 1448 a
1423 1414 1581 1458 plerisque
1602 1414 1722 1449 Doffis
1741 1415 1840 1447 etiam
1864 1414 2002 1449 Medicis
2026 1415 2227 1457 legerentur,
2249 1424 2285 1448 ut
2309 1416 2384 1449 illas

1383 1459 1465 1501 ipsas
1486 1459 1732 1498 concretiones,
1754 1469 1832 1501 quas
1855 1457 2021 1492 lumbricis
2042 1457 2159 1492 similes
2166 1482 2179 1499 ,
2204 1458 2257 1492 sed
2281 1458 2388 1501 reapse

1383 1513 1421 1535 ex
1444 1503 1588 1545 pituita,
1609 1510 1645 1536 ut
1668 1501 1735 1544 ipse
1757 1501 1913 1540 vocabat,
1938 1500 2039 1535 factas
2061 1501 2156 1536 fuisse
2170 1525 2179 1539 ,
2211 1501 2385 1542 docuerat,

1382 1546 1468 1579 inter
1489 1544 1633 1587 exempla
1657 1555 1856 1579 numerarent
1880 1555 2032 1578 verorum
2054 1546 2291 1580 lumbricorum
2323 1548 2383 1590 qui

1382 1590 1416 1622 in
1439 1588 1532 1622 corde
1543 1613 1555 1630 ,
1579 1591 1611 1622 &
1633 1588 1761 1621 cerebro
1783 1587 1964 1632 deprehensi
1987 1586 2101 1622 essent.
2139 1587 2278 1623 Fortasse
2321 1600 2388 1623 non

1374 1632 1538 1672 crederes,
1560 1630 1619 1664 nisi
1641 1630 1708 1674 ipsa
1731 1632 1825 1665 verba
1848 1630 2054 1674 producerem
2068 1656 2079 1672 ,
2101 1644 2173 1676 quae
2197 1634 2281 1666 inter
2315 1632 2388 1666 suo-

1374 1687 1446 1709 rum
1470 1675 1650 1712 vermium,
1673 1686 1756 1716 quos
1780 1686 1840 1717 pro
1861 1674 2025 1708 veriffimis
2046 1675 2201 1714 habebat,
2227 1687 2390 1710 enumera-

1376 1721 1500 1753 tionem
1523 1717 1565 1751 sic
1586 1716 1782 1760 interposuit
1807 1718 2002 1752 Cornelius:
2026 1717 2173 1760 Ejusdem
2192 1720 2315 1761 pariter
2359 1730 2389 1753 e-

1379 1763 1464 1796 neris
1486 1771 1607 1795 vermes
1630 1772 1648 1794 a
1664 1759 1700 1804 se
1722 1761 1900 1804 quandoque
1920 1759 2097 1803 observatos
2114 1761 2230 1803 scribit
2262 1760 2332 1795 Volc
2342 1774 2389 1795 Je-

1381 1817 1435 1840 rus
1457 1805 1559 1838 Coiter
1582 1814 1641 1837 non
1663 1805 1697 1838 in
1719 1804 1807 1837 corde
1831 1812 1976 1844 tantum,
1993 1803 2050 1846 sed
2071 1805 2105 1838 in
2150 1803 2270 1839 cerebro
2314 1816 2388 1846 quo-

1380 1859 1438 1892 que
1482 1859 1589 1882 eorum
1607 1870 1620 1888 ‚
1665 1847 1720 1890 qui
1755 1846 1918 1889 suspendio
1941 1847 2074 1881 multati
2091 1849 2215 1890 pariere
2239 1872 2245 1879 .
2282 1848 2384 1882 Nihil

1379 1892 1484 1926 verius
1538 1899 1666 1934 poterat
1712 1888 1776 1923 dici
1802 1915 1811 1930 ,
1856 1888 1880 1922 si
1924 1890 2012 1937 quod
2057 1891 2096 1923 de
2140 1890 2204 1925 suis
2239 1891 2384 1926 Volclie-

1377 1947 1431 2013 ἕως
1453 1957 1463 1974 ,
1500 1932 1585 1969 idem
1609 1933 1647 1968 de
1671 1932 1798 1968 suorum
1821 1932 2014 1977 quibusdam
2044 1935 2215 1970 Cornelius
2248 1934 2387 1970 censuis-

1391 1988 1422 2013 et
1446 2002 1455 2011 .

1422 2033 1473 2064 24.
1502 2022 1560 2056 Sed
1584 2021 1650 2065 jam
1674 2020 1801 2054 tandem
1826 2034 1842 2055 a
1866 2022 2020 2065 prolixo,
2043 2032 2098 2056 nec
2130 2021 2246 2056 frustra
2280 2031 2389 2057 tamen

1376 2065 1530 2108 prolixo,
1552 2065 1590 2099 de
1612 2064 1771 2098 vermibus
1794 2065 1901 2104 falsis,
1924 2065 2065 2108 verisque
2099 2064 2242 2099 sermone
2278 2066 2315 2100 ad
2348 2068 2391 2099 il-

1377 2110 1443 2143 lam
1465 2120 1536 2151 quae
1559 2109 1594 2141 in
1618 2108 1704 2142 hunc
1728 2106 1883 2145 adduxit,
1908 2119 2020 2150 nempe
2044 2108 2082 2142 ad
2107 2109 2281 2152 susceptam
2293 2110 2391 2153 poly-

1376 2151 1526 2196 posarum
1550 2153 1797 2185 concretionum
1821 2151 1987 2185 historiam
2010 2162 2220 2186 revertamur.
2246 2155 2354 2190 Quam
2378 2165 2390 2193 ς

1376 2207 1414 2229 ne
1439 2197 1509 2239 quis
1534 2196 1674 2238 amplius
1697 2194 1900 2238 suspicetur,
1922 2193 2028 2229 cordis
2051 2195 2211 2239 polypum
2233 2196 2289 2230 effe
2301 2208 2391 2230 mor-

1375 2240 1454 2274 bum
1477 2249 1596 2272 novum
1611 2262 1621 2277 ,
1647 2243 1679 2272 &
1705 2235 1744 2271 ab
1766 2249 1852 2272 novo
1874 2248 1966 2272 aetate
1990 2239 2047 2272 hac
2071 2239 2174 2273 nostra
2196 2239 2392 2283 vivendige-

1375 2294 1446 2316 nere
1471 2280 1600 2315 fortasse
1620 2282 1853 2324 repetendum
1875 2283 1913 2315 ab
1935 2282 2077 2316 Helidaei
2101 2291 2246 2324 tempore
2258 2282 2392 2317 inchoa-

1376 2337 1444 2360 tam
1466 2328 1481 2365 (
1504 2324 1523 2358 h
1546 2329 1559 2365 )
1583 2324 1622 2359 ad
1644 2326 1816 2359 Coiterum
1841 2325 2107 2368 perduxeramus.
2134 2324 2243 2367 Hujus
2264 2329 2393 2361 Anato-

1377 2371 1458 2404 mici
1482 2368 1752 2411 observationes,
1775 2370 1843 2402 aliae
1868 2371 1956 2402 annis
1981 2370 2139 2411 proximis
2161 2381 2308 2412 excepere
2337 2379 2394 2403 eo.

1379 2424 1452 2447 rum
1473 2414 1529 2454 qni
1554 2413 1587 2444 in
1610 2411 1707 2446 corde
1730 2413 1894 2455 polypos,
1918 2409 2031 2445 vasisve
2056 2411 2258 2454 spe&arunt,
2279 2424 2314 2448 ut
2335 2414 2389 2456 Jo.

1380 2456 1529 2498 Baptistae
1554 2456 1701 2493 Canani,
1724 2456 1883 2490 Gulielmi
1910 2455 2074 2495 Ballonii,
2100 2454 2240 2490 Thomae
2265 2458 2389 2491 Erasti.

1381 2501 1510 2533 Primus
1535 2500 1621 2533 enim
1643 2500 1687 2532 A.
1716 2509 1808 2543 1574.
1833 2500 2049 2542 pinguedinem
2072 2499 2112 2532 ad
2133 2510 2247 2542 magnae
2263 2499 2393 2536 candela

1380 2542 1513 2587 sebaceae
1529 2540 1671 2585 formam
1694 2543 1728 2575 in
1752 2541 1877 2576 finistro
1907 2541 2013 2575 cordis
2045 2543 2227 2575 ventriculo
2263 2544 2391 2577 invenit

1388 2585 1523 2621 Ostiarii
1550 2584 1749 2619 Sereniffimae
1771 2587 1876 2620 Ducis
1900 2584 2125 2626 Ferrariensis,
2148 2585 2253 2620 subita
2286 2598 2392 2621 morte

1388 2630 1550 2668 extine‘ii‚
1574 2639 1609 2663 ut
1634 2640 1672 2662 ex
1695 2627 1860 2668 Boscliio,
1883 2629 1973 2662 illius
1993 2628 2154 2671 diseipulo
2174 2654 2181 2668 ‚
2215 2631 2248 2663 in
2282 2632 2394 2675 Sepul-

1388 2673 1538 2707 chretum
1562 2674 1793 2706 Anatomicum
1815 2676 1829 2712 (
1851 2672 1898 2714 i)
1921 2673 2053 2706 relatum
2077 2672 2141 2705 est.
2165 2674 2273 2716 Qam
2320 2674 2394 2709 Ob-

1389 2717 1602 2751 servationem
1626 2716 1646 2749 si
1672 2727 1745 2749 cum
1769 2728 1802 2749 ea
1823 2727 1895 2757 quae
1918 2718 2063 2758 proxime
2087 2717 2236 2758 praecedit
2270 2720 2285 2756 (
2306 2717 2324 2759 l<
2346 2721 2360 2758 )
2383 2743 2393 2758 ,

1389 2760 1559 2800 conferas,
1582 2770 1749 2802 utramque
1772 2759 1902 2792 eandem
1927 2757 2003 2799 esse,
2025 2758 2177 2802 conjicies
2191 2788 2199 2799 ,
2225 2760 2263 2794 ab
2284 2761 2325 2795 iis
2355 2773 2395 2796 ex

1390 2804 1507 2847 quibus
1530 2803 1723 2836 describitur
1746 2815 1800 2846 per
1822 2803 1981 2836 incuriam
1991 2802 2116 2842 ostiarii
2129 2804 2286 2839 vocabulo
2296 2805 2395 2838 omis-

1389 2850 1445 2886 10,
1470 2856 1505 2881 ut
1528 2846 1616 2890 quod
1640 2848 1673 2879 in
1697 2858 1735 2880 eo
1757 2846 1822 2881 fuit
1837 2869 1850 2887 ,
1873 2847 1906 2878 in
1929 2847 2022 2880 Duce
2045 2845 2135 2880 fuisse
2157 2849 2320 2882 videatur.
2355 2848 2397 2881 Id

1389 2892 1502 2925 melius
1525 2889 1714 2933 cognosces,
1737 2901 1805 2924 eam
1829 2901 1898 2932 quae
1921 2889 2100 2929 indicatur,
2134 2901 2282 2935 quartam
2314 2891 2396 2925 Bos-

1390 2933 1457 2968 chii
1481 2935 1671 2967 Lectionem
1693 2934 1865 2977 inspiciens
1889 2944 1960 2974 pag.
1985 2945 2048 2966 non
2070 2935 2146 2978 4382
2180 2947 2276 2978 neque
2308 2937 2396 2968 enim

1396 2982 1528 3022 paginas
1551 2981 1603 3020 76.
1629 2977 1780 3010 universa?
1804 2976 1984 3015 excedunt3
2008 2978 2058 3011 sed
2080 2978 2134 3020 38·
2159 2990 2214 3011 nec
2259 2979 2397 3012 mirabe-

1394 3024 1459 3062 ris,
1481 3021 1570 3064 quod
1593 3023 1762 3054 Cananum
1786 3023 1818 3053 δεῖ
1842 3020 1915 3060 ibi,
1940 3023 1971 3054 ὃ(
2008 3022 2257 3064 quotiescunque
2291 3021 2396 3063 ipsum

1393 3066 1561 3103 nominat;
1587 3064 1664 3107 saepe
1687 3075 1791 3097 autem
1815 3065 1982 3103 nominat-,3
2007 3065 2107 3098 titulo
2130 3077 2219 3099 ornet
2254 3069 2290 3097 M
2300 3067 2398 3099 <icum

1391 3113 1470 3148 Rev.
1509 3110 1560 3142 Ex
1583 3119 1649 3150 qno
1672 3109 1758 3141 enim
1777 3107 1860 3152 Julii
1886 3108 1957 3140 111..
1979 3107 2144 3143 pontificis
2168 3110 2306 3142 Maxinm
2334 3112 2399 3142 Ar-

1389 3152 1514 3186 chiater
1536 3151 1638 3186 fuerat
1653 3172 1663 3188 ‚
1689 3152 1816 3185 videtur
1839 3151 1959 3184 Clerici
1982 3151 2118 3192 vestem,
2142 3155 2173 3186 &
2197 3152 2324 3186 fortasse
2349 3163 2397 3184 ct-

1389 3198 1452 3229 iam
1477 3196 1546 3239 plus
1566 3205 1661 3238 quam
1684 3194 1797 3228 vestem
1821 3193 2003 3236 retinuisse,
2026 3196 2156 3239 quando
2177 3197 2399 3229 Pioravantius

1392 3242 1406 3279 (
1429 3240 1442 3273 l
1464 3243 1478 3279 )
1502 3250 1585 3272 anno
1609 3237 1747 3271 scribens
1770 3238 1808 3270 ab
1830 3237 1895 3281 ejus
1920 3238 2087 3272 Pontificis
2132 3239 2226 3273 obitu
2271 3240 2398 3273 decimo

1392 3284 1551 3326 quintio,
1572 3293 1645 3315 cum
1670 3280 1754 3315 hunc
1776 3283 1967 3320 Cananum,
1992 3284 2087 3315 etiam
2111 3292 2180 3316 turn
2204 3284 2361 3316 viventem
2386 3306 2398 3323 ,

1390 3326 1532 3360 laudaret
1558 3337 1620 3367 prae
1643 3328 1767 3359 caeteris
1790 3325 1824 3357 in
1847 3327 2013 3360 oculorum
2038 3335 2204 3364 anatome,
2227 3326 2269 3359 sic
2293 3327 2399 3369 appel-

1392 3370 1478 3403 labat
1502 3369 1527 3403 il
1550 3372 1625 3407 Rev.
1650 3368 1779 3412 Monfig.
1802 3372 1906 3403 canan
1929 3369 2107 3413 Ferrarese.
2147 3370 2254 3404 Fuisse
2292 3380 2400 3404 autern

1386 3415 1474 3460 Julii
1498 3411 1739 3453 Archiatrum,
1761 3411 1864 3446 didici
1888 3423 1927 3446 ex
1951 3414 2037 3447 Viro
2069 3414 2261 3448 Dofflffimo
2280 3436 2292 3453 ,
2325 3415 2398 3490 Is-Iu.

1757 3471 1761 3475 ·
2053 3468 2060 3470 -
2241 3467 2325 3490 mani
2342 3479 2357 3484 -

335 3551 2389 3571 w

393 3623 456 3655 (J)
473 3623 543 3653 Epist.
561 3625 636 3648 Anat.
657 3630 677 3651 9.
695 3627 719 3645 n,
739 3629 776 3650 ⁴⁴·
792 3621 814 3645 a:
833 3618 895 3649 seqq.
957 3618 971 3647 (
987 3624 996 3642 r
1011 3619 1026 3647 )
1041 3619 1175 3647 Progymn.
1195 3614 1263 3644 Phys.
1280 3617 1303 3639 6.

394 3656 409 3683 (
424 3662 438 3678 x
455 3658 464 3678 )
483 3655 546 3682 ἱρὴ.
562 3656 596 3677 N.
613 3655 640 3678 C.
659 3654 732 3677 Cent.
747 3653 768 3676 8.
785 3650 842 3674 Obs.
861 3657 887 3683 ι..
945 3649 959 3677 (
973 3656 989 3678 y
1029 3678 1033 3682 ⁴

394 3686 408 3713 (
423 3692 439 3707 a
455 3686 467 3713 )
485 3685 544 3708 Hist.
562 3686 618 3707 Lat.
636 3682 728 3706 Lumbi·
754 3689 774 3706 t.
796 3689 830 3711 ¹3·
848 3679 888 3705 ubi
905 3677 933 3702 de
952 3678 1059 3711 Vermib.
1079 3678 1150 3712 (jord.

395 3720 401 3742 s
422 3714 437 3738 d
453 3720 463 3743 >
481 3720 509 3739 Α.
529 3722 595 3741 1700.
613 3713 670 3737 ΟΜ.
690 3715 763 3736 Anat.
784 3719 819 3736 ιο.
881 3711 896 3738 ζ
910 3718 922 3732 e
937 3709 951 3738 3
968 3711 1023 3743 Vid.
1042 3709 1106 3737 Epist
1137 3714 1154 3732 1.
1174 3716 1196 3730 n.
1214 3708 1236 3728 Β.
1255 3706 1276 3728 31
1297 3714 1319 3732 ε).

393 3746 572 3777 (i)1.2.s.
592 3742 743 3772 11.0bs.3.
762 3742 783 3772 §.
802 3751 826 3771 5.
887 3738 1117 3769 (k)1bid.§.4.

1003 3648 1018 3677 )
1034 3648 1089 3672 Vid.
1106 3646 1205 3671 earund.
1224 3647 1282 3669 Dec.
1303 3653 1322 3667 2.
1341 3648 1371 3669 Α.
1391 3650 1415 3670 6.
1434 3643 1543 3675 Append.
1562 3651 1586 3666 n.
1606 3643 1735 3674 i.Obs.13.

1214 3676 1266 3704 (b)
1283 3676 1336 3699 AR.
1346 3677 1377 3700 N.
1391 3678 1531 3703 C-Torn.7.
1543 3673 1643 3702 obs-14.

1368 3615 1382 3645 (
1398 3623 1415 3639 a
1429 3617 1443 3645 )
1458 3613 1520 3644 apud
1537 3614 1610 3637 Sena:
1626 3611 1716 3637 Traite'
1736 3613 1767 3637 du
1778 3614 1855 3638 Coeur
1872 3613 1891 3636 1.
1908 3622 1931 3642 4.
1948 3611 1987 3637 ch.
2005 3620 2028 3640 9.
2047 3620 2071 3635 n.
2089 3615 2112 3636 6.
2393 3633 2395 3637 ,

1799 3644 1857 3673 (z)
1868 3644 1935 3673 Risp.
1947 3644 1995 3668 alla
2008 3645 2103 3667 Lettera
2115 3643 2137 3666 di
2148 3643 2377 3673 Monflgn.d'Ad1-ia
2392 3663 2400 3669 .

1707 3674 1750 3704 (c)
1772 3676 1895 3703 Vid.apu.l
1905 3674 1981 3698 Paffin
1994 3674 2066 3697 Anat.
2078 3674 2110 3698 du
2122 3681 2191 3701 corps
2200 3677 2265 3698 huin.
2278 3676 2362 3701 P.2.ch
2375 3684 2399 3705 3-

1381 3707 1421 3736 (f
1436 3708 1448 3735 )
1467 3709 1596 3734 Progymn.
1615 3709 1638 3728 6.
1657 3705 1698 3730 cit.
1762 3706 1775 3733 ζ
1789 3712 1807 3734 g
1824 3704 1838 3733 )
1856 3704 1921 3734 Kasp.
1941 3705 1983 3729 cit.
2044 3706 2059 3733 (
2074 3705 2088 3728 h
2104 3705 2116 3733 )
2134 3713 2158 3729 n.
2179 3714 2214 3729 ιι.

1180 3736 1190 3765 (
1207 3737 1216 3761 1
1232 3736 1245 3765 )
1263 3735 1360 3766 cirugia
1377 3740 1392 3762 l.
1411 3746 1432 3762 2.
1450 3745 1470 3761 c.
1491 3740 1526 3760 16.
