2498 4075
336 258 457 299 pituita
471 255 557 300 facie
581 252 730 288 exteriore
752 250 889 295 comella
921 248 1002 294 eitra
1031 246 1145 283 ulceris
1168 245 1195 293 s
1209 245 1303 294 eciem
1328 267 1340 277 .

339 302 420 334 Haec
445 302 550 335 autem
573 307 610 329 ex
632 306 698 338 quo
722 294 758 327 ad
783 303 814 327 te
839 293 1041 336 scripseram,
1062 292 1155 325 unica
1193 298 1242 324 uit
1266 287 1339 322 Ob-

337 343 476 381 servatio
497 351 590 387 quam
612 337 650 375 de
672 336 811 382 inspeeca
836 336 955 369 mortui
978 333 1020 367 ob
1041 335 1188 382 anginam
1210 331 1339 374 larynge

339 388 433 430 potui
457 387 591 429 reperire
606 403 615 418 ‚
638 391 702 414 non
725 379 897 419 dubitans,
918 378 998 420 quin
1021 377 1196 415 severino,
1227 372 1250 407 fi
1273 384 1339 407 non

338 430 431 467 seme]
456 430 615 463 instituere
633 445 643 462 ,
666 422 716 458 sed
740 422 851 465 saepius
874 419 1064 462 ejuscemodi
1098 416 1338 463 pervestigatio—

336 465 392 507 nes
414 469 604 516 placuisset3
629 464 751 500 occaslo
771 466 856 499 enim
880 465 1013 497 minime
1037 463 1164 501 deerat,
1188 472 1261 495 cum
1283 471 1339 493 an·-

330 519 405 561 gina
429 516 484 551 illa
508 521 555 547 tot
578 509 681 547 millia
701 518 888 551 puerorum,
914 517 949 540 ut
973 505 1039 548 ipse
1062 504 1194 540 testatur
1218 505 1267 554 (f
1288 507 1307 553 >¹
1324 525 1334 541 ‚

330 555 520 596 occidisset3
544 566 631 592 non,
654 554 807 595 inquam,
830 551 999 588 dubitans,
1032 550 1111 592 quin
1143 550 1175 581 &
1208 547 1267 580 alla
1298 557 1332 580 in

331 604 404 636 aliis
426 596 631 635 occurrissent
656 622 664 630 .
697 598 783 630 Cum
809 595 910 636 igitur
935 601 1048 637 praeter
1071 603 1139 625 eam
1162 601 1257 624 unam
1282 592 1333 639 Se-

331 647 434 680 verini
469 642 738 677 Observationem
762 661 772 677 ‚
808 640 882 672 alias
914 647 977 672 non
1007 637 1182 669 invenirem
1204 645 1276 677 quae
1298 645 1332 682 in

329 686 461 724 homine
484 685 603 722 habitae
628 684 831 723 dicerentur5
851 691 890 714 an
912 692 950 712 ex
973 678 1079 713 bestiis
1113 678 1244 715 saltem,
1276 677 1336 710 ali-

327 742 409 775 ‚quot
432 738 573 764 extarent
589 754 597 768 ,
619 726 773 770 quaesivi3
798 723 849 757 sed
872 724 928 756 vix
951 724 983 755 in
1007 722 1135 755 canibus
1159 732 1197 756 ex
1220 721 1334 766 angina

325 777 464 813 mortuis
488 773 588 816 reperi
609 770 676 805 haec
699 767 755 804 esse
778 780 794 802 a
818 770 1011 809 Stegmanno
1031 769 1045 805 (
1068 777 1087 799 u
1111 769 1124 805 )
1145 763 1331 811 conspecta,

331 817 413 855 ¹colla
437 825 560 852 externe
593 811 819 860 inrumefablm
842 812 967 845 internae
981 807 1112 853 fauces,
1133 805 1331 851 gutturzsque

329 860 482 902 musculos
508 857 734 902 inflammatos..
758 856 803 888 At
826 852 1018 899 sicrebrius,
1043 861 1079 885 ut
1093 851 1230 900 aliorum
1241 861 1329 883 mor-

327 903 446 942 borum
460 926 471 943 ‚
494 901 535 938 fic
558 899 652 945 hujus
674 909 804 942 quoque
828 896 911 931 sedes
944 896 983 929 ab
1003 896 1208 929 Anatomicis
1242 904 1329 936 quae-

330 947 410 986 rita,
434 950 466 980 &
490 945 649 992 proposita
673 942 768 981 esset3
793 952 869 975 num
892 949 997 984 putas,
1021 938 1085 972 hoc
1107 938 1212 972 nostro
1233 936 1331 987 saecu-

333 990 367 1024 lo
390 990 538 1029 futurum
560 985 651 1023 fuisse
674 988 753 1031 qui,
778 985 864 1018 nulla
886 983 1042 1027 producta
1064 978 1240 1015 istiusmod1
1263 990 1335 1023 per-

327 1033 529 1078 quifitione,
552 1029 754 1066 asseveraret,
779 1026 1014 1071 Thyroidaeam
1036 1024 1218 1068 glandulam
1232 1021 1336 1064 solam

328 1080 371 1112 v·
395 1077 518 1110 unica'm
542 1074 631 1109 illam
654 1072 752 1115 ipsam
774 1070 829 1114 effe
851 1094 864 1113 ,
894 1081 957 1113 quae
987 1067 1201 1112 violentissimo
1233 1063 1336 1100 morbo

329 1121 468 1164 Angitiae
485 1119 587 1162 sedem
610 1116 796 1156 constituat?
1207 1153 1214 1160 ·

333 1178 338 1182 ·
376 1175 423 1206 17.
449 1164 501 1198 Ex
523 1173 589 1205 quo
611 1169 715 1196 autem
739 1170 799 1202 ego
822 1157 1086 1192 Observationem
1117 1153 1215 1204 habui
1237 1175 1246 1191 ,
1279 1163 1340 1194 po-

329 1208 389 1246 stea
415 1207 452 1240 ad
477 1215 508 1239 te
530 1203 653 1239 miss'am
677 1208 686 1242 (
710 1204 727 1221 *
745 1203 759 1244 )
775 1228 783 1242 ‚
806 1201 960 1241 faucium,
982 1203 1015 1233 &
1038 1200 1200 1241 laryngis,
1223 1199 1254 1229 &
1278 1193 1339 1245 As-

326 1262 409 1299 perae
432 1250 558 1287 arteriae
575 1248 709 1292 Juvenis
732 1257 827 1288 quem
851 1246 965 1286 angina
996 1244 1197 1275 interemerat
1219 1251 1240 1289 3⁴
1265 1238 1341 1288 alias

325 1292 477 1340 prodiisse
503 1318 513 1332 ,
544 1291 612 1327 scio
635 1315 644 1330 ,
667 1300 753 1322 anno
787 1287 898 1321 eodem
921 1286 1070 1326 habitas,
1098 1283 1276 1334 'praesertim
1309 1293 1342 1331 in

327 1339 458 1387 pueris,
479 1346 584 1379 quos,
608 1343 643 1368 ut
666 1333 747 1365 olim
771 1333 804 1364 in
827 1333 941 1373 Regno
963 1329 1211 1372 Neapolitano,
1235 1328 1266 1358 &
1291 1326 1341 1374 Si-

326 1383 402 1419 culo
427 1379 589 1418 diximus,
623 1378 738 1420 angina
772 1373 993 1408 violentiffima
1027 1383 1102 1406 tunc
1135 1369 1285 1413 perdebat
1309 1379 1343 1417 in

325 1425 458 1461 Gallia.
483 1424 565 1457 Non
587 1422 634 1456 ibi
658 1419 780 1453 Medici
804 1418 948 1451 contenti
973 1416 1103 1450 fuerunt
1139 1424 1192 1447 ant
1235 1412 1340 1445 morbi

327 1470 448 1513 signis,
471 1476 525 1501 aut
547 1465 744 1510 inspeffione
767 1474 872 1495 earum
894 1461 1062 1495 dumtaxat
1086 1460 1226 1501 partium
1247 1467 1342 1498 quae,

322 1512 553 1556 aegrotantium
576 1521 633 1543 ore
656 1506 823 1548 adaperto,
848 1504 904 1538 sub
925 1504 1035 1537 oculos
1058 1502 1176 1536 cadunt
1202 1513 1212 1533 .·
1243 1510 1343 1541 neque

325 1557 360 1595 id
383 1553 520 1594 frustra‚·
541 1552 679 1587 dissectis
701 1552 787 1585 enirn
809 1558 978 1591 puerorum
1001 1545 1223 1580 cadaveribus,
1247 1553 1346 1584 quan-

331 1593 403 1636 tum
425 1599 505 1631 labis
527 1599 561 1631 in
586 1594 700 1628 arteria
725 1595 843 1635 Aspera
865 1592 1000 1630 lateret,
1033 1585 1346 1635 manifesto-depre-

322 1642 502 1683 henderunt
522 1664 535 1682 ,
577 1636 846 1681 quemadmodum
877 1646 915 1668 ex
944 1633 1065 1668 duabus
1104 1628 1345 1665 disseeciombus

323 1678 517 1731 cognosces,
539 1683 580 1716 ab
603 1682 726 1716 Solerte
748 1678 882 1712 Medico
903 1675 1117 1710 Aurelianenfi
1139 1673 1280 1707 Arnault
1304 1672 1344 1706 ad

324 1732 462 1774 Regiam
484 1721 709 1761 '‘Scientiarum
742 1720 951 1755 Academiam
986 1719 1079 1753 miffis
1098 1742 1111 1768 3
1144 1719 1176 1749 &
1210 1715 1250 1748 ab
1281 1714 1339 1748 hac

324 1775 421 1810 editis
445 1777 456 1812 (
477 1782 500 1806 x
523 1774 554 1810 ).
579 1768 641 1803 Sed
663 1769 762 1802 etiam
784 1776 822 1799 ex
844 1763 1034 1798 nostratibus
1070 1763 1169 1803 aliqui
1194 1758 1340 1807 spectatae

321 1816 526 1861 diligentiae,
548 1816 580 1849 δι
604 1811 676 1849 fidei
700 1808 778 1844 Viri
798 1819 864 1841 non
886 1807 944 1841 fibi
968 1805 1157 1840 defuerunt,
1181 1813 1217 1836 ut
1230 1813 1267 1834 ex
1288 1800 1342 1834 hi-

322 1864 419 1903 storia
443 1857 588 1894 intellexi
611 1866 680 1899 quae
703 1853 744 1887 ab
774 1863 840 1887 uno
872 1861 982 1885 eorum
997 1848 1169 1899 *descripta
1193 1846 1232 1896 ad
1262 1856 1345 1878 meas

325 1898 472 1953 pervenit
495 1910 627 1936 manus.
653 1900 782 1932 Summa
807 1903 892 1935 erat,
915 1896 949 1927 in
972 1904 1048 1942 viro.
1077 1893 1114 1925 ab
1147 1899 1272 1939 angina·
1291 1900 1344 1922 oc-

325 1948 396 1987 ciso
419 1947 653 1981 inflammatam
676 1942 843 1983 laryngem
858 1964 865 1976 ,
892 1938 1065 1981 pharyngis
1089 1946 1165 1967 vero
1187 1935 1346 1966 fornicem

325 2004 401 2032 cum
424 1991 532 2034 palato
554 1985 693 2023 mobili,
718 1987 750 2017 δε
772 1982 909 2016 tonsillis
931 1981 1173 2028 gangijaena,.&
1196 1976 1344 2020 sphacelo

354 2035 457 2072 torsus
480 2033 723 2075 nigricantem,
740 2031 772 2064 &
796 2035 986 2068 corruptum
1010 2021 1100 2071 fuisse
1124 2030 1291 2069 inventum
1309 2042 1317 2050 .

376 2080 424 2113 18.
461 2076 650 2117 Intelligis,
682 2071 737 2104 hic
761 2083 776 2104 a
799 2081 847 2104 me
866 2094 876 2110 ‚
917 2079 982 2103 non
1014 2070 1097 2101 secus
1129 2076 1163 2098 ac
1196 2062 1341 2113 Epistola

327 2125 423 2162 XPV.
449 2113 501 2164 (y
528 2123 538 2158 )
563 2118 736 2152 sermonem
757 2114 909 2149 haetenus
932 2110 988 2145 esse
1011 2109 1133 2143 factum
1170 2107 1210 2142 de
1232 2108 1341 2149 legiti-

332 2181 410 2209 ma,
434 2165 469 2199 id
493 2163 536 2198 est
560 2159 816 2195 Inflammatoria
839 2158 954 2199 angina
969 2178 976 2186 .
1000 2156 1052 2189 De
1075 2151 1179 2202 spuria
1202 2161 1307 2201 autem
1331 2171 1341 2186 ,

328 2222 434 2258 quam-
451 2219 533 2243 nunc
556 2203 718 2248 Aquosam
740 2214 755 2235 a
779 2201 886 2235 Claris
909 2197 1047 2233 Medicis
1070 2207 1177 2245 vocari
1197 2194 1315 2232 video,
1329 2205 1346 2226 a

357 2246 448 2291 uibus
472 2252 541 2285 aliae
562 2258 689 2291 quoque
712 2246 834 2287 anginae
857 2244 993 2286 species,
1017 2244 1049 2274 ὃς
1072 2250 1107 2272 1n
1132 2239 1181 2289 his
1203 2237 1350 2289 Conwl·

330 2271 393 2338 siva
411 2323 420 2338 ‚
445 2301 684 2332 memorantur,
717 2288 740 2322 fi
763 2288 849 2321 forte
872 2288 987 2330 quaeris
1001 2308 1012 2325 ‚
1045 2295 1098 2326 per
1132 2280 1351 2332 dissec‘tionern

331 2343 413 2389 quid
435 2339 501 2383 ipse
522 2336 683 2375 viderim
705 2332 746 2367 fic
768 2332 903 2366 habeto.
928 2328 1027 2369 Quod
1051 2326 1088 2361 ad
1111 2326 1351 2374 spuriam-atti-

335 2397 412 2423 net,
436 2391 533 2417 unum
548 2405 558 2422 ‚
593 2388 646 2412 aut
678 2376 813 2412 alterum
837 2385 886 2410 me
920 2371 1067 2412 secuisse,
1100 2382 1180 2413 quos
1202 2369 1348 2412 Epistola

326 2418 443 2466 :eadem
465 2429 479 2465 (
499 2437 525 2468 z
543 2428 558 2465 )
579 2422 641 2457 tibi
663 2417 832 2463 descripsi,
854 2429 925 2451 cnm
948 2428 982 2450 ea
998 2442 1008 2456 ‚
1039 2414 1060 2448 fi
1085 2415 1133 2447 ita
1165 2415 1234 2452 vis,
1265 2421 1347 2444 certe

335 2486 403 2512 non
426 2464 475 2504 ‘ex
497 2479 532 2502 ea
563 2475 707 2500 mortuos
731 2488 739 2494 .
771 2462 825 2495 Ad
857 2459 1083 2495 Convulsivam
1106 2467 1210 2508 autem
1235 2455 1347 2489 referre

336 2529 403 2555 non
427 2511 549 2559 possum
570 2521 641 2553 quae
664 2508 702 2542 ad
724 2505 983 2550 Paralytodecrm,
1004 2512 1041 2536 ut
1064 2501 1195 2545 quidam
1217 2509 1345 2549 vocant,

340 2561 452 2605 potius
475 2553 594 2591 acceflit
616 2554 650 2586 in
672 2562 706 2585 ea
728 2550 859 2585 muliere
882 2558 970 2589 eujus
992 2545 1158 2581 historiam
1187 2553 1346 2578 continuo

342 2604 680 2688 sunge12nkICULA
705 2661 714 2678 ,
746 2647 816 2711 uua:
838 2635 895 2669 diu
918 2633 1053 2676 jacuerat
1085 2633 1120 2682 in
1141 2630 1348 2680 Nosocomio

341 2690 385 2728 :sic
408 2693 595 2723 extenuata,
619 2692 654 2717 ut
679 2680 748 2720 nihi
775 2703 788 2720 ,
809 2680 865 2715 nisi
888 2676 968 2717 oss‘a,
992 2681 1021 2710 &
1046 2675 1161 2725 pellis,
1183 2674 1240 2708 esse
1262 2673 1350 2706 vide-

342 2743 431 2772 retur
451 2755 462 2775 ,
496 2727 663 2767 accedente
685 2723 813 2761 demum
837 2745 848 2763 ‚
870 2730 926 2758 aut
949 2718 1167 2759 manifestiore
1190 2718 1274 2758 ,facta
1305 2715 1351 2751 fe-

770 174 929 229 Liber
963 172 1024 225 V.
1062 173 1142 227 De
1174 171 1430 227 addendis
1462 171 1535 225 ad
1570 170 1757 224 Libros
1789 169 2073 239 superiores

2151 235 2171 243 χ

1394 244 1474 284 bre,
1497 254 1570 278 cum
1592 243 1753 286 deglutire
1775 254 1839 277 non
1864 242 1961 285 posset
1981 265 1991 282 ‚
2017 254 2115 286 neque
2147 253 2182 276 os
2213 243 2260 277 ita
2295 242 2398 288 aperi-

1392 297 1443 326 re,
1466 296 1503 323 ut
1525 287 1698 329 introsprci
1722 289 1796 320 satis
1819 287 1948 326 liceret,
1979 285 2100 320 credita
2133 287 2174 319 est
2213 297 2250 319 ex
2284 289 2397 331 angina

1390 340 1518 364 mortua
1539 332 1622 364 circa
1644 329 1737 364 finem
1762 331 1835 367 anni
1861 339 1953 372 1755.
2086 330 2245 364 CAPUT
2278 329 2399 365 ibidem

1389 373 1549 414 secantes,
1572 374 1691 415 amplas
1712 373 1842 416 quidem
1866 372 2054 406 Maxillares
2087 374 2230 406 Internas
2262 373 2398 414 glandu-

1389 417 1434 450 las
1448 441 1460 457 ,
1484 420 1515 450 δε
1539 416 1715 459 praesertim
1736 416 1897 449 dexteram
1917 416 2090 449 invenimus
2103 440 2112 455 ,
2136 425 2172 450 ut
2184 416 2321 451 maxillae
2342 416 2398 449 de-

1388 460 1568 502 preffioni,
1602 470 1720 502 quanta
1753 458 1793 491 acl
1814 470 1850 492 os
1883 458 1973 491 valde
2004 459 2207 501 aperiendum
2231 458 2398 494 necessaria

1387 502 1452 543 est,
1474 503 1597 537 officere
1620 501 1746 537 fortasse
1768 502 1911 544 possent,
1933 504 1965 535 &
1989 502 2203 544 quadantenus
2224 506 2320 536 etiam
2342 503 2398 537 de-

1381 546 1578 588 glutitioni,
1601 556 1659 580 nec
1684 555 1789 580 tamen
1815 545 1892 578 adeo
1925 554 1961 578 ut
1992 547 2127 579 omnino
2157 545 2362 588 prohiberent
2387 568 2397 577 .

1383 593 1461 622 Sana
1485 598 1591 624 autem
1614 590 1730 631 larynx
1745 612 1756 627 ,
1780 587 1850 622 sana
1871 588 1989 630 Aspera
2013 590 2150 628 arteria,
2186 590 2264 623 sanae
2288 588 2397 623 fauces

1384 643 1457 666 cum
1479 634 1587 676 palato
1611 633 1752 673 mobili,
1774 630 1935 671 tonfillis,
1965 634 1996 664 ὃ(
2021 633 2138 676 linguae
2172 632 2274 665 radice
2306 643 2398 666 com-

1384 686 1482 720 pertae
1504 676 1577 711 sunt
1601 689 1609 709 z
1641 687 1742 719 neque
1764 676 1820 708 illa
1842 674 2061 716 glandularum
2085 676 2307 709 Maxillarium
2329 688 2398 709 am-

1385 718 1548 762 plificatio
1570 730 1674 752 recens
1696 719 1755 752 esse
1777 717 1943 751 videbatur
1957 741 1966 751 .
2142 719 2277 752 Thorax
2294 720 2399 752 modi-

1383 773 1453 795 cam
1475 763 1638 805 pulmonis
1662 762 1792 795 aiterius
1815 770 1939 803 partem
1960 760 2072 795 duram
2094 761 2228 801 habuit3
2260 773 2315 795 nec
2337 761 2399 795 sine

1383 817 1459 850 pure
1482 830 1492 839 .
1522 807 1620 840 Tunc
1651 806 1748 838 etiam
1780 805 1876 847 Spina
1898 805 2107 838 animadversa
2129 804 2170 839 est
2192 805 2231 839 ab
2261 807 2399 839 naturali

1379 847 1497 883 inceffu
1520 849 1709 888 deflectens,
1731 847 1780 882 sed
1804 848 1938 880 leviter.
1971 849 2054 892 Qae
2088 857 2193 882 tamen
2228 850 2399 882 inclinatio

1378 891 1466 926 causa
1490 892 1617 925 mulieri
1642 891 1765 925 fortasse
1790 890 1893 924 fuerat
1915 890 1957 924 fic
1987 898 2079 933 caput
2111 892 2260 934 gerendi,
2294 901 2329 926 ut
2362 893 2400 926 de

1384 935 1538 969 teretibus
1559 934 1685 970 duobus
1719 945 1736 967 v
1755 935 1856 968 nculis
1889 945 1944 977 per
1977 946 2047 978 quae
2079 935 2218 970 secundae
2249 936 2401 970 vertebrae

1385 982 1474 1013 Dens
1507 978 1546 1012 ad
1572 990 1660 1012 oram
1682 989 1713 1011 m
1734 979 1816 1011 ximi
1838 977 1983 1012 calvariae
2016 977 2185 1013 foraminis
2218 980 2368 1022 alligatur
2387 1002 2400 1020 ‚

1384 1022 1550 1056 dexterum
1572 1021 1694 1056 sinistro
1730 1023 1865 1063 ongius,
1888 1024 1919 1054 &
1941 1020 2063 1055 craffius
2086 1024 2280 1056 invenerim.

1431 1078 1482 1099 20.
1505 1067 1551 1100 Et
1586 1064 1729 1100 Meadius
1750 1068 1800 1105 (a
1826 1068 1835 1103 )
1868 1065 1938 1098 sane
1961 1066 1994 1097 in
2019 1075 2055 1097 eo
2083 1078 2177 1108 quem
2208 1065 2402 1100 Convulsiva

1389 1112 1504 1152 angina
1525 1109 1702 1149 sustulerat,
1715 1107 1850 1142 diffeffis
1873 1107 2017 1141 faucibus
2038 1118 2074 1141 ne
2096 1110 2258 1143 minimam
2280 1110 2401 1152 quidem

1390 1153 1524 1188 tumoris
1555 1153 1605 1186 vel
1637 1151 1890 1197 inflammationis
1920 1152 1953 1184 in
1986 1162 2089 1185 earum
2119 1151 2279 1195 glandulis
2299 1174 2309 1189 ‚
2342 1159 2400 1185 aut

1390 1195 1539 1238 mussulis
1563 1204 1666 1228 noram
1690 1194 1885 1228 ostenderat:
1921 1194 1970 1227 sed
1994 1195 2136 1228 craffiore
2166 1195 2314 1237 sanguine
2334 1197 2403 1227 vasa

1391 1251 1500 1272 omnia
1523 1238 1677 1281 turgida>
1700 1241 1730 1270 &
1754 1236 1872 1279 ubique
1894 1239 2107 1279 prominentia
2123 1264 2131 1271 .
2167 1238 2257 1277 Quin
2279 1242 2310 1271 δι
2332 1248 2402 1270 ner-

1392 1294 1506 1316 vorum
1530 1284 1675 1315 omniurn
1697 1280 1933 1314 convulsionem
1957 1283 1989 1313 in
2013 1283 2125 1324 angina
2149 1281 2205 1314 hac
2228 1291 2402 1321 memorat,

1392 1326 1554 1368 ipsamque
1561 1324 1832 1368 strangulationem
1847 1324 1991 1367 faucium
2002 1327 2148 1358 nominat
2161 1349 2168 1358 .
2183 1324 2285 1368 Cujus
2304 1335 2403 1367 neque

1393 1369 1518 1407 sensus,
1551 1380 1649 1410 neque
1675 1377 1786 1400 caetera
1816 1379 1887 1411 quae
1907 1367 2006 1400 modo
2040 1368 2125 1402 dieta
2148 1367 2241 1409 sunt,
2271 1379 2343 1401 cum
2367 1369 2402 1401 in

1395 1412 1556 1455 proposita
1566 1412 1703 1445 Anicula
1716 1409 1836 1447 fuerint
1851 1437 1858 1451 ‚
1871 1409 1991 1445 fuerint
2007 1420 2112 1445 autem
2135 1411 2280 1455 quaedam
2293 1411 2354 1444 alia
2365 1422 2405 1444 ex

1394 1459 1518 1498 iisquae
1531 1455 1744 1489 Boerhaavius
1768 1453 1831 1493 (h)
1861 1456 1895 1487 in
1929 1456 2042 1496 angina
2074 1464 2304 1488 commemorat
2334 1465 2406 1487 ner-

1395 1510 1470 1538 vos,
1493 1500 1536 1533 Θ
1558 1498 1707 1540 musculos
1730 1497 1877 1539 refhlutos
1903 1496 2052 1538 habente,
2076 1508 2110 1532 ut
2135 1509 2210 1541 puta
2233 1496 2321 1540 quod
2341 1508 2406 1531 uon

1399 1544 1499 1576 modo
1516 1542 1581 1585 sine
1603 1541 1666 1575 ullo
1682 1541 1770 1584 signo
1790 1542 1924 1574 tumoris
1946 1543 2089 1582 externi,
2120 1542 2276 1576 internive
2308 1551 2406 1583 appa..

1398 1594 1465 1620 reat
1476 1609 1489 1626 ,
1510 1597 1616 1619 verum
1638 1586 1735 1618 etiam
1758 1584 1790 1617 in
1807 1584 1870 1626 fine
1892 1583 2067 1617 morborum
2089 1585 2407 1623 diuturnorum‚cor-

1398 1640 1475 1671 pore
1487 1630 1621 1663 maxime
1645 1627 1743 1662 succis
1754 1627 1929 1665 exhausto,
1950 1629 2112 1670 contingat
2119 1630 2175 1667 ‚&
2191 1625 2262 1670 fere
2279 1626 2402 1669 semper

1394 1682 1465 1705 tum
1482 1672 1527 1714 fit
1542 1672 1663 1714 fignum
1686 1671 1880 1704 imminentis
1900 1671 2031 1709 mortis,
2054 1680 2125 1705 tum
2146 1671 2208 1714 posi
2229 1668 2308 1703 hanc
2321 1671 2401 1713 sup-

1388 1723 1539 1757 puratum
1555 1714 1735 1756 pulmonem
1757 1712 1961 1752 demonstran
1993 1712 2118 1747 idcirco
2148 1714 2295 1756 anginam
2326 1714 2407 1747 hanc

1390 1769 1455 1793 non
1478 1758 1516 1790 ad
1538 1756 1751 1790 convulfivam
1774 1752 1996 1793 affefflonem,
2019 1755 2069 1789 sed
2093 1757 2201 1799 potius
2224 1756 2260 1789 ad
2284 1759 2408 1798 paraly-

1394 1803 1516 1841 ticam,
1538 1799 1561 1834 fi
1585 1800 1623 1834 ad
1645 1800 1829 1844 altetutram
1851 1798 2010 1832 referenda
2032 1799 2101 1840 est,
2123 1799 2268 1833 acceffiffe
2282 1801 2408 1837 ,credi-

1396 1845 1517 1878 derim.

1441 1899 1492 1920 21.
1518 1887 1708 1931 Scripseram
1732 1886 1800 1920 haec
1818 1909 1831 1927 ,
1862 1896 1935 1920 cum
1967 1896 2071 1920 recens
2111 1886 2175 1921 huc
2208 1885 2317 1929 Lipsia
2343 1888 2410 1920 im-

1398 1941 1564 1974 portatum
1593 1932 1752 1965 Αᾶοτυιτι
1784 1930 1998 1963 Eruditorum
2026 1929 2190 1964 Volumen
2217 1933 2301 1969 (c)
2343 1941 2410 1963 ver-

1395 1974 1463 2008 sans
1477 2000 1486 2015 ,
1507 1986 1544 2008 ex
1566 1974 1657 2008 libris
1676 1974 1793 2016 quibus
1815 1972 1869 2006 hic
1902 1983 2042 2006 caremus
2063 1995 2073 2011 ‚
2109 1972 2299 2016 quibusdam
2327 1984 2409 2008 non-

1395 2019 1483 2051 nulla
1506 2019 1646 2060 cognovi
1671 2018 1708 2050 ad
1730 2023 1851 2056 unum,
1872 2025 1966 2058 atque
1990 2017 2126 2050 alterum
2146 2017 2333 2051 morborum
2355 2029 2410 2059 ge·

1392 2071 1452 2094 nus
1477 2061 1647 2103 speRantia
1669 2061 1707 2093 de
1727 2061 1843 2102 quibus
1865 2059 1923 2093 hac
1947 2059 2092 2102 Epistola
2114 2061 2221 2095 actum
2244 2061 2285 2094 est
2304 2083 2317 2100 ,
2340 2064 2410 2094 An-

1391 2107 1523 2146 ginam‚
1548 2108 1578 2138 &
1601 2105 1809 2139 Caecitatem.
1834 2104 1888 2137 Ad
1910 2104 2001 2137 illam
2023 2103 2186 2137 Historiea
2217 2103 2409 2138 Dissertatio

1398 2149 1462 2186 (d)
1487 2149 1626 2186 attinet,
1646 2147 1759 2189 gallice
1784 2147 1922 2190 scripta,
1943 2146 1981 2181 de
2004 2147 2207 2189 gangraenosa
2240 2158 2412 2190 puerorum

1399 2193 1537 2235 angina,
1558 2191 1686 2228 eadem,
1709 2192 1849 2233 opinor,
1871 2191 1909 2224 de
1931 2202 1992 2234 qua
2016 2189 2107 2232 supra
2129 2195 2143 2230 (
2163 2194 2210 2230 e)
2234 2190 2409 2224 indicatum

1402 2235 1465 2274 ests
1488 2235 1526 2269 ad
1550 2237 1738 2269 Caecitatem
1761 2245 1833 2267 vero
1858 2234 2052 2268 Observatio
2076 2235 2132 2268 Cl.
2157 2235 2232 2268 Viri
2265 2233 2412 2278 Philippi

1400 2279 1552 2322 Adolphi
1575 2278 1746 2313 Boehmeri
1768 2276 1852 2321 (f)
1875 2279 1907 2312 in
1933 2277 2066 2311 foemina
2089 2290 2160 2321 quae
2193 2277 2263 2323 post
2286 2277 2412 2312 diutur—

1402 2334 1459 2356 nos
1483 2324 1598 2366 capitis
1619 2320 1768 2362 afflans,
1798 2331 1945 2365 correpta
1978 2322 2060 2354 visus
2093 2321 2314 2356 obscuratione
2335 2345 2347 2363 ‚
2378 2325 2411 2355 δε

1402 2365 1532 2400 tandem
1550 2366 1700 2409 jadeum,
1732 2364 1895 2399 dissecanti
1919 2364 2067 2399 exhibuit
2101 2375 2216 2408 praeter
2248 2366 2309 2399 alia
2330 2389 2343 2406 ,
2377 2368 2411 2398 δε

1398 2410 1576 2453 praesertim
1598 2408 1658 2442 seri
1680 2411 1807 2452 copiam
1831 2421 1869 2443 ex
1892 2418 1979 2452 parte
2001 2407 2112 2442 foetidi
2142 2420 2210 2451 quo
2241 2418 2302 2441 tres
2322 2409 2414 2451 prio-

1397 2465 1446 2487 res
1471 2454 1588 2487 cerebri
1611 2453 1802 2493 ventriculi,
1822 2455 1940 2496 quippe
1963 2463 2037 2486 cum
2062 2453 2228 2487 l’ituitaria
2259 2451 2410 2496 glandula

1397 2497 1554 2530 1cirrhosa
1576 2497 1648 2529 esset
1670 2507 1705 2529 ac
1727 2497 1864 2530 ulcerosa
1887 2519 1899 2536 ,
1919 2495 2199 2537 distendebantur,
2228 2496 2375 2529 exhibuit
2398 2522 2409 2538 ,

1395 2542 1528 2583 inquam
1543 2566 1553 2581 ‚
1576 2540 1818 2574 excrescentiam
1841 2540 2031 2584 fungosam,
2053 2539 2410 2581 conjunffioniincum-

1396 2584 1523 2619 bentem
1545 2584 1743 2627 Opticorum
1765 2595 1953 2619 nervorum.
1980 2584 2080 2617 Simul
2105 2584 2218 2625 plura,
2249 2594 2321 2626 quae
2344 2582 2409 2615 alio

1398 2628 1580 2671 pertinent,
1602 2628 1637 2660 in
1658 2628 1863 2663 cadaveribus
1886 2627 2072 2664 observata,
2105 2625 2227 2659 ibidem
2251 2626 2409 2668 reperies;

1399 2681 1438 2705 ut
1457 2671 1521 2721 tibi
1545 2680 1727 2746 plerlgratum
1749 2671 1818 2708 fore
1831 2696 1844 2714 ,
1866 2682 1932 2706 non
1953 2669 2101 2705 dubitem
2114 2694 2125 2711 ‚
2158 2669 2247 2712 quod
2283 2669 2408 2703 indica-

1401 2725 1500 2750 VCl'lm
1514 2738 1518 2740 -
1581 2726 1596 2745 a
1612 2725 1627 2747 e
1643 2741 1652 2751 .

2251 3467 2357 3502 EPI-

394 3557 2388 3599 W

1243 3632 1252 3662 ί
1269 3640 1285 3655 υ
1300 3631 1314 3660 )
1330 3630 1390 3660 Eph.
1407 3631 1439 3654 N.
1457 3630 1485 3654 C.
1503 3631 1561 3653 Dec.
1578 3635 1599 3656 3.
1617 3628 1646 3660 A:
1662 3633 1685 3653 ς.
1703 3624 1725 3647 a&
1740 3624 1765 3648 6.
1782 3623 1841 3648 obs.
1857 3626 1910 3651 169-

1374 3661 1388 3690 (
1403 3668 1418 3684 a
1435 3665 1446 3688 )
1463 3660 1557 3684 Monit.
1576 3657 1665 3683 Medic.
1683 3662 1702 3678 e.
1720 3663 1746 3682 4-

406 3647 422 3674 (
436 3650 446 3666 e
462 3643 471 3671 l
485 3646 523 3668 De
537 3642 596 3667 effic.
612 3639 705 3665 Medic.
722 3639 738 3664 Ι.
756 3646 777 3665 1.
793 3640 818 3663 P.
834 3645 857 3663 2.
875 3637 915 3662 ubi
930 3636 959 3661 de
975 3634 1086 3661 Phlebot.
1103 3642 1126 3659 c.
1147 3637 1181 3658 16.

405 3675 415 3702 (
431 3683 445 3697 x
459 3675 472 3701 )
488 3674 604 3698 Menioir.
623 3672 652 3695 A.
671 3672 740 3699 1748.
799 3670 841 3699 (y
856 3674 867 3696 )
883 3676 906 3692 n.
926 3675 963 3697 39.
1024 3667 1037 3695 (
1052 3674 1071 3694 z
1083 3665 1097 3694 )
1113 3673 1137 3688 n.
1155 3672 1194 3694 ²⁴-
1211 3663 1233 3688 ἃ
1251 3663 1313 3691 seqq.

404 3708 416 3728 (
432 3704 446 3726 b
461 3709 471 3730 )
488 3705 575 3731 Aphor.
591 3705 620 3727 de
636 3708 705 3729 eogn-
719 3701 743 3725 ὃς
757 3699 858 3726 cuned-
872 3700 949 3724 morb.
968 3696 989 3728 §.
1006 3698 1060 3727 78⁴-
1076 3698 1099 3721 δε
1114 3695 1178 3725 seqq.
1239 3695 1254 3723 ί
1269 3701 1279 3717 c
1294 3694 1303 3723 )
1322 3693 1351 3717 A.
1370 3692 1437 3721 1758„

404 3736 419 3765 (
430 3733 468 3763 s)
486 3734 542 3757 Vid.
556 3735 598 3758 M.
613 3733 709 3764 januar.

1973 3621 1988 3651 (
2001 3621 2014 3635 '⁸
2030 3619 2044 3650 >
2058 3618 2133 3650 Epist.
2148 3625 2187 3648 44.
2203 3624 2230 3643 n.
2246 3623 2268 3648 3.

1497 3689 1539 3719 (d
1554 3689 1566 3721 j
1582 3685 1635 3713 vid.
1653 3687 1692 3710 M.
1709 3686 1761 3717 Jui.
1820 3685 1835 3714 (
1850 3691 1862 3708 e
1876 3686 1887 3711 >
1903 3691 1928 3708 n·
1946 3683 1982 3708 18.
