2498 4075
424 138 522 193 234

356 204 467 240 comio
495 198 711 236 demonstravi
745 210 854 233 renem
878 201 1011 233 unicum
1037 210 1045 231 ι
1078 213 1174 243 quem
1198 202 1280 244 apud
1314 213 1366 235 me

357 248 467 281 videre
491 245 611 287 poteris
636 253 698 275 non
722 243 1153 285 negligenterdescriptum‚
1177 246 1365 287 &pi&uiii,

356 291 409 325 his
441 288 641 331 potiffimum
665 298 679 318 a
704 287 860 328 plerisque
892 297 1146 321 memoratorum
1182 288 1366 330 discrepan-

357 345 425 369 tem
442 355 451 371 ,
478 330 565 374 quod
591 330 687 363 lobus
705 329 818 362 dexter
843 343 859 363 a
884 330 1012 363 sinistro
1034 330 1169 364 distabat
1193 332 1366 365 intervallo

355 389 421 411 non
444 377 490 408 ita
515 383 633 415 magno
656 395 665 409 ‚
690 375 721 405 &
745 375 808 406 ima
834 384 922 414 parte
945 374 999 406 ille
1024 375 1097 406 huic
1120 374 1268 417 impofita
1292 399 1303 415 ‚
1335 378 1365 408 &

354 420 465 456 sulco,
490 429 546 450 nec
569 415 734 459 profundo
759 425 863 450 tamen
885 439 894 454 ,
928 419 960 449 &
986 417 1024 450 ab
1051 420 1212 455 anteriore
1237 427 1366 451 tantum

353 463 437 498 facie
459 460 547 502 quasi
571 459 670 492 divisa
694 484 703 499 ‚
728 459 883 493 isthmum
907 459 1047 493 faciebat
1074 471 1189 496 neutro
1214 461 1292 495 lobo
1317 471 1365 494 te-

355 510 505 540 nuiorem
523 527 530 536 .
567 504 707 539 Francus
732 512 839 536 autem
865 508 875 542 (
898 515 914 536 ο
937 507 950 544 >
974 516 1054 537 unus
1079 529 1088 544 ,
1123 504 1210 547 quod
1235 505 1330 538 sciam
1355 527 1364 541 ,

351 550 508 583 isthmum
534 546 642 586 vidit,
666 549 695 578 δι
718 548 826 588 pinxit
850 547 989 590 maxima
1011 546 1158 585 vastitate
1182 549 1225 584 (ξφ
1247 548 1362 590 ampli-

352 593 459 626 tudine
482 616 490 625 ,
528 591 618 623 Cum
642 601 718 623 vero
743 590 824 625 nihil
848 590 937 623 dicat
961 591 1000 624 de
1023 590 1228 624 crassitudine
1252 615 1261 630 ,
1293 603 1361 623 imo

351 636 446 670 lobos
479 633 542 674 ajat
565 632 665 680 fuisse*
689 631 829 677 singulos
862 635 895 667 in
920 646 953 667 ea
990 632 1056 666 sede
1079 646 1177 676 quam
1200 645 1288 669 renes
1312 635 1361 667 su-

351 681 417 713 lent
439 686 620 718 occupare,
645 679 784 710 heutin
808 678 946 710 aliorum
972 676 1268 711 Observationibus
1281 678 1359 711 fuis-

352 725 405 760 se,
429 721 600 761 intelligo,
627 722 661 753 in
686 721 804 762 quibus
829 730 866 755 ut
890 730 980 753 totus
1006 732 1059 753 ren
1082 721 1156 755 ess'et
1182 723 1358 760 maximus,

350 768 513 800 tenuiori*
527 775 633 798 tam-en
657 763 829 797 dumtaxat
862 763 982 797 isthmo
1016 763 1121 805 Spina}
1152 766 1325 799 incubabat
1351 779 1359 801 ·,

351 811 443 843 nolui
468 809 534 843 haec
566 808 712 849 exempla
740 819 814 842 cum
847 808 889 839 iis
907 806 1107 841 confundere
1140 820 1212 851 quae
1238 808 1277 842 ad
1315 808 1360 841 se-

350 853 488 887 cundam
511 851 650 884 attinent
673 873 681 886 ‚
708 851 745 884 ad
769 861 867 890 quam
891 849 955 891 jam
979 851 1105 884 transeo
1126 874 1138 890 ,
1173 863 1248 886 meae
1272 853 1359 886 divi-

349 897 445 930 sionis
469 904 592 938 partem
614 917 625 937 ,
658 895 711 927 illa
734 893 1005 936 complefitentem
1040 896 1073 927 in
1098 896 1216 938 quibus
1249 905 1358 929 totum

349 941 437 973 renis
471 938 558 972 unici
590 949 707 980 corpus
741 938 845 980 Spinae
883 938 1114 979 imponebatur
1136 964 1144 971 .
1277 940 1355 976 Qgio

347 994 456 1016 renem
483 982 643 1024 pertinere
666 980 760 1014 illum
781 1003 790 1018 ‚
826 981 1026 1015 censebimus
1045 1005 1052 1019 ‚
1086 993 1182 1023 quem
1206 993 1281 1015 cum
1301 983 1356 1025 jo.

345 1027 463 1060 Valleo
487 1025 626 1059 Carolus
651 1023 831 1066 Stephanus
856 1029 909 1067 (p
934 1029 944 1064 )
969 1026 1137 1067 conspexit
1169 1036 1265 1059 unum
1288 1033 1359 1057 tau-

345 1078 414 1104 tum
436 1078 537 1103 renem
561 1069 593 1101 in
616 1069 715 1102 medio
732 1067 830 1110 spinae
852 1069 957 1101 exuste
974 1067 1074 1111 ficum
1095 1094 1102 1107 ‚
1140 1079 1267 1110 eumque
1292 1076 1375 1102 ma<

343 1114 466 1147 acimum
481 1137 490 1151 ,
515 1114 547 1146 &
569 1123 668 1154 quem
691 1112 815 1145 dixerat
844 1112 1058 1145 Andernacus
1081 1115 1096 1153 (
1116 1123 1133 1154 c]
1158 1116 1167 1150 )
1186 1137 1194 1151 ,
1216 1122 1356 1144 nonnun—

343 1167 435 1198 quam
460 1166 556 1189 unum
577 1163 703 1190 tantum
736 1155 840 1189 mediae
857 1154 953 1197 spine
977 1156 1125 1188 innexum
1148 1153 1322 1201 apparuisse
1349 1179 1356 1186 .

342 1198 542 1233 Notiffirnus
576 1199 617 1232 est
640 1209 747 1231 autem
780 1199 838 1241 qui
862 1211 878 1232 a
914 1199 1045 1232 Botallo
1068 1200 1081 1235 (
1104 1198 1152 1239 r)
1177 1197 1357 1238 descriptus

341 1244 373 1275 &
399 1244 526 1283 pietus,
550 1252 659 1277 tantus
684 1251 751 1275 erat
775 1262 783 1277 ‚
818 1250 853 1273 ut
877 1253 916 1276 ex
938 1251 1078 1283 quatuor
1101 1242 1243 1275 constare
1268 1241 1356 1274 vide-

340 1297 430 1319 retur
455 1309 462 1316 .
498 1285 615 1328 Neque
639 1287 772 1325 ignotus
806 1283 850 1316 est
874 1296 971 1327 quem
1003 1284 1180 1318 Cabrolius
1213 1283 1295 1327 (s)
1323 1287 1355 1316 in

340 1331 515 1364 memorati
542 1327 730 1365 Professor-is
755 1327 847 1360 servo
870 1338 982 1364 unum,
1004 1326 1059 1369 scd
1081 1329 1163 1361 mole
1188 1327 1354 1362 incredibi-

340 1373 366 1406 li
386 1372 524 1407 offendit
548 1371 749 1407 incubantem
771 1370 926 1405 vertebris
950 1370 1144 1406 lumborum:
1170 1372 1291 1414 quibus
1304 1374 1355 1404 in«²

340 1416 504 1451 haerentem
527 1418 646 1457 pariter
670 1415 754 1448 vidit
779 1414 905 1449 unicum
929 1416 970 1448 Θ
992 1414 1083 1448 valde
1117 1414 1256 1457 amplum
1280 1415 1354 1447 Cel.

338 1461 502 1495 Fautonus
526 1463 539 1499 (
560 1468 575 1494 t
598 1463 632 1500 ).
662 1458 787 1491 Eodem
813 1456 929 1494 referes
953 1469 1051 1500 quem
1076 1459 1109 1491 in
1134 1459 1238 1500 puella
1262 1460 1354 1491 anni-

339 1504 409 1538 cula
434 1505 560 1538 invenit
597 1503 711 1545 saepius
735 1501 882 1536 laudatus
915 1502 1067 1535 Hallerus
1091 1504 1105 1540 (
1128 1513 1147 1535 u
1170 1505 1183 1543 )
1210 1530 1216 1536 .
1242 1504 1353 1544 A=tque

339 1557 377 1580 ut
402 1547 528 1581 redeam
553 1546 591 1580 ad
616 1545 806 1581 vetustiores
830 1567 839 1582 ,
874 1545 1032 1587 simulque
1055 1544 1092 1578 ad
1117 1545 1198 1579 illud
1222 1547 1354 1587 propiu’s

337 1590 490 1626 accedam
513 1591 601 1632 cujus
626 1591 730 1632 gratia
754 1590 823 1622 sum
846 1590 881 1621 in
905 1588 991 1624 hunc
1016 1589 1151 1629 longum
1175 1589 1351 1622 sermonem

337 1633 519 1677 ingressus;
541 1633 689 1669 Vesalius
712 1637 722 1674 (
748 1643 768 1666 x
793 1637 802 1672 )
829 1632 999 1673 scripserat
1019 1655 1032 1671 ,
1056 1632 1213 1666 interdum
1239 1633 1271 1666 in
1295 1632 1351 1666 lm-

337 1677 482 1711 bentibus
493 1685 635 1711 ventrem
659 1675 791 1717 impcnfh
798 1675 1034 1717 prominulam,
1060 1676 1101 1708 Θ
1123 1677 1277 1709 vitiatum
1301 1681 1351 1709 ἑο-

328 1720 449 1762 starum
473 1720 600 1754 duflum
619 1718 654 1762 se
675 1717 784 1762 vidisse
808 1730 922 1754 unum,
947 1719 1131 1759 eundemque
1155 1720 1327 1754 maximum
1343 1741 1352 1756 ‚

329 1764 425 1807 super
447 1774 529 1798 venae
552 1774 654 1800 came,
679 1763 720 1796 &⁸
743 1763 866 1797 arteriae
888 1772 1004 1805 magnae
1014 1772 1141 1804 corpora
1165 1773 1265 1796 renem
1289 1761 1348 1795 coi-

337 1807 495 1843 locatum.
524 1805 713 1842 Eustachsus
739 1818 814 1840 vero
839 1807 892 1850 (y
915 1809 929 1846 )
951 1804 1111 1847 ejusmodi
1146 1806 1350 1850 quidem-in-

335 1851 466 1887 solitam
491 1853 577 1888 renis
601 1851 688 1883 unici
713 1848 816 1883 sedem
839 1850 922 1883 olim
946 1873 958 1888 ‚
990 1848 1150 1890 semelque
1173 1874 1181 1887 ,
1213 1850 1348 1889 conspe-

325 1895 414 1936 xisse
439 1893 491 1932 se,
516 1893 653 1928 tradidit
678 1905 687 1931 ;
721 1893 773 1927 sed
795 1892 875 1927 illud
898 1893 1069 1927 dumtaxat
1090 1891 1169 1925 reft'e
1192 1891 1349 1934 meminis-

329 1940 363 1983 se
378 1964 389 1980 ,
413 1939 493 1981 quod
515 1939 619 1973 mediat
636 1936 733 1980 spinae
757 1937 886 1972 innixus
909 1934 1065 1972 haerebat,
1091 1934 1133 1969 Θ
1155 1936 1349 1979 magnitudi-

333 1985 384 2017 m‘s
406 1981 484 2017 mole
507 1991 669 2016 numerum
686 1978 873 2022 suppleba53
898 1979 1099 2021 subjecitque
1124 1977 1190 2012 haec
1205 1992 1221 2013 :⁷
1237 1980 1349 2012 Verum

333 2028 499 2060 unicumne
525 2033 649 2058 cantum
686 2035 792 2058 renem
817 2022 884 2057 illis
908 2032 1021 2056 natura
1042 2022 1195 2064 piwripue
1227 2022 1350 2055 tribue-

332 2072 402 2107 rit,
425 2071 478 2111 qui
499 2070 540 2102 Θ
564 2076 706 2101 ventrem
730 2066 844 2103 habent
854 2067 1087 2101 eminentiorem
1101 2088 1108 2101 ,
1133 2065 1173 2097 ιῖφ
1191 2065 1345 2099 viciarum

332 2113 482 2153 costarum
506 2110 652 2147 durium,
670 2110 779 2154 fizteor
790 2120 837 2143 me
859 2110 873 2150 ἰ,
892 2120 1018 2143 narare:
1044 2108 1209 2149 hortorque
1233 2116 1343 2140 anato-

333 2158 401 2191 miae
418 2154 570 2200 studiosos
586 2182 593 2193 ‚
617 2162 656 2190 ut
679 2154 845 2196 diligenter
859 2165 875 2186 ο
890 2152 1042 2195 servent,
1066 2162 1139 2184 num
1151 2162 1262 2184 verum
1279 2151 1344 2194 fit,

332 2212 371 2233 an
405 2201 489 2239 secus
511 2225 518 2231 .
556 2201 612 2233 Ab
635 2210 673 2232 eo
710 2207 855 2238 tempore
880 2207 945 2229 non
981 2195 1134 2230 recordor
1157 2193 1265 2238 legisse
1287 2198 1344 2239 qui

333 2239 559 2278 Eustacbianae
594 2242 688 2285 hujus
720 2241 919 2274 hirti-stirmis
954 2241 1139 2273 meminerit
1159 2261 1171 2279 ‚
1205 2250 1278 2273 cum
1310 2241 1345 2273 in

333 2299 487 2326 magnum
514 2285 630 2319 incidit
655 2297 764 2319 renem
789 2283 1117 2326 Spinaeimpofltum,
1143 2282 1344 2317 nedumcum

332 2328 473 2366 duorum
506 2331 657 2365 lobon-um
681 2327 838 2363 isthmum
873 2330 906 2361 in
938 2326 1143 2361 tranversum
1166 2326 1241 2359 illac
1278 2335 1345 2359 tra-

333 2375 471 2409 ductum
494 2372 652 2406 offendit.
679 2375 750 2407 Imo
773 2381 913 2414 utroque
937 2373 969 2403 in
995 2370 1066 2403 casu
1091 2379 1146 2403 aut
1183 2369 1265 2402 nihil
1291 2369 1346 2403 ad-

333 2428 484 2453 notatum
509 2418 610 2458 reperi
633 2418 666 2450 in
691 2414 846 2454 exemplis
877 2413 1031 2448 haetenus
1055 2413 1220 2455 produfftis
1245 2435 1254 2452 ‚
1292 2423 1346 2446 aut

334 2475 408 2497 cum
434 2463 517 2495 recle
542 2460 645 2494 homo
669 2457 844 2496 valuisset,
868 2456 953 2491 ferro
976 2483 984 2494 ,
1018 2458 1134 2498 laqueo
1157 2459 1168 2494 ,'
1206 2456 1344 2498 maligna

334 2507 424 2541 febre
449 2505 608 2539 sublatum
633 2504 712 2542 esle3
737 2502 759 2535 si
785 2500 1048 2536 Piccolhosnini‚
1071 2502 1103 2533 δε
1126 2500 1345 2535 Azzaritiex-

334 2552 434 2592 cipias
467 2548 753 2585 Observationes,
787 2554 927 2586 quorum
960 2545 1022 2577 ille-
1048 2543 1164 2576 malam
1199 2544 1345 2584 corporis

335 2594 606 2628 constitutionem
641 2588 732 2625 fuisse
757 2613 765 2627 ‚
799 2588 958 2621 indicavit
992 2588 1032 2620 ab
1055 2587 1172 2620 isthmo
1207 2586 1345 2620 fortaffis

334 2648 448 2672 venam
472 2636 624 2674 Cavam,
649 2638 678 2667 ὃ(
703 2632 854 2666 arteriam
880 2631 1039 2673 Magnam
1063 2640 1227 2673 premente
1251 2652 1258 2666 ,
1293 2642 1345 2663 eo-

335 2693 397 2724 que
420 2678 587 2720 Utriusque
612 2677 736 2712 muneri
762 2674 922 2708 officiente
945 2697 953 2711 ‚
987 2675 1040 2710 hic
1065 2685 1142 2708 vero
1175 2674 1215 2708 ab
1236 2674 1345 2707 eadem

335 2725 424 2759 causa
450 2722 638 2765 aneurysma
663 2719 829 2762 repetebat
845 2719 970 2752 arteriae
993 2719 1101 2755 illius,
1127 2720 1211 2751 inter
1225 2729 1341 2760 appen-

334 2769 421 2803 dices
445 2765 696 2810 diaphragmatis
719 2773 831 2797 ortum
856 2787 864 2801 ‚
888 2762 977 2804 quod
1002 2764 1034 2795 δε
1059 2761 1220 2796 vertebras
1243 2761 1345 2794 erose-

334 2823 386 2847 rat
405 2836 414 2850 ,
448 2814 480 2845 &
504 2820 620 2854 magna
653 2809 784 2841 demum
811 2805 975 2847 sanguinis
998 2806 1093 2847 copia
1125 2806 1157 2837 in
1183 2803 1344 2839 sinistrum

335 2857 480 2890 thoracis
501 2864 619 2887 cavum
643 2850 762 2890 effusa,
784 2853 888 2884 vitam
912 2850 1072 2883 ademerat
1099 2874 1105 2881 .
1129 2848 1189 2882 Sed
1211 2847 1344 2884 isthmus

335 2901 544 2941 plerumque,
571 2906 606 2929 ut
630 2896 722 2932 dixi,
746 2895 895 2931 tenuior,
921 2892 978 2926 nifi
1003 2891 1086 2925 forte
1100 2890 1210 2926 sensim
1232 2891 1345 2937 crasse*

336 2944 401 2977 scat
422 2963 431 2979 ‚
466 2949 518 2975 aut
543 2939 674 2981 sanguis
694 2962 706 2979 ,
738 2943 849 2981 praeter
875 2936 1009 2970 modum
1033 2936 1144 2970 anetus
1164 2958 1174 2972 ‚
1207 2934 1344 2976 subjecta

335 2976 461 3028 Magna
486 2982 557 3016 vasa
581 2983 763 3018 distendat,
788 2992 902 3014 nocere
926 2982 1005 3016 adeo
1031 2990 1095 3013 non
1121 2980 1201 3013 solet
1226 3002 1233 3010 .
1270 2979 1343 3020 Ego

336 3041 412 3064 cum
437 3030 471 3062 in
495 3026 601 3070 puella
624 3024 777 3059 isthmum
801 3025 903 3067 reperi
926 3034 1066 3062 neuim,
1090 3034 1124 3057 ut
1148 3023 1239 3058 dixi.
1265 3022 1344 3056 lobo

337 3074 542 3108 tenuiorem,
567 3070 662 3104 lobos
686 3068 793 3101 autem
816 3067 883 3102 non
907 3067 997 3102 valde
1021 3068 1107 3100 inter
1132 3066 1162 3100 se
1174 3066 1338 3105 distantes,

336 3120 458 3161 quippe
502 3114 560 3157 qui
607 3110 792 3148 consuetam
837 3122 952 3146 renum
996 3110 1101 3144 sedem
1146 3121 1211 3143 nou
1243 3120 1340 3143 occu-

337 3162 456 3203 pabant
477 3184 486 3198 ‚
521 3157 576 3192 sed
621 3156 694 3197 ipsis
729 3155 948 3189 vertebrarum
994 3154 1150 3188 lateribus
1174 3153 1343 3186 incumbe-

336 3204 415 3237 bant
440 3214 452 3243 ,·
484 3213 549 3235 non
574 3198 801 3244 negligendam
835 3198 917 3232 mihi
943 3197 1109 3231 Eustachii
1142 3196 1344 3231 adhortatio-

338 3259 411 3280 nem
434 3245 611 3280 existimavi
632 3269 639 3277 .
666 3244 793 3276 Verum
818 3253 875 3276 nec
899 3242 1011 3283 puellae
1036 3241 1194 3275 abdomen
1219 3241 1343 3283 promi-

339 3301 415 3323 nens
437 3288 562 3326 fuerat‚
585 3299 641 3321 nec
664 3287 823 3320 costarum
843 3286 959 3319 durftus
992 3286 1031 3318 ab
1054 3285 1196 3317 naturali
1220 3284 1345 3320 recede-

340 3335 394 3367 bat
420 3343 557 3369 norma5
582 3342 616 3365 ut
640 3331 660 3364 si
677 3329 761 3364 forte
784 3329 954 3371 quisquam
977 3339 1051 3361 cum
1067 3327 1200 3361 Vesalio
1225 3325 1346 3360 voluis-

342 3377 387 3411 set
409 3379 448 3410 ab
473 3375 608 3410 insolito
630 3374 761 3408 illarum
786 3373 966 3407 antrorsum
991 3372 1077 3406 flexu
1100 3371 1224 3405 causam
1247 3370 1346 3405 dedu-

499 3612 559 3637 Obs.
590 3611 633 3636 cit.
668 3614 718 3641 176.

797 3609 871 3639 (ρ)
902 3611 938 3634 De
969 3609 1057 3634 diffest.
1092 3613 1155 3637 part.
1187 3615 1252 3636 corp.
1285 3606 1351 3631 hum.
1386 3607 1402 3630 l,
1435 3615 1459 3630 2.
1491 3614 1514 3631 c.
1548 3614 1584 3636 ις.

1373 3672 1378 3696 ί
1399 3676 1416 3695 z
1431 3668 1444 3696 )
1461 3667 1524 3696 apud
1541 3668 1620 3691 Rhod.
1639 3667 1697 3690 Obs.
1714 3667 1754 3690 cit.
1774 3675 1810 3696 32.

1167 3702 1173 3727 (
1194 3707 1205 3722 e
1222 3699 1230 3728 )
1249 3698 1382 3722 M.s:ellan.
1402 3698 1491 3722 Medic.
1510 3700 1566 3722 Dec.
1586 3705 1599 3725 9
1627 3697 1698 3725 Epist.
1717 3705 1738 3726 3.

985 122 1143 175 Liber
1177 123 1283 176 ΙΙΙ.
1318 104 1403 178 Dex
1440 124 1648 178 Morbis
1698 126 1909 177 ventris

1415 212 1486 235 cere
1506 224 1516 241 ,
1549 214 1606 236 cur
1631 204 1699 237 lobi
1724 203 1763 236 ab
1789 204 1841 237 sua
1875 203 1943 236 sede
1965 202 2092 237 fuissent
2123 202 2238 238 exclusi
2261 227 2271 246 ι
2302 217 2421 249 nequa-

1417 258 1513 287 quam
1539 245 1660 287 posset.
1685 246 1784 285 Quoi
1807 257 1913 280 tamen
1939 258 2048 280 venter
2072 259 2135 281 non
2159 247 2329 287 emineret,
2358 252 2420 283 mi-

1418 300 1476 320 nus
1500 289 1554 322 hic
1580 300 1646 323 erat
1672 293 1789 323 mirum
1819 317 1826 330 ,
1860 302 1935 323 cum
1959 302 2012 323 ren
2037 300 2125 324 totus
2156 302 2260 333 neque
2282 292 2356 327 esset
2381 305 2419 327 ex

1419 334 1570 365 maximis
1592 358 1599 370 ‚
1623 337 1654 366 &
1678 333 1959 374 parvam'tantum
1983 334 2028 366 sui
2045 344 2167 374 partem
2193 338 2345 369 anteriori
2362 337 2420 371 ha-

1418 376 1506 409 beret
1531 375 1716 419 impositam
1747 377 1968 410 vertebrarum
1993 376 2057 410 sedi
2081 402 2088 409 .
2122 379 2191 410 Vix
2214 379 2320 413 autem
2353 393 2420 415 cre-

1417 419 1461 452 do
1479 444 1486 457 ,
1506 432 1578 452 cum
1602 419 1677 453 huic
1702 419 1765 452 sedi
1785 443 1797 459 ,
1831 420 1910 454 adeo
1935 431 1991 462 per
2014 419 2041 452 se
2066 422 2265 462 prominenti
2285 446 2297 462 ‚
2319 425 2419 459 moles

1419 462 1623 504 superaddita
1646 464 1719 496 esset
1744 463 1938 505 praegrandis
1962 465 2054 496 unius
2070 465 2175 503 renis,
2200 474 2342 499 ventrem
2355 478 2419 501 non

1415 506 1603 539 eminuiffe.
1630 507 1721 545 Quin
1746 506 1890 539 nostrum
1917 506 2113 541 Plazzonu'm
2136 511 2150 547 (
2173 518 2198 549 z
2220 511 2230 546 )
2256 508 2328 550 lego
2349 521 2420 544 eam

1418 550 1585 584 mulierem
1609 552 1642 582 in
1665 561 1728 592 qua
1751 550 1801 584 ibi
1826 561 1882 582 ren
1906 559 1972 583 erat
1994 548 2157 591 ejusmodi
2181 573 2190 588 ‚
2222 551 2317 585 initio
2342 578 2351 593 ‚
2387 555 2421 587 id

1414 592 1457 625 est
1490 602 1660 635 antequam
1684 592 1840 626 incideret
1868 615 1880 632 ,
1909 596 2118 634 prcegnantem
2146 591 2298 636 putasse:
2330 598 2419 637 quod

1415 637 1538 677 pariter
1573 647 1759 677 putaturum
1778 660 1789 675 ,
1808 634 1885 668 -five
1919 640 2037 675 pariter
2070 635 2303 679 suspicaturum
2327 637 2421 673 fuisse

1412 679 1587 720 §maelium
1621 682 1697 719 item
1723 679 1867 712 nostrum
1902 678 1993 711 fuisse
2014 703 2023 717 ,
2060 680 2209 714 existimo
2226 704 2236 718 ,
2262 679 2283 713 li
2308 684 2422 717 mulier

1413 723 1520 756 fuisset
1554 724 1579 755 is
1607 724 1637 755 in
1670 735 1735 763 quo
1760 727 1768 760 (
1794 733 1812 754 a
1835 724 1845 760 )
1872 731 1973 761 renem
2007 720 2135 765 offendit
2167 721 2255 763 istius
2278 721 2418 765 foeminae

1409 765 1614 807 persimilem.
1637 767 1714 809 Jam
1739 777 1813 798 vero
1833 776 1891 806 pet
1915 774 1946 807 te
1970 767 2058 800 vides
2083 790 2093 805 ‚
2122 767 2246 800 etiamfi
2270 768 2357 808 quod
2380 769 2419 802 de

1414 809 1576 842 Plazzono
1588 809 1720 852 loquens
1736 808 1834 842 modo
1846 808 2016 847 dicebam,
2042 809 2145 844 inhac
2158 810 2222 852 ipsa
2236 810 2430 846 XXXVII.»

1413 852 1617 893 Sepulchreti
1643 853 1788 885 Sec‘iione
1825 855 1834 890 (
1859 850 1877 884 b
1898 855 1912 892 )
1935 848 2023 886 inter
2047 851 2131 886 falsae
2155 854 2360 895 graviditatis
2383 867 2418 889 e-

1411 896 1539 936 xempla
1565 896 1700 930 relatum
1724 895 1792 932 sit.;
1815 896 1848 928 id
1873 896 1980 929 tamen
2005 907 2069 928 non
2096 896 2152 929 nisi
2176 896 2214 930 de
2238 895 2421 939 suspicione

1413 939 1603 972 Anatomici
1626 962 1638 978 ,
1670 939 1803 973 cadaver
1828 950 1905 971 mox
1937 938 2098 972 dissefflmri
2125 962 2134 977 ‚
2166 938 2226 973 effe
2259 941 2421 983 accipien-

1411 982 1489 1016 dum
1514 1008 1521 1016 .
1558 982 1676 1024 Neque
1699 984 1787 1016 enim
1813 1004 1822 1019 ,
1854 983 1982 1015 vivente
2006 1005 2014 1018 ‚
2049 985 2080 1015 &
2111 985 2314 1025 interrogata
2348 995 2420 1018 mu-

1411 1027 1488 1060 liere
1509 1049 1521 1066 ‚
1554 1027 1722 1066 imponere
1746 1037 1805 1069 pro
1841 1027 1925 1059 uteri
1949 1025 2122 1067 gestatione
2147 1026 2251 1069 potest
2275 1038 2386 1062 tumor
2409 1051 2421 1068 ‚

1412 1080 1502 1109 non,
1526 1070 1636 1110 paucis
1660 1079 1731 1103 ante
1756 1068 1913 1103 mensibus
1936 1068 2107 1103 inchoatus
2128 1093 2141 1110 ‚
2162 1069 2214 1103 scd
2241 1083 2256 1103 a
2280 1072 2430 1112 primor÷

1410 1113 1474 1145 diis
1497 1112 1596 1155 usque
1620 1122 1733 1147 extans
1757 1138 1764 1144 .
1801 1114 1970 1155 Imponere
1993 1122 2101 1146 autem
2125 1113 2228 1156 potest
2260 1125 2315 1147 ren
2339 1115 2422 1148 alte-

1412 1165 1522 1193 ruter,
1549 1168 1613 1189 non
1638 1157 1677 1190 ab
1701 1162 1837 1195 natura,
1864 1155 1915 1188 sed
1940 1168 1955 1188 a
1982 1157 2097 1189 morbo
2118 1156 2272 1199 grandior
2296 1155 2419 1195 factus,

1410 1211 1512 1241 eoque
1537 1200 1683 1240 delapsus
1707 1202 1740 1233 in
1765 1199 2013 1242 hypogastrium
2035 1225 2041 1230 .
2068 1201 2116 1233 Sic
2140 1201 2173 1233 in
2200 1201 2355 1234 Matrona
2379 1201 2418 1233 de

1408 1255 1470 1281 qua
1505 1245 1535 1273 in
1563 1243 1711 1276 Historia
1743 1244 1827 1285 leges
1850 1244 1964 1283 Regiae
1982 1244 2202 1277 ficientiarnm
2235 1243 2421 1278 Academiae

1408 1285 1588 1319 Parilienfis
1620 1289 1706 1326 (c)
1737 1293 1867 1320 uterum
1909 1288 2041 1320 mentiri
2074 1284 2229 1328 potuisset
2263 1299 2278 1320 a
2314 1289 2421 1322 tribus

1408 1330 1775 1375 quatuor-vevmensibus
1801 1329 1972 1371 gravidum
1994 1353 2002 1367 ,
2037 1329 2212 1372 praesertim
2235 1341 2308 1364 cum
2332 1342 2422 1366 men-

1406 1372 1508 1407 struus
1533 1372 1661 1415 sanguis
1685 1385 1749 1406 non
1773 1373 1997 1416 responderet,
2023 1372 2080 1406 nisi
2104 1373 2245 1406 mulieris
2268 1384 2366 1415 aetas,
2390 1377 2421 1408 δέ

1409 1416 1582 1454 valetudo,
1605 1420 1636 1450 δε
1660 1428 1730 1458 quae
1755 1428 1832 1450 mox
1846 1418 1988 1450 insecuta
2013 1417 2106 1454 sunt,
2131 1417 2215 1451 aliud
2238 1416 2421 1454 suasissent.

1538 1462 1590 1494 De
1615 1460 1694 1493 salia
1718 1460 1917 1502 gravidit‘ate
1941 1459 2094 1493 haetenus
2110 1484 2117 1491 .
2194 1488 2196 1491 ,

1453 1513 1503 1545 ¹7-
1532 1505 1721 1537 Proximum
1744 1504 1811 1544 est,
1835 1513 1870 1537 ut
1892 1503 1931 1538 de
1957 1503 2114 1541 Abortu,
2139 1502 2267 1546 preffius
2291 1513 2421 1544 tamen,

1405 1548 1504 1581 verba
1539 1546 1726 1582 faciamus.
1764 1547 1861 1580 Nam·
1878 1547 1945 1590 ejus
1979 1546 2234 1581 Observationes
2268 1558 2332 1582 tres
2356 1548 2423 1592 jam

1405 1589 1498 1636 supra
1522 1593 1536 1629 (
1558 1592 1578 1624 d
1598 1595 1610 1631 )
1635 1592 1805 1625 attulimus
1826 1614 1838 1631 ,
1872 1603 1946 1625 cum
1970 1589 2008 1623 de
2040 1591 2237 1632 graviditate
2265 1602 2335 1625 vera
2362 1604 2421 1635 pro

1404 1634 1480 1667 salsa
1507 1635 1617 1667 habita
1641 1637 1820 1668 diceremus
1845 1649 1852 1666 ι
1898 1632 2136 1676 propemodum
2160 1645 2275 1669 autem.
2305 1636 2421 1669 infini*

1403 1688 1473 1711 tum
1497 1677 1539 1709 est
1565 1679 1652 1712 illius
1675 1678 1783 1712 causas
1806 1688 1939 1718 omnes,
1964 1676 2026 1709 five
2050 1689 2121 1718 quae
2144 1679 2177 1710 in
2201 1676 2287 1711 foetu
2313 1679 2384 1713 sunt
2412 1676 2422 1716 ’,

1403 1733 1457 1754 aut
1481 1721 1661 1762 Secundis,
1683 1722 1829 1763 sivequae
1854 1721 1996 1758 amatris
2020 1722 2173 1755 oriuntur
2199 1722 2342 1763 morbis,
2368 1724 2420 1756 vel

1402 1765 1619 1798 enumerando
1644 1766 1848 1806 percensere.
1873 1764 2004 1797 Horum
2029 1764 2249 1805 complurium
2273 1788 2283 1802 ,
2311 1779 2331 1800 a.
2350 1778 2419 1802 ma.

1403 1817 1452 1841 tre
1477 1810 1510 1840 in
1536 1808 1654 1842 foetum
1679 1808 1916 1841 transeuntium
1938 1830 1945 1842 ,
1980 1808 2124 1848 exempla
2148 1807 2420 1848 collegitFride-

1401 1854 1488 1885 ricus
1513 1850 1732 1884 Hoffmannus
1755 1863 1791 1884 ea
1817 1849 2072 1889 Dissertatione,
2095 1862 2166 1892 quae
2187 1849 2242 1883 etfi
2266 1851 2301 1884 de
2327 1855 2417 1886 Mor-

1400 1894 1450 1927 bis
1474 1899 1616 1927 Foeruum
1639 1897 1671 1927 in
1694 1903 1781 1928 mero
1804 1901 1945 1929 materno
1969 1893 2115 1927 universe
2138 1893 2351 1931 inscribitur,
2376 1896 2410 1928 in

1401 1939 1440 1971 iis
1465 1937 1528 1971 fere
1553 1937 1692 1971 subfistit
1725 1940 1780 1980 qui
1807 1949 1823 1970 a
1860 1946 1960 1970 matre
1984 1938 2271 1971 communicantur
2296 1963 2303 1970 .
2339 1938 2414 1972 Nos

1399 1993 1516 2014 contra
1541 1982 1579 2013 de
1606 1981 1670 2015 illis
1695 1980 1858 2023 prioribus
1882 1980 1934 2013 hic
1959 1980 2154 2022 loquemur,·
2177 1991 2235 2014 nec
2261 1981 2298 2015 de
2312 1984 2421 2017 omni.

1401 2024 1460 2058 bus
1485 2036 1609 2057 tamen.
1635 2024 1693 2058 Sed
1718 2026 1876 2066 quoniam
1889 2023 1981 2064 supra
2007 2027 2044 2057 de
2058 2025 2212 2064 placentae
2239 2026 2420 2067 vitiis'qui-

1400 2067 1535 2101 busdam
1560 2068 1742 2110 scripsimus
1768 2082 1776 2101 ς
1812 2079 1894 2101 nunc
1921 2068 1980 2099 alia
2005 2067 2160 2099 nonnulla
2184 2079 2228 2109 ex,
2245 2068 2319 2112 ipsis
2343 2080 2415 2112 quae

1402 2122 1455 2145 aut
1481 2113 1612 2146 abortus
1635 2110 1733 2145 causae
1759 2110 1829 2144 sunt
1850 2137 1859 2152 ,
1885 2120 1939 2143 aut
1965 2111 2101 2144 eundem
2126 2111 2342 2150 periculosum
2366 2110 2416 2146 fa-

1398 2159 1514 2194 ciunt,
1538 2158 1751 2198 attingemus.
1886 2153 2034 2189 Abortus
2057 2154 2186 2187 causam
2210 2152 2270 2188 effe
2295 2154 2380 2200 posse
2406 2178 2416 2193 ‚

1398 2211 1463 2233 non
1488 2201 1695 2238 dubitamus,
1720 2199 1900 2241 placentam
1924 2197 2104 2231 crassiorem
2129 2197 2248 2233 factam
2272 2221 2281 2236 ,
2317 2209 2415 2243 atque

1397 2243 1566 2277 duriorem
1591 2255 1600 2281 ς
1638 2254 1710 2276 nam
1735 2244 1876 2284 primum
1899 2240 1952 2276 sua
1977 2242 2067 2275 aucta
2087 2242 2177 2280 mole
2202 2241 2303 2276 foetui
2328 2247 2414 2277 uteri

1398 2286 1539 2328 spatium
1564 2285 1727 2329 angustius
1751 2284 1859 2320 reddit
1883 2307 1894 2324 ‚
1917 2284 2193 2328 quemadmodum
2218 2298 2235 2319 a
2259 2286 2412 2321 Cortefio

1400 2336 1410 2369 (
1434 2340 1449 2362 a
1472 2333 1483 2368 )
1507 2338 1638 2373 quoque
1664 2328 1921 2365 animadversum
1945 2327 1986 2362 est
2012 2329 2067 2361 ubi
2097 2331 2188 2363 illam
2212 2329 2328 2363 docuit
2351 2329 2414 2364 ali-

1398 2374 1518 2415 quando
1541 2372 1749 2416 craffiffimczm
1772 2395 1782 2410 ‚
1808 2373 1871 2407 imo
1893 2373 1935 2405 &¹
1956 2371 2146 2415 clurtffimam
2164 2371 2239 2414 fieri
2264 2397 2271 2405 .
2310 2373 2415 2407 Duri-

1397 2420 1457 2450 ties
1482 2425 1588 2451 autem
1613 2419 1757 2459 ineptam
1783 2416 1887 2451 reddit
1911 2415 2019 2449 officio
2042 2414 2120 2454 suo3
2147 2418 2256 2462 itaque
2280 2412 2381 2451 foetus
2410 2441 2419 2456 ,

1399 2462 1602 2494 nutrimento
1626 2461 1760 2494 orbatus
1783 2484 1792 2499 ‚
1819 2462 1902 2502 perit
1926 2471 1933 2492 :
1957 2460 2048 2502 quod
2072 2461 2126 2494 sua
2153 2459 2318 2494 scirrhosae
2344 2460 2417 2501 pla-

1397 2513 1498 2536 centae
1532 2503 1770 2539 Observatione
1804 2503 1976 2538 confirmat
2015 2504 2094 2537 Abr.
2131 2503 2270 2536 Vaterus
2295 2502 2377 2545 (f)
2403 2528 2412 2536 .

1398 2549 1492 2580 foecu
1518 2556 1625 2580 autem
1650 2556 1783 2581 mortuo
1808 2572 1815 2585 ‚
1840 2547 1862 2580 fi
1888 2547 2034 2588 placenta
2059 2547 2150 2580 restet
2177 2558 2270 2579 utero
2296 2546 2409 2585 affixa,

1397 2602 1435 2622 ex
1459 2590 1520 2623 hoc
1545 2590 1910 2632 nutrimentumjpsam
1931 2600 2040 2630 capere
2065 2614 2072 2629 ,
2097 2593 2127 2622 &
2152 2588 2192 2622 fic
2219 2590 2266 2622 vel
2289 2589 2412 2631 craffio.

1398 2646 1464 2666 rem
1490 2634 1557 2667 fieri
1581 2646 1680 2677 quam
1705 2643 1801 2667 antea
1825 2632 1899 2667 esset
1925 2656 1934 2671 ‚
1958 2632 2044 2667 idem
2066 2656 2078 2673 ,
2106 2644 2162 2666 nec
2188 2630 2274 2665 solus
2298 2658 2307 2673 ,
2343 2635 2413 2666 exi-

1397 2676 1505 2710 stimat
1530 2701 1537 2708 .
1564 2679 1621 2711 Sed
1647 2678 1689 2712 est
1715 2676 1849 2710 viciffim
1873 2687 1948 2709 cum
1972 2685 2105 2718 propter
2130 2676 2327 2710 nutrimenti
2360 2677 2412 2710 in-

1400 2722 1636 2762 terceptionem
1659 2724 1691 2754 &
1714 2719 1800 2761 ipsa,
1825 2723 1855 2753 &
1879 2718 1982 2753 foetus.
2006 2722 2126 2754 mirum
2150 2721 2183 2752 in
2208 2721 2345 2755 modum
2356 2732 2412 2753 ex-

1399 2773 1575 2797 tenuantur
1603 2778 1608 2799 τ
1645 2764 1732 2806 quod
1768 2773 1802 2797 ut
1827 2762 2046 2796 Clariffimor.
2092 2764 2254 2797 Virorum
2280 2764 2411 2806 Hoyeri

1398 2807 1486 2851 (g)
1511 2830 1519 2843 ‚
1551 2810 1581 2841 &
1607 2807 1810 2849 Moekringii
1842 2808 1855 2845 (
1877 2805 1931 2847 h>
1955 2806 2209 2840 Observationes
2248 2818 2287 2840 ex
2316 2817 2410 2851 parte

1397 2851 1584 2886 indicabant
1610 2875 1620 2891 ,
1644 2851 1713 2894 post
1737 2851 1897 2892 sanguinis
1919 2861 1959 2883 ex
1983 2861 2074 2884 utero
2100 2850 2284 2892 profluvia,
2307 2850 2406 2893 ejecti

1397 2895 1499 2928 foetus
1521 2895 1684 2929 macilenti
1707 2918 1715 2932 ‚
1741 2895 1783 2928 Θ·
1800 2892 1879 2936 justo
1903 2893 2032 2927 minoris
2055 2905 2129 2927 cum
2154 2892 2302 2930 funiculo
2337 2906 2410 2928 um-

1397 2939 1523 2972 bilicali
1546 2948 1621 2980 pene
1644 2938 1767 2980 exsecro
1791 2962 1800 2977 ,
1837 2945 1891 2969 aut
1911 2935 2060 2978 placenta
2080 2947 2183 2979 parva
2211 2962 2220 2976 ‚
2253 2937 2296 2969 Θ·
2324 2937 2410 2980 quasi

1396 2981 1524 3024 exsucca
1551 3006 1559 3020 ‚
1579 2992 1737 3024 paucoque
1753 2981 1904 3022 sanguine
1925 2982 2056 3021 praedita
2080 2992 2089 3018 3
2114 2980 2155 3013 sie
2180 2982 2304 3023 plenius
2315 2981 2382 3015 haec
2398 3005 2409 3021 ‚

1397 3037 1522 3059 mecum
1548 3025 1587 3058 ab
1611 3027 1730 3059 Amico
1754 3023 1887 3059 Medico
1910 3025 2172 3062 communicata,
2197 3024 2335 3058 ostendit
2357 3024 2410 3059 hi-

1400 3070 1499 3104 storia
1514 3094 1522 3102 .

1443 3112 1491 3144 18.
1516 3112 1682 3148 FcffiTUS
1706 3120 1798 3145 utero
1823 3111 1993 3151 gerebatur
2017 3134 2027 3149 ,
2061 3109 2282 3157 quinctio-jam
2308 3112 2408 3150 mensi

1397 3157 1567 3198 proximus
1592 3179 1599 3191 ,
1633 3167 1707 3188 cum
1733 3157 1828 3188 matri
1864 3157 1998 3189 nuncius
2021 3155 2129 3189 subito
2164 3155 2298 3188 affertur
2323 3166 2409 3189 acer-

1396 3200 1537 3233 biffimus
1559 3199 1597 3232 de
1621 3198 1756 3232 instante
1788 3198 1885 3231 obitu
1909 3198 2048 3232 absentis
2072 3199 2151 3232 Viri
2175 3222 2182 3230 .
2220 3199 2344 3233 Dolore
2368 3198 2409 3236 sie-

1397 3243 1464 3276 mul
1488 3266 1497 3280 ‚
1521 3245 1552 3275 &
1577 3244 1694 3275 timore
1717 3240 1857 3283 perculsa
1883 3265 1892 3280 ,
1919 3241 2020 3275 foetus
2043 3250 2171 3275 motum
2198 3253 2236 3274 ex
2259 3253 2299 3274 eo
2324 3251 2406 3276 tem-

1397 3298 1473 3327 pore
1496 3287 1636 3327 primum
1660 3285 1896 3326 languidiorem
1919 3285 2040 3319 fastum
2066 3284 2298 3319 animadvertit
2314 3308 2326 3326 ,
2348 3284 2403 3318 de-

1397 3331 1474 3362 inde
1498 3329 1643 3362 nullum.
1670 3328 1803 3362 oetavo
1828 3340 1866 3361 ex
1887 3341 1953 3370 quo
1976 3329 2112 3393 anfflius
2137 3330 2224 3363 huno
2244 3339 2310 3360 non
2332 3328 2403 3368 sen÷

1397 3374 1499 3406 tiebat
1524 3397 1532 3412 ‚
1556 3373 1672 3405 exano
1693 3372 1745 3405 die
1768 3394 1779 3410 ,
1811 3372 1968 3406 abortiit·
2098 3371 2368 3406 PLACENTAE
2392 3393 2402 3409 ‚

2216 3418 2247 3449 &
2272 3426 2360 3450 rnor-

1648 3604 1688 3634 (q
1708 3607 1717 3635 )
1735 3607 1805 3629 Anat.
1825 3605 1881 3629 Inst.
1901 3607 1920 3628 l.
1940 3612 1959 3628 1.

1546 3638 1559 3665 (
1575 3645 1591 3659 ιι
1606 3636 1619 3664 )
1635 3636 1723 3665 Opusc.
1742 3637 1835 3659 Parnoi.
1852 3634 1910 3659 Obs.
1929 3643 1967 3664 59.
1991 3665 1995 3668 -

1872 3665 1878 3694 (
1899 3674 1913 3688 ,ἰ
1932 3668 1942 3693 )
1962 3664 2022 3689 lbid.
2085 3664 2093 3695 (
2110 3663 2124 3688 b
2143 3664 2151 3692 J
2167 3662 2225 3687 ΟΜ.
2245 3670 2266 3691 3.
2290 3662 2311 3691 §.
2329 3670 2351 3692 7.

1800 3698 1813 3725 (
1827 3695 1863 3724 f)
1883 3696 1935 3719 Ditl'
1955 3695 2022 3724 supra
2039 3695 2066 3719 ad
2087 3702 2109 3718 n.
2131 3701 2162 3717 r·i.
2181 3700 2213 3715 cit
2244 3693 2301 3716 ines.
2320 3701 2356 3717 io.

427 3621 441 3637 ο

398 3614 413 3671 ἓ
428 3651 440 3667 r
457 3613 541 3672 ))Obs.
559 3644 633 3667 Anat.
651 3649 671 3666 1.
733 3641 779 3671 (s
794 3658 797 3665 ,
816 3639 875 3664 Obs-
893 3640 936 3664 cit.
958 3647 993 3669 ¹4-
1056 3640 1071 3669 (
1088 3646 1098 3663 t
1114 3640 1128 3669 )
1144 3638 1242 3673 Dissert-
1260 3639 1331 3661 Anat.
1352 3640 1441 3661 Renov.
1458 3645 1483 3667 7.

400 3676 405 3696 s
425 3681 440 3696 a·
458 3683 465 3701 2
483 3676 519 3697 De
535 3681 592 3702 corp
619 3673 685 3697 hum.
703 3671 762 3695 fabr.
782 3672 797 3694 l.
815 3680 834 3701 5.
853 3677 873 3694 c.
895 3678 929 3694 ιο.
991 3673 998 3698 (
1015 3678 1033 3701 y
1050 3671 1063 3698 )
1080 3672 1116 3694 De
1135 3669 1220 3693 Renib.
1238 3675 1260 3691 c.
1278 3676 1309 3691 ιο,

400 3703 416 3731 (
429 3703 468 3730 c)
485 3705 514 3726 A.
534 3711 599 3732 ¹732-
615 3704 672 3727 ΟΜ.
692 3706 763 3726 Anat.
780 3710 802 3730 7.
866 3702 880 3730 (
896 3700 912 3724 d
929 3701 942 3730 )
959 3708 984 3725 n.
1003 3710 1023 3727 ς.
1039 3709 1064 3730 7.
1085 3708 1105 3728 9.
1246 3729 1249 3732 Ι

402 3734 417 3762 ί
430 3740 448 3763 g
467 3733 556 3763 >Eph.
577 3736 607 3757 N.
625 3735 653 3758 C.
672 3735 744 3758 cent.
765 3740 785 3757 1.
801 3731 858 3757 Obs.
877 3738 912 3761 5¹·
975 3732 1019 3760 (h
1036 3735 1046 3758 )
1063 3735 1208 3757 Commerc.
1222 3731 1310 3753 Lines.
1329 3732 1357 3752 A.
1378 3733 1448 3757 173⁶-
1465 3728 1542 3752 Hebd.
1562 3736 1599 3753 21.
1616 3735 1643 3750 n.
1662 3736 1683 3756 3.
