2498 4075
553 229 780 294 Epistola
816 230 978 282 Anat.
1016 226 1233 281 Medica
1268 227 1420 281 XVI.
1453 229 1576 281 Art.
1610 245 1693 293 45.

104 303 224 338 nomine
246 303 391 346 insignire
409 304 551 346 placuit.
577 307 699 338 Verum
721 303 743 336 fi
768 304 875 337 locum
900 305 933 336 in
956 316 1021 347 quo
1034 304 1101 338 haec

104 346 228 387 scripsit
259 368 267 382 ‚
310 346 528 387 indicassent,
568 360 663 390 quern
697 345 755 380 esse
795 349 934 380 invenies
969 347 1110 380 Observ.v

105 391 311 424 CXXXVII.
347 390 422 423 libri
448 394 474 424 J.
507 393 542 424 de
575 392 676 424 'Praxi
713 391 835 425 Medica
866 391 1069 424 Admiranda
1091 414 1103 431 ,

106 443 158 468 aut
190 432 212 465 fi
238 432 295 475 ipfi
328 444 397 466 earn
420 432 618 476 perlegissent
642 433 938 472 Observationem5
963 435 1104 475 proclive

105 476 211 513 fuisset
237 477 413 519 intelligere
428 501 440 516 ,
462 488 526 509 non
550 476 588 509 de
613 476 779 520 pericardii
805 476 948 518 hydrope
972 477 1028 510 illa
1049 476 1101 510 di-

102 524 156 558 ci,
180 519 241 552 five
264 519 301 552 de
326 519 458 554 humore
482 522 513 552 in
535 519 600 561 ejus
623 531 737 554 cavum
759 518 881 560 effuso,
905 519 955 553 sed
978 518 1014 552 de
1030 532 1101 562 par-

101 576 144 598 vo
167 563 353 597 duriusculo
377 572 502 596 tumore
528 565 561 596 in
585 564 694 596 tunica
717 589 725 603 ‚
758 563 791 596 id
813 574 924 597 cavum
955 564 1101 606 comple-

101 609 230 646 ἃεηῐε,
253 607 364 639 innato
386 631 394 639 .
428 606 491 640 His
514 608 615 649 igitur
638 608 756 640 merito
779 605 920 649 sepositis
942 630 954 646 ,
986 605 1009 640 fi
1032 618 1102 649 quae

99 652 135 684 in
157 650 264 694 paucis
299 649 360 683 huc
383 650 595 684 attinentibus
618 650 908 684 Observationibus
943 650 981 682 de
1006 649 1102 692 pulsi-

99 695 158 729 bus
182 694 252 726 sunt
279 691 394 735 scripta
415 716 428 731 ,
452 692 624 735 spe&e1nus
641 706 655 735 ,·
688 695 792 726 varios
823 695 856 726 in
881 694 975 726 variis
1008 691 1066 725 effe
1088 716 1101 732 ,

99 737 279 772 constabit,
305 738 337 768 &
361 734 383 767 si
406 736 484 777 quid
508 735 594 770 forte
619 737 730 780 saepius
754 735 790 769 fit
815 736 1003 770 adnotatum
1027 761 1036 775 ,
1068 736 1102 770 id

102 781 140 815 ad
164 781 377 823 parvitatem,
400 778 602 813 debilitatem
623 804 635 820 ,
668 781 942 823 frequentiamque
965 778 1115 813 referem-.

99 825 177 858 dum
202 822 305 858 videri
328 833 336 854 :
369 833 438 864 quae
465 835 511 857 res
546 823 621 866 ipsae
645 834 709 856 non
733 823 831 857 modo
854 835 950 867 quam
981 824 1100 855 variare

100 867 212 910 poffint
246 877 306 908 pro
330 866 419 897 vario
453 868 556 901 morbi
592 876 738 910 tempore
760 891 771 909 ‚
802 866 852 901 sed
887 868 986 899 etiam
1018 875 1099 909 quot

100 912 172 987 Ἢὶε
196 907 256 942 sint
290 908 412 941 morbis
446 922 630 946 communes
651 934 660 951 ‚
699 911 773 945 satis
804 909 951 944 omnibus
984 918 1100 943 notum

97 966 114 986 e
151 979 159 985 .

140 1007 193 1040 45.
218 997 319 1036 Quod
344 996 365 1030 si
389 1008 473 1031 nunc
494 998 621 1032 tandem
643 998 790 1041 pleraque
813 997 874 1030 alia
903 1008 943 1030 ex
965 996 1006 1029 iis
1029 1007 1100 1038 quae

98 1039 243 1083 superius
265 1043 280 1080 <
302 1039 320 1072 b
341 1044 355 1081 )
380 1053 416 1074 ex
441 1042 495 1075 Cl.
509 1043 678 1076 »Virorum
699 1041 944 1080 observatione,
968 1049 1022 1073 aut
1033 1040 1100 1072 seu-

98 1084 199 1116 tentia
222 1082 317 1127 hujus
341 1084 446 1117 morbi
478 1084 561 1127 figna
594 1086 839 1118 memoravimus
857 1108 869 1124 ,
903 1095 975 1117 cum
998 1081 1098 1115 histo-

97 1127 154 1160 riis
175 1138 396 1169 comparemus
418 1140 489 1171 quae
512 1128 673 1172 descriptae
698 1127 768 1161 sunt
792 1139 808 1160 a
830 1127 946 1167 nobis,
970 1136 1023 1161 aut
1048 1128 1098 1159 in-

95 1169 234 1209 dicatae5
257 1170 458 1204 manifestum
480 1183 606 1215 quoque
627 1173 688 1205 erit
711 1197 719 1212 ,
742 1172 878 1205 illorum
899 1171 963 1203 alia
988 1180 1098 1213 perpe-

95 1222 150 1246 tua
175 1225 239 1245 non
264 1211 343 1254 esse,
366 1215 427 1247 alia
452 1226 488 1247 ne
512 1216 690 1257 frequentia
711 1215 864 1259 quidem,
889 1216 973 1248 velut
998 1215 1097 1247 animi

95 1255 294 1291 defeetiones
309 1280 317 1294 ,
342 1270 412 1300 quae
435 1259 573 1292 crebrius
596 1261 629 1292 in
653 1259 715 1292 hoc
737 1284 745 1299 ‚
774 1270 875 1302 Jquam
898 1259 931 1291 in
954 1257 1097 1303 thoracis

94 1299 264 1345 hydrope,
289 1301 430 1334 accidere
453 1300 668 1344 dicebantur,
700 1311 735 1336 tu
759 1314 836 1335 vero
867 1304 900 1334 in
925 1302 1011 1334 nulla
1047 1303 1096 1333 seu

96 1343 255 1377 Valsalvae
271 1365 280 1379 ‚
304 1343 355 1377 seu
380 1345 557 1387 Vieussenii
573 1370 582 1384 ,
605 1346 657 1380 seu
678 1344 781 1379 nostra
804 1343 864 1378 five
886 1345 1096 1384 alterutrius,

92 1385 155 1419 five
178 1386 341 1429 utriusque
358 1387 516 1430 hydropis
539 1390 770 1422 Observatione
781 1389 862 1430 leges
886 1398 1096 1424 memoratas,

94 1431 164 1463 imo
187 1431 221 1462 in
245 1430 439 1472 quibusdam
449 1444 486 1465 ex
506 1433 621 1466 nostris
642 1436 657 1472 (
678 1444 695 1465 c
716 1436 730 1472 )
753 1433 892 1465 invenies
905 1431 1020 1465 diserte
1042 1442 1095 1463 ne-

93 1483 212 1520 gatas„
227 1475 283 1506 vix
306 1475 338 1507 in
364 1474 517 1517 postrema
532 1499 544 1515 ,
566 1489 636 1518 quae
660 1476 825 1509 Albertini
838 1475 880 1509 est
901 1477 918 1515 (
937 1475 958 1507 d
980 1479 994 1514 )
1014 1486 1095 1517 qua-

92 1518 248 1554 dantenus
272 1517 448 1551 iudicatas.
473 1520 553 1552 Non
563 1519 708 1562 equidem
733 1519 882 1558 inficior,
904 1519 989 1551 iniis
1014 1518 1095 1551 fuis-

89 1560 121 1594 se
151 1571 289 1604 quotum
325 1560 465 1594 historiae
499 1574 514 1594 a
545 1562 695 1595 fischero
725 1563 811 1603 (e)
836 1587 845 1601 ‚
879 1573 893 1594 a
915 1563 1095 1595 Reimanno

90 1603 200 1647 (f),
227 1615 243 1636 a
266 1605 386 1637 Lowio
407 1606 494 1647 (g)
514 1628 525 1644 ,
562 1606 602 1638 ab
623 1603 825 1638 Hoffmanno
854 1607 868 1643 (
891 1604 910 1637 h
932 1608 948 1644 )
969 1603 1096 1647 traditae

92 1648 184 1681 sunt.
211 1647 269 1680 Sed
303 1644 324 1677 si
349 1647 519 1689 pericardii
555 1646 698 1690 hydrops
720 1659 795 1682 cum
818 1647 944 1682 summo
961 1647 1096 1689 &diu-

88 1700 183 1725 turna
206 1688 331 1723 hettica
354 1689 440 1723 febre
461 1691 613 1734 languore
635 1715 642 1727 ,
664 1689 688 1724 fi
710 1703 784 1726 cum
807 1691 1004 1725 valvularum
1026 1702 1097 1724 cor-

90 1734 141 1767 dis
164 1733 250 1767 vitio
270 1755 283 1773 ,
314 1730 337 1765 fi
355 1745 434 1781 'cum
469 1734 609 1769 thoracis
633 1734 778 1779 hydrope
811 1737 844 1768 in
869 1734 970 1772 tribus
1003 1736 1095 1777 aegris

88 1776 254 1820 prioribus
284 1778 476 1816 eomundus
499 1788 598 1818 erat5
632 1789 743 1821 nempe
774 1790 836 1812 una
869 1777 968 1812 ferme
1003 1777 1095 1812 restat

90 1817 283 1853 Hoffmanni
309 1819 416 1853 Vidua
440 1822 474 1853 in
506 1833 570 1864 qua
596 1822 746 1856 morbum
766 1821 870 1865 ipsum
892 1820 932 1854 de
954 1834 1023 1865 quo
1045 1822 1095 1854 lo-

87 1865 244 1909 quimur)
271 1862 410 1905 deliquia
434 1866 533 1897 animi
560 1888 573 1905 ,
603 1867 636 1898 δε
658 1866 815 1899 crebriora
836 1864 966 1907 quidem
990 1867 1096 1899 comiss

89 1916 162 1940 tata*
180 1906 261 1942 esle,
285 1906 398 1940 sciam.
425 1908 505 1950 Qo
525 1909 628 1949 igitur
650 1908 751 1942 modo
763 1920 796 1942 ea
820 1907 953 1951 pollim3
977 1911 1094 1942 etiam·
1120 1939 1122 1941 .

88 1948 110 1983 fi
134 1958 185 1983 tot
217 1950 290 1982 aliis
314 1960 377 1982 non
412 1954 619 1984 convenirent
643 1953 765 1986 morbis
790 1954 869 1991 3·in
894 1953 955 1986 hoc
981 1952 1093 1994 saepius

86 1993 246 2027 observari
280 1992 373 2026 solita
396 1992 453 2027 esse
472 2018 485 2034 ,
519 1994 652 2029 dicere?
786 1997 886 2028 Porro
915 1995 1095 2033 tufficulam

87 2037 178 2070 illam
201 2035 311 2069 ficcam
334 2049 405 2080 quae
438 2037 502 2071 fere
525 2038 627 2082 major
650 2040 682 2071 in
709 2038 881 2083 pericardii
909 2066 916 2078 ,
940 2051 1037 2082 quam
1060 2041 1095 2072 in

87 2080 251 2120 thoracis,
275 2079 420 2122 hydrope
444 2083 708 2125 proponebatur,
730 2094 809 2117 num
833 2082 988 2126 majorem
1013 2084 1097 2125 legi-

86 2125 125 2157 sti
150 2126 182 2157 in
208 2124 249 2156 iis
269 2134 351 2166 quos
374 2134 509 2167 utroque
533 2123 661 2160 affeetos
684 2125 905 2168 descripsimus
928 2125 942 2158 ?
966 2128 1003 2158 In
1029 2127 1094 2158 illis

87 2177 171 2201 certe
193 2177 275 2210 quos
299 2177 360 2210 ego
381 2167 472 2207 vidi,
495 2179 534 2201 ne
554 2170 738 2202 nominatur
761 2169 890 2211 quidem
904 2194 912 2207 ,
935 2167 957 2200 fi
981 2169 1096 2201 mulie-

87 2222 152 2244 rem
182 2220 281 2244 unam
301 2211 441 2251 excipias
466 2221 475 2242 :
511 2212 545 2243 iu
567 2212 641 2243 viro
674 2220 781 2243 autem
807 2214 865 2253 qui
901 2220 1039 2253 utroque
1064 2215 1094 2244 δε

88 2253 152 2294 ipse
176 2252 340 2287 laborabat
360 2276 372 2293 ‚
405 2253 509 2287 tussim
533 2264 599 2285 non
626 2252 718 2287 fuiffe
743 2279 751 2292 ,
785 2253 900 2287 diserte
932 2253 1097 2287 adnotavit

86 2297 141 2331 Cl.
170 2295 340 2340 Kellnerus
363 2297 377 2337 (
400 2297 413 2329 z·
432 2300 468 2335 ).
493 2298 541 2328 At
563 2307 629 2330 erat
644 2320 657 2336 ,
680 2297 805 2339 inquies
827 2321 840 2338 ,
862 2299 896 2329 in
921 2298 992 2330 aliis
1015 2309 1096 2340 quos

90 2340 209 2383 pariter
233 2339 364 2372 affeetos
391 2338 539 2372 viderunt
553 2340 684 2372 Lowius
706 2343 720 2378 (
743 2340 761 2380 lz
782 2344 795 2379 )
814 2364 825 2379 ,
847 2341 989 2373 Bonetus
1012 2341 1094 2380 (l),

90 2381 262 2425 Wepferus
285 2387 296 2422 (
320 2393 351 2414 m
373 2385 407 2421 >-
433 2384 578 2415 Tantum
601 2382 705 2422 abest,
729 2392 765 2415 ut
788 2381 928 2416 diffitear
943 2395 956 2422 ,·
992 2385 1095 2416 miror

92 2427 218 2468 magis,
243 2427 276 2458 in
300 2433 351 2457 tot
376 2424 446 2457 aliis
471 2450 480 2464 ,
504 2424 749 2467 quosvdicebam
774 2424 871 2458 modo
892 2451 901 2464 ,
931 2424 1063 2459 defuisse
1086 2452 1093 2458 .

73 2472 182 2513 'Aqua
206 2470 290 2501 enim
322 2468 356 2499 in
379 2467 521 2501 thoracis
553 2467 698 2511 hydrope
732 2480 842 2502 nervos
879 2469 1061 2512 phraenicos
1084 2494 1096 2510 ,

88 2515 275 2557 pulmones,
297 2522 487 2553 omnemque
512 2511 652 2553 pleuram
675 2513 862 2554 contingit,
889 2522 946 2549 ut,
972 2511 995 2545 fi
1021 2514 1096 2545 irri-

93 2566 165 2590 tans
190 2554 252 2595 sit,
279 2564 342 2586 non
369 2554 460 2596 possit
485 2565 548 2587 non
574 2556 724 2593 vellicare
747 2579 759 2596 ‚
782 2559 813 2589 δε
838 2555 878 2588 fic
903 2555 1007 2589 tuffim
1029 2557 1096 2589 cie-

89 2612 140 2638 re,
164 2609 239 2632 curn
263 2599 297 2630 in
321 2597 489 2639 pericardii
523 2595 671 2640 hydrope
695 2598 778 2632 nihil
811 2610 924 2633 eorum
948 2609 1059 2642 tangat
1082 2624 1094 2640 ‚

89 2646 123 2677 &
145 2642 231 2685 quod
255 2640 480 2684 consequitur,
506 2652 579 2674 non>
593 2642 740 2676 videatur
763 2654 875 2684 aeque,
897 2642 1013 2676 nedum
1028 2654 1095 2675 ma-

89 2689 165 2730 gis,
189 2685 292 2718 tuffim
314 2694 439 2718 motura
462 2697 471 2716 :
504 2696 683 2728 quanquam
708 2685 730 2718 fi
753 2685 844 2719 valde
868 2688 999 2719 irritans
1023 2685 1062 2719 fit
1084 2698 1097 2726 ,-

89 2729 300 2774 pericardium
325 2727 501 2761 vellicando
525 2727 615 2771 poffit
651 2727 781 2763 fortasse
804 2741 858 2772 per
883 2729 946 2763 hoc
969 2729 1098 2763 demum

89 2776 124 2807 in
147 2771 331 2805 consensum
355 2771 489 2804 trahere<
512 2783 667 2806 annexum
689 2771 928 2815 diaphragma;
957 2772 991 2806 id
1013 2771 1100 2815 quod

90 2826 196 2850 tamen
220 2826 274 2857 per
296 2816 493 2854 tenuiorem,
515 2818 547 2848 &
572 2816 678 2849 multo
701 2816 852 2858 ampliori
875 2815 980 2859 spatio
1003 2828 1097 2849 anne-

91 2871 166 2894 xam
189 2859 327 2900 pleuram
360 2859 407 2890 vel
431 2859 532 2901 tnagis
565 2859 687 2900 poterit
720 2871 798 2902 aqua
829 2858 1000 2893 thoracis.
1036 2860 1094 2893 Sed

91 2901 257 2937 tulliebant
282 2925 294 2941 ,
316 2903 422 2943 inqu-is
444 2929 453 2943 ,
483 2914 520 2934 ex
543 2902 682 2936 Harderi
706 2905 721 2944 (
741 2912 760 2934 n
783 2907 826 2943 3,
858 2914 898 2936 ex
923 2902 1093 2941 Schrockii

92 2950 106 2986 (
129 2957 145 2979 ο
167 2949 203 2986 ),
223 2957 261 2977 ex
284 2946 412 2978 Erndlii
435 2949 448 2985 (
467 2955 490 2987 p
509 2949 523 2985 >
545 2969 556 2985 ,
580 2957 618 2979 ex
642 2947 814 2979 Reimanni
836 2949 850 2985 (
872 2958 890 2989 q
912 2950 926 2986 >
949 2947 1092 2980 observa-

92 2991 185 3022 tione
208 2989 259 3021 illi
283 2989 382 3020 etiam
403 2990 517 3030 quibus
532 3011 543 3028 ‚
567 3000 631 3022 non
655 2989 820 3030 thoracis,
844 2989 895 3023 sed
920 2991 1090 3032 pericardii

92 3031 235 3075 hydrops
257 3040 345 3063 erat.
370 3031 552 3066 Tuffiebant
574 3034 707 3075 utique,
732 3033 783 3067 sed
794 3035 927 3067 vomicae
950 3045 1015 3066 non
1037 3034 1091 3067 de-

94 3085 185 3110 erant
210 3084 265 3108 aut
289 3074 472 3116 pulmonem
496 3085 716 3119 occupantes,
742 3086 795 3111 aut
819 3080 902 3110 inter
915 3076 1011 3120 hujus
1036 3087 1091 3111 tu-

93 3121 224 3158 nicam,
247 3117 449 3161 pleuramque
471 3119 644 3162 interjeetae
658 3134 668 3153 .·
691 3121 738 3153 vel
750 3120 772 3153 si
795 3119 844 3154 hae
857 3121 1007 3161 deerant,
1030 3122 1092 3154 alia

94 3174 159 3197 non
183 3161 309 3195 deerant
331 3183 340 3199 ‚
377 3161 456 3195 unde
479 3162 601 3203 septum
625 3163 855 3198 Transversurn
878 3165 916 3197 ab
939 3163 1094 3198 inferiore

93 3207 204 3242 saltem
228 3205 309 3238 facie
332 3204 430 3237 lacessi
452 3206 568 3248 posset.
595 3206 695 3247 Quod
718 3206 739 3241 fi
762 3207 898 3251 denique
922 3206 1094 3250 spefflemus

94 3250 168 3284 illos
191 3250 225 3281 in
251 3247 367 3291 quibus
390 3259 470 3282 unus
483 3250 608 3284 morbus
632 3249 696 3284 suit
711 3277 719 3291 ‚
745 3251 886 3294 hydrops
900 3250 1093 3293 pericardii;

96 3295 145 3327 vir
169 3292 240 3326 sane
264 3303 359 3334 quem
381 3292 525 3325 Valsalva
549 3296 598 3340 (χ
620 3298 633 3334 )
662 3294 762 3328 secuit
786 3319 798 3335 ,
830 3295 974 3329 tuffiebat
998 3307 1009 3334 3
1043 3294 1095 3329 sed

96 3349 152 3371 nec
175 3335 400 3375 Vieussenius,
422 3346 477 3368 nec
501 3336 713 3372 Hostmannus
737 3339 840 3372 tuffim
864 3348 1042 3372 memorant
1059 3340 1095 3372 in

96 3381 160 3414 suis
181 3403 193 3420 ,
229 3390 326 3421 neque
349 3380 382 3411 in
415 3378 576 3412 Monacha
609 3381 835 3415 animadvertit
868 3383 1058 3416 Albertinus
1084 3407 1091 3414 .

96 3425 164 3462 Qui
188 3434 260 3457 cum
284 3424 317 3456 in
341 3423 594 3456 Commentariis
604 3424 740 3460 laudatis
761 3426 844 3469 (f)
866 3427 1007 3460 universe
1020 3426 1095 3459 scri-

2001 244 2091 293 149

1154 302 1238 347 psit,
1262 302 1363 345 ruffini
1386 303 1469 338 hunc
1493 302 1655 338 Affeetum
1675 302 1727 336 vel
1748 303 1868 337 nullam
1891 327 1904 346 ,
1926 303 1979 337 vel
2000 305 2153 339 modicam

1154 347 1333 387 adjunbiam
1356 345 1465 381 habere
1492 359 1503 385 3
1537 358 1601 380 non
1624 345 1777 389 majorem
1800 357 1884 380 certe
1907 347 2035 387 voluit,
2057 358 2153 389 quam

1155 392 1190 422 in
1223 388 1367 431 hydrope
1400 389 1562 424 thoracis.
1698 390 1750 423 Ex
1773 389 1901 423 adverso
1934 400 2040 425 autem
2062 388 2153 432 quod

1155 433 1298 475 plerique
1323 430 1410 473 ajunt
1425 457 1434 471 ,
1457 434 1608 467 leviorem
1633 434 1666 465 in
1691 432 1857 474 pericardii
1874 457 1887 474 ,
1910 445 2005 476 quam
2018 435 2050 466 in
2076 430 2153 465 tho-

1156 477 1251 514 racis,
1276 474 1424 517 hydrope
1438 501 1445 513 ,
1466 475 1524 510 esse
1547 476 1769 510 difficultatem
1791 476 1963 518 respirandi
1984 503 1994 517 ,
2018 487 2081 510 nou
2104 486 2155 508 ra-

1156 530 1194 552 ro
1218 519 1350 558 saltem,
1373 518 1468 562 idque
1480 521 1675 559 oculorum,
1699 519 2020 562 auriumvejudicio,
2043 529 2154 551 verum

1155 562 1238 603 esse,
1262 562 1414 596 libentius
1437 574 1598 605 agnovero
1618 587 1625 595 .
1659 563 1704 595 Ea
1727 562 1814 596 enim
1836 562 2006 597 difficultas
2038 571 2155 605 quanta

1154 604 1213 638 esse
1236 606 1421 649 plerumque
1446 606 1545 639 soleat
1577 608 1610 638 in
1632 604 1777 648 hydrope
1801 604 1944 639 thoracis
1965 629 1974 644 ,
2008 605 2155 648 praeclare

1154 648 1292 683 ostendit
1314 649 1423 691 junior
1446 651 1611 691 Verneyus
1633 652 1646 687 (
1670 657 1685 682 t
1706 652 1719 689 )
1745 672 1758 689 ,
1778 660 1851 682 cum
1875 650 1957 687 inter
1979 649 2046 692 ejus
2069 648 2155 689 signa

1155 693 1246 726 illam
1270 694 1375 735 primo
1398 693 1471 727 loco
1494 693 1612 736 ponit,
1635 704 1764 734 eamque
1788 692 1979 730 maximam,
2005 701 2059 725 aut
2081 701 2155 725 cum

1153 747 1193 768 ex
1217 736 1342 770 ascitici
1365 745 1472 769 ventre
1497 737 1587 779 aquis
1609 734 1756 775 eduens,
1780 737 1871 768 illam
1893 745 1947 770 aut
1970 735 2074 771 nihil,
2100 743 2156 767 aut

1153 790 1265 821 parum
1288 781 1421 813 levatam
1443 780 1552 814 videns
1575 803 1587 819 ,
1618 790 1714 821 aquas
1738 780 1770 811 in
1795 779 1928 813 thorace
1949 790 2076 823 quoque
2099 775 2157 810 sta-

1153 834 1270 864 gnare,
1293 824 1387 857 docet
1402 848 1413 863 ,
1435 823 1532 866 idque
1563 831 1618 856 aut
1642 833 1793 864 aquarum
1816 835 1832 855 e
1854 822 1986 855 thorace
2009 821 2156 855 eduetio-

1152 876 1191 898 ne
1217 890 1229 906 ,
1262 877 1316 901 aut
1339 866 1497 901 cadaveris
1532 863 1717 899 dissertione
1740 866 1915 900 luculenter
1947 864 2118 899 confirmat
2143 884 2152 899 2

1152 920 1217 941 non
1242 909 1325 943 secus
1359 922 1394 944 ac
1419 911 1499 944 olim
1527 909 1667 955 Jacobus
1691 908 1855 943 Oaethaeus
1885 912 1899 948 (
1921 921 1941 942 u
1963 912 1976 949 )
2001 908 2156 949 suspicio-

1152 963 1223 985 nem
1255 953 1458 987 confirmavit
1484 953 1570 987 suam
1602 951 1748 985 humoris
1772 954 1805 985 in
1835 953 1997 986 thoracem
2032 949 2122 985 effusi
2146 971 2156 987 ,

1150 1008 1227 1029 curn
1259 997 1314 1029 etfi
1337 1007 1489 1030 ventrem.
1515 995 1734 1030 subtumidum
1757 1019 1769 1036 ,
1805 997 2034 1039 purgationum
2068 1005 2127 1035 ope
2149 1016 2159 1031 2

1150 1040 1314 1073 humorum
1337 1039 1415 1073 mole
1431 1038 1630 1082 sublevaret,
1655 1048 1759 1070 tamen
1775 1038 1981 1081 spirationem
2004 1037 2163 1083 difficilem

1150 1081 1420 1116 animadvertisset
1443 1093 1502 1115 non
1525 1079 1582 1114 esse
1605 1082 1811 1114 diminutam.
1837 1083 1929 1123 Qin
1963 1081 2062 1123 relege
2085 1090 2162 1123 quas

1150 1127 1215 1160 tibi
1239 1126 1291 1159 his
1314 1126 1448 1159 Litteris
1471 1123 1690 1167 descripsimus
1704 1123 1981 1162 Observationes;
2006 1127 2039 1158 δε
2062 1134 2160 1167 quam

1154 1169 1314 1203 laboriose
1338 1167 1488 1210 respirare
1512 1167 1630 1200 soleant
1654 1179 1693 1199 eo
1717 1167 1830 1200 morbo
1855 1167 1984 1208 affeffi,
2008 1171 2040 1200 ὃς
2063 1177 2161 1209 quam

1152 1213 1232 1255 saepe
1256 1213 1356 1246 erecta
1379 1212 1521 1250 cervice,
1543 1210 1756 1253 recognosce.
1783 1211 1854 1243 Nec
1879 1210 1967 1253 quod
1990 1211 2024 1243 'in
2047 1220 2162 1243 eorum

1149 1257 1297 1300 pluribus
1321 1264 1492 1298 utrumque
1526 1253 1706 1296 hydropem
1730 1252 1821 1287 fuisse
1846 1276 1854 1291 ‚
1889 1256 1970 1296 leges
1993 1266 2007 1295 ,·
2038 1253 2162 1288 idcirco

1146 1300 1297 1341 credito,
1323 1310 1340 1332 a
1365 1299 1532 1341 pericarclii
1557 1299 1665 1338 potius
1689 1320 1702 1337 ,
1734 1308 1832 1340 quam
1856 1309 1871 1330 a
1895 1297 2039 1331 thoracis
2061 1321 2073 1337 ,
2104 1296 2175 1338 hy-.

1147 1343 1274 1385 drope,
1300 1341 1503 1384 repetendam
1527 1340 1583 1375 effe
1607 1350 1729 1374 tantam
1754 1341 1843 1373 illam
1857 1341 2079 1384 respirationis*
2098 1338 2165 1372 dif-

1150 1386 1351 1420 ficultatem.
1375 1386 1444 1428 Q
1468 1387 1555 1418 enim
1582 1386 1723 1427 primum
1747 1383 1809 1416 fine
1833 1384 1972 1418 secundo
1995 1409 2006 1425 ,
2040 1388 2072 1417 δε
2099 1383 2164 1417 fine

1150 1432 1223 1463 aliis
1247 1430 1410 1473 dyspnoeae
1443 1428 1541 1463 causis
1564 1428 1771 1461 observarunt
1804 1430 1817 1466 (
1842 1428 1999 1470 intelligis
2028 1450 2036 1465 ,
2071 1438 2125 1460 cur
2149 1439 2165 1459 a

1150 1486 1199 1507 rne
1211 1472 1393 1517 seponendae
1410 1472 1486 1506 hinc
1509 1471 1571 1505 sint
1585 1472 1837 1505 Observationes
1850 1472 1994 1504 Kellneri
2009 1496 2021 1512 ,
2046 1469 2167 1504 §chro-

1148 1518 1240 1553 ckii,
1265 1516 1393 1549 Erudlii
1409 1540 1421 1556 ,
1445 1516 1640 1555 Reimauni,
1667 1515 1793 1548 Vicarii
1814 1537 1826 1553 ,
1850 1516 1883 1546 δε
1906 1512 2065 1556 ejusmodi
2090 1515 2162 1547 aliae

1148 1572 1229 1604 quas
1255 1559 1351 1594 sciens
1376 1568 1528 1601 praetereo
1550 1563 1589 1599 ),
1611 1559 1693 1601 qui,
1719 1559 1870 1601 inquam,
1895 1557 1958 1592 sine
1975 1560 2042 1591 alio
2066 1556 2166 1600 respi-

1153 1605 1272 1638 rationi
1295 1603 1454 1636 officiente
1478 1602 1595 1635 morbo
1620 1624 1632 1641 ‚
1664 1612 1764 1635 unum
1789 1601 1960 1642 pericardii
1986 1600 2166 1643 hydropem

1174 1648 1359 1682 bservatunt
1380 1657 1390 1684 3
1425 1645 1646 1680 Hoffmannus
1670 1646 1703 1677 in
1728 1644 1839 1678 Vidua
1857 1668 1870 1684 ,
1904 1644 2106 1680 Vieuffenius
2130 1647 2166 1677 in

1151 1702 1251 1735 puero
1265 1713 1273 1727 ‚
1295 1689 1486 1723 Albertinus
1510 1691 1543 1722 in
1569 1687 1729 1722 Monacha
1740 1687 1974 1730 orthopnoeam
1998 1697 2081 1722 certe
2095 1699 2161 1721 non

1151 1743 1355 1768 memorant.
1384 1735 1456 1765 lmo
1468 1732 1691 1771 Vieuss'enius,
1716 1744 1750 1765 ut
1766 1740 1855 1764 antea
1879 1735 1892 1771 (
1915 1745 1936 1768 x
1958 1737 1972 1773 )
1996 1733 2161 1770 diximu5‚

1152 1781 1197 1811 in·
1212 1778 1314 1811 altero
1338 1788 1435 1818 puero
1460 1776 1497 1810 ad
1520 1776 1688 1818 pericardii
1724 1774 1906 1821 hydropem
1932 1775 2080 1810 additum
2104 1776 2164 1818 hy-

1154 1821 1289 1863 dropem
1314 1819 1456 1853 thoracis
1480 1819 1552 1853 inde
1576 1829 1673 1852 etiam
1695 1819 1834 1861 conjecit
1852 1842 1865 1858 ,
1887 1820 1974 1863 quod
1997 1831 2079 1861 aeger
2102 1818 2164 1853 hu-

1152 1866 1223 1899 mili
1247 1865 1353 1906 capite
1376 1862 1476 1905 jacere
1501 1864 1637 1904 amplius
1661 1874 1724 1896 non
1750 1871 1897 1903 poterat:
1921 1867 1953 1896 δε
1977 1864 2166 1897 Albertinus

1152 1920 1218 1942 non
1241 1908 1340 1941 modo
1362 1907 1396 1938 in
1419 1906 1473 1939 illa
1498 1909 1637 1947 Virgine
1659 1933 1667 1946 ,
1699 1904 1759 1938 sive
1782 1904 1874 1938 staret
1894 1929 1906 1945 ,
1940 1905 2000 1939 sive
2024 1907 2057 1939 in
2091 1905 2166 1941 dor-

1153 1952 1219 1986 sum
1243 1974 1253 1989 ‚
1288 1950 1348 1983 five
1374 1951 1407 1982 in
1432 1960 1538 1984 utrum
1564 1950 1674 1982 liberet
1698 1950 1780 1982 latus
1805 1948 2005 1983 decumberet
2029 1972 2038 1988 ‚
2075 1962 2165 1993 aeque

1153 1995 1283 2029 facilem
1307 1991 1397 2027 fuisse
1419 1994 1662 2036 respirationem
1683 2017 1695 2034 ,
1727 1992 1904 2026 affirmabat
1927 2004 1940 2033 ‚·
1963 1993 2014 2027 sed
2039 1997 2070 2027 &
2094 1995 2166 2027 uni-

1149 2039 1236 2073 verse
1261 2037 1407 2078 scripsit,
1436 2037 1498 2071 suis
1521 2036 1621 2071 fretus
1643 2036 1920 2071 observationibus
1945 2038 1999 2080 (y
2020 2037 2061 2080 )‚
2087 2035 2167 2081 diffi-

1152 2083 1243 2116 cilem
1267 2083 1300 2115 in
1324 2080 1389 2113 hoc
1412 2082 1527 2114 morbo
1551 2079 1731 2115 decubitum
1754 2103 1767 2120 ,
1799 2079 2057 2123 &frequentem
2095 2079 2167 2122 refi-

1151 2125 1242 2158 ciendi
1252 2124 1456 2167 neceffitatem
1478 2125 1536 2158 vix
1557 2135 1692 2167 unquam
1716 2124 1868 2158 incidere.
1893 2124 2043 2159 Valsalva
2057 2134 2163 2159 autem

1158 2171 1173 2206 ζ
1198 2180 1222 2210 z
1244 2171 1257 2207 )
1284 2168 1338 2201 etsi
1364 2169 1397 2200 in
1422 2167 1564 2210 quodam
1587 2169 1681 2207 viro,
1705 2166 1880 2210 plurimum
1904 2166 1992 2211 jam,
2017 2178 2052 2204 ut
2077 2167 2167 2202 vide-

1155 2221 1208 2243 tur
1220 2234 1232 2250 ,
1258 2210 1319 2243 hoc
1343 2209 1487 2252 hydrope
1511 2210 1698 2253 progresso,
1723 2210 1952 2254 orthopnoeam
1973 2236 1986 2253 ,
2009 2212 2167 2256 quemad-

1154 2252 1289 2290 modum
1314 2254 1406 2287 semel
1433 2253 1635 2288 Vieussenius
1659 2264 1812 2296 quoque,
1835 2263 1872 2288 ut
1895 2266 1933 2287 ex
1955 2265 2071 2300 quarta
2097 2254 2164 2299 'ejus

1153 2296 1387 2337 Observatione
1412 2296 1502 2339 supra
1525 2299 1539 2336 (
1561 2310 1578 2330 a
1600 2301 1614 2337 )
1639 2296 1803 2337 diximus,
1831 2300 1862 2331 δε
1884 2309 1962 2333 mox
1984 2301 2102 2334 iterum
2115 2299 2166 2332 di*-

1148 2352 1282 2380 cemus,
1305 2342 1338 2373 in
1362 2340 1465 2373 morbi
1492 2340 1614 2373 summo
1638 2339 1796 2383 progressu
1818 2364 1827 2379 ,
1861 2342 2126 2377 animadverterat
2152 2355 2164 2382 ς

1152 2392 1258 2416 tamen
1283 2385 1315 2416 in
1342 2383 1631 2417 Observationibus
1656 2394 1734 2426 quas
1759 2385 1820 2417 tibi
1835 2385 1910 2419 alias
1933 2389 1946 2425 (
1968 2385 2021 2429 b)
2045 2386 2164 2421 descri-

1154 2436 1223 2469 ptas
1246 2428 1437 2466 mittemus,
1460 2427 1599 2460 duorum
1617 2427 1780 2470 Juvenum
1813 2440 1893 2472 quos
1918 2429 2047 2463 abstulit
2079 2431 2164 2474 peri-

1152 2472 1346 2512 pneumonia
1365 2493 1384 2509 ¹,
1417 2480 1491 2502 cum
1515 2471 1656 2512 primurn
1680 2470 1844 2512 scripsisset
1879 2471 2048 2517 decubuiffe
2067 2496 2079 2514 ,
2112 2474 2164 2508 de-

1150 2511 1301 2555 mistoque
1323 2512 1426 2553 capite
1449 2514 1552 2546 minus
1575 2514 1763 2547 incommode
1787 2514 1875 2560 egisse
1897 2540 1910 2557 ,
1946 2516 2083 2550 alterum
2111 2530 2165 2552 au·
2191 2551 2194 2554 ,

1152 2564 1218 2588 tem
1243 2556 1283 2589 sic
1306 2554 1442 2598 cubuiffe
1465 2580 1476 2597 ‚
1508 2566 1544 2589 ut
1569 2564 1664 2598 caput
1692 2555 1876 2602 submistum
1901 2568 2021 2593 teneret
2046 2573 2056 2599 3
2091 2560 2161 2596 haec

1148 2601 1311 2632 continuo
1335 2598 1491 2641 subjecit,
1515 2607 1552 2631 ut
1571 2600 1716 2642 plerique
1748 2611 1851 2636 eorum
1869 2602 1976 2645 solent
1999 2626 2007 2640 ‚
2045 2605 2159 2647 quihus

1149 2643 1362 2683 pericardium
1387 2644 1507 2685 ingenti
1528 2653 1615 2684 aquae
1635 2644 1725 2685 copia
1747 2651 1873 2687 turget,
1897 2648 1930 2679 &
1954 2646 2025 2680 sane
2042 2654 2113 2683 ‘erat
2127 2650 2160 2682 in

1154 2694 1289 2729 utroque
1313 2687 1351 2718 ab
1374 2698 1453 2729 aqua
1480 2685 1558 2719 adeo
1580 2686 1751 2720 dilatatum
1774 2711 1787 2727 ,
1820 2698 1857 2722 ut
1881 2690 1913 2722 iu
1948 2692 2054 2732 primo
2072 2694 2162 2735 peri-

1152 2730 1253 2762 cardia·
1276 2729 1411 2771 hydrops
1435 2731 1546 2763 merito
1571 2731 1677 2763 vocari
1696 2729 1792 2774 poffet
1822 2755 1834 2772 ,
1869 2733 1902 2764 in
1927 2735 2030 2766 altero
2055 2745 2161 2769 autem

1153 2772 1260 2815 ingens
1283 2780 1447 2814 occuparet
1469 2772 1605 2805 thoracis
1621 2772 1783 2814 spatium.
1810 2775 1974 2810 Lancisius
1997 2788 2072 2811 vero
2094 2782 2159 2818 (c)

1149 2826 1224 2849 cum
1247 2814 1313 2857 ipse
1336 2827 1462 2859 quoque
1485 2814 1581 2857 hujus
1612 2814 1769 2858 hydropis
1791 2816 1877 2860 signa
1911 2817 2033 2854 afferret
2052 2845 2062 2860 ‚
2091 2820 2157 2855 hoc

1149 2858 1238 2892 idem
1260 2859 1349 2901 quod
1373 2859 1472 2892 modo
1495 2859 1668 2896 diximus,
1706 2858 1757 2893 sed
1794 2862 1898 2895 multo
1922 2863 2015 2897 aliter
2038 2875 2158 2907 propo-

1146 2901 1230 2935 suit.
1255 2903 1344 2935 Nam
1368 2915 1407 2935 eo
1441 2903 1619 2934 laborantes
1643 2901 1764 2944 difficili
1793 2902 1850 2938 esse
1873 2905 2015 2941 anhelitu
2036 2930 2045 2945 ‚
2079 2920 2153 2943 cum

1146 2943 1340 2988 sc1-ipfisset3
1375 2948 1407 2978 &
1430 2945 1525 2987 usque
1558 2944 1596 2978 ab
1619 2946 1713 2978 initio
1745 2957 1805 2979 non
1828 2948 1885 2990 mfi
1916 2957 2006 2983 extra
2038 2951 2152 2986 leffium

1144 2988 1297 3031 respirare
1315 2986 1418 3031 poffe3
1441 2989 1575 3031 denique
1594 2998 1688 3031 prope
1713 2997 1845 3024 mortem
1859 3016 1867 3031 ‚
1889 2993 1996 3036 inquit
2008 3005 2156 3038 ,cogun-

1143 3038 1198 3064 tur
1219 3032 1259 3064 ad
1280 3032 1479 3072 decubitum,
1501 3032 1648 3066 videlicet
1671 3033 1743 3073 quia
1762 3034 1973 3075 pericardium
1995 3034 2076 3078 und,
2099 3046 2156 3077 aut

1142 3076 1241 3108 etiam
1257 3074 1478 3117 sesqui-altera
1501 3075 1632 3117 liquoris
1653 3074 1734 3108 libra
1755 3078 1915 3120 turgidum
1937 3080 2154 3123 diaphragma-

1145 3119 1190 3151 tis
1215 3126 1319 3151 centro
1339 3119 1405 3151 vim
1429 3116 1549 3160 infert,
1572 3128 1666 3160 neque
1689 3118 1789 3153 alium
1805 3120 1911 3159 standi
1927 3121 2026 3164 fitum
2051 3147 2063 3163 ,
2096 3124 2150 3165 qui

1138 3160 1184 3203 fit
1206 3162 1335 3195 minoris
1358 3162 1562 3199 incommodi,
1586 3162 1674 3205 aegris
1685 3164 1873 3204 permittit,
1896 3176 1988 3207 quam
1998 3165 2148 3209 horizon-

1147 3204 1264 3244 talem,
1286 3205 1319 3237 in
1342 3215 1401 3246 quo
1418 3205 1627 3246 pericardium
1649 3204 1758 3246 versus
1789 3207 1934 3250 Jugulum
1956 3207 2116 3250 ascendens
2139 3229 2149 3248 ‚

1145 3247 1428 3290 diaphragmanon
1451 3248 1587 3290 amplius
1606 3249 1724 3295 premit
1749 3274 1756 3282 .
1782 3249 1861 3283 Non
1886 3250 2003 3284 dubito
2024 3276 2035 3292 ,
2070 3254 2150 3295 quin

1148 3292 1210 3323 Vir
1231 3293 1300 3325 Cel.
1325 3292 1358 3323 in
1382 3290 1572 3333 quibusdam
1594 3292 1637 3324 sic
1660 3291 1856 3326 observarit:
1882 3304 1982 3336 neque
2005 3295 2038 3329 id
2060 3296 2148 3339 quod

1146 3336 1265 3367 rationi
1290 3333 1466 3367 consonum
1489 3334 1556 3375 est,
1578 3346 1659 3377 nego
1680 3358 1692 3374 ,
1729 3335 1817 3377 quod
1841 3339 1873 3369 &
1898 3337 2035 3371 Willisii
2057 3343 2070 3378 (
2094 3341 2113 3372 d
2133 3342 2148 3378 )

1149 3379 1182 3410 in
1206 3390 1244 3410 eo
1264 3380 1383 3424 Juvene
1405 3377 1582 3416 observatio
1604 3377 1774 3411 confirmat
1795 3401 1804 3415 ‚
1827 3381 1884 3422 qui
1907 3391 1981 3415 cum
2004 3382 2146 3416 thoracis

1150 3419 1295 3465 hydrope
1319 3420 1462 3454 laborare
1483 3421 1650 3465 coepisset,
1674 3424 1706 3453 ὃ(
1731 3420 1859 3464 supinus
1870 3425 1903 3457 in
1927 3425 2010 3458 letto
2022 3424 2147 3467 jacens,

2014 3476 2110 3511 caput

1109 3653 1249 3682 (e)A6t.
1268 3655 1304 3677 N.
1323 3653 1437 3676 C.T.8.
1456 3652 1513 3677 ΟΜ.
1533 3659 1571 3682 31.
1634 3651 1678 3682 (f

1122 3775 1182 3804 (s)
1201 3775 1287 3805 supra,
1307 3783 1330 3799 n.
1347 3783 1387 3804 44·

154 3646 169 3675 ζ
184 3643 198 3668 b
213 3645 227 3675 )
243 3645 299 3671 Vid.
315 3651 339 3670 n.
355 3653 392 3671 21.
408 3653 447 3675 ²3-
462 3653 501 3676 ²4·
563 3648 577 3677 (
592 3654 603 3671 c
619 3648 632 3676 )
648 3656 672 3672 n.
685 3652 725 3678 36.
742 3651 765 3675 ἃ
781 3652 819 3680 38.
882 3651 896 3681 (
911 3651 927 3675 d
943 3652 952 3681 )
968 3659 992 3675 n.
1008 3660 1047 3681 43·

154 3677 169 3706 (
181 3683 201 3705 ἒ
219 3676 227 3704 )
244 3676 307 3711 Ephg
323 3678 357 3701 N.
374 3679 402 3702 C.
419 3680 474 3701 Dec.
492 3685 515 3707 3.
531 3678 560 3701 A.
579 3687 600 3708 ς.
617 3678 674 3703 Obs.
692 3687 743 3709 134.
806 3681 819 3711 Ε
835 3681 850 3705 b
865 3681 879 3710 )
896 3682 954 3707 ΟΜ.
971 3691 995 3712 4.
1012 3683 1079 3711 supra
1095 3683 1137 3708 cit.
1156 3683 1186 3707 ad
1204 3692 1228 3708 n.
1244 3692 1283 3713 ⁴4·

155 3709 166 3731 t
181 3706 198 3730 k
215 3705 224 3735 )
241 3713 282 3741 ‘¹¹3
300 3714 325 3731 m
342 3707 402 3737 Eph.
419 3706 477 3732 ΟΜ.
496 3715 546 3736 ις4.
605 3710 644 3743 (l
658 3710 672 3737 )
688 3711 811 3743 Sepulchr.
828 3712 849 3736 l.
863 3719 885 3736 ².
902 3715 926 3737 S.
943 3721 965 3737 ².
983 3712 1041 3738 ΟΜ.
1060 3721 1082 3741 3-

155 3735 165 3765 (
182 3745 198 3760 n
214 3737 223 3765 δ
242 3738 302 3762 lbid.
322 3738 338 3761 l.
355 3746 376 3761 2.
393 3740 419 3763 S.
434 3747 456 3767 7.
474 3737 532 3762 ΟΜ.
549 3746 588 3766 2⁴·
605 3747 630 3773 ¹¹¹.
649 3739 768 3765 additam.
831 3743 840 3771 s
858 3751 870 3766 o
885 3743 899 3771 )
916 3744 978 3772 Eph.
994 3745 1027 3767 N.
1047 3745 1076 3767 C.
1094 3746 1150 3768 Dec.
1168 3753 1188 3774 3.
1207 3748 1236 3769 A.
1253 3756 1275 3775 4.
1294 3744 1351 3769 ΟΜ.
1372 3746 1423 3768 118.

156 3767 164 3794 s
181 3775 195 3795 q
211 3767 225 3796 )
242 3768 294 3791 Αξῖ.
310 3770 342 3792 N.
360 3771 388 3793 C.
404 3771 478 3793 Torn.
501 3776 518 3792 ῐ.
536 3768 595 3792 ΟΜ.
611 3775 655 3794 cit.
675 3778 727 3800 170.
788 3773 802 3802 (
815 3772 854 3801 r)
871 3773 954 3803 supra,
972 3782 995 3799 n.
1015 3782 1054 3799 ιι.

161 3797 201 3825 (u
218 3798 231 3826 >
247 3798 369 3833 Sepulchr.
387 3800 403 3823 1.
419 3808 440 3823 ι.
460 3801 482 3823 S.
501 3807 520 3823 i.
538 3799 598 3825 ΟΜ.
615 3805 655 3829 76.
717 3802 727 3831 (
744 3809 758 3825 x
773 3802 787 3830 )
803 3811 828 3826 n.
845 3812 882 3833 ²5·
944 3806 957 3833 (
972 3812 989 3835 y
1004 3804 1019 3833 )
1036 3807 1178 3830 Comment.
1195 3806 1238 3831 cit.

162 3826 197 3859 sb
214 3830 309 3859 )Ep1st.
326 3837 363 3854 20.
380 3838 405 3855 n.
422 3838 459 3860 35.
478 3833 515 3859 36.
577 3833 590 3860 ζ
606 3839 617 3856 c
633 3832 642 3862 )
658 3834 694 3856 De
709 3833 776 3857 Mot.
793 3834 866 3858 Coi-d.
883 3835 900 3858 1.
919 3843 940 3859 1.
958 3838 980 3861 S.
1001 3843 1021 3859 1.
1038 3844 1058 3860 c.
1079 3845 1100 3866 ς.
1118 3839 1191 3866 Prop.
1209 3846 1246 3866 ²3-
1264 3837 1289 3862 in
1307 3837 1385 3862 schol.

1688 3656 1699 3678 )
1719 3651 1826 3677 Eorund.
1844 3653 1919 3676 Tom.
1940 3659 1961 3678 1.
1977 3652 2037 3679 ΟΜ.
2057 3659 2111 3683 170.

1346 3683 1383 3713 (ι’
1400 3682 1409 3713 )
1424 3682 1478 3707 Ast.
1496 3685 1529 3707 N.
1547 3685 1577 3707 C.
1594 3683 1667 3707 Tom.
1687 3692 1707 3712 ς.
1727 3683 1785 3707 obs.
1805 3691 1824 3708 1.
1843 3689 1898 3707 not.
1916 3690 1937 3707 1.

1144 3714 1152 3743 (
1170 3722 1194 3738 m
1211 3715 1224 3742 )
1243 3715 1303 3738 Ibid.
1322 3714 1337 3737 l.
1354 3722 1377 3742 4.
1395 3715 1417 3738 S.
1436 3722 1458 3744 3.
1476 3714 1536 3742 obs.
1554 3716 1590 3736 25.
1610 3713 1634 3736 in
1651 3713 1777 3738 additam.
1960 3736 1962 3739 .

1486 3746 1500 3774 (
1514 3751 1532 3775 p
1548 3744 1561 3772 )
1579 3745 1683 3768 Ean-und.
1702 3745 1771 3768 Cent.
1791 3752 1811 3774 3.
1830 3743 1852 3768 81:
1868 3752 1892 3773 4.
1910 3743 1969 3768 ΟΜ.
1989 3751 2042 3774 ¹41.

1450 3776 1459 3805 (
1478 3782 1489 3799 t
1505 3778 1515 3806 )
1532 3776 1610 3799 Mem.
1628 3776 1657 3798 de
1675 3775 1690 3799 l‘
1707 3776 1780 3799 Acad.
1801 3778 1830 3800 R.
1848 3774 1888 3799 des
1907 3777 1945 3799 Sc.
1963 3777 1993 3799 Α.
2012 3782 2082 3805 1703:

1300 3804 1313 3834 (-
1327 3813 1344 3833 z:
1363 3804 1471 3836 ssupra,
1489 3814 1515 3830 n.
1532 3812 1568 3829 ιι.
1632 3804 1672 3833 (a
1689 3806 1703 3833 )
1720 3813 1742 3830 n.
1760 3814 1796 3835 ²4-
1817 3808 1824 3815 ⁸
2014 3835 2020 3839 -

1449 3840 1456 3867 (
1474 3837 1490 3860 d
1505 3837 1518 3865 )
1536 3839 1656 3862 Pharmac.
1677 3839 1732 3861 Rat.
1752 3839 1780 3861 Ρ.
1797 3845 1817 3860 2.
1837 3837 1859 3860 S.
1879 3842 1898 3860 1.
1917 3843 1939 3861 c.
1958 3844 1995 3865 ις.
2013 3843 2038 3861 ιι
2055 3835 2098 3860 sin.
