<?xml version="1.0" encoding="UTF-8"?>
<!DOCTYPE html PUBLIC "-//W3C//DTD XHTML 1.0 Transitional//EN"
    "http://www.w3.org/TR/xhtml1/DTD/xhtml1-transitional.dtd">
<html xmlns="http://www.w3.org/1999/xhtml" xml:lang="en" lang="en">
 <head>
  <title>
</title>
<meta http-equiv="Content-Type" content="text/html;charset=utf-8" />
  <meta name='ocr-system' content='tesseract 3.04.00' />
  <meta name='ocr-capabilities' content='ocr_page ocr_carea ocr_par ocr_line ocrx_word'/>
</head>
<body>
  <div class='ocr_page' id='page_1' title='image "./desedibusetcausi00morg/desedibusetcausi00morg_0233.png"; bbox 0 0 2498 4075; ppageno 0'>
   <div class='ocr_carea' id='block_1_1' title="bbox 367 206 1850 275">
    <p class='ocr_par' dir='ltr' id='par_1_1' title="bbox 367 206 1850 275">
     <span class='ocr_line' id='line_1_1' title="bbox 367 206 1850 275; baseline -0.003 -13"><span class='ocrx_word' id='word_1_1' title='bbox 367 209 520 275; x_wconf 88' lang='lat' dir='ltr'><strong>Epist.</strong></span> <span class='ocrx_word' id='word_1_2' title='bbox 557 207 721 259; x_wconf 81' lang='lat' dir='ltr'>Anat.</span> <span class='ocrx_word' id='word_1_3' title='bbox 757 206 976 261; x_wconf 80' lang='lat' dir='ltr'>Medica</span> <span class='ocrx_word' id='word_1_4' title='bbox 1010 207 1134 261; x_wconf 85' lang='lat' dir='ltr'>XV.</span> <span class='ocrx_word' id='word_1_5' title='bbox 1173 206 1298 257; x_wconf 87' lang='lat' dir='ltr'><strong>Art.</strong></span> <span class='ocrx_word' id='word_1_6' title='bbox 1332 220 1414 269; x_wconf 82' lang='lat'>23.</span> <span class='ocrx_word' id='word_1_7' title='bbox 1451 220 1529 271; x_wconf 86' lang='lat'>24.</span> <span class='ocrx_word' id='word_1_8' title='bbox 1564 221 1645 268; x_wconf 82' lang='lat'>25.</span> <span class='ocrx_word' id='word_1_9' title='bbox 1679 207 1735 259; x_wconf 73' lang='grc' dir='ltr'>ὅτ</span> <span class='ocrx_word' id='word_1_10' title='bbox 1771 208 1850 258; x_wconf 86' lang='lat'>26.</span> 
     </span>
    </p>
   </div>
   <div class='ocr_carea' id='block_1_2' title="bbox 111 281 1108 364">
    <p class='ocr_par' dir='ltr' id='par_1_2' title="bbox 111 281 1108 364">
     <span class='ocr_line' id='line_1_2' title="bbox 111 281 1107 358; baseline 0.001 -42"><span class='ocrx_word' id='word_1_11' title='bbox 111 281 304 316; x_wconf 82' lang='lat' dir='ltr'>Sebastianus</span> <span class='ocrx_word' id='word_1_12' title='bbox 328 285 420 318; x_wconf 90' lang='lat' dir='ltr'>Roth</span> <span class='ocrx_word' id='word_1_13' title='bbox 443 283 529 327; x_wconf 84' lang='lat' dir='ltr'>(f)</span> <span class='ocrx_word' id='word_1_14' title='bbox 546 307 558 324; x_wconf 84' lang='grc'>,</span> <span class='ocrx_word' id='word_1_15' title='bbox 585 283 641 327; x_wconf 89' lang='lat' dir='ltr'>Jo.</span> <span class='ocrx_word' id='word_1_16' title='bbox 667 285 802 316; x_wconf 86' lang='lat' dir='ltr'>Francus</span> <span class='ocrx_word' id='word_1_17' title='bbox 832 282 995 317; x_wconf 82' lang='lat' dir='ltr'>Hildefius</span> <span class='ocrx_word' id='word_1_18' title='bbox 1017 285 1107 358; x_wconf 42' lang='grc' dir='ltr'>(ᾗ)</span> 
     </span>
     <span class='ocr_line' id='line_1_3' title="bbox 111 325 1108 364; baseline -0.004 -2"><span class='ocrx_word' id='word_1_19' title='bbox 111 325 281 362; x_wconf 64' lang='grc' dir='ltr'>ἵεΡίᾶΠῐῦῐῑ</span> <span class='ocrx_word' id='word_1_20' title='bbox 306 325 357 360; x_wconf 78' lang='lat' dir='ltr'>sed</span> <span class='ocrx_word' id='word_1_21' title='bbox 379 329 476 360; x_wconf 90' lang='lat' dir='ltr'>etiam</span> <span class='ocrx_word' id='word_1_22' title='bbox 497 326 743 364; x_wconf 87' lang='lat' dir='ltr'>convaluerunt,</span> <span class='ocrx_word' id='word_1_23' title='bbox 766 335 803 359; x_wconf 89' lang='lat' dir='ltr'>ut</span> <span class='ocrx_word' id='word_1_24' title='bbox 826 327 972 360; x_wconf 83' lang='lat' dir='ltr'>nonnulli</span> <span class='ocrx_word' id='word_1_25' title='bbox 997 338 1035 359; x_wconf 86' lang='lat' dir='ltr'>ex</span> <span class='ocrx_word' id='word_1_26' title='bbox 1083 327 1108 358; x_wconf 80' lang='lat' dir='ltr'>is</span> 
     </span>
    </p>
   </div>
   <div class='ocr_carea' id='block_1_3' title="bbox 111 367 1121 411">
    <p class='ocr_par' dir='ltr' id='par_1_3' title="bbox 111 367 1121 411">
     <span class='ocr_line' id='line_1_4' title="bbox 111 367 1121 411; baseline 0.001 -11"><span class='ocrx_word' id='word_1_27' title='bbox 111 367 185 411; x_wconf 86' lang='lat' dir='ltr'>ipsis</span> <span class='ocrx_word' id='word_1_28' title='bbox 207 368 376 410; x_wconf 83' lang='lat' dir='ltr'>videntur,</span> <span class='ocrx_word' id='word_1_29' title='bbox 402 375 429 403; x_wconf 56' lang='grc' dir='ltr'><strong>ἃ</strong></span> <span class='ocrx_word' id='word_1_30' title='bbox 455 379 535 403; x_wconf 85' lang='lat' dir='ltr'>certe</span> <span class='ocrx_word' id='word_1_31' title='bbox 558 369 614 401; x_wconf 87' lang='lat' dir='ltr'>alii</span> <span class='ocrx_word' id='word_1_32' title='bbox 636 367 674 401; x_wconf 90' lang='lat' dir='ltr'>de</span> <span class='ocrx_word' id='word_1_33' title='bbox 695 369 811 411; x_wconf 84' lang='lat' dir='ltr'>quibus</span> <span class='ocrx_word' id='word_1_34' title='bbox 834 369 955 403; x_wconf 62' lang='lat' dir='ltr'>dietum</span> <span class='ocrx_word' id='word_1_35' title='bbox 979 369 1021 403; x_wconf 84' lang='lat' dir='ltr'>est</span> <span class='ocrx_word' id='word_1_36' title='bbox 1035 375 1121 411; x_wconf 88' lang='lat' dir='ltr'>pau-&#39;</span> 
     </span>
    </p>
   </div>
   <div class='ocr_carea' id='block_1_4' title="bbox 95 411 1115 2576">
    <p class='ocr_par' dir='ltr' id='par_1_4' title="bbox 99 411 1115 1969">
     <span class='ocr_line' id='line_1_5' title="bbox 113 411 1108 456; baseline 0.001 -13"><span class='ocrx_word' id='word_1_37' title='bbox 113 412 146 443; x_wconf 90' lang='lat' dir='ltr'>lo</span> <span class='ocrx_word' id='word_1_38' title='bbox 171 421 241 443; x_wconf 88' lang='lat' dir='ltr'>ante</span> <span class='ocrx_word' id='word_1_39' title='bbox 262 436 275 452; x_wconf 82' lang='grc'>,</span> <span class='ocrx_word' id='word_1_40' title='bbox 308 417 341 445; x_wconf 84' lang='lat'>&amp;</span> <span class='ocrx_word' id='word_1_41' title='bbox 364 425 445 456; x_wconf 88' lang='lat' dir='ltr'>quos</span> <span class='ocrx_word' id='word_1_42' title='bbox 477 412 662 446; x_wconf 83' lang='lat' dir='ltr'>Trallianus</span> <span class='ocrx_word' id='word_1_43' title='bbox 685 415 698 451; x_wconf 90' lang='lat'>(</span> <span class='ocrx_word' id='word_1_44' title='bbox 721 411 740 444; x_wconf 82' lang='lat' dir='ltr'><em>h</em></span> <span class='ocrx_word' id='word_1_45' title='bbox 759 414 775 453; x_wconf 95' lang='lat'><em>)</em></span> <span class='ocrx_word' id='word_1_46' title='bbox 796 435 804 450; x_wconf 85' lang='lat'><strong><em>,</em></strong></span> <span class='ocrx_word' id='word_1_47' title='bbox 838 414 968 446; x_wconf 87' lang='lat' dir='ltr'>Wierus</span> <span class='ocrx_word' id='word_1_48' title='bbox 1003 415 1016 451; x_wconf 90' lang='lat'>(</span> <span class='ocrx_word' id='word_1_49' title='bbox 1038 413 1050 444; x_wconf 90' lang='lat' dir='ltr'>i</span> <span class='ocrx_word' id='word_1_50' title='bbox 1072 415 1108 451; x_wconf 88' lang='lat'>)‚</span> 
     </span>
     <span class='ocr_line' id='line_1_6' title="bbox 111 454 1108 499; baseline -0.001 -12"><span class='ocrx_word' id='word_1_51' title='bbox 111 454 224 487; x_wconf 79' lang='lat' dir='ltr'>Heffus</span> <span class='ocrx_word' id='word_1_52' title='bbox 246 458 259 493; x_wconf 86' lang='lat'>(</span> <span class='ocrx_word' id='word_1_53' title='bbox 281 454 300 494; x_wconf 57' lang='lat' dir='ltr'>l(</span> <span class='ocrx_word' id='word_1_54' title='bbox 321 459 334 495; x_wconf 86' lang='lat'>)</span> <span class='ocrx_word' id='word_1_55' title='bbox 357 466 532 489; x_wconf 84' lang='lat' dir='ltr'>memorant</span> <span class='ocrx_word' id='word_1_56' title='bbox 555 480 564 495; x_wconf 84' lang='lat'>‚</span> <span class='ocrx_word' id='word_1_57' title='bbox 596 454 682 497; x_wconf 79' lang='lat' dir='ltr'>isque</span> <span class='ocrx_word' id='word_1_58' title='bbox 707 457 740 487; x_wconf 91' lang='lat' dir='ltr'>in</span> <span class='ocrx_word' id='word_1_59' title='bbox 765 457 875 497; x_wconf 88' lang='lat' dir='ltr'>primis</span> <span class='ocrx_word' id='word_1_60' title='bbox 897 480 910 496; x_wconf 79' lang='grc'>,</span> <span class='ocrx_word' id='word_1_61' title='bbox 940 457 997 499; x_wconf 89' lang='lat' dir='ltr'>qui</span> <span class='ocrx_word' id='word_1_62' title='bbox 1019 454 1057 487; x_wconf 83' lang='lat' dir='ltr'>dc</span> <span class='ocrx_word' id='word_1_63' title='bbox 1080 454 1108 486; x_wconf 89' lang='lat' dir='ltr'>se</span> 
     </span>
     <span class='ocr_line' id='line_1_7' title="bbox 110 496 1109 539; baseline 0.002 -11"><span class='ocrx_word' id='word_1_64' title='bbox 110 496 180 539; x_wconf 89' lang='lat' dir='ltr'>ipso</span> <span class='ocrx_word' id='word_1_65' title='bbox 204 497 290 530; x_wconf 85' lang='lat' dir='ltr'>idem</span> <span class='ocrx_word' id='word_1_66' title='bbox 313 509 418 532; x_wconf 89' lang='lat' dir='ltr'>narrat</span> <span class='ocrx_word' id='word_1_67' title='bbox 432 521 442 537; x_wconf 90' lang='lat'>‚</span> <span class='ocrx_word' id='word_1_68' title='bbox 465 499 527 531; x_wconf 87' lang='lat' dir='ltr'>{ine</span> <span class='ocrx_word' id='word_1_69' title='bbox 549 498 620 532; x_wconf 90' lang='lat' dir='ltr'>ullo</span> <span class='ocrx_word' id='word_1_70' title='bbox 643 498 948 533; x_wconf 79' lang='lat' dir='ltr'>medicamentorum</span> <span class='ocrx_word' id='word_1_71' title='bbox 962 498 1016 532; x_wconf 91' lang='lat' dir='ltr'>usu</span> <span class='ocrx_word' id='word_1_72' title='bbox 1040 497 1109 539; x_wconf 88' lang='lat' dir='ltr'>post</span> 
     </span>
     <span class='ocr_line' id='line_1_8' title="bbox 110 541 1108 582; baseline 0.002 -11"><span class='ocrx_word' id='word_1_73' title='bbox 110 541 398 582; x_wconf 78' lang='lat' dir='ltr'>peregrinationem</span> <span class='ocrx_word' id='word_1_74' title='bbox 438 542 561 575; x_wconf 86' lang='lat' dir='ltr'>sanatus</span> <span class='ocrx_word' id='word_1_75' title='bbox 592 566 601 581; x_wconf 92' lang='lat'><strong>,</strong></span> <span class='ocrx_word' id='word_1_76' title='bbox 650 541 820 575; x_wconf 88' lang='lat' dir='ltr'>Osvvaldus</span> <span class='ocrx_word' id='word_1_77' title='bbox 851 541 1108 575; x_wconf 85' lang='lat' dir='ltr'>Gabelchoverus</span> 
     </span>
     <span class='ocr_line' id='line_1_9' title="bbox 109 581 1107 624; baseline 0.006 -9"><span class='ocrx_word' id='word_1_78' title='bbox 109 586 124 622; x_wconf 88' lang='lat'><strong>(</strong></span> <span class='ocrx_word' id='word_1_79' title='bbox 148 581 160 615; x_wconf 88' lang='lat' dir='ltr'><em>l</em></span> <span class='ocrx_word' id='word_1_80' title='bbox 181 587 214 622; x_wconf 83' lang='lat'>).</span> <span class='ocrx_word' id='word_1_81' title='bbox 240 585 376 618; x_wconf 87' lang='lat' dir='ltr'>Omitto</span> <span class='ocrx_word' id='word_1_82' title='bbox 399 586 502 624; x_wconf 85' lang='lat' dir='ltr'>alios,</span> <span class='ocrx_word' id='word_1_83' title='bbox 524 587 556 617; x_wconf 87' lang='lat'>&amp;</span> <span class='ocrx_word' id='word_1_84' title='bbox 579 586 612 617; x_wconf 89' lang='lat' dir='ltr'>in</span> <span class='ocrx_word' id='word_1_85' title='bbox 634 584 684 617; x_wconf 88' lang='lat' dir='ltr'>his</span> <span class='ocrx_word' id='word_1_86' title='bbox 712 585 898 619; x_wconf 84' lang='lat' dir='ltr'>Pechlinum</span> <span class='ocrx_word' id='word_1_87' title='bbox 920 589 933 624; x_wconf 94' lang='lat'><strong>(</strong></span> <span class='ocrx_word' id='word_1_88' title='bbox 956 597 986 619; x_wconf 83' lang='lat' dir='ltr'>m</span> <span class='ocrx_word' id='word_1_89' title='bbox 1007 588 1021 624; x_wconf 94' lang='lat'><em>)</em></span> <span class='ocrx_word' id='word_1_90' title='bbox 1043 606 1052 621; x_wconf 72' lang='lat'>2</span> <span class='ocrx_word' id='word_1_91' title='bbox 1075 586 1107 616; x_wconf 61' lang='grc' dir='ltr'>δι’</span> 
     </span>
     <span class='ocr_line' id='line_1_10' title="bbox 108 627 1108 669; baseline -0.001 -9"><span class='ocrx_word' id='word_1_92' title='bbox 108 638 203 669; x_wconf 90' lang='lat' dir='ltr'>quem</span> <span class='ocrx_word' id='word_1_93' title='bbox 227 627 301 661; x_wconf 87' lang='lat' dir='ltr'>alias</span> <span class='ocrx_word' id='word_1_94' title='bbox 323 631 336 667; x_wconf 88' lang='lat'><strong>(</strong></span> <span class='ocrx_word' id='word_1_95' title='bbox 358 639 377 661; x_wconf 90' lang='lat' dir='ltr'>n</span> <span class='ocrx_word' id='word_1_96' title='bbox 399 632 413 669; x_wconf 88' lang='grc'>)</span> <span class='ocrx_word' id='word_1_97' title='bbox 435 627 497 661; x_wconf 92' lang='lat' dir='ltr'>tibi</span> <span class='ocrx_word' id='word_1_98' title='bbox 522 629 714 668; x_wconf 79' lang='lat' dir='ltr'>nominavi,</span> <span class='ocrx_word' id='word_1_99' title='bbox 737 628 832 669; x_wconf 86' lang='lat' dir='ltr'>Casp.</span> <span class='ocrx_word' id='word_1_100' title='bbox 857 628 963 662; x_wconf 83' lang='lat' dir='ltr'>Defid.</span> <span class='ocrx_word' id='word_1_101' title='bbox 989 628 1108 660; x_wconf 85' lang='lat' dir='ltr'>Marti-</span> 
     </span>
     <span class='ocr_line' id='line_1_11' title="bbox 107 670 1106 713; baseline 0 -11"><span class='ocrx_word' id='word_1_102' title='bbox 107 678 232 703; x_wconf 88' lang='lat' dir='ltr'>nettum</span> <span class='ocrx_word' id='word_1_103' title='bbox 254 673 267 709; x_wconf 88' lang='lat'>(</span> <span class='ocrx_word' id='word_1_104' title='bbox 290 682 306 703; x_wconf 89' lang='lat' dir='ltr'>o</span> <span class='ocrx_word' id='word_1_105' title='bbox 328 675 364 711; x_wconf 86' lang='lat'>)‚</span> <span class='ocrx_word' id='word_1_106' title='bbox 388 682 525 713; x_wconf 90' lang='lat' dir='ltr'>quorum</span> <span class='ocrx_word' id='word_1_107' title='bbox 550 671 604 703; x_wconf 79' lang='lat' dir='ltr'>ille</span> <span class='ocrx_word' id='word_1_108' title='bbox 627 678 687 703; x_wconf 81' lang='lat' dir='ltr'>tres</span> <span class='ocrx_word' id='word_1_109' title='bbox 709 672 850 704; x_wconf 86' lang='lat' dir='ltr'>calculos</span> <span class='ocrx_word' id='word_1_110' title='bbox 872 670 935 705; x_wconf 86' lang='lat' dir='ltr'>fine</span> <span class='ocrx_word' id='word_1_111' title='bbox 958 672 1106 705; x_wconf 81' lang='lat' dir='ltr'>ulteriore</span> 
     </span>
     <span class='ocr_line' id='line_1_12' title="bbox 109 713 1108 754; baseline 0 -8"><span class='ocrx_word' id='word_1_112' title='bbox 109 713 318 747; x_wconf 87' lang='lat' dir='ltr'>incommodo</span> <span class='ocrx_word' id='word_1_113' title='bbox 341 713 502 748; x_wconf 82' lang='lat' dir='ltr'>extuffitos</span> <span class='ocrx_word' id='word_1_114' title='bbox 524 714 633 754; x_wconf 76' lang='lat' dir='ltr'>vidit,</span> <span class='ocrx_word' id='word_1_115' title='bbox 656 713 709 746; x_wconf 88' lang='lat' dir='ltr'>bic</span> <span class='ocrx_word' id='word_1_116' title='bbox 731 713 810 747; x_wconf 91' lang='lat' dir='ltr'>duos</span> <span class='ocrx_word' id='word_1_117' title='bbox 833 738 845 754; x_wconf 83' lang='grc'>,</span> <span class='ocrx_word' id='word_1_118' title='bbox 882 714 1075 748; x_wconf 85' lang='lat' dir='ltr'>asthmaticis</span> <span class='ocrx_word' id='word_1_119' title='bbox 1098 738 1108 754; x_wconf 91' lang='lat'><strong>,</strong></span> 
     </span>
     <span class='ocr_line' id='line_1_13' title="bbox 106 756 1107 799; baseline 0 -9"><span class='ocrx_word' id='word_1_120' title='bbox 106 768 176 799; x_wconf 82' lang='lat' dir='ltr'>quae</span> <span class='ocrx_word' id='word_1_121' title='bbox 201 765 291 790; x_wconf 86' lang='lat' dir='ltr'>antea</span> <span class='ocrx_word' id='word_1_122' title='bbox 314 767 500 791; x_wconf 79' lang='lat' dir='ltr'>vexaverant</span> <span class='ocrx_word' id='word_1_123' title='bbox 520 782 532 797; x_wconf 87' lang='grc'>,</span> <span class='ocrx_word' id='word_1_124' title='bbox 556 756 777 791; x_wconf 60' lang='grc' dir='ltr'>εθέἑὶίοῃίὺιις</span> <span class='ocrx_word' id='word_1_125' title='bbox 800 759 933 790; x_wconf 88' lang='lat' dir='ltr'>omnino</span> <span class='ocrx_word' id='word_1_126' title='bbox 957 757 1076 790; x_wconf 67' lang='lat' dir='ltr'>abaetis</span> <span class='ocrx_word' id='word_1_127' title='bbox 1099 782 1107 790; x_wconf 93' lang='lat'>.</span> 
     </span>
     <span class='ocr_line' id='line_1_14' title="bbox 109 801 1106 844; baseline -0.003 -10"><span class='ocrx_word' id='word_1_128' title='bbox 109 801 272 834; x_wconf 84' lang='lat' dir='ltr'>Omittere</span> <span class='ocrx_word' id='word_1_129' title='bbox 304 809 410 833; x_wconf 88' lang='lat' dir='ltr'>tamen</span> <span class='ocrx_word' id='word_1_130' title='bbox 433 811 555 844; x_wconf 85' lang='lat' dir='ltr'>nequeo</span> <span class='ocrx_word' id='word_1_131' title='bbox 591 803 751 834; x_wconf 86' lang='lat' dir='ltr'>Zacutum</span> <span class='ocrx_word' id='word_1_132' title='bbox 774 804 829 842; x_wconf 84' lang='lat' dir='ltr'>&lt;p</span> <span class='ocrx_word' id='word_1_133' title='bbox 849 805 864 841; x_wconf 87' lang='lat'>)</span> <span class='ocrx_word' id='word_1_134' title='bbox 884 824 896 841; x_wconf 82' lang='lat'><em>,</em></span> <span class='ocrx_word' id='word_1_135' title='bbox 930 804 962 834; x_wconf 87' lang='lat'>&amp;</span> <span class='ocrx_word' id='word_1_136' title='bbox 985 802 1106 842; x_wconf 80' lang='lat' dir='ltr'>Georg.</span> 
     </span>
     <span class='ocr_line' id='line_1_15' title="bbox 110 843 1111 887; baseline 0 -12"><span class='ocrx_word' id='word_1_137' title='bbox 110 843 236 886; x_wconf 80' lang='lat' dir='ltr'>Wolfg.</span> <span class='ocrx_word' id='word_1_138' title='bbox 264 844 447 877; x_wconf 78' lang='lat' dir='ltr'>Wedelium</span> <span class='ocrx_word' id='word_1_139' title='bbox 471 846 523 887; x_wconf 83' lang='lat' dir='ltr'>(q</span> <span class='ocrx_word' id='word_1_140' title='bbox 546 847 579 883; x_wconf 88' lang='lat'>).</span> <span class='ocrx_word' id='word_1_141' title='bbox 605 845 749 887; x_wconf 82' lang='lat' dir='ltr'>Uterque</span> <span class='ocrx_word' id='word_1_142' title='bbox 772 845 855 876; x_wconf 88' lang='lat' dir='ltr'>enim</span> <span class='ocrx_word' id='word_1_143' title='bbox 867 844 1005 887; x_wconf 57' lang='lat' dir='ltr'>pristinae</span> <span class='ocrx_word' id='word_1_144' title='bbox 1029 844 1111 876; x_wconf 85' lang='lat' dir='ltr'>sani-</span> 
     </span>
     <span class='ocr_line' id='line_1_16' title="bbox 108 885 1112 931; baseline -0.002 -11"><span class='ocrx_word' id='word_1_145' title='bbox 108 888 169 920; x_wconf 89' lang='lat' dir='ltr'>tati</span> <span class='ocrx_word' id='word_1_146' title='bbox 194 885 358 921; x_wconf 82' lang='lat' dir='ltr'>restitutos</span> <span class='ocrx_word' id='word_1_147' title='bbox 392 899 444 920; x_wconf 85' lang='lat' dir='ltr'>eos</span> <span class='ocrx_word' id='word_1_148' title='bbox 467 898 593 929; x_wconf 86' lang='lat' dir='ltr'>quoque</span> <span class='ocrx_word' id='word_1_149' title='bbox 625 896 808 930; x_wconf 85' lang='lat' dir='ltr'>proponunt</span> <span class='ocrx_word' id='word_1_150' title='bbox 830 910 840 924; x_wconf 90' lang='lat'><em>,</em></span> <span class='ocrx_word' id='word_1_151' title='bbox 871 889 927 931; x_wconf 93' lang='lat' dir='ltr'>qui</span> <span class='ocrx_word' id='word_1_152' title='bbox 952 887 1074 928; x_wconf 85' lang='lat' dir='ltr'>asperos</span> <span class='ocrx_word' id='word_1_153' title='bbox 1097 897 1112 918; x_wconf 91' lang='lat' dir='ltr'>e</span> 
     </span>
     <span class='ocr_line' id='line_1_17' title="bbox 108 930 1114 973; baseline 0 -10"><span class='ocrx_word' id='word_1_154' title='bbox 108 930 258 973; x_wconf 82' lang='lat' dir='ltr'>pulmone</span> <span class='ocrx_word' id='word_1_155' title='bbox 283 930 439 973; x_wconf 75' lang='lat' dir='ltr'>ejecerant</span> <span class='ocrx_word' id='word_1_156' title='bbox 452 931 613 970; x_wconf 85' lang='lat' dir='ltr'>calculos,</span> <span class='ocrx_word' id='word_1_157' title='bbox 638 942 749 973; x_wconf 81' lang='lat' dir='ltr'>nempe</span> <span class='ocrx_word' id='word_1_158' title='bbox 760 942 858 964; x_wconf 90' lang='lat' dir='ltr'>unum</span> <span class='ocrx_word' id='word_1_159' title='bbox 881 942 1027 972; x_wconf 74' lang='lat' dir='ltr'>gravem,</span> <span class='ocrx_word' id='word_1_160' title='bbox 1053 930 1114 963; x_wconf 80' lang='lat' dir='ltr'>du-</span> 
     </span>
     <span class='ocr_line' id='line_1_18' title="bbox 109 973 1111 1016; baseline -0.003 -8"><span class='ocrx_word' id='word_1_161' title='bbox 109 985 206 1014; x_wconf 87' lang='lat' dir='ltr'>rum,</span> <span class='ocrx_word' id='word_1_162' title='bbox 231 973 408 1016; x_wconf 69' lang='lat' dir='ltr'>oblongum</span> <span class='ocrx_word' id='word_1_163' title='bbox 432 973 501 1006; x_wconf 80' lang='lat' dir='ltr'>offis</span> <span class='ocrx_word' id='word_1_164' title='bbox 524 973 770 1016; x_wconf 66' lang='lat' dir='ltr'>dactyliinstar‚</span> <span class='ocrx_word' id='word_1_165' title='bbox 792 985 923 1016; x_wconf 90' lang='lat' dir='ltr'>eumque</span> <span class='ocrx_word' id='word_1_166' title='bbox 947 973 1111 1015; x_wconf 81' lang='lat' dir='ltr'>asperum,</span> 
     </span>
     <span class='ocr_line' id='line_1_19' title="bbox 112 1015 1112 1060; baseline -0.001 -11"><span class='ocrx_word' id='word_1_167' title='bbox 112 1019 256 1060; x_wconf 82' lang='lat' dir='ltr'>itemque</span> <span class='ocrx_word' id='word_1_168' title='bbox 280 1017 386 1060; x_wconf 85' lang='lat' dir='ltr'>plures</span> <span class='ocrx_word' id='word_1_169' title='bbox 402 1040 410 1055; x_wconf 71' lang='lat'>2</span> <span class='ocrx_word' id='word_1_170' title='bbox 435 1018 514 1050; x_wconf 75' lang='lat' dir='ltr'>2lios</span> <span class='ocrx_word' id='word_1_171' title='bbox 539 1015 620 1059; x_wconf 79' lang='lat' dir='ltr'>pisi,</span> <span class='ocrx_word' id='word_1_172' title='bbox 643 1028 742 1050; x_wconf 87' lang='lat' dir='ltr'>unum</span> <span class='ocrx_word' id='word_1_173' title='bbox 767 1016 846 1050; x_wconf 67' lang='lat' dir='ltr'>sabee</span> <span class='ocrx_word' id='word_1_174' title='bbox 870 1016 1112 1059; x_wconf 75' lang='lat' dir='ltr'>magnitudine,</span> 
     </span>
     <span class='ocr_line' id='line_1_20' title="bbox 105 1059 1112 1104; baseline -0.003 -10"><span class='ocrx_word' id='word_1_175' title='bbox 105 1061 241 1104; x_wconf 86' lang='lat' dir='ltr'>illosque</span> <span class='ocrx_word' id='word_1_176' title='bbox 262 1072 369 1094; x_wconf 80' lang='lat' dir='ltr'>omnes</span> <span class='ocrx_word' id='word_1_177' title='bbox 394 1063 494 1093; x_wconf 87' lang='lat' dir='ltr'>acutis</span> <span class='ocrx_word' id='word_1_178' title='bbox 518 1060 665 1101; x_wconf 75' lang='lat' dir='ltr'>angulis,</span> <span class='ocrx_word' id='word_1_179' title='bbox 687 1059 935 1103; x_wconf 86' lang='lat' dir='ltr'>tricuspidesque</span> <span class='ocrx_word' id='word_1_180' title='bbox 956 1074 964 1092; x_wconf 85' lang='lat'>:</span> <span class='ocrx_word' id='word_1_181' title='bbox 1003 1062 1035 1092; x_wconf 84' lang='lat'>&amp;</span> <span class='ocrx_word' id='word_1_182' title='bbox 1058 1071 1112 1092; x_wconf 87' lang='lat' dir='ltr'>or-</span> 
     </span>
     <span class='ocr_line' id='line_1_21' title="bbox 108 1103 1111 1147; baseline -0.002 -10"><span class='ocrx_word' id='word_1_183' title='bbox 108 1104 297 1147; x_wconf 85' lang='lat' dir='ltr'>thopnoeam</span> <span class='ocrx_word' id='word_1_184' title='bbox 320 1105 473 1147; x_wconf 81' lang='lat' dir='ltr'>quidem,</span> <span class='ocrx_word' id='word_1_185' title='bbox 491 1106 527 1145; x_wconf 35' lang='lat' dir='ltr'>s&amp;</span> <span class='ocrx_word' id='word_1_186' title='bbox 552 1105 674 1136; x_wconf 85' lang='lat' dir='ltr'>inanem</span> <span class='ocrx_word' id='word_1_187' title='bbox 698 1104 801 1137; x_wconf 79' lang='lat' dir='ltr'>tussim</span> <span class='ocrx_word' id='word_1_188' title='bbox 825 1115 840 1135; x_wconf 92' lang='lat' dir='ltr'>a</span> <span class='ocrx_word' id='word_1_189' title='bbox 864 1106 971 1146; x_wconf 88' lang='lat' dir='ltr'>primo</span> <span class='ocrx_word' id='word_1_190' title='bbox 987 1129 994 1142; x_wconf 87' lang='lat'>‚</span> <span class='ocrx_word' id='word_1_191' title='bbox 1020 1103 1058 1135; x_wconf 92' lang='lat' dir='ltr'>ab</span> <span class='ocrx_word' id='word_1_192' title='bbox 1080 1113 1111 1135; x_wconf 80' lang='lat' dir='ltr'>a-</span> 
     </span>
     <span class='ocr_line' id='line_1_22' title="bbox 105 1146 1113 1189; baseline -0.003 -9"><span class='ocrx_word' id='word_1_193' title='bbox 105 1149 163 1181; x_wconf 85' lang='lat' dir='ltr'>liis</span> <span class='ocrx_word' id='word_1_194' title='bbox 186 1157 293 1181; x_wconf 78' lang='lat' dir='ltr'>autem</span> <span class='ocrx_word' id='word_1_195' title='bbox 318 1149 416 1180; x_wconf 81' lang='lat' dir='ltr'>levem</span> <span class='ocrx_word' id='word_1_196' title='bbox 443 1147 678 1189; x_wconf 74' lang='lat' dir='ltr'>liaemoptoem,</span> <span class='ocrx_word' id='word_1_197' title='bbox 700 1151 732 1180; x_wconf 72' lang='grc' dir='ltr'>ἅ</span> <span class='ocrx_word' id='word_1_198' title='bbox 755 1146 1035 1181; x_wconf 67' lang='grc' dir='ltr'>ῐυίῖῖῐῐιὶηάυξὶεῐῃ</span> <span class='ocrx_word' id='word_1_199' title='bbox 1060 1157 1113 1178; x_wconf 88' lang='lat' dir='ltr'>an-</span> 
     </span>
     <span class='ocr_line' id='line_1_23' title="bbox 105 1190 1112 1232; baseline -0.003 -8"><span class='ocrx_word' id='word_1_200' title='bbox 105 1200 183 1232; x_wconf 82' lang='lat' dir='ltr'>tea,</span> <span class='ocrx_word' id='word_1_201' title='bbox 207 1194 409 1229; x_wconf 77' lang='lat' dir='ltr'>memorant5</span> <span class='ocrx_word' id='word_1_202' title='bbox 428 1190 573 1223; x_wconf 86' lang='lat' dir='ltr'>dolorem</span> <span class='ocrx_word' id='word_1_203' title='bbox 597 1190 698 1223; x_wconf 90' lang='lat' dir='ltr'>ullum</span> <span class='ocrx_word' id='word_1_204' title='bbox 720 1201 783 1223; x_wconf 91' lang='lat' dir='ltr'>non</span> <span class='ocrx_word' id='word_1_205' title='bbox 806 1200 984 1224; x_wconf 86' lang='lat' dir='ltr'>memorant</span> <span class='ocrx_word' id='word_1_206' title='bbox 1003 1215 1011 1222; x_wconf 90' lang='lat'>.</span> <span class='ocrx_word' id='word_1_207' title='bbox 1044 1191 1112 1221; x_wconf 90' lang='lat' dir='ltr'>Cu-</span> 
     </span>
     <span class='ocr_line' id='line_1_24' title="bbox 104 1233 1111 1277; baseline -0.004 -9"><span class='ocrx_word' id='word_1_208' title='bbox 104 1234 153 1277; x_wconf 84' lang='lat' dir='ltr'>jus</span> <span class='ocrx_word' id='word_1_209' title='bbox 177 1235 374 1268; x_wconf 78' lang='lat' dir='ltr'>mentionem</span> <span class='ocrx_word' id='word_1_210' title='bbox 397 1245 435 1267; x_wconf 89' lang='lat' dir='ltr'>ne</span> <span class='ocrx_word' id='word_1_211' title='bbox 459 1234 498 1267; x_wconf 88' lang='lat' dir='ltr'>ab</span> <span class='ocrx_word' id='word_1_212' title='bbox 519 1234 586 1265; x_wconf 86' lang='lat' dir='ltr'>illis</span> <span class='ocrx_word' id='word_1_213' title='bbox 608 1233 741 1277; x_wconf 88' lang='lat' dir='ltr'>quidem</span> <span class='ocrx_word' id='word_1_214' title='bbox 754 1234 873 1267; x_wconf 64' lang='lat' dir='ltr'>factam</span> <span class='ocrx_word' id='word_1_215' title='bbox 897 1236 1036 1266; x_wconf 88' lang='lat' dir='ltr'>invenies</span> <span class='ocrx_word' id='word_1_216' title='bbox 1056 1234 1111 1275; x_wconf 88' lang='lat' dir='ltr'>qui</span> 
     </span>
     <span class='ocr_line' id='line_1_25' title="bbox 106 1277 1110 1319; baseline -0.003 -8"><span class='ocrx_word' id='word_1_217' title='bbox 106 1279 145 1311; x_wconf 86' lang='lat' dir='ltr'>ab</span> <span class='ocrx_word' id='word_1_218' title='bbox 177 1278 290 1319; x_wconf 79' lang='lat' dir='ltr'>asperis</span> <span class='ocrx_word' id='word_1_219' title='bbox 313 1277 445 1311; x_wconf 86' lang='lat' dir='ltr'>calculis</span> <span class='ocrx_word' id='word_1_220' title='bbox 479 1286 616 1310; x_wconf 78' lang='lat' dir='ltr'>mortem</span> <span class='ocrx_word' id='word_1_221' title='bbox 638 1300 650 1317; x_wconf 79' lang='lat'><em>‚</em></span> <span class='ocrx_word' id='word_1_222' title='bbox 686 1288 751 1310; x_wconf 92' lang='lat' dir='ltr'>non</span> <span class='ocrx_word' id='word_1_223' title='bbox 774 1277 872 1311; x_wconf 87' lang='lat' dir='ltr'>modo</span> <span class='ocrx_word' id='word_1_224' title='bbox 907 1288 1019 1310; x_wconf 67' lang='lat' dir='ltr'>caetera</span> <span class='ocrx_word' id='word_1_225' title='bbox 1041 1287 1110 1318; x_wconf 78' lang='lat' dir='ltr'>quae</span> 
     </span>
     <span class='ocr_line' id='line_1_26' title="bbox 103 1318 1111 1364; baseline -0.003 -10"><span class='ocrx_word' id='word_1_226' title='bbox 103 1332 241 1355; x_wconf 84' lang='lat' dir='ltr'>mortem</span> <span class='ocrx_word' id='word_1_227' title='bbox 266 1320 477 1364; x_wconf 64' lang='lat' dir='ltr'>p1·aecess“e1·ant</span> <span class='ocrx_word' id='word_1_228' title='bbox 499 1344 509 1358; x_wconf 89' lang='lat'><strong><em>,</em></strong></span> <span class='ocrx_word' id='word_1_229' title='bbox 542 1319 747 1354; x_wconf 86' lang='lat' dir='ltr'>incommoda</span> <span class='ocrx_word' id='word_1_230' title='bbox 768 1345 781 1361; x_wconf 78' lang='lat'><em>‚</em></span> <span class='ocrx_word' id='word_1_231' title='bbox 817 1321 945 1354; x_wconf 80' lang='lat' dir='ltr'>allatam</span> <span class='ocrx_word' id='word_1_232' title='bbox 970 1318 1111 1353; x_wconf 87' lang='lat' dir='ltr'>tradide-</span> 
     </span>
     <span class='ocr_line' id='line_1_27' title="bbox 105 1362 1110 1407; baseline -0.003 -9"><span class='ocrx_word' id='word_1_233' title='bbox 105 1374 179 1398; x_wconf 88' lang='lat' dir='ltr'>runt</span> <span class='ocrx_word' id='word_1_234' title='bbox 198 1389 204 1395; x_wconf 94' lang='lat'>.</span> <span class='ocrx_word' id='word_1_235' title='bbox 232 1365 370 1406; x_wconf 76' lang='lat' dir='ltr'>Collega</span> <span class='ocrx_word' id='word_1_236' title='bbox 394 1366 478 1397; x_wconf 90' lang='lat' dir='ltr'>enim</span> <span class='ocrx_word' id='word_1_237' title='bbox 502 1365 609 1396; x_wconf 82' lang='lat' dir='ltr'>Wieri</span> <span class='ocrx_word' id='word_1_238' title='bbox 630 1368 643 1403; x_wconf 91' lang='lat'><strong>(</strong></span> <span class='ocrx_word' id='word_1_239' title='bbox 666 1375 681 1396; x_wconf 89' lang='lat' dir='ltr'>r</span> <span class='ocrx_word' id='word_1_240' title='bbox 702 1368 716 1404; x_wconf 88' lang='lat'>)</span> <span class='ocrx_word' id='word_1_241' title='bbox 739 1364 885 1407; x_wconf 87' lang='lat' dir='ltr'>lapillum</span> <span class='ocrx_word' id='word_1_242' title='bbox 908 1362 1110 1405; x_wconf 56' lang='lat' dir='ltr'>inaequalem,</span> 
     </span>
     <span class='ocr_line' id='line_1_28' title="bbox 105 1405 1110 1450; baseline -0.003 -9"><span class='ocrx_word' id='word_1_243' title='bbox 105 1408 248 1450; x_wconf 82' lang='lat' dir='ltr'>asperum</span> <span class='ocrx_word' id='word_1_244' title='bbox 270 1433 283 1449; x_wconf 82' lang='grc'>,</span> <span class='ocrx_word' id='word_1_245' title='bbox 313 1407 476 1441; x_wconf 86' lang='lat' dir='ltr'>Hildanus</span> <span class='ocrx_word' id='word_1_246' title='bbox 500 1418 650 1450; x_wconf 76' lang='lat' dir='ltr'>magnum</span> <span class='ocrx_word' id='word_1_247' title='bbox 684 1407 777 1441; x_wconf 87' lang='lat' dir='ltr'>illum</span> <span class='ocrx_word' id='word_1_248' title='bbox 799 1407 837 1441; x_wconf 91' lang='lat' dir='ltr'>de</span> <span class='ocrx_word' id='word_1_249' title='bbox 868 1418 934 1450; x_wconf 92' lang='lat' dir='ltr'>quo</span> <span class='ocrx_word' id='word_1_250' title='bbox 969 1405 1110 1440; x_wconf 84' lang='lat' dir='ltr'>diximus</span> 
     </span>
     <span class='ocr_line' id='line_1_29' title="bbox 105 1449 1112 1494; baseline -0.003 -10"><span class='ocrx_word' id='word_1_251' title='bbox 105 1451 164 1494; x_wconf 75' lang='lat' dir='ltr'>(s</span> <span class='ocrx_word' id='word_1_252' title='bbox 180 1455 218 1492; x_wconf 78' lang='lat'>)‚</span> <span class='ocrx_word' id='word_1_253' title='bbox 240 1452 375 1494; x_wconf 76' lang='lat' dir='ltr'>undique</span> <span class='ocrx_word' id='word_1_254' title='bbox 399 1452 540 1494; x_wconf 77' lang='lat' dir='ltr'>asperum</span> <span class='ocrx_word' id='word_1_255' title='bbox 560 1474 571 1490; x_wconf 92' lang='lat'>,</span> <span class='ocrx_word' id='word_1_256' title='bbox 607 1452 771 1493; x_wconf 73' lang='lat' dir='ltr'>Raygerus</span> <span class='ocrx_word' id='word_1_257' title='bbox 801 1454 815 1488; x_wconf 87' lang='lat'>(</span> <span class='ocrx_word' id='word_1_258' title='bbox 838 1458 852 1484; x_wconf 75' lang='lat' dir='ltr'>t</span> <span class='ocrx_word' id='word_1_259' title='bbox 873 1454 887 1490; x_wconf 86' lang='lat'>)</span> <span class='ocrx_word' id='word_1_260' title='bbox 918 1461 1018 1483; x_wconf 88' lang='lat' dir='ltr'>unum</span> <span class='ocrx_word' id='word_1_261' title='bbox 1040 1449 1112 1482; x_wconf 77' lang='lat' dir='ltr'>hinc</span> 
     </span>
     <span class='ocr_line' id='line_1_30' title="bbox 103 1492 1111 1536; baseline -0.003 -9"><span class='ocrx_word' id='word_1_262' title='bbox 103 1497 174 1528; x_wconf 86' lang='lat' dir='ltr'>inde</span> <span class='ocrx_word' id='word_1_263' title='bbox 198 1502 347 1533; x_wconf 74' lang='lat' dir='ltr'>acutum,</span> <span class='ocrx_word' id='word_1_264' title='bbox 374 1495 423 1536; x_wconf 67' lang='lat' dir='ltr'>lo.</span> <span class='ocrx_word' id='word_1_265' title='bbox 450 1494 517 1527; x_wconf 90' lang='lat' dir='ltr'>Seb.</span> <span class='ocrx_word' id='word_1_266' title='bbox 542 1493 734 1527; x_wconf 87' lang='lat' dir='ltr'>Albrechtus</span> <span class='ocrx_word' id='word_1_267' title='bbox 759 1499 768 1533; x_wconf 97' lang='lat'>(</span> <span class='ocrx_word' id='word_1_268' title='bbox 792 1505 812 1526; x_wconf 83' lang='lat' dir='ltr'><em>u</em></span> <span class='ocrx_word' id='word_1_269' title='bbox 835 1498 848 1533; x_wconf 86' lang='lat'>&gt;</span> <span class='ocrx_word' id='word_1_270' title='bbox 874 1494 992 1535; x_wconf 72' lang='lat' dir='ltr'>viginti</span> <span class='ocrx_word' id='word_1_271' title='bbox 1023 1492 1111 1525; x_wconf 69' lang='lat' dir='ltr'>valde</span> 
     </span>
     <span class='ocr_line' id='line_1_31' title="bbox 106 1533 1113 1581; baseline -0.002 -11"><span class='ocrx_word' id='word_1_272' title='bbox 106 1538 253 1581; x_wconf 76' lang='lat' dir='ltr'>asperos,</span> <span class='ocrx_word' id='word_1_273' title='bbox 273 1539 328 1581; x_wconf 87' lang='lat' dir='ltr'>Jo.</span> <span class='ocrx_word' id='word_1_274' title='bbox 355 1533 439 1571; x_wconf 74' lang='lat' dir='ltr'>Phil.</span> <span class='ocrx_word' id='word_1_275' title='bbox 466 1536 603 1570; x_wconf 84' lang='lat' dir='ltr'>Wolfius</span> <span class='ocrx_word' id='word_1_276' title='bbox 627 1541 640 1576; x_wconf 84' lang='grc'>&lt;</span> <span class='ocrx_word' id='word_1_277' title='bbox 663 1547 684 1570; x_wconf 89' lang='lat' dir='ltr'><em>x</em></span> <span class='ocrx_word' id='word_1_278' title='bbox 704 1541 718 1577; x_wconf 84' lang='grc'>)</span> <span class='ocrx_word' id='word_1_279' title='bbox 751 1538 857 1570; x_wconf 88' lang='lat' dir='ltr'>multo</span> <span class='ocrx_word' id='word_1_280' title='bbox 881 1538 986 1578; x_wconf 75' lang='lat' dir='ltr'>plures</span> <span class='ocrx_word' id='word_1_281' title='bbox 1001 1534 1113 1579; x_wconf 79' lang='lat' dir='ltr'>fbrmae</span> 
     </span>
     <span class='ocr_line' id='line_1_32' title="bbox 108 1579 1113 1623; baseline -0.003 -9"><span class='ocrx_word' id='word_1_282' title='bbox 108 1591 211 1614; x_wconf 77' lang='lat' dir='ltr'>omnes</span> <span class='ocrx_word' id='word_1_283' title='bbox 233 1581 400 1623; x_wconf 73' lang='lat' dir='ltr'>asperioris</span> <span class='ocrx_word' id='word_1_284' title='bbox 433 1590 486 1613; x_wconf 90' lang='lat' dir='ltr'>aut</span> <span class='ocrx_word' id='word_1_285' title='bbox 510 1581 542 1612; x_wconf 86' lang='lat' dir='ltr'>in</span> <span class='ocrx_word' id='word_1_286' title='bbox 577 1581 781 1621; x_wconf 80' lang='lat' dir='ltr'>pulmonibus</span> <span class='ocrx_word' id='word_1_287' title='bbox 805 1579 1078 1623; x_wconf 71' lang='lat' dir='ltr'>deprehenderunt</span> <span class='ocrx_word' id='word_1_288' title='bbox 1103 1601 1113 1616; x_wconf 90' lang='lat'>‚</span> 
     </span>
     <span class='ocr_line' id='line_1_33' title="bbox 107 1622 1113 1665; baseline -0.002 -9"><span class='ocrx_word' id='word_1_289' title='bbox 107 1634 161 1659; x_wconf 84' lang='lat' dir='ltr'>aut</span> <span class='ocrx_word' id='word_1_290' title='bbox 197 1624 359 1657; x_wconf 75' lang='lat' dir='ltr'>extuffitos</span> <span class='ocrx_word' id='word_1_291' title='bbox 382 1623 615 1665; x_wconf 78' lang='lat' dir='ltr'>conspexerunt</span> <span class='ocrx_word' id='word_1_292' title='bbox 638 1647 644 1654; x_wconf 91' lang='lat'>.</span> <span class='ocrx_word' id='word_1_293' title='bbox 678 1624 765 1656; x_wconf 83' lang='lat' dir='ltr'>Cum</span> <span class='ocrx_word' id='word_1_294' title='bbox 791 1633 896 1657; x_wconf 83' lang='lat' dir='ltr'>autem</span> <span class='ocrx_word' id='word_1_295' title='bbox 942 1622 1078 1657; x_wconf 87' lang='lat' dir='ltr'>hthifim</span> <span class='ocrx_word' id='word_1_296' title='bbox 1101 1646 1113 1662; x_wconf 88' lang='lat'><em>‚</em></span> 
     </span>
     <span class='ocr_line' id='line_1_34' title="bbox 102 1665 1115 1710; baseline -0.002 -11"><span class='ocrx_word' id='word_1_297' title='bbox 102 1667 229 1707; x_wconf 84' lang='lat' dir='ltr'>tuffim,</span> <span class='ocrx_word' id='word_1_298' title='bbox 252 1666 468 1708; x_wconf 74' lang='lat' dir='ltr'>liaemoptoem</span> <span class='ocrx_word' id='word_1_299' title='bbox 484 1689 497 1706; x_wconf 81' lang='grc'>,</span> <span class='ocrx_word' id='word_1_300' title='bbox 520 1665 659 1704; x_wconf 81' lang='lat' dir='ltr'>asthma,</span> <span class='ocrx_word' id='word_1_301' title='bbox 685 1666 894 1710; x_wconf 81' lang='lat' dir='ltr'>dyspnoeam,</span> <span class='ocrx_word' id='word_1_302' title='bbox 931 1667 1035 1700; x_wconf 85' lang='lat' dir='ltr'>ebrem</span> <span class='ocrx_word' id='word_1_303' title='bbox 1059 1665 1115 1698; x_wconf 87' lang='lat' dir='ltr'>he-</span> 
     </span>
     <span class='ocr_line' id='line_1_35' title="bbox 106 1710 1115 1752; baseline -0.003 -9"><span class='ocrx_word' id='word_1_304' title='bbox 106 1712 223 1743; x_wconf 65' lang='lat' dir='ltr'>&amp;icam</span> <span class='ocrx_word' id='word_1_305' title='bbox 247 1712 281 1742; x_wconf 92' lang='lat' dir='ltr'>in</span> <span class='ocrx_word' id='word_1_306' title='bbox 305 1710 372 1742; x_wconf 84' lang='lat' dir='ltr'>illis</span> <span class='ocrx_word' id='word_1_307' title='bbox 395 1712 489 1752; x_wconf 82' lang='lat' dir='ltr'>aegris</span> <span class='ocrx_word' id='word_1_308' title='bbox 506 1732 514 1746; x_wconf 86' lang='lat'>‚</span> <span class='ocrx_word' id='word_1_309' title='bbox 538 1711 655 1752; x_wconf 84' lang='lat' dir='ltr'>aliique</span> <span class='ocrx_word' id='word_1_310' title='bbox 680 1710 740 1743; x_wconf 90' lang='lat' dir='ltr'>alia</span> <span class='ocrx_word' id='word_1_311' title='bbox 764 1711 1035 1750; x_wconf 81' lang='lat' dir='ltr'>memoraverint5</span> <span class='ocrx_word' id='word_1_312' title='bbox 1060 1720 1115 1741; x_wconf 92' lang='lat' dir='ltr'>ne-</span> 
     </span>
     <span class='ocr_line' id='line_1_36' title="bbox 102 1752 1112 1796; baseline -0.002 -10"><span class='ocrx_word' id='word_1_313' title='bbox 102 1764 157 1786; x_wconf 88' lang='lat' dir='ltr'>mo</span> <span class='ocrx_word' id='word_1_314' title='bbox 190 1753 292 1787; x_wconf 83' lang='lat' dir='ltr'>ullam</span> <span class='ocrx_word' id='word_1_315' title='bbox 315 1752 440 1786; x_wconf 82' lang='lat' dir='ltr'>doloris</span> <span class='ocrx_word' id='word_1_316' title='bbox 474 1754 670 1787; x_wconf 83' lang='lat' dir='ltr'>mentionem</span> <span class='ocrx_word' id='word_1_317' title='bbox 702 1752 845 1796; x_wconf 78' lang='lat' dir='ltr'>injecit5</span> <span class='ocrx_word' id='word_1_318' title='bbox 881 1764 916 1787; x_wconf 89' lang='lat' dir='ltr'>ut</span> <span class='ocrx_word' id='word_1_319' title='bbox 949 1753 1002 1788; x_wconf 78' lang='lat' dir='ltr'>liic</span> <span class='ocrx_word' id='word_1_320' title='bbox 1034 1754 1112 1786; x_wconf 88' lang='lat' dir='ltr'>levis</span> 
     </span>
     <span class='ocr_line' id='line_1_37' title="bbox 102 1796 1112 1841; baseline -0.002 -12"><span class='ocrx_word' id='word_1_321' title='bbox 102 1796 374 1838; x_wconf 68' lang='lat' dir='ltr'>fuerit&#39;oporteat</span> <span class='ocrx_word' id='word_1_322' title='bbox 397 1820 404 1835; x_wconf 90' lang='lat'>,</span> <span class='ocrx_word' id='word_1_323' title='bbox 438 1808 504 1830; x_wconf 88' lang='lat' dir='ltr'>non</span> <span class='ocrx_word' id='word_1_324' title='bbox 529 1796 707 1830; x_wconf 84' lang='lat' dir='ltr'>horrendus</span> <span class='ocrx_word' id='word_1_325' title='bbox 742 1798 906 1840; x_wconf 80' lang='lat' dir='ltr'>(qualern</span> <span class='ocrx_word' id='word_1_326' title='bbox 941 1797 1112 1841; x_wconf 84' lang='lat' dir='ltr'>proposuit</span> 
     </span>
     <span class='ocr_line' id='line_1_38' title="bbox 99 1839 1113 1883; baseline -0.002 -10"><span class='ocrx_word' id='word_1_327' title='bbox 99 1841 273 1873; x_wconf 83' lang='lat' dir='ltr'>Mortonus</span> <span class='ocrx_word' id='word_1_328' title='bbox 297 1841 352 1883; x_wconf 82' lang='lat' dir='ltr'>(y</span> <span class='ocrx_word' id='word_1_329' title='bbox 376 1844 389 1879; x_wconf 88' lang='lat'><em>)</em></span> <span class='ocrx_word' id='word_1_330' title='bbox 412 1843 425 1880; x_wconf 93' lang='lat'>)</span> <span class='ocrx_word' id='word_1_331' title='bbox 458 1841 605 1882; x_wconf 87' lang='lat' dir='ltr'>quamvis</span> <span class='ocrx_word' id='word_1_332' title='bbox 627 1840 740 1873; x_wconf 89' lang='lat' dir='ltr'>calculi</span> <span class='ocrx_word' id='word_1_333' title='bbox 775 1852 839 1874; x_wconf 89' lang='lat' dir='ltr'>non</span> <span class='ocrx_word' id='word_1_334' title='bbox 862 1841 966 1874; x_wconf 81' lang='lat' dir='ltr'>solum</span> <span class='ocrx_word' id='word_1_335' title='bbox 1003 1839 1113 1873; x_wconf 88' lang='lat' dir='ltr'>idonei</span> 
     </span>
     <span class='ocr_line' id='line_1_39' title="bbox 105 1881 1112 1928; baseline 0.001 -13"><span class='ocrx_word' id='word_1_336' title='bbox 105 1881 200 1916; x_wconf 84' lang='lat' dir='ltr'>essent</span> <span class='ocrx_word' id='word_1_337' title='bbox 223 1883 263 1916; x_wconf 85' lang='lat' dir='ltr'>ad</span> <span class='ocrx_word' id='word_1_338' title='bbox 287 1884 486 1917; x_wconf 86' lang='lat' dir='ltr'>lacerandum</span> <span class='ocrx_word' id='word_1_339' title='bbox 510 1895 522 1922; x_wconf 79' lang='lat'>5</span> <span class='ocrx_word' id='word_1_340' title='bbox 557 1882 607 1916; x_wconf 85' lang='lat' dir='ltr'>secl</span> <span class='ocrx_word' id='word_1_341' title='bbox 632 1885 729 1916; x_wconf 90' lang='lat' dir='ltr'>etiam</span> <span class='ocrx_word' id='word_1_342' title='bbox 749 1908 762 1924; x_wconf 85' lang='lat'><em>,</em></span> <span class='ocrx_word' id='word_1_343' title='bbox 794 1893 830 1918; x_wconf 89' lang='lat' dir='ltr'>ut</span> <span class='ocrx_word' id='word_1_344' title='bbox 854 1886 889 1917; x_wconf 91' lang='lat' dir='ltr'>in</span> <span class='ocrx_word' id='word_1_345' title='bbox 919 1883 1112 1928; x_wconf 83' lang='lat' dir='ltr'>quibusdam</span> 
     </span>
     <span class='ocr_line' id='line_1_40' title="bbox 101 1925 822 1969; baseline 0.003 -11"><span class='ocrx_word' id='word_1_346' title='bbox 101 1925 239 1959; x_wconf 84' lang='lat' dir='ltr'>ostendit</span> <span class='ocrx_word' id='word_1_347' title='bbox 263 1926 392 1969; x_wconf 85' lang='lat' dir='ltr'>sputum</span> <span class='ocrx_word' id='word_1_348' title='bbox 417 1927 601 1969; x_wconf 78' lang='lat' dir='ltr'>sanguinis,</span> <span class='ocrx_word' id='word_1_349' title='bbox 624 1926 822 1961; x_wconf 73' lang='lat' dir='ltr'>lacerassent.</span> 
     </span>
    </p>

    <p class='ocr_par' dir='ltr' id='par_1_5' title="bbox 95 1970 1111 2576">
     <span class='ocr_line' id='line_1_41' title="bbox 146 1970 1107 2014; baseline 0.001 -12"><span class='ocrx_word' id='word_1_350' title='bbox 146 1981 197 2012; x_wconf 82' lang='lat'>23.</span> <span class='ocrx_word' id='word_1_351' title='bbox 223 1970 315 2008; x_wconf 85' lang='lat' dir='ltr'>Quin</span> <span class='ocrx_word' id='word_1_352' title='bbox 340 1970 465 2014; x_wconf 76' lang='lat' dir='ltr'>sanguis</span> <span class='ocrx_word' id='word_1_353' title='bbox 489 1981 522 2003; x_wconf 89' lang='lat' dir='ltr'>ea</span> <span class='ocrx_word' id='word_1_354' title='bbox 546 1981 775 2012; x_wconf 79' lang='lat' dir='ltr'>nonnunquam</span> <span class='ocrx_word' id='word_1_355' title='bbox 798 1972 888 2013; x_wconf 82' lang='lat' dir='ltr'>copia</span> <span class='ocrx_word' id='word_1_356' title='bbox 900 1970 1022 2014; x_wconf 89' lang='lat' dir='ltr'>prodiit</span> <span class='ocrx_word' id='word_1_357' title='bbox 1038 1997 1047 2010; x_wconf 91' lang='lat'>,</span> <span class='ocrx_word' id='word_1_358' title='bbox 1071 1978 1107 2003; x_wconf 89' lang='lat' dir='ltr'>ut</span> 
     </span>
     <span class='ocr_line' id='line_1_42' title="bbox 98 2013 1111 2058; baseline 0 -12"><span class='ocrx_word' id='word_1_359' title='bbox 98 2013 284 2054; x_wconf 83' lang='lat' dir='ltr'>occideret,</span> <span class='ocrx_word' id='word_1_360' title='bbox 305 2014 392 2047; x_wconf 90' lang='lat' dir='ltr'>velut</span> <span class='ocrx_word' id='word_1_361' title='bbox 416 2013 600 2056; x_wconf 81' lang='lat' dir='ltr'>generosum</span> <span class='ocrx_word' id='word_1_362' title='bbox 623 2014 717 2047; x_wconf 90' lang='lat' dir='ltr'>illum</span> <span class='ocrx_word' id='word_1_363' title='bbox 742 2015 861 2048; x_wconf 84' lang='lat' dir='ltr'>Virum</span> <span class='ocrx_word' id='word_1_364' title='bbox 882 2038 890 2054; x_wconf 82' lang='lat'><strong>,</strong></span> <span class='ocrx_word' id='word_1_365' title='bbox 912 2026 1008 2058; x_wconf 85' lang='lat' dir='ltr'>quem</span> <span class='ocrx_word' id='word_1_366' title='bbox 1035 2015 1111 2048; x_wconf 92' lang='lat' dir='ltr'>Do-</span> 
     </span>
     <span class='ocr_line' id='line_1_43' title="bbox 104 2056 1109 2101; baseline 0 -12"><span class='ocrx_word' id='word_1_367' title='bbox 104 2057 235 2089; x_wconf 79' lang='lat' dir='ltr'>donaetis</span> <span class='ocrx_word' id='word_1_368' title='bbox 258 2060 272 2096; x_wconf 89' lang='lat'>(</span> <span class='ocrx_word' id='word_1_369' title='bbox 295 2069 319 2101; x_wconf 66' lang='lat' dir='ltr'><em>z</em></span> <span class='ocrx_word' id='word_1_370' title='bbox 340 2061 380 2098; x_wconf 84' lang='lat'>)‚</span> <span class='ocrx_word' id='word_1_371' title='bbox 404 2056 624 2090; x_wconf 73' lang='lat' dir='ltr'>vehementem</span> <span class='ocrx_word' id='word_1_372' title='bbox 647 2057 777 2101; x_wconf 91' lang='lat' dir='ltr'>quidem</span> <span class='ocrx_word' id='word_1_373' title='bbox 800 2057 903 2092; x_wconf 84' lang='lat' dir='ltr'>tuffim</span> <span class='ocrx_word' id='word_1_374' title='bbox 924 2082 937 2099; x_wconf 86' lang='lat'><em>,</em></span> <span class='ocrx_word' id='word_1_375' title='bbox 961 2069 991 2091; x_wconf 86' lang='lat' dir='ltr'>at</span> <span class='ocrx_word' id='word_1_376' title='bbox 1014 2058 1109 2092; x_wconf 89' lang='lat' dir='ltr'>dolo-</span> 
     </span>
     <span class='ocr_line' id='line_1_44' title="bbox 98 2100 1111 2143; baseline 0 -11"><span class='ocrx_word' id='word_1_377' title='bbox 98 2111 163 2132; x_wconf 90' lang='lat' dir='ltr'>rem</span> <span class='ocrx_word' id='word_1_378' title='bbox 187 2100 311 2133; x_wconf 86' lang='lat' dir='ltr'>nullum</span> <span class='ocrx_word' id='word_1_379' title='bbox 333 2110 535 2140; x_wconf 74' lang='lat' dir='ltr'>memorans,</span> <span class='ocrx_word' id='word_1_380' title='bbox 557 2101 718 2134; x_wconf 85' lang='lat' dir='ltr'>calculum</span> <span class='ocrx_word' id='word_1_381' title='bbox 728 2102 805 2143; x_wconf 71' lang='lat' dir='ltr'>saepe</span> <span class='ocrx_word' id='word_1_382' title='bbox 829 2100 1016 2141; x_wconf 73' lang='lat' dir='ltr'>excrevisse,</span> <span class='ocrx_word' id='word_1_383' title='bbox 1040 2112 1111 2133; x_wconf 86' lang='lat' dir='ltr'>nar-</span> 
     </span>
     <span class='ocr_line' id='line_1_45' title="bbox 98 2143 1109 2186; baseline 0 -10"><span class='ocrx_word' id='word_1_384' title='bbox 98 2153 172 2184; x_wconf 85' lang='lat' dir='ltr'>rat,</span> <span class='ocrx_word' id='word_1_385' title='bbox 197 2145 251 2185; x_wconf 77' lang='lat' dir='ltr'>qm·</span> <span class='ocrx_word' id='word_1_386' title='bbox 272 2145 305 2176; x_wconf 86' lang='lat' dir='ltr'>in</span> <span class='ocrx_word' id='word_1_387' title='bbox 330 2145 479 2178; x_wconf 79' lang='lat' dir='ltr'>extremis</span> <span class='ocrx_word' id='word_1_388' title='bbox 503 2143 613 2185; x_wconf 66' lang='lat' dir='ltr'>asperae</span> <span class='ocrx_word' id='word_1_389' title='bbox 637 2146 757 2177; x_wconf 61' lang='lat' dir='ltr'>arteriae</span> <span class='ocrx_word' id='word_1_390' title='bbox 781 2144 914 2178; x_wconf 83' lang='lat' dir='ltr'>ramulis</span> <span class='ocrx_word' id='word_1_391' title='bbox 937 2157 973 2177; x_wconf 85' lang='lat' dir='ltr'>ac</span> <span class='ocrx_word' id='word_1_392' title='bbox 992 2154 1109 2186; x_wconf 82' lang='lat' dir='ltr'>propa-</span> 
     </span>
     <span class='ocr_line' id='line_1_46' title="bbox 95 2184 1109 2230; baseline -0.004 -9"><span class='ocrx_word' id='word_1_393' title='bbox 95 2186 224 2230; x_wconf 84' lang='lat' dir='ltr'>ginibus</span> <span class='ocrx_word' id='word_1_394' title='bbox 249 2194 344 2219; x_wconf 82' lang='lat' dir='ltr'>natus</span> <span class='ocrx_word' id='word_1_395' title='bbox 359 2212 366 2222; x_wconf 83' lang='lat'>,</span> <span class='ocrx_word' id='word_1_396' title='bbox 390 2186 451 2220; x_wconf 85' lang='lat' dir='ltr'>loci</span> <span class='ocrx_word' id='word_1_397' title='bbox 466 2186 603 2228; x_wconf 77' lang='lat' dir='ltr'>figuram</span> <span class='ocrx_word' id='word_1_398' title='bbox 617 2184 792 2228; x_wconf 74' lang='lat' dir='ltr'>referebat,</span> <span class='ocrx_word' id='word_1_399' title='bbox 808 2185 916 2228; x_wconf 66' lang='lat' dir='ltr'>forma</span> <span class='ocrx_word' id='word_1_400' title='bbox 941 2186 1086 2228; x_wconf 78' lang='lat' dir='ltr'>oblongus</span> <span class='ocrx_word' id='word_1_401' title='bbox 1097 2209 1109 2226; x_wconf 88' lang='lat'><em>‚</em></span> 
     </span>
     <span class='ocr_line' id='line_1_47' title="bbox 101 2228 1109 2272; baseline -0.001 -9"><span class='ocrx_word' id='word_1_402' title='bbox 101 2238 183 2263; x_wconf 78' lang='lat' dir='ltr'>teres</span> <span class='ocrx_word' id='word_1_403' title='bbox 214 2253 228 2269; x_wconf 82' lang='lat'><em>,</em></span> <span class='ocrx_word' id='word_1_404' title='bbox 270 2228 432 2271; x_wconf 75' lang='lat' dir='ltr'>tenuisque</span> <span class='ocrx_word' id='word_1_405' title='bbox 448 2229 579 2272; x_wconf 80' lang='lat' dir='ltr'>subinde</span> <span class='ocrx_word' id='word_1_406' title='bbox 612 2229 736 2261; x_wconf 75' lang='lat' dir='ltr'>adnatis</span> <span class='ocrx_word' id='word_1_407' title='bbox 769 2228 914 2262; x_wconf 65' lang='lat' dir='ltr'>brevibus</span> <span class='ocrx_word' id='word_1_408' title='bbox 946 2228 1078 2263; x_wconf 65' lang='lat' dir='ltr'>ramulis</span> <span class='ocrx_word' id='word_1_409' title='bbox 1101 2254 1109 2262; x_wconf 98' lang='lat'>.</span> 
     </span>
     <span class='ocr_line' id='line_1_48' title="bbox 99 2271 1111 2314; baseline -0.001 -8"><span class='ocrx_word' id='word_1_410' title='bbox 99 2274 227 2306; x_wconf 81' lang='lat' dir='ltr'>Contra</span> <span class='ocrx_word' id='word_1_411' title='bbox 252 2297 259 2311; x_wconf 91' lang='lat'><strong>‚</strong></span> <span class='ocrx_word' id='word_1_412' title='bbox 293 2272 377 2305; x_wconf 87' lang='lat' dir='ltr'>nihil</span> <span class='ocrx_word' id='word_1_413' title='bbox 402 2272 514 2314; x_wconf 84' lang='lat' dir='ltr'>rejecit</span> <span class='ocrx_word' id='word_1_414' title='bbox 539 2271 699 2313; x_wconf 79' lang='lat' dir='ltr'>sanguinis</span> <span class='ocrx_word' id='word_1_415' title='bbox 720 2272 770 2305; x_wconf 89' lang='lat' dir='ltr'>vir</span> <span class='ocrx_word' id='word_1_416' title='bbox 793 2272 871 2304; x_wconf 84' lang='lat' dir='ltr'>alter</span> <span class='ocrx_word' id='word_1_417' title='bbox 896 2274 909 2311; x_wconf 86' lang='lat'>(</span> <span class='ocrx_word' id='word_1_418' title='bbox 931 2273 984 2314; x_wconf 88' lang='lat' dir='ltr'>a)</span> <span class='ocrx_word' id='word_1_419' title='bbox 1008 2295 1018 2310; x_wconf 92' lang='lat'>,</span> <span class='ocrx_word' id='word_1_420' title='bbox 1052 2273 1111 2314; x_wconf 83' lang='lat' dir='ltr'>qui</span> 
     </span>
     <span class='ocr_line' id='line_1_49' title="bbox 100 2313 1111 2357; baseline 0 -9"><span class='ocrx_word' id='word_1_421' title='bbox 100 2316 162 2348; x_wconf 86' lang='lat' dir='ltr'>levi</span> <span class='ocrx_word' id='word_1_422' title='bbox 185 2313 339 2357; x_wconf 77' lang='lat' dir='ltr'>dyspnoea</span> <span class='ocrx_word' id='word_1_423' title='bbox 357 2338 368 2355; x_wconf 75' lang='lat'>‚</span> <span class='ocrx_word' id='word_1_424' title='bbox 392 2316 484 2348; x_wconf 87' lang='lat' dir='ltr'>nullo</span> <span class='ocrx_word' id='word_1_425' title='bbox 507 2324 612 2347; x_wconf 84' lang='lat' dir='ltr'>autem</span> <span class='ocrx_word' id='word_1_426' title='bbox 634 2314 746 2348; x_wconf 89' lang='lat' dir='ltr'>dolore</span> <span class='ocrx_word' id='word_1_427' title='bbox 770 2324 900 2348; x_wconf 83' lang='lat' dir='ltr'>vexatus</span> <span class='ocrx_word' id='word_1_428' title='bbox 922 2339 934 2355; x_wconf 84' lang='lat'><em>‚</em></span> <span class='ocrx_word' id='word_1_429' title='bbox 958 2315 1111 2357; x_wconf 82' lang='lat' dir='ltr'>plurimas</span> 
     </span>
     <span class='ocr_line' id='line_1_50' title="bbox 99 2357 1108 2401; baseline -0.001 -9"><span class='ocrx_word' id='word_1_430' title='bbox 99 2360 135 2392; x_wconf 84' lang='lat' dir='ltr'>in</span> <span class='ocrx_word' id='word_1_431' title='bbox 158 2369 293 2400; x_wconf 86' lang='lat' dir='ltr'>utroque</span> <span class='ocrx_word' id='word_1_432' title='bbox 327 2358 477 2401; x_wconf 90' lang='lat' dir='ltr'>pulmone</span> <span class='ocrx_word' id='word_1_433' title='bbox 500 2357 614 2391; x_wconf 89' lang='lat' dir='ltr'>habuit</span> <span class='ocrx_word' id='word_1_434' title='bbox 646 2357 814 2399; x_wconf 84' lang='lat' dir='ltr'>tophaceas</span> <span class='ocrx_word' id='word_1_435' title='bbox 854 2360 1072 2391; x_wconf 82' lang='lat' dir='ltr'>concretiones</span> <span class='ocrx_word' id='word_1_436' title='bbox 1095 2381 1108 2398; x_wconf 84' lang='lat'><em>,</em></span> 
     </span>
     <span class='ocr_line' id='line_1_51' title="bbox 100 2400 1107 2445; baseline -0.002 -10"><span class='ocrx_word' id='word_1_437' title='bbox 100 2402 314 2445; x_wconf 71' lang='lat' dir='ltr'>magnitudine</span> <span class='ocrx_word' id='word_1_438' title='bbox 337 2401 498 2434; x_wconf 59' lang='lat' dir='ltr'>avellanas</span> <span class='ocrx_word' id='word_1_439' title='bbox 514 2401 569 2443; x_wconf 69' lang='lat' dir='ltr'>sar</span> <span class='ocrx_word' id='word_1_440' title='bbox 587 2402 720 2442; x_wconf 80' lang='lat' dir='ltr'>grandes</span> <span class='ocrx_word' id='word_1_441' title='bbox 732 2408 912 2442; x_wconf 53' lang='lat' dir='ltr'>aequantem</span> <span class='ocrx_word' id='word_1_442' title='bbox 936 2400 1048 2434; x_wconf 81' lang='lat' dir='ltr'>multis</span> <span class='ocrx_word' id='word_1_443' title='bbox 1072 2413 1107 2433; x_wconf 83' lang='lat' dir='ltr'>a-</span> 
     </span>
     <span class='ocr_line' id='line_1_52' title="bbox 103 2442 1107 2486; baseline -0.004 -6"><span class='ocrx_word' id='word_1_444' title='bbox 103 2454 196 2480; x_wconf 73' lang='lat' dir='ltr'>cutas</span> <span class='ocrx_word' id='word_1_445' title='bbox 223 2445 329 2481; x_wconf 81' lang='lat' dir='ltr'>uncis,</span> <span class='ocrx_word' id='word_1_446' title='bbox 355 2444 408 2485; x_wconf 71' lang='lat' dir='ltr'>qui</span> <span class='ocrx_word' id='word_1_447' title='bbox 423 2443 499 2486; x_wconf 85' lang='lat' dir='ltr'>sese</span> <span class='ocrx_word' id='word_1_448' title='bbox 520 2442 735 2476; x_wconf 66' lang='lat' dir='ltr'>hronrhiornm</span> <span class='ocrx_word' id='word_1_449' title='bbox 741 2442 889 2485; x_wconf 79' lang='lat' dir='ltr'>pluribus</span> <span class='ocrx_word' id='word_1_450' title='bbox 913 2445 1011 2478; x_wconf 84' lang='lat' dir='ltr'>ramis</span> <span class='ocrx_word' id='word_1_451' title='bbox 1034 2443 1107 2486; x_wconf 81' lang='lat' dir='ltr'>infi-</span> 
     </span>
     <span class='ocr_line' id='line_1_53' title="bbox 97 2485 1106 2532; baseline -0.001 -11"><span class='ocrx_word' id='word_1_452' title='bbox 97 2487 212 2532; x_wconf 70' lang='lat' dir='ltr'>gebant</span> <span class='ocrx_word' id='word_1_453' title='bbox 231 2511 239 2519; x_wconf 91' lang='lat'>.</span> <span class='ocrx_word' id='word_1_454' title='bbox 274 2488 403 2522; x_wconf 81' lang='lat' dir='ltr'>Scilicet</span> <span class='ocrx_word' id='word_1_455' title='bbox 425 2486 463 2519; x_wconf 83' lang='lat' dir='ltr'>ab</span> <span class='ocrx_word' id='word_1_456' title='bbox 484 2487 578 2520; x_wconf 72' lang='lat' dir='ltr'>initio</span> <span class='ocrx_word' id='word_1_457' title='bbox 599 2485 705 2519; x_wconf 73' lang='lat' dir='ltr'>molles</span> <span class='ocrx_word' id='word_1_458' title='bbox 728 2511 736 2525; x_wconf 95' lang='lat'>,</span> <span class='ocrx_word' id='word_1_459' title='bbox 768 2485 968 2530; x_wconf 76' lang='lat' dir='ltr'>affumserant</span> <span class='ocrx_word' id='word_1_460' title='bbox 993 2486 1106 2529; x_wconf 78' lang='lat' dir='ltr'>sensim</span> 
     </span>
     <span class='ocr_line' id='line_1_54' title="bbox 100 2529 1107 2576; baseline 0 -15"><span class='ocrx_word' id='word_1_461' title='bbox 100 2531 326 2576; x_wconf 52' lang='lat' dir='ltr'>aeminenti-&#39;um</span> <span class='ocrx_word' id='word_1_462' title='bbox 349 2529 504 2563; x_wconf 82' lang='lat' dir='ltr'>canalium</span> <span class='ocrx_word' id='word_1_463' title='bbox 547 2540 659 2572; x_wconf 79' lang='lat' dir='ltr'>guram</span> <span class='ocrx_word' id='word_1_464' title='bbox 692 2529 846 2563; x_wconf 75' lang='lat' dir='ltr'>internam</span> <span class='ocrx_word' id='word_1_465' title='bbox 857 2554 872 2571; x_wconf 51' lang='lat'><em>9</em></span> <span class='ocrx_word' id='word_1_466' title='bbox 887 2530 991 2573; x_wconf 71' lang='lat' dir='ltr'>sicque</span> <span class='ocrx_word' id='word_1_467' title='bbox 1014 2541 1107 2563; x_wconf 71' lang='lat' dir='ltr'>uncos</span> 
     </span>
    </p>
   </div>
   <div class='ocr_carea' id='block_1_5' title="bbox 97 2567 310 2778">
    <p class='ocr_par' dir='ltr' id='par_1_6' title="bbox 97 2567 310 2778">
     <span class='ocr_line' id='line_1_55' title="bbox 97 2567 220 2723; baseline 0 0"><span class='ocrx_word' id='word_1_468' title='bbox 97 2567 220 2723; x_wconf 95' lang='lat' dir='ltr'>     </span> 
     </span>
     <span class='ocr_line' id='line_1_56' title="bbox 97 2723 310 2778; baseline 0 0"><span class='ocrx_word' id='word_1_469' title='bbox 97 2723 310 2745; x_wconf 95' lang='lat' dir='ltr'>  </span> <span class='ocrx_word' id='word_1_470' title='bbox 133 2732 310 2778; x_wconf 95' lang='lat' dir='ltr'>  </span> 
     </span>
    </p>
   </div>
   <div class='ocr_carea' id='block_1_6' title="bbox 95 2572 1107 2833">
    <p class='ocr_par' dir='ltr' id='par_1_7' title="bbox 95 2572 1107 2616">
     <span class='ocr_line' id='line_1_57' title="bbox 95 2572 1107 2616; baseline 0.001 -11"><span class='ocrx_word' id='word_1_471' title='bbox 95 2587 152 2616; x_wconf 45' lang='lat' dir='ltr'>pig</span> <span class='ocrx_word' id='word_1_472' title='bbox 220 2581 442 2614; x_wconf 47' lang='lat' dir='ltr'>formaveram</span> <span class='ocrx_word' id='word_1_473' title='bbox 463 2597 472 2612; x_wconf 91' lang='lat'><strong><em>‚</em></strong></span> <span class='ocrx_word' id='word_1_474' title='bbox 494 2583 513 2605; x_wconf 81' lang='lat' dir='ltr'><em>u</em></span> <span class='ocrx_word' id='word_1_475' title='bbox 536 2575 547 2605; x_wconf 82' lang='lat' dir='ltr'>i</span> <span class='ocrx_word' id='word_1_476' title='bbox 571 2584 607 2607; x_wconf 81' lang='lat' dir='ltr'>ex</span> <span class='ocrx_word' id='word_1_477' title='bbox 630 2583 688 2604; x_wconf 72' lang='lat' dir='ltr'>ano</span> <span class='ocrx_word' id='word_1_478' title='bbox 712 2572 815 2606; x_wconf 82' lang='lat' dir='ltr'>canali</span> <span class='ocrx_word' id='word_1_479' title='bbox 837 2574 891 2606; x_wconf 70' lang='lat' dir='ltr'>via</span> <span class='ocrx_word' id='word_1_480' title='bbox 915 2575 947 2606; x_wconf 85' lang='lat' dir='ltr'>in</span> <span class='ocrx_word' id='word_1_481' title='bbox 971 2572 1107 2606; x_wconf 77' lang='lat' dir='ltr'>alteram</span> 
     </span>
    </p>

    <p class='ocr_par' dir='ltr' id='par_1_8' title="bbox 95 2615 1107 2790">
     <span class='ocr_line' id='line_1_58' title="bbox 214 2615 1107 2656; baseline 0.001 -8.882"><span class='ocrx_word' id='word_1_482' title='bbox 214 2627 245 2648; x_wconf 69' lang='grc' dir='ltr'>ῑ.</span> <span class='ocrx_word' id='word_1_483' title='bbox 270 2618 476 2649; x_wconf 52' lang='lat' dir='ltr'>&amp;inveniunt</span> <span class='ocrx_word' id='word_1_484' title='bbox 500 2615 567 2649; x_wconf 77' lang='lat' dir='ltr'>liaec</span> <span class='ocrx_word' id='word_1_485' title='bbox 591 2627 663 2649; x_wconf 92' lang='lat' dir='ltr'>cum</span> <span class='ocrx_word' id='word_1_486' title='bbox 688 2616 803 2648; x_wconf 87' lang='lat' dir='ltr'>Plateri</span> <span class='ocrx_word' id='word_1_487' title='bbox 828 2620 842 2656; x_wconf 86' lang='lat'>(</span> <span class='ocrx_word' id='word_1_488' title='bbox 863 2615 882 2648; x_wconf 84' lang='lat' dir='ltr'><em>b</em></span> <span class='ocrx_word' id='word_1_489' title='bbox 909 2620 920 2656; x_wconf 92' lang='lat'>)</span> <span class='ocrx_word' id='word_1_490' title='bbox 944 2617 1107 2649; x_wconf 77' lang='lat' dir='ltr'>Observa-</span> 
     </span>
     <span class='ocr_line' id='line_1_59' title="bbox 121 2659 1100 2702; baseline 0.001 -11"><span class='ocrx_word' id='word_1_491' title='bbox 121 2662 125 2665; x_wconf 72' lang='grc'><strong><em>’</em></strong></span> <span class='ocrx_word' id='word_1_492' title='bbox 236 2661 292 2702; x_wconf 64' lang='lat' dir='ltr'>&gt;qui</span> <span class='ocrx_word' id='word_1_493' title='bbox 306 2660 506 2696; x_wconf 62' lang='lat' dir='ltr'>ouirnonares</span> <span class='ocrx_word' id='word_1_494' title='bbox 529 2659 667 2693; x_wconf 85' lang='lat' dir='ltr'>calculos</span> <span class='ocrx_word' id='word_1_495' title='bbox 691 2669 771 2692; x_wconf 80' lang='lat' dir='ltr'>nunc</span> <span class='ocrx_word' id='word_1_496' title='bbox 781 2659 912 2702; x_wconf 83' lang='lat' dir='ltr'>planos,</span> <span class='ocrx_word' id='word_1_497' title='bbox 935 2670 1016 2693; x_wconf 78' lang='lat' dir='ltr'>nanc</span> <span class='ocrx_word' id='word_1_498' title='bbox 1027 2661 1100 2692; x_wconf 81' lang='lat' dir='ltr'>inae-</span> 
     </span>
     <span class='ocr_line' id='line_1_60' title="bbox 100 2701 1103 2746; baseline 0.001 -13"><span class='ocrx_word' id='word_1_499' title='bbox 100 2714 150 2746; x_wconf 46' lang='lat' dir='ltr'>qs„</span> <span class='ocrx_word' id='word_1_500' title='bbox 244 2713 245 2716; x_wconf 48' lang='lat'>¹</span> <span class='ocrx_word' id='word_1_501' title='bbox 263 2706 303 2733; x_wconf 53' lang='lat'>:³2³-</span> <span class='ocrx_word' id='word_1_502' title='bbox 324 2713 382 2744; x_wconf 71' lang='lat' dir='ltr'>pro</span> <span class='ocrx_word' id='word_1_503' title='bbox 404 2704 524 2737; x_wconf 80' lang='lat' dir='ltr'>ratione</span> <span class='ocrx_word' id='word_1_504' title='bbox 545 2703 690 2745; x_wconf 63' lang='lat' dir='ltr'>vasorum</span> <span class='ocrx_word' id='word_1_505' title='bbox 712 2701 801 2744; x_wconf 79' lang='lat' dir='ltr'>tophi</span> <span class='ocrx_word' id='word_1_506' title='bbox 833 2703 928 2742; x_wconf 77' lang='lat' dir='ltr'>instar</span> <span class='ocrx_word' id='word_1_507' title='bbox 942 2701 1103 2745; x_wconf 78' lang='lat' dir='ltr'>formatos</span> 
     </span>
     <span class='ocr_line' id='line_1_61' title="bbox 102 2743 971 2790; baseline -0.001 -12"><span class='ocrx_word' id='word_1_508' title='bbox 102 2747 159 2780; x_wconf 28' lang='lat' dir='ltr'>ali..</span> <span class='ocrx_word' id='word_1_509' title='bbox 232 2773 237 2777; x_wconf 85' lang='lat'>.</span> <span class='ocrx_word' id='word_1_510' title='bbox 291 2745 423 2788; x_wconf 54' lang='lat' dir='ltr'>jeffone</span> <span class='ocrx_word' id='word_1_511' title='bbox 440 2745 474 2789; x_wconf 91' lang='lat' dir='ltr'>se</span> <span class='ocrx_word' id='word_1_512' title='bbox 507 2743 728 2790; x_wconf 73' lang='lat' dir='ltr'>deprehendiffe</span> <span class='ocrx_word' id='word_1_513' title='bbox 753 2769 766 2786; x_wconf 81' lang='grc'>,</span> <span class='ocrx_word' id='word_1_514' title='bbox 798 2746 971 2780; x_wconf 77' lang='lat' dir='ltr'>retulerat.</span> 
     </span>
    </p>

    <p class='ocr_par' dir='ltr' id='par_1_9' title="bbox 99 2786 1106 2833">
     <span class='ocr_line' id='line_1_62' title="bbox 99 2786 1106 2833; baseline 0.003 -14"><span class='ocrx_word' id='word_1_515' title='bbox 99 2791 173 2833; x_wconf 33' lang='lat' dir='ltr'>{im</span> <span class='ocrx_word' id='word_1_516' title='bbox 196 2800 269 2820; x_wconf 64' lang='lat' dir='ltr'>veto</span> <span class='ocrx_word' id='word_1_517' title='bbox 294 2787 361 2830; x_wconf 76' lang='lat' dir='ltr'>post</span> <span class='ocrx_word' id='word_1_518' title='bbox 382 2790 537 2831; x_wconf 62' lang='lat' dir='ltr'>longum,</span> <span class='ocrx_word' id='word_1_519' title='bbox 562 2789 612 2822; x_wconf 90' lang='lat' dir='ltr'>sed</span> <span class='ocrx_word' id='word_1_520' title='bbox 636 2786 762 2821; x_wconf 80' lang='lat' dir='ltr'>fortasse</span> <span class='ocrx_word' id='word_1_521' title='bbox 785 2801 848 2823; x_wconf 91' lang='lat' dir='ltr'>non</span> <span class='ocrx_word' id='word_1_522' title='bbox 871 2790 1046 2826; x_wconf 88' lang='lat' dir='ltr'>inutilem,</span> <span class='ocrx_word' id='word_1_523' title='bbox 1068 2787 1106 2822; x_wconf 88' lang='lat' dir='ltr'>de</span> 
     </span>
    </p>
   </div>
   <div class='ocr_carea' id='block_1_7' title="bbox 101 2827 1109 3483">
    <p class='ocr_par' dir='ltr' id='par_1_10' title="bbox 101 2827 1109 3397">
     <span class='ocr_line' id='line_1_63' title="bbox 104 2827 1104 2878; baseline -0.001 -12"><span class='ocrx_word' id='word_1_524' title='bbox 104 2834 154 2866; x_wconf 32' lang='lat' dir='ltr'>{fv-iz</span> <span class='ocrx_word' id='word_1_525' title='bbox 178 2833 308 2878; x_wconf 63' lang='lat' dir='ltr'>calculis</span> <span class='ocrx_word' id='word_1_526' title='bbox 332 2827 530 2873; x_wconf 75' lang='lat' dir='ltr'>sermonem,</span> <span class='ocrx_word' id='word_1_527' title='bbox 553 2832 637 2866; x_wconf 87' lang='lat' dir='ltr'>illud</span> <span class='ocrx_word' id='word_1_528' title='bbox 657 2830 819 2874; x_wconf 84' lang='lat' dir='ltr'>constare,</span> <span class='ocrx_word' id='word_1_529' title='bbox 843 2833 971 2866; x_wconf 88' lang='lat' dir='ltr'>tandem</span> <span class='ocrx_word' id='word_1_530' title='bbox 994 2832 1104 2873; x_wconf 87' lang='lat' dir='ltr'>vides,</span> 
     </span>
     <span class='ocr_line' id='line_1_64' title="bbox 102 2875 1106 2919; baseline 0.003 -12"><span class='ocrx_word' id='word_1_531' title='bbox 102 2879 189 2918; x_wconf 40' lang='lat' dir='ltr'>&lt;itari</span> <span class='ocrx_word' id='word_1_532' title='bbox 212 2875 305 2916; x_wconf 74' lang='lat' dir='ltr'>hujus</span> <span class='ocrx_word' id='word_1_533' title='bbox 329 2876 425 2909; x_wconf 83' lang='lat' dir='ltr'>initio</span> <span class='ocrx_word' id='word_1_534' title='bbox 450 2875 622 2919; x_wconf 80' lang='lat' dir='ltr'>proposui,</span> <span class='ocrx_word' id='word_1_535' title='bbox 649 2876 788 2908; x_wconf 85' lang='lat' dir='ltr'>calculos</span> <span class='ocrx_word' id='word_1_536' title='bbox 812 2878 959 2909; x_wconf 86' lang='lat' dir='ltr'>inventos</span> <span class='ocrx_word' id='word_1_537' title='bbox 982 2875 1038 2909; x_wconf 81' lang='lat' dir='ltr'>esse</span> <span class='ocrx_word' id='word_1_538' title='bbox 1050 2878 1106 2918; x_wconf 90' lang='lat' dir='ltr'>qui</span> 
     </span>
     <span class='ocr_line' id='line_1_65' title="bbox 102 2919 1107 2954; baseline 0 -2"><span class='ocrx_word' id='word_1_539' title='bbox 102 2930 183 2953; x_wconf 46' lang='lat' dir='ltr'>carte</span> <span class='ocrx_word' id='word_1_540' title='bbox 205 2920 420 2952; x_wconf 71' lang='lat' dir='ltr'>cont-severint</span> <span class='ocrx_word' id='word_1_541' title='bbox 443 2921 476 2952; x_wconf 87' lang='lat' dir='ltr'>in</span> <span class='ocrx_word' id='word_1_542' title='bbox 500 2919 667 2952; x_wconf 87' lang='lat' dir='ltr'>bronchiis</span> <span class='ocrx_word' id='word_1_543' title='bbox 683 2944 689 2950; x_wconf 99' lang='lat'>.</span> <span class='ocrx_word' id='word_1_544' title='bbox 704 2920 756 2952; x_wconf 75' lang='lat' dir='ltr'>&#39;In</span> <span class='ocrx_word' id='word_1_545' title='bbox 767 2919 879 2954; x_wconf 85' lang='lat' dir='ltr'>iisdem</span> <span class='ocrx_word' id='word_1_546' title='bbox 893 2929 997 2953; x_wconf 89' lang='lat' dir='ltr'>autem</span> <span class='ocrx_word' id='word_1_547' title='bbox 1008 2920 1107 2952; x_wconf 89' lang='lat' dir='ltr'>bron-</span> 
     </span>
     <span class='ocr_line' id='line_1_66' title="bbox 102 2963 1108 3006; baseline -0.001 -9"><span class='ocrx_word' id='word_1_548' title='bbox 102 2963 185 2997; x_wconf 60' lang='lat' dir='ltr'>clitis</span> <span class='ocrx_word' id='word_1_549' title='bbox 199 2985 211 3002; x_wconf 66' lang='lat'>2</span> <span class='ocrx_word' id='word_1_550' title='bbox 234 2963 372 3004; x_wconf 82' lang='lat' dir='ltr'>itemque</span> <span class='ocrx_word' id='word_1_551' title='bbox 394 2964 428 2999; x_wconf 79' lang='lat' dir='ltr'>in</span> <span class='ocrx_word' id='word_1_552' title='bbox 450 2963 573 2996; x_wconf 79' lang='lat' dir='ltr'>cellulis</span> <span class='ocrx_word' id='word_1_553' title='bbox 598 2965 632 2996; x_wconf 89' lang='lat' dir='ltr'>in</span> <span class='ocrx_word' id='word_1_554' title='bbox 656 2973 733 3005; x_wconf 88' lang='lat' dir='ltr'>quas</span> <span class='ocrx_word' id='word_1_555' title='bbox 754 2964 864 2997; x_wconf 91' lang='lat' dir='ltr'>ultimi</span> <span class='ocrx_word' id='word_1_556' title='bbox 889 2963 1033 3006; x_wconf 87' lang='lat' dir='ltr'>ipsorum</span> <span class='ocrx_word' id='word_1_557' title='bbox 1055 2963 1108 2996; x_wconf 88' lang='lat' dir='ltr'>de-</span> 
     </span>
     <span class='ocr_line' id='line_1_67' title="bbox 103 3005 1105 3050; baseline 0 -10"><span class='ocrx_word' id='word_1_558' title='bbox 103 3005 354 3046; x_wconf 65' lang='lat' dir='ltr'>sinuntramuli,</span> <span class='ocrx_word' id='word_1_559' title='bbox 376 3006 538 3050; x_wconf 82' lang='lat' dir='ltr'>plerosque</span> <span class='ocrx_word' id='word_1_560' title='bbox 563 3008 683 3049; x_wconf 83' lang='lat' dir='ltr'>pariter</span> <span class='ocrx_word' id='word_1_561' title='bbox 692 3006 880 3041; x_wconf 85' lang='lat' dir='ltr'>concrevisse</span> <span class='ocrx_word' id='word_1_562' title='bbox 903 3015 1012 3040; x_wconf 86' lang='lat' dir='ltr'>eorum</span> <span class='ocrx_word' id='word_1_563' title='bbox 1025 3018 1105 3050; x_wconf 89' lang='lat' dir='ltr'>quos</span> 
     </span>
     <span class='ocr_line' id='line_1_68' title="bbox 102 3049 1102 3092; baseline -0.002 -8"><span class='ocrx_word' id='word_1_564' title='bbox 102 3050 302 3088; x_wconf 76' lang='lat' dir='ltr'>memoravi,</span> <span class='ocrx_word' id='word_1_565' title='bbox 328 3049 531 3083; x_wconf 86' lang='lat' dir='ltr'>minimorum</span> <span class='ocrx_word' id='word_1_566' title='bbox 554 3050 753 3092; x_wconf 70' lang='lat' dir='ltr'>prcesertim,</span> <span class='ocrx_word' id='word_1_567' title='bbox 774 3050 928 3084; x_wconf 87' lang='lat' dir='ltr'>credibile</span> <span class='ocrx_word' id='word_1_568' title='bbox 951 3050 1032 3083; x_wconf 87' lang='lat' dir='ltr'>facit</span> <span class='ocrx_word' id='word_1_569' title='bbox 1053 3062 1102 3082; x_wconf 87' lang='lat' dir='ltr'>eo-</span> 
     </span>
     <span class='ocr_line' id='line_1_69' title="bbox 102 3091 1102 3136; baseline -0.002 -8"><span class='ocrx_word' id='word_1_570' title='bbox 102 3093 236 3129; x_wconf 65' lang='lat' dir='ltr'>rundem</span> <span class='ocrx_word' id='word_1_571' title='bbox 260 3091 343 3125; x_wconf 84' lang='lat' dir='ltr'>baud</span> <span class='ocrx_word' id='word_1_572' title='bbox 368 3103 438 3125; x_wconf 86' lang='lat' dir='ltr'>raro</span> <span class='ocrx_word' id='word_1_573' title='bbox 459 3092 520 3126; x_wconf 88' lang='lat' dir='ltr'>fine</span> <span class='ocrx_word' id='word_1_574' title='bbox 544 3105 618 3136; x_wconf 87' lang='lat' dir='ltr'>pure</span> <span class='ocrx_word' id='word_1_575' title='bbox 636 3118 648 3134; x_wconf 75' lang='lat'><em>‚</em></span> <span class='ocrx_word' id='word_1_576' title='bbox 671 3095 703 3126; x_wconf 69' lang='grc' dir='ltr'>δε</span> <span class='ocrx_word' id='word_1_577' title='bbox 728 3092 876 3136; x_wconf 76' lang='lat' dir='ltr'>sanguine</span> <span class='ocrx_word' id='word_1_578' title='bbox 899 3094 1002 3127; x_wconf 87' lang='lat' dir='ltr'>secuta</span> <span class='ocrx_word' id='word_1_579' title='bbox 1025 3093 1102 3134; x_wconf 84' lang='lat' dir='ltr'>reje-</span> 
     </span>
     <span class='ocr_line' id='line_1_70' title="bbox 104 3135 1103 3182; baseline 0.001 -13"><span class='ocrx_word' id='word_1_580' title='bbox 104 3139 171 3171; x_wconf 60' lang='lat' dir='ltr'>frio</span> <span class='ocrx_word' id='word_1_581' title='bbox 193 3161 200 3167; x_wconf 96' lang='lat'>.</span> <span class='ocrx_word' id='word_1_582' title='bbox 234 3136 333 3175; x_wconf 81' lang='lat' dir='ltr'>Qod</span> <span class='ocrx_word' id='word_1_583' title='bbox 357 3135 379 3182; x_wconf 71' lang='lat' dir='ltr'>si</span> <span class='ocrx_word' id='word_1_584' title='bbox 415 3136 516 3169; x_wconf 85' lang='lat' dir='ltr'>crebri</span> <span class='ocrx_word' id='word_1_585' title='bbox 542 3137 646 3179; x_wconf 80' lang='lat' dir='ltr'>paffim</span> <span class='ocrx_word' id='word_1_586' title='bbox 678 3136 909 3171; x_wconf 87' lang='lat' dir='ltr'>bronchiorum</span> <span class='ocrx_word' id='word_1_587' title='bbox 934 3137 1103 3171; x_wconf 78' lang='lat' dir='ltr'>ramusculi</span> 
     </span>
     <span class='ocr_line' id='line_1_71' title="bbox 105 3179 1104 3224; baseline 0 -11"><span class='ocrx_word' id='word_1_588' title='bbox 105 3181 237 3214; x_wconf 68' lang='lat' dir='ltr'>iixateria</span> <span class='ocrx_word' id='word_1_589' title='bbox 259 3191 328 3221; x_wconf 76' lang='lat' dir='ltr'>quae</span> <span class='ocrx_word' id='word_1_590' title='bbox 351 3179 392 3212; x_wconf 82' lang='lat' dir='ltr'>llc</span> <span class='ocrx_word' id='word_1_591' title='bbox 415 3179 607 3213; x_wconf 86' lang='lat' dir='ltr'>indurescere</span> <span class='ocrx_word' id='word_1_592' title='bbox 623 3180 735 3224; x_wconf 77' lang='lat' dir='ltr'>possit,</span> <span class='ocrx_word' id='word_1_593' title='bbox 759 3181 985 3219; x_wconf 76' lang='lat' dir='ltr'>obsideantur3</span> <span class='ocrx_word' id='word_1_594' title='bbox 1008 3182 1104 3214; x_wconf 86' lang='lat' dir='ltr'>intel-</span> 
     </span>
     <span class='ocr_line' id='line_1_72' title="bbox 105 3223 1107 3267; baseline 0 -10"><span class='ocrx_word' id='word_1_595' title='bbox 105 3226 180 3265; x_wconf 66' lang='lat' dir='ltr'>ligis</span> <span class='ocrx_word' id='word_1_596' title='bbox 198 3246 206 3261; x_wconf 90' lang='lat'>,</span> <span class='ocrx_word' id='word_1_597' title='bbox 237 3234 298 3266; x_wconf 85' lang='lat' dir='ltr'>qua</span> <span class='ocrx_word' id='word_1_598' title='bbox 321 3223 445 3255; x_wconf 85' lang='lat' dir='ltr'>ratione</span> <span class='ocrx_word' id='word_1_599' title='bbox 468 3224 504 3255; x_wconf 90' lang='lat' dir='ltr'>ab</span> <span class='ocrx_word' id='word_1_600' title='bbox 525 3225 631 3257; x_wconf 84' lang='lat' dir='ltr'>innata</span> <span class='ocrx_word' id='word_1_601' title='bbox 655 3224 745 3256; x_wconf 82' lang='lat' dir='ltr'>cansa</span> <span class='ocrx_word' id='word_1_602' title='bbox 770 3226 935 3267; x_wconf 87' lang='lat' dir='ltr'>pulmones</span> <span class='ocrx_word' id='word_1_603' title='bbox 959 3224 1037 3258; x_wconf 84' lang='lat' dir='ltr'>fiant</span> <span class='ocrx_word' id='word_1_604' title='bbox 1059 3224 1107 3258; x_wconf 91' lang='lat' dir='ltr'>la-</span> 
     </span>
     <span class='ocr_line' id='line_1_73' title="bbox 101 3265 1108 3310; baseline 0.003 -11"><span class='ocrx_word' id='word_1_605' title='bbox 101 3266 292 3310; x_wconf 68' lang='lat' dir='ltr'>pidescentes</span> <span class='ocrx_word' id='word_1_606' title='bbox 308 3291 317 3306; x_wconf 91' lang='lat'>‚</span> <span class='ocrx_word' id='word_1_607' title='bbox 340 3268 371 3298; x_wconf 83' lang='lat'>&amp;</span> <span class='ocrx_word' id='word_1_608' title='bbox 396 3265 503 3307; x_wconf 79' lang='lat' dir='ltr'>tophos</span> <span class='ocrx_word' id='word_1_609' title='bbox 525 3267 659 3309; x_wconf 79' lang='lat' dir='ltr'>lapideos</span> <span class='ocrx_word' id='word_1_610' title='bbox 683 3270 905 3310; x_wconf 70' lang='lat' dir='ltr'>mentientes,</span> <span class='ocrx_word' id='word_1_611' title='bbox 931 3278 984 3302; x_wconf 86' lang='lat' dir='ltr'>aut</span> <span class='ocrx_word' id='word_1_612' title='bbox 1008 3276 1108 3302; x_wconf 81' lang='lat' dir='ltr'>mate-</span> 
     </span>
     <span class='ocr_line' id='line_1_74' title="bbox 103 3309 1109 3354; baseline 0.003 -12"><span class='ocrx_word' id='word_1_613' title='bbox 103 3312 185 3344; x_wconf 52' lang='lat' dir='ltr'>riari.</span> <span class='ocrx_word' id='word_1_614' title='bbox 209 3311 318 3343; x_wconf 71' lang='lat' dir='ltr'>duram</span> <span class='ocrx_word' id='word_1_615' title='bbox 336 3309 482 3352; x_wconf 64' lang='lat' dir='ltr'>gypseum</span> <span class='ocrx_word' id='word_1_616' title='bbox 506 3310 692 3350; x_wconf 85' lang='lat' dir='ltr'>referentes,</span> <span class='ocrx_word' id='word_1_617' title='bbox 717 3312 823 3354; x_wconf 89' lang='lat' dir='ltr'>quales</span> <span class='ocrx_word' id='word_1_618' title='bbox 840 3313 986 3346; x_wconf 88' lang='lat' dir='ltr'>videlicet</span> <span class='ocrx_word' id='word_1_619' title='bbox 1009 3313 1043 3343; x_wconf 88' lang='lat' dir='ltr'>in</span> <span class='ocrx_word' id='word_1_620' title='bbox 1056 3313 1109 3345; x_wconf 87' lang='lat' dir='ltr'>Se-</span> 
     </span>
     <span class='ocr_line' id='line_1_75' title="bbox 105 3353 715 3397; baseline 0.007 -13"><span class='ocrx_word' id='word_1_621' title='bbox 105 3353 274 3397; x_wconf 72' lang='lat' dir='ltr'>pulchreto</span> <span class='ocrx_word' id='word_1_622' title='bbox 296 3355 310 3394; x_wconf 91' lang='lat'>(</span> <span class='ocrx_word' id='word_1_623' title='bbox 332 3365 348 3385; x_wconf 90' lang='lat' dir='ltr'>c</span> <span class='ocrx_word' id='word_1_624' title='bbox 370 3357 383 3392; x_wconf 81' lang='lat'>&gt;</span> <span class='ocrx_word' id='word_1_625' title='bbox 406 3364 715 3388; x_wconf 77' lang='lat' dir='ltr'>commemorantur.</span> 
     </span>
    </p>

    <p class='ocr_par' dir='ltr' id='par_1_11' title="bbox 105 3395 1108 3483">
     <span class='ocr_line' id='line_1_76' title="bbox 109 3395 1108 3440; baseline 0.002 -11"><span class='ocrx_word' id='word_1_626' title='bbox 109 3398 112 3399; x_wconf 48' lang='lat'><em>⁷</em></span> <span class='ocrx_word' id='word_1_627' title='bbox 150 3408 197 3438; x_wconf 63' lang='lat'>24.</span> <span class='ocrx_word' id='word_1_628' title='bbox 224 3398 371 3440; x_wconf 87' lang='lat' dir='ltr'>Denique</span> <span class='ocrx_word' id='word_1_629' title='bbox 402 3407 466 3428; x_wconf 91' lang='lat' dir='ltr'>non</span> <span class='ocrx_word' id='word_1_630' title='bbox 490 3395 551 3429; x_wconf 90' lang='lat' dir='ltr'>hoc</span> <span class='ocrx_word' id='word_1_631' title='bbox 582 3407 707 3432; x_wconf 88' lang='lat' dir='ltr'>tantum</span> <span class='ocrx_word' id='word_1_632' title='bbox 741 3399 840 3433; x_wconf 92' lang='lat' dir='ltr'>modo</span> <span class='ocrx_word' id='word_1_633' title='bbox 859 3423 873 3440; x_wconf 89' lang='lat'><em>,</em></span> <span class='ocrx_word' id='word_1_634' title='bbox 907 3398 955 3433; x_wconf 87' lang='lat' dir='ltr'>sed</span> <span class='ocrx_word' id='word_1_635' title='bbox 980 3402 1011 3433; x_wconf 61' lang='grc' dir='ltr'>δέ</span> <span class='ocrx_word' id='word_1_636' title='bbox 1037 3399 1108 3432; x_wconf 82' lang='lat' dir='ltr'>aliis</span> 
     </span>
     <span class='ocr_line' id='line_1_77' title="bbox 105 3439 1107 3483; baseline 0.002 -10"><span class='ocrx_word' id='word_1_637' title='bbox 105 3441 297 3475; x_wconf 77' lang='lat' dir='ltr'>indurescere</span> <span class='ocrx_word' id='word_1_638' title='bbox 319 3441 483 3483; x_wconf 86' lang='lat' dir='ltr'>pulmones</span> <span class='ocrx_word' id='word_1_639' title='bbox 507 3439 659 3483; x_wconf 80' lang='lat' dir='ltr'>possunt,</span> <span class='ocrx_word' id='word_1_640' title='bbox 687 3451 722 3477; x_wconf 90' lang='lat' dir='ltr'>ut</span> <span class='ocrx_word' id='word_1_641' title='bbox 745 3454 820 3476; x_wconf 89' lang='lat' dir='ltr'>cum</span> <span class='ocrx_word' id='word_1_642' title='bbox 832 3443 979 3477; x_wconf 80' lang='lat' dir='ltr'>scirrhosi</span> <span class='ocrx_word' id='word_1_643' title='bbox 1004 3442 1107 3480; x_wconf 80' lang='lat' dir='ltr'>fiunt,</span> 
     </span>
    </p>
   </div>
   <div class='ocr_carea' id='block_1_8' title="bbox 1153 279 2179 3488">
    <p class='ocr_par' dir='ltr' id='par_1_12' title="bbox 1157 279 2169 1230">
     <span class='ocr_line' id='line_1_78' title="bbox 1158 279 2161 324; baseline 0.001 -9"><span class='ocrx_word' id='word_1_644' title='bbox 1158 289 1211 315; x_wconf 86' lang='lat' dir='ltr'>aut</span> <span class='ocrx_word' id='word_1_645' title='bbox 1232 304 1244 320; x_wconf 85' lang='lat'><em>‚</em></span> <span class='ocrx_word' id='word_1_646' title='bbox 1265 281 1352 324; x_wconf 89' lang='lat' dir='ltr'>quod</span> <span class='ocrx_word' id='word_1_647' title='bbox 1375 282 1475 316; x_wconf 90' lang='lat' dir='ltr'>rarius</span> <span class='ocrx_word' id='word_1_648' title='bbox 1498 281 1541 316; x_wconf 86' lang='lat' dir='ltr'>est</span> <span class='ocrx_word' id='word_1_649' title='bbox 1568 304 1578 319; x_wconf 92' lang='lat'>,</span> <span class='ocrx_word' id='word_1_650' title='bbox 1610 292 1683 314; x_wconf 88' lang='lat' dir='ltr'>cum</span> <span class='ocrx_word' id='word_1_651' title='bbox 1706 279 1866 315; x_wconf 85' lang='lat' dir='ltr'>tendinem</span> <span class='ocrx_word' id='word_1_652' title='bbox 1896 292 2059 315; x_wconf 82' lang='lat' dir='ltr'>carnemve</span> <span class='ocrx_word' id='word_1_653' title='bbox 2082 283 2161 317; x_wconf 86' lang='lat' dir='ltr'>refe-</span> 
     </span>
     <span class='ocr_line' id='line_1_79' title="bbox 1157 323 2160 367; baseline 0.001 -9"><span class='ocrx_word' id='word_1_654' title='bbox 1157 326 1251 358; x_wconf 79' lang='lat' dir='ltr'>runt:</span> <span class='ocrx_word' id='word_1_655' title='bbox 1278 335 1413 367; x_wconf 82' lang='lat' dir='ltr'>quarum</span> <span class='ocrx_word' id='word_1_656' title='bbox 1436 325 1653 358; x_wconf 84' lang='lat' dir='ltr'>mutationum</span> <span class='ocrx_word' id='word_1_657' title='bbox 1674 323 1768 364; x_wconf 77' lang='lat' dir='ltr'>hujus</span> <span class='ocrx_word' id='word_1_658' title='bbox 1791 324 1920 367; x_wconf 90' lang='lat' dir='ltr'>quidem</span> <span class='ocrx_word' id='word_1_659' title='bbox 1940 326 2081 367; x_wconf 82' lang='lat' dir='ltr'>exempla</span> <span class='ocrx_word' id='word_1_660' title='bbox 2104 326 2160 359; x_wconf 88' lang='lat' dir='ltr'>ha-</span> 
     </span>
     <span class='ocr_line' id='line_1_80' title="bbox 1159 366 2157 410; baseline 0.001 -9"><span class='ocrx_word' id='word_1_661' title='bbox 1159 369 1236 408; x_wconf 82' lang='lat' dir='ltr'>bes,</span> <span class='ocrx_word' id='word_1_662' title='bbox 1260 376 1374 410; x_wconf 83' lang='lat' dir='ltr'>praeter</span> <span class='ocrx_word' id='word_1_663' title='bbox 1398 366 1432 400; x_wconf 90' lang='lat' dir='ltr'>id</span> <span class='ocrx_word' id='word_1_664' title='bbox 1454 367 1541 410; x_wconf 84' lang='lat' dir='ltr'>quod</span> <span class='ocrx_word' id='word_1_665' title='bbox 1565 369 1644 400; x_wconf 84' lang='lat' dir='ltr'>alias</span> <span class='ocrx_word' id='word_1_666' title='bbox 1669 367 1723 410; x_wconf 55' lang='lat' dir='ltr'>(d</span> <span class='ocrx_word' id='word_1_667' title='bbox 1744 371 1757 406; x_wconf 85' lang='lat'>&gt;</span> <span class='ocrx_word' id='word_1_668' title='bbox 1781 380 1819 400; x_wconf 86' lang='lat' dir='ltr'>ex</span> <span class='ocrx_word' id='word_1_669' title='bbox 1831 367 1978 401; x_wconf 82' lang='lat' dir='ltr'>Valsalva</span> <span class='ocrx_word' id='word_1_670' title='bbox 2000 369 2134 410; x_wconf 84' lang='lat' dir='ltr'>accipies</span> <span class='ocrx_word' id='word_1_671' title='bbox 2149 396 2157 410; x_wconf 92' lang='lat'>,</span> 
     </span>
     <span class='ocr_line' id='line_1_81' title="bbox 1161 409 2160 454; baseline 0 -9"><span class='ocrx_word' id='word_1_672' title='bbox 1161 411 1242 453; x_wconf 78' lang='lat' dir='ltr'>apud</span> <span class='ocrx_word' id='word_1_673' title='bbox 1262 410 1469 444; x_wconf 66' lang='lat' dir='ltr'>‘franciscum</span> <span class='ocrx_word' id='word_1_674' title='bbox 1493 411 1638 453; x_wconf 88' lang='lat' dir='ltr'>Sylvium</span> <span class='ocrx_word' id='word_1_675' title='bbox 1660 412 1711 452; x_wconf 80' lang='lat' dir='ltr'>(e</span> <span class='ocrx_word' id='word_1_676' title='bbox 1729 409 1767 451; x_wconf 81' lang='lat'>),</span> <span class='ocrx_word' id='word_1_677' title='bbox 1791 412 1822 443; x_wconf 86' lang='lat'>&amp;</span> <span class='ocrx_word' id='word_1_678' title='bbox 1841 411 1898 454; x_wconf 86' lang='lat' dir='ltr'>JO.</span> <span class='ocrx_word' id='word_1_679' title='bbox 1925 412 2017 454; x_wconf 88' lang='lat' dir='ltr'>Bapt.</span> <span class='ocrx_word' id='word_1_680' title='bbox 2039 413 2160 445; x_wconf 82' lang='lat' dir='ltr'>Panto-</span> 
     </span>
     <span class='ocr_line' id='line_1_82' title="bbox 1159 452 2159 496; baseline 0.001 -9"><span class='ocrx_word' id='word_1_681' title='bbox 1159 466 1236 487; x_wconf 91' lang='lat' dir='ltr'>num</span> <span class='ocrx_word' id='word_1_682' title='bbox 1262 452 1368 496; x_wconf 81' lang='lat' dir='ltr'><em>(f)3</em></span> <span class='ocrx_word' id='word_1_683' title='bbox 1393 454 1481 487; x_wconf 88' lang='lat' dir='ltr'>illius</span> <span class='ocrx_word' id='word_1_684' title='bbox 1506 464 1612 487; x_wconf 87' lang='lat' dir='ltr'>autem</span> <span class='ocrx_word' id='word_1_685' title='bbox 1637 455 1702 487; x_wconf 88' lang='lat' dir='ltr'>alio</span> <span class='ocrx_word' id='word_1_686' title='bbox 1726 454 1758 484; x_wconf 90' lang='lat' dir='ltr'>in</span> <span class='ocrx_word' id='word_1_687' title='bbox 1771 453 1843 486; x_wconf 91' lang='lat' dir='ltr'>loco</span> <span class='ocrx_word' id='word_1_688' title='bbox 1867 456 1921 496; x_wconf 83' lang='lat' dir='ltr'>(g</span> <span class='ocrx_word' id='word_1_689' title='bbox 1943 459 1956 495; x_wconf 91' lang='lat'><em>)</em></span> <span class='ocrx_word' id='word_1_690' title='bbox 1979 464 2017 487; x_wconf 86' lang='lat' dir='ltr'>ex</span> <span class='ocrx_word' id='word_1_691' title='bbox 2039 465 2088 487; x_wconf 92' lang='lat' dir='ltr'>me</span> <span class='ocrx_word' id='word_1_692' title='bbox 2102 454 2159 488; x_wconf 90' lang='lat' dir='ltr'>ha-</span> 
     </span>
     <span class='ocr_line' id='line_1_83' title="bbox 1160 495 2160 539; baseline 0.002 -10"><span class='ocrx_word' id='word_1_693' title='bbox 1160 497 1248 532; x_wconf 82' lang='lat' dir='ltr'>bebis</span> <span class='ocrx_word' id='word_1_694' title='bbox 1273 519 1285 536; x_wconf 80' lang='grc'>,</span> <span class='ocrx_word' id='word_1_695' title='bbox 1317 504 1370 529; x_wconf 90' lang='lat' dir='ltr'>aut</span> <span class='ocrx_word' id='word_1_696' title='bbox 1393 508 1467 529; x_wconf 90' lang='lat' dir='ltr'>cum</span> <span class='ocrx_word' id='word_1_697' title='bbox 1489 497 1590 539; x_wconf 87' lang='lat' dir='ltr'>ipsam</span> <span class='ocrx_word' id='word_1_698' title='bbox 1624 497 1709 530; x_wconf 59' lang='lat' dir='ltr'>coeti</span> <span class='ocrx_word' id='word_1_699' title='bbox 1735 495 1859 537; x_wconf 88' lang='lat' dir='ltr'>hepatis</span> <span class='ocrx_word' id='word_1_700' title='bbox 1883 496 2086 531; x_wconf 84' lang='lat' dir='ltr'>substantiam</span> <span class='ocrx_word' id='word_1_701' title='bbox 2111 510 2160 531; x_wconf 90' lang='lat' dir='ltr'>re-</span> 
     </span>
     <span class='ocr_line' id='line_1_84' title="bbox 1159 538 2160 584; baseline 0 -11"><span class='ocrx_word' id='word_1_702' title='bbox 1159 540 1373 584; x_wconf 79' lang='lat' dir='ltr'>praesentant‚</span> <span class='ocrx_word' id='word_1_703' title='bbox 1394 540 1482 582; x_wconf 86' lang='lat' dir='ltr'>quod</span> <span class='ocrx_word' id='word_1_704' title='bbox 1505 552 1579 573; x_wconf 89' lang='lat' dir='ltr'>cum</span> <span class='ocrx_word' id='word_1_705' title='bbox 1602 540 1643 573; x_wconf 87' lang='lat' dir='ltr'>est</span> <span class='ocrx_word' id='word_1_706' title='bbox 1665 563 1677 578; x_wconf 90' lang='lat'>,</span> <span class='ocrx_word' id='word_1_707' title='bbox 1710 538 1865 572; x_wconf 84' lang='lat' dir='ltr'>bronchia</span> <span class='ocrx_word' id='word_1_708' title='bbox 1888 550 1952 573; x_wconf 91' lang='lat' dir='ltr'>non</span> <span class='ocrx_word' id='word_1_709' title='bbox 1983 540 2086 575; x_wconf 89' lang='lat' dir='ltr'>solum</span> <span class='ocrx_word' id='word_1_710' title='bbox 2110 543 2160 573; x_wconf 90' lang='lat' dir='ltr'>in-</span> 
     </span>
     <span class='ocr_line' id='line_1_85' title="bbox 1160 581 2159 625; baseline 0 -8"><span class='ocrx_word' id='word_1_711' title='bbox 1160 585 1293 621; x_wconf 75' lang='lat' dir='ltr'>farciri,</span> <span class='ocrx_word' id='word_1_712' title='bbox 1319 585 1352 615; x_wconf 84' lang='lat'>&amp;</span> <span class='ocrx_word' id='word_1_713' title='bbox 1375 584 1480 616; x_wconf 81' lang='lat' dir='ltr'>minus</span> <span class='ocrx_word' id='word_1_714' title='bbox 1505 583 1624 616; x_wconf 79' lang='lat' dir='ltr'>flexilia</span> <span class='ocrx_word' id='word_1_715' title='bbox 1648 582 1736 619; x_wconf 74' lang='lat' dir='ltr'>fieri3</span> <span class='ocrx_word' id='word_1_716' title='bbox 1761 581 1811 616; x_wconf 91' lang='lat' dir='ltr'>sed</span> <span class='ocrx_word' id='word_1_717' title='bbox 1824 581 1915 616; x_wconf 85' lang='lat' dir='ltr'>simul</span> <span class='ocrx_word' id='word_1_718' title='bbox 1940 585 2076 617; x_wconf 81' lang='lat' dir='ltr'>maxime</span> <span class='ocrx_word' id='word_1_719' title='bbox 2088 595 2159 625; x_wconf 83' lang='lat' dir='ltr'>pre-</span> 
     </span>
     <span class='ocr_line' id='line_1_86' title="bbox 1160 625 2161 667; baseline -0.002 -6"><span class='ocrx_word' id='word_1_720' title='bbox 1160 630 1203 661; x_wconf 87' lang='lat' dir='ltr'>mi</span> <span class='ocrx_word' id='word_1_721' title='bbox 1227 627 1411 667; x_wconf 77' lang='lat' dir='ltr'>contingit.</span> <span class='ocrx_word' id='word_1_722' title='bbox 1436 628 1557 659; x_wconf 86' lang='lat' dir='ltr'>Verum</span> <span class='ocrx_word' id='word_1_723' title='bbox 1582 637 1655 659; x_wconf 90' lang='lat' dir='ltr'>cum</span> <span class='ocrx_word' id='word_1_724' title='bbox 1677 626 1746 659; x_wconf 74' lang='lat' dir='ltr'>haec</span> <span class='ocrx_word' id='word_1_725' title='bbox 1768 625 1956 659; x_wconf 85' lang='lat' dir='ltr'>constitutio</span> <span class='ocrx_word' id='word_1_726' title='bbox 1980 625 2017 658; x_wconf 90' lang='lat' dir='ltr'>ad</span> <span class='ocrx_word' id='word_1_727' title='bbox 2041 628 2161 660; x_wconf 60' lang='lat' dir='ltr'>Sestio-</span> 
     </span>
     <span class='ocr_line' id='line_1_87' title="bbox 1160 669 2164 713; baseline -0.001 -9"><span class='ocrx_word' id='word_1_728' title='bbox 1160 682 1231 704; x_wconf 84' lang='lat' dir='ltr'>nem</span> <span class='ocrx_word' id='word_1_729' title='bbox 1254 671 1411 713; x_wconf 86' lang='lat' dir='ltr'>pertineat</span> <span class='ocrx_word' id='word_1_730' title='bbox 1433 669 1469 702; x_wconf 89' lang='lat' dir='ltr'>de</span> <span class='ocrx_word' id='word_1_731' title='bbox 1495 670 1633 702; x_wconf 60' lang='lat' dir='ltr'>Pectoris</span> <span class='ocrx_word' id='word_1_732' title='bbox 1653 690 1665 708; x_wconf 93' lang='lat'>,</span> <span class='ocrx_word' id='word_1_733' title='bbox 1696 672 1728 702; x_wconf 83' lang='lat'>&amp;</span> <span class='ocrx_word' id='word_1_734' title='bbox 1752 671 1904 702; x_wconf 85' lang='lat' dir='ltr'>Laterum</span> <span class='ocrx_word' id='word_1_735' title='bbox 1936 670 2059 703; x_wconf 88' lang='lat' dir='ltr'>Dolore</span> <span class='ocrx_word' id='word_1_736' title='bbox 2079 681 2092 709; x_wconf 89' lang='lat'><em>;</em></span> <span class='ocrx_word' id='word_1_737' title='bbox 2125 669 2164 703; x_wconf 89' lang='lat' dir='ltr'>ad</span> 
     </span>
     <span class='ocr_line' id='line_1_88' title="bbox 1160 710 2160 754; baseline -0.003 -7"><span class='ocrx_word' id='word_1_738' title='bbox 1160 726 1228 747; x_wconf 87' lang='lat' dir='ltr'>cam</span> <span class='ocrx_word' id='word_1_739' title='bbox 1251 712 1499 746; x_wconf 83' lang='lat' dir='ltr'>Observationes</span> <span class='ocrx_word' id='word_1_740' title='bbox 1523 712 1715 754; x_wconf 79' lang='lat' dir='ltr'>ejuscemodi</span> <span class='ocrx_word' id='word_1_741' title='bbox 1741 713 1857 745; x_wconf 86' lang='lat' dir='ltr'>nostras</span> <span class='ocrx_word' id='word_1_742' title='bbox 1869 710 2051 747; x_wconf 83' lang='lat' dir='ltr'>differemus</span> <span class='ocrx_word' id='word_1_743' title='bbox 2075 712 2160 751; x_wconf 74' lang='lat' dir='ltr'>(h).</span> 
     </span>
     <span class='ocr_line' id='line_1_89' title="bbox 1162 756 2167 798; baseline -0.003 -7"><span class='ocrx_word' id='word_1_744' title='bbox 1162 759 1206 791; x_wconf 87' lang='lat' dir='ltr'>Et</span> <span class='ocrx_word' id='word_1_745' title='bbox 1228 767 1302 791; x_wconf 89' lang='lat' dir='ltr'>cum</span> <span class='ocrx_word' id='word_1_746' title='bbox 1326 756 1367 789; x_wconf 82' lang='lat' dir='ltr'>ad</span> <span class='ocrx_word' id='word_1_747' title='bbox 1390 766 1524 795; x_wconf 71' lang='lat' dir='ltr'>caetera,</span> <span class='ocrx_word' id='word_1_748' title='bbox 1545 767 1614 798; x_wconf 85' lang='lat' dir='ltr'>quae</span> <span class='ocrx_word' id='word_1_749' title='bbox 1639 756 1883 788; x_wconf 80' lang='lat' dir='ltr'>memoravimus</span> <span class='ocrx_word' id='word_1_750' title='bbox 1908 778 1920 795; x_wconf 83' lang='lat'><em>,</em></span> <span class='ocrx_word' id='word_1_751' title='bbox 1943 757 2167 789; x_wconf 77' lang='lat' dir='ltr'>mutationum</span> 
     </span>
     <span class='ocr_line' id='line_1_90' title="bbox 1161 798 2163 844; baseline -0.001 -11"><span class='ocrx_word' id='word_1_752' title='bbox 1161 812 1271 844; x_wconf 71' lang='lat' dir='ltr'>genera</span> <span class='ocrx_word' id='word_1_753' title='bbox 1294 801 1466 833; x_wconf 85' lang='lat' dir='ltr'>attinentes</span> <span class='ocrx_word' id='word_1_754' title='bbox 1498 798 1550 832; x_wconf 83' lang='lat' dir='ltr'>liic</span> <span class='ocrx_word' id='word_1_755' title='bbox 1574 798 1702 842; x_wconf 89' lang='lat' dir='ltr'>quidem</span> <span class='ocrx_word' id='word_1_756' title='bbox 1736 798 1875 840; x_wconf 87' lang='lat' dir='ltr'>proferre</span> <span class='ocrx_word' id='word_1_757' title='bbox 1899 800 1995 832; x_wconf 88' lang='lat' dir='ltr'>nimis</span> <span class='ocrx_word' id='word_1_758' title='bbox 2030 800 2163 842; x_wconf 77' lang='lat' dir='ltr'>longum</span> 
     </span>
     <span class='ocr_line' id='line_1_91' title="bbox 1163 841 2162 885; baseline -0.003 -8"><span class='ocrx_word' id='word_1_759' title='bbox 1163 845 1231 882; x_wconf 80' lang='lat' dir='ltr'>sit5</span> <span class='ocrx_word' id='word_1_760' title='bbox 1266 842 1339 876; x_wconf 77' lang='lat' dir='ltr'>satis</span> <span class='ocrx_word' id='word_1_761' title='bbox 1362 845 1425 875; x_wconf 89' lang='lat' dir='ltr'>erit</span> <span class='ocrx_word' id='word_1_762' title='bbox 1457 854 1553 876; x_wconf 86' lang='lat' dir='ltr'>unam</span> <span class='ocrx_word' id='word_1_763' title='bbox 1578 842 1727 885; x_wconf 85' lang='lat' dir='ltr'>topliacei</span> <span class='ocrx_word' id='word_1_764' title='bbox 1762 843 1924 884; x_wconf 85' lang='lat' dir='ltr'>pulmonis</span> <span class='ocrx_word' id='word_1_765' title='bbox 1957 841 2130 876; x_wconf 85' lang='lat' dir='ltr'>adscribere</span> <span class='ocrx_word' id='word_1_766' title='bbox 2154 868 2162 875; x_wconf 89' lang='lat'>.</span> 
     </span>
     <span class='ocr_line' id='line_1_92' title="bbox 1164 885 2164 928; baseline -0.002 -8"><span class='ocrx_word' id='word_1_767' title='bbox 1164 889 1273 927; x_wconf 70' lang='lat' dir='ltr'>Quam</span> <span class='ocrx_word' id='word_1_768' title='bbox 1296 899 1334 919; x_wconf 89' lang='lat' dir='ltr'>eo</span> <span class='ocrx_word' id='word_1_769' title='bbox 1357 887 1509 919; x_wconf 87' lang='lat' dir='ltr'>libentius</span> <span class='ocrx_word' id='word_1_770' title='bbox 1533 887 1688 928; x_wconf 76' lang='lat' dir='ltr'>accipies,</span> <span class='ocrx_word' id='word_1_771' title='bbox 1711 885 1795 928; x_wconf 82' lang='lat' dir='ltr'>quod</span> <span class='ocrx_word' id='word_1_772' title='bbox 1821 897 1884 917; x_wconf 78' lang='lat' dir='ltr'>non</span> <span class='ocrx_word' id='word_1_773' title='bbox 1909 897 1925 917; x_wconf 91' lang='lat' dir='ltr'>a</span> <span class='ocrx_word' id='word_1_774' title='bbox 1950 898 1998 919; x_wconf 89' lang='lat' dir='ltr'>me</span> <span class='ocrx_word' id='word_1_775' title='bbox 2020 911 2027 921; x_wconf 82' lang='grc'>,</span> <span class='ocrx_word' id='word_1_776' title='bbox 2055 885 2103 919; x_wconf 82' lang='lat' dir='ltr'>sed</span> <span class='ocrx_word' id='word_1_777' title='bbox 2125 885 2164 918; x_wconf 87' lang='lat' dir='ltr'>ab</span> 
     </span>
     <span class='ocr_line' id='line_1_93' title="bbox 1165 927 2166 971; baseline 0 -8"><span class='ocrx_word' id='word_1_778' title='bbox 1165 930 1288 964; x_wconf 86' lang='lat' dir='ltr'>summo</span> <span class='ocrx_word' id='word_1_779' title='bbox 1310 931 1509 963; x_wconf 85' lang='lat' dir='ltr'>Anatomico</span> <span class='ocrx_word' id='word_1_780' title='bbox 1530 951 1538 966; x_wconf 92' lang='lat'>‚</span> <span class='ocrx_word' id='word_1_781' title='bbox 1573 934 1603 961; x_wconf 61' lang='lat' dir='ltr'>i&amp;</span> <span class='ocrx_word' id='word_1_782' title='bbox 1629 929 1758 962; x_wconf 85' lang='lat' dir='ltr'>Medico</span> <span class='ocrx_word' id='word_1_783' title='bbox 1783 927 1969 971; x_wconf 74' lang='lat' dir='ltr'>Malpighio</span> <span class='ocrx_word' id='word_1_784' title='bbox 1992 928 2034 962; x_wconf 91' lang='lat' dir='ltr'>est</span> <span class='ocrx_word' id='word_1_785' title='bbox 2054 953 2061 960; x_wconf 98' lang='lat'>.</span> <span class='ocrx_word' id='word_1_786' title='bbox 2097 929 2166 963; x_wconf 83' lang='lat' dir='ltr'>Hic</span> 
     </span>
     <span class='ocr_line' id='line_1_94' title="bbox 1163 971 2165 1015; baseline -0.001 -9"><span class='ocrx_word' id='word_1_787' title='bbox 1163 975 1270 1013; x_wconf 88' lang='lat' dir='ltr'>enim,</span> <span class='ocrx_word' id='word_1_788' title='bbox 1292 985 1365 1007; x_wconf 90' lang='lat' dir='ltr'>cum</span> <span class='ocrx_word' id='word_1_789' title='bbox 1389 974 1598 1011; x_wconf 87' lang='lat' dir='ltr'>Albertinus,</span> <span class='ocrx_word' id='word_1_790' title='bbox 1623 984 1638 1004; x_wconf 86' lang='lat' dir='ltr'>a</span> <span class='ocrx_word' id='word_1_791' title='bbox 1661 984 1728 1015; x_wconf 91' lang='lat' dir='ltr'>quo</span> <span class='ocrx_word' id='word_1_792' title='bbox 1752 972 1841 1004; x_wconf 88' lang='lat' dir='ltr'>illam</span> <span class='ocrx_word' id='word_1_793' title='bbox 1864 971 1987 1010; x_wconf 86' lang='lat' dir='ltr'>habui,</span> <span class='ocrx_word' id='word_1_794' title='bbox 2009 973 2043 1004; x_wconf 91' lang='lat' dir='ltr'>in</span> <span class='ocrx_word' id='word_1_795' title='bbox 2057 973 2165 1006; x_wconf 81' lang='lat' dir='ltr'>Bono-</span> 
     </span>
     <span class='ocr_line' id='line_1_95' title="bbox 1164 1014 2166 1049; baseline -0.001 0"><span class='ocrx_word' id='word_1_796' title='bbox 1164 1017 1260 1049; x_wconf 86' lang='lat' dir='ltr'>nienfi</span> <span class='ocrx_word' id='word_1_797' title='bbox 1285 1018 1314 1049; x_wconf 84' lang='lat' dir='ltr'>S.</span> <span class='ocrx_word' id='word_1_798' title='bbox 1343 1017 1456 1049; x_wconf 76' lang='lat' dir='ltr'>Mariae</span> <span class='ocrx_word' id='word_1_799' title='bbox 1488 1015 1525 1048; x_wconf 87' lang='lat' dir='ltr'>de</span> <span class='ocrx_word' id='word_1_800' title='bbox 1548 1016 1658 1048; x_wconf 76' lang='lat' dir='ltr'>Morte</span> <span class='ocrx_word' id='word_1_801' title='bbox 1692 1014 1898 1048; x_wconf 88' lang='lat' dir='ltr'>Nosocomio</span> <span class='ocrx_word' id='word_1_802' title='bbox 1929 1014 2052 1048; x_wconf 89' lang='lat' dir='ltr'>Medici</span> <span class='ocrx_word' id='word_1_803' title='bbox 2085 1015 2166 1048; x_wconf 84' lang='lat' dir='ltr'>Assi-</span> 
     </span>
     <span class='ocr_line' id='line_1_96' title="bbox 1164 1057 2166 1102; baseline -0.002 -10"><span class='ocrx_word' id='word_1_804' title='bbox 1164 1060 1272 1094; x_wconf 86' lang='lat' dir='ltr'>stentis</span> <span class='ocrx_word' id='word_1_805' title='bbox 1285 1071 1413 1092; x_wconf 87' lang='lat' dir='ltr'>munere</span> <span class='ocrx_word' id='word_1_806' title='bbox 1424 1057 1659 1101; x_wconf 75' lang='lat' dir='ltr'>diligentissime</span> <span class='ocrx_word' id='word_1_807' title='bbox 1672 1058 1855 1099; x_wconf 77' lang='lat' dir='ltr'>fungeretur</span> <span class='ocrx_word' id='word_1_808' title='bbox 1871 1082 1882 1099; x_wconf 86' lang='lat'><em>,</em></span> <span class='ocrx_word' id='word_1_809' title='bbox 1907 1058 2046 1099; x_wconf 84' lang='lat' dir='ltr'>solebat,</span> <span class='ocrx_word' id='word_1_810' title='bbox 2068 1057 2166 1102; x_wconf 80' lang='lat' dir='ltr'>siquis</span> 
     </span>
     <span class='ocr_line' id='line_1_97' title="bbox 1164 1101 2167 1143; baseline -0.001 -7"><span class='ocrx_word' id='word_1_811' title='bbox 1164 1103 1333 1136; x_wconf 89' lang='lat' dir='ltr'>obscurior</span> <span class='ocrx_word' id='word_1_812' title='bbox 1356 1103 1508 1135; x_wconf 86' lang='lat' dir='ltr'>incideret</span> <span class='ocrx_word' id='word_1_813' title='bbox 1533 1101 1688 1141; x_wconf 86' lang='lat' dir='ltr'>morbus,</span> <span class='ocrx_word' id='word_1_814' title='bbox 1714 1111 1843 1142; x_wconf 79' lang='lat' dir='ltr'>rogatus</span> <span class='ocrx_word' id='word_1_815' title='bbox 1853 1101 2008 1141; x_wconf 85' lang='lat' dir='ltr'>invisere,</span> <span class='ocrx_word' id='word_1_816' title='bbox 2031 1104 2062 1134; x_wconf 84' lang='lat'>&amp;</span> <span class='ocrx_word' id='word_1_817' title='bbox 2086 1102 2167 1143; x_wconf 87' lang='lat' dir='ltr'>quid</span> 
     </span>
     <span class='ocr_line' id='line_1_98' title="bbox 1163 1143 2169 1189; baseline -0.003 -9"><span class='ocrx_word' id='word_1_818' title='bbox 1163 1147 1222 1180; x_wconf 79' lang='lat' dir='ltr'>fibi</span> <span class='ocrx_word' id='word_1_819' title='bbox 1248 1146 1427 1185; x_wconf 81' lang='lat' dir='ltr'>videretur,</span> <span class='ocrx_word' id='word_1_820' title='bbox 1451 1145 1500 1176; x_wconf 87' lang='lat' dir='ltr'>illi</span> <span class='ocrx_word' id='word_1_821' title='bbox 1525 1143 1685 1183; x_wconf 82' lang='lat' dir='ltr'>indicare,</span> <span class='ocrx_word' id='word_1_822' title='bbox 1709 1145 1794 1177; x_wconf 88' lang='lat' dir='ltr'>velut</span> <span class='ocrx_word' id='word_1_823' title='bbox 1818 1146 1852 1177; x_wconf 93' lang='lat' dir='ltr'>in</span> <span class='ocrx_word' id='word_1_824' title='bbox 1877 1156 1915 1178; x_wconf 89' lang='lat' dir='ltr'>eo</span> <span class='ocrx_word' id='word_1_825' title='bbox 1938 1167 1948 1182; x_wconf 89' lang='lat'>,</span> <span class='ocrx_word' id='word_1_826' title='bbox 1972 1155 2067 1189; x_wconf 87' lang='lat' dir='ltr'>quem</span> <span class='ocrx_word' id='word_1_827' title='bbox 2089 1155 2169 1177; x_wconf 90' lang='lat' dir='ltr'>con-</span> 
     </span>
     <span class='ocr_line' id='line_1_99' title="bbox 1164 1186 1799 1230; baseline -0.008 -7"><span class='ocrx_word' id='word_1_828' title='bbox 1164 1192 1258 1223; x_wconf 86' lang='lat' dir='ltr'>tinuo</span> <span class='ocrx_word' id='word_1_829' title='bbox 1282 1188 1467 1230; x_wconf 82' lang='lat' dir='ltr'>subjiciam,</span> <span class='ocrx_word' id='word_1_830' title='bbox 1491 1187 1563 1220; x_wconf 87' lang='lat' dir='ltr'>casu</span> <span class='ocrx_word' id='word_1_831' title='bbox 1588 1186 1712 1220; x_wconf 44' lang='lat' dir='ltr'>sacreum</span> <span class='ocrx_word' id='word_1_832' title='bbox 1735 1186 1799 1219; x_wconf 90' lang='lat' dir='ltr'>est.</span> 
     </span>
    </p>

    <p class='ocr_par' dir='ltr' id='par_1_13' title="bbox 1161 1229 2179 1883">
     <span class='ocr_line' id='line_1_100' title="bbox 1208 1229 2171 1276; baseline -0.005 -9"><span class='ocrx_word' id='word_1_833' title='bbox 1208 1244 1259 1276; x_wconf 60' lang='grc' dir='ltr'>ες.</span> <span class='ocrx_word' id='word_1_834' title='bbox 1283 1232 1484 1268; x_wconf 70' lang='lat' dir='ltr'>FtffiMlNA</span> <span class='ocrx_word' id='word_1_835' title='bbox 1512 1230 1659 1263; x_wconf 80' lang='lat' dir='ltr'>leviilima</span> <span class='ocrx_word' id='word_1_836' title='bbox 1683 1229 1784 1264; x_wconf 83' lang='lat' dir='ltr'>scabie</span> <span class='ocrx_word' id='word_1_837' title='bbox 1806 1256 1814 1270; x_wconf 87' lang='lat'><strong>,</strong></span> <span class='ocrx_word' id='word_1_838' title='bbox 1854 1231 1905 1265; x_wconf 89' lang='lat' dir='ltr'>sed</span> <span class='ocrx_word' id='word_1_839' title='bbox 1929 1242 1992 1264; x_wconf 93' lang='lat' dir='ltr'>non</span> <span class='ocrx_word' id='word_1_840' title='bbox 2017 1231 2079 1263; x_wconf 90' lang='lat' dir='ltr'>levi</span> <span class='ocrx_word' id='word_1_841' title='bbox 2103 1241 2171 1263; x_wconf 89' lang='lat' dir='ltr'>ma-</span> 
     </span>
     <span class='ocr_line' id='line_1_101' title="bbox 1161 1272 2172 1316; baseline -0.003 -6"><span class='ocrx_word' id='word_1_842' title='bbox 1161 1279 1209 1310; x_wconf 82' lang='lat' dir='ltr'>cie</span> <span class='ocrx_word' id='word_1_843' title='bbox 1233 1275 1341 1310; x_wconf 71' lang='lat' dir='ltr'>affeeta</span> <span class='ocrx_word' id='word_1_844' title='bbox 1363 1299 1375 1315; x_wconf 82' lang='grc'>,</span> <span class='ocrx_word' id='word_1_845' title='bbox 1407 1274 1535 1308; x_wconf 86' lang='lat' dir='ltr'>subinde</span> <span class='ocrx_word' id='word_1_846' title='bbox 1558 1272 1699 1307; x_wconf 79' lang='lat' dir='ltr'>tufficula</span> <span class='ocrx_word' id='word_1_847' title='bbox 1721 1295 1730 1309; x_wconf 79' lang='lat'>‚</span> <span class='ocrx_word' id='word_1_848' title='bbox 1765 1285 1861 1316; x_wconf 87' lang='lat' dir='ltr'>quam</span> <span class='ocrx_word' id='word_1_849' title='bbox 1883 1274 2008 1308; x_wconf 89' lang='lat' dir='ltr'>nullum</span> <span class='ocrx_word' id='word_1_850' title='bbox 2031 1285 2172 1316; x_wconf 85' lang='lat' dir='ltr'>unquam</span> 
     </span>
     <span class='ocr_line' id='line_1_102' title="bbox 1161 1316 2171 1361; baseline -0.005 -7"><span class='ocrx_word' id='word_1_851' title='bbox 1161 1320 1286 1354; x_wconf 74' lang='lat' dir='ltr'>crailius</span> <span class='ocrx_word' id='word_1_852' title='bbox 1310 1319 1492 1361; x_wconf 83' lang='lat' dir='ltr'>sequebatur</span> <span class='ocrx_word' id='word_1_853' title='bbox 1515 1317 1644 1360; x_wconf 89' lang='lat' dir='ltr'>sputum</span> <span class='ocrx_word' id='word_1_854' title='bbox 1665 1340 1679 1357; x_wconf 86' lang='lat'><em>,</em></span> <span class='ocrx_word' id='word_1_855' title='bbox 1710 1316 1829 1359; x_wconf 88' lang='lat' dir='ltr'>semper</span> <span class='ocrx_word' id='word_1_856' title='bbox 1852 1327 1958 1350; x_wconf 84' lang='lat' dir='ltr'>autem</span> <span class='ocrx_word' id='word_1_857' title='bbox 1981 1318 2171 1351; x_wconf 86' lang='lat' dir='ltr'>difficultate</span> 
     </span>
     <span class='ocr_line' id='line_1_103' title="bbox 1163 1359 2171 1406; baseline -0.004 -9"><span class='ocrx_word' id='word_1_858' title='bbox 1163 1363 1305 1406; x_wconf 87' lang='lat' dir='ltr'>spirandi</span> <span class='ocrx_word' id='word_1_859' title='bbox 1327 1362 1521 1399; x_wconf 87' lang='lat' dir='ltr'>vexabatur,</span> <span class='ocrx_word' id='word_1_860' title='bbox 1544 1372 1641 1403; x_wconf 87' lang='lat' dir='ltr'>quam</span> <span class='ocrx_word' id='word_1_861' title='bbox 1664 1359 1726 1393; x_wconf 85' lang='lat' dir='ltr'>five</span> <span class='ocrx_word' id='word_1_862' title='bbox 1750 1360 1881 1402; x_wconf 83' lang='lat' dir='ltr'>supina,</span> <span class='ocrx_word' id='word_1_863' title='bbox 1907 1359 1967 1394; x_wconf 81' lang='lat' dir='ltr'>five</span> <span class='ocrx_word' id='word_1_864' title='bbox 1992 1363 2025 1393; x_wconf 91' lang='lat' dir='ltr'>in</span> <span class='ocrx_word' id='word_1_865' title='bbox 2051 1362 2171 1393; x_wconf 89' lang='lat' dir='ltr'>alteru-</span> 
     </span>
     <span class='ocr_line' id='line_1_104' title="bbox 1162 1404 2172 1447; baseline -0.004 -7"><span class='ocrx_word' id='word_1_866' title='bbox 1162 1418 1247 1441; x_wconf 83' lang='lat' dir='ltr'>trum</span> <span class='ocrx_word' id='word_1_867' title='bbox 1270 1408 1351 1439; x_wconf 85' lang='lat' dir='ltr'>latus</span> <span class='ocrx_word' id='word_1_868' title='bbox 1374 1404 1490 1447; x_wconf 85' lang='lat' dir='ltr'>jaceret</span> <span class='ocrx_word' id='word_1_869' title='bbox 1512 1430 1520 1444; x_wconf 92' lang='lat'><em>‚</em></span> <span class='ocrx_word' id='word_1_870' title='bbox 1555 1415 1619 1437; x_wconf 90' lang='lat' dir='ltr'>non</span> <span class='ocrx_word' id='word_1_871' title='bbox 1644 1414 1808 1446; x_wconf 86' lang='lat' dir='ltr'>propterea</span> <span class='ocrx_word' id='word_1_872' title='bbox 1834 1404 1967 1446; x_wconf 75' lang='lat' dir='ltr'>augebat</span> <span class='ocrx_word' id='word_1_873' title='bbox 1986 1428 1999 1446; x_wconf 84' lang='lat'><em>,</em></span> <span class='ocrx_word' id='word_1_874' title='bbox 2031 1413 2084 1438; x_wconf 85' lang='lat' dir='ltr'>aut</span> <span class='ocrx_word' id='word_1_875' title='bbox 2110 1405 2172 1437; x_wconf 88' lang='lat' dir='ltr'>mi-</span> 
     </span>
     <span class='ocr_line' id='line_1_105' title="bbox 1162 1446 2174 1492; baseline -0.005 -8"><span class='ocrx_word' id='word_1_876' title='bbox 1162 1451 1294 1484; x_wconf 80' lang='lat' dir='ltr'>nuebat.</span> <span class='ocrx_word' id='word_1_877' title='bbox 1319 1450 1433 1483; x_wconf 69' lang='lat' dir='ltr'>Ereeta</span> <span class='ocrx_word' id='word_1_878' title='bbox 1456 1449 1586 1492; x_wconf 88' lang='lat' dir='ltr'>quidem</span> <span class='ocrx_word' id='word_1_879' title='bbox 1608 1448 1728 1480; x_wconf 87' lang='lat' dir='ltr'>cervice</span> <span class='ocrx_word' id='word_1_880' title='bbox 1739 1447 1835 1490; x_wconf 88' lang='lat' dir='ltr'>paulo</span> <span class='ocrx_word' id='word_1_881' title='bbox 1857 1446 1986 1480; x_wconf 85' lang='lat' dir='ltr'>facilius</span> <span class='ocrx_word' id='word_1_882' title='bbox 2011 1446 2174 1489; x_wconf 87' lang='lat' dir='ltr'>spirabat;</span> 
     </span>
     <span class='ocr_line' id='line_1_106' title="bbox 1163 1489 2174 1534; baseline -0.004 -7"><span class='ocrx_word' id='word_1_883' title='bbox 1163 1494 1213 1527; x_wconf 86' lang='lat' dir='ltr'>sed</span> <span class='ocrx_word' id='word_1_884' title='bbox 1239 1504 1309 1528; x_wconf 89' lang='lat' dir='ltr'>tum</span> <span class='ocrx_word' id='word_1_885' title='bbox 1333 1494 1437 1534; x_wconf 76' lang='lat' dir='ltr'>gravis</span> <span class='ocrx_word' id='word_1_886' title='bbox 1470 1501 1536 1525; x_wconf 86' lang='lat' dir='ltr'>erat</span> <span class='ocrx_word' id='word_1_887' title='bbox 1559 1490 1707 1534; x_wconf 88' lang='lat' dir='ltr'>ponderis</span> <span class='ocrx_word' id='word_1_888' title='bbox 1742 1490 1844 1524; x_wconf 87' lang='lat' dir='ltr'>sensus</span> <span class='ocrx_word' id='word_1_889' title='bbox 1866 1489 1954 1533; x_wconf 78' lang='lat' dir='ltr'>quasi</span> <span class='ocrx_word' id='word_1_890' title='bbox 1988 1502 2004 1522; x_wconf 84' lang='lat' dir='ltr'>a</span> <span class='ocrx_word' id='word_1_891' title='bbox 2029 1490 2174 1525; x_wconf 85' lang='lat' dir='ltr'>faucibus</span> 
     </span>
     <span class='ocr_line' id='line_1_107' title="bbox 1164 1532 2174 1577; baseline -0.004 -7"><span class='ocrx_word' id='word_1_892' title='bbox 1164 1540 1198 1570; x_wconf 84' lang='lat' dir='ltr'>in</span> <span class='ocrx_word' id='word_1_893' title='bbox 1223 1537 1365 1570; x_wconf 85' lang='lat' dir='ltr'>thoracis</span> <span class='ocrx_word' id='word_1_894' title='bbox 1389 1547 1502 1569; x_wconf 86' lang='lat' dir='ltr'>cavum</span> <span class='ocrx_word' id='word_1_895' title='bbox 1527 1533 1718 1577; x_wconf 85' lang='lat' dir='ltr'>pendentis,</span> <span class='ocrx_word' id='word_1_896' title='bbox 1742 1532 1852 1575; x_wconf 87' lang='lat' dir='ltr'>easque</span> <span class='ocrx_word' id='word_1_897' title='bbox 1877 1532 2018 1577; x_wconf 80' lang='lat' dir='ltr'>angustas</span> <span class='ocrx_word' id='word_1_898' title='bbox 2042 1532 2174 1567; x_wconf 88' lang='lat' dir='ltr'>redden-</span> 
     </span>
     <span class='ocr_line' id='line_1_108' title="bbox 1164 1575 2174 1623; baseline -0.004 -10"><span class='ocrx_word' id='word_1_899' title='bbox 1164 1583 1229 1614; x_wconf 77' lang='lat' dir='ltr'>tis.</span> <span class='ocrx_word' id='word_1_900' title='bbox 1256 1582 1352 1613; x_wconf 85' lang='lat' dir='ltr'>Hanc</span> <span class='ocrx_word' id='word_1_901' title='bbox 1377 1578 1547 1612; x_wconf 83' lang='lat' dir='ltr'>foeminam</span> <span class='ocrx_word' id='word_1_902' title='bbox 1565 1601 1577 1618; x_wconf 86' lang='lat'>‚</span> <span class='ocrx_word' id='word_1_903' title='bbox 1608 1577 1714 1623; x_wconf 82' lang='lat' dir='ltr'>inquit</span> <span class='ocrx_word' id='word_1_904' title='bbox 1739 1575 1942 1619; x_wconf 77' lang='lat' dir='ltr'>Malpighius</span> <span class='ocrx_word' id='word_1_905' title='bbox 1964 1598 1974 1614; x_wconf 88' lang='lat'>‚</span> <span class='ocrx_word' id='word_1_906' title='bbox 2008 1577 2174 1619; x_wconf 86' lang='lat' dir='ltr'>probabile</span> 
     </span>
     <span class='ocr_line' id='line_1_109' title="bbox 1164 1620 2174 1667; baseline -0.002 -11"><span class='ocrx_word' id='word_1_907' title='bbox 1164 1624 1207 1658; x_wconf 83' lang='lat' dir='ltr'>est</span> <span class='ocrx_word' id='word_1_908' title='bbox 1220 1647 1232 1663; x_wconf 84' lang='grc'>,</span> <span class='ocrx_word' id='word_1_909' title='bbox 1256 1625 1424 1667; x_wconf 85' lang='lat' dir='ltr'>pulmones</span> <span class='ocrx_word' id='word_1_910' title='bbox 1448 1622 1582 1657; x_wconf 86' lang='lat' dir='ltr'>habere,</span> <span class='ocrx_word' id='word_1_911' title='bbox 1607 1628 1643 1653; x_wconf 89' lang='lat' dir='ltr'>ut</span> <span class='ocrx_word' id='word_1_912' title='bbox 1667 1631 1735 1663; x_wconf 77' lang='lat' dir='ltr'>ejus</span> <span class='ocrx_word' id='word_1_913' title='bbox 1759 1620 1853 1653; x_wconf 85' lang='lat' dir='ltr'>verbo</span> <span class='ocrx_word' id='word_1_914' title='bbox 1877 1629 1970 1658; x_wconf 86' lang='lat' dir='ltr'>utar,</span> <span class='ocrx_word' id='word_1_915' title='bbox 1994 1622 2174 1664; x_wconf 63' lang='lat' dir='ltr'>tartariza-</span> 
     </span>
     <span class='ocr_line' id='line_1_110' title="bbox 1166 1663 2174 1705; baseline -0.005 -4"><span class='ocrx_word' id='word_1_916' title='bbox 1166 1677 1234 1701; x_wconf 80' lang='lat' dir='ltr'>tos.</span> <span class='ocrx_word' id='word_1_917' title='bbox 1367 1665 1605 1700; x_wconf 85' lang='lat' dir='ltr'>THORACE</span> <span class='ocrx_word' id='word_1_918' title='bbox 1630 1663 1670 1696; x_wconf 79' lang='lat' dir='ltr'>sic</span> <span class='ocrx_word' id='word_1_919' title='bbox 1693 1673 1827 1696; x_wconf 85' lang='lat' dir='ltr'>mortuae</span> <span class='ocrx_word' id='word_1_920' title='bbox 1852 1674 1982 1705; x_wconf 88' lang='lat' dir='ltr'>aperto,</span> <span class='ocrx_word' id='word_1_921' title='bbox 2008 1663 2114 1697; x_wconf 88' lang='lat' dir='ltr'>statim</span> <span class='ocrx_word' id='word_1_922' title='bbox 2138 1674 2174 1696; x_wconf 85' lang='lat' dir='ltr'>ac</span> 
     </span>
     <span class='ocr_line' id='line_1_111' title="bbox 1164 1705 2176 1753; baseline -0.004 -9"><span class='ocrx_word' id='word_1_923' title='bbox 1164 1711 1270 1745; x_wconf 90' lang='lat' dir='ltr'>culter</span> <span class='ocrx_word' id='word_1_924' title='bbox 1291 1709 1502 1753; x_wconf 83' lang='lat' dir='ltr'>pulmonibus</span> <span class='ocrx_word' id='word_1_925' title='bbox 1526 1705 1690 1750; x_wconf 79' lang='lat' dir='ltr'>impressus</span> <span class='ocrx_word' id='word_1_926' title='bbox 1714 1706 1778 1747; x_wconf 76' lang='lat' dir='ltr'>est,</span> <span class='ocrx_word' id='word_1_927' title='bbox 1803 1706 1917 1741; x_wconf 82' lang='lat' dir='ltr'>borum</span> <span class='ocrx_word' id='word_1_928' title='bbox 1941 1706 2057 1740; x_wconf 89' lang='lat' dir='ltr'>stridor</span> <span class='ocrx_word' id='word_1_929' title='bbox 2078 1728 2087 1744; x_wconf 84' lang='lat'>‚</span> <span class='ocrx_word' id='word_1_930' title='bbox 2112 1717 2176 1740; x_wconf 90' lang='lat' dir='ltr'>non</span> 
     </span>
     <span class='ocr_line' id='line_1_112' title="bbox 1165 1750 2179 1793; baseline -0.005 -5"><span class='ocrx_word' id='word_1_931' title='bbox 1165 1754 1251 1788; x_wconf 80' lang='lat' dir='ltr'>secus</span> <span class='ocrx_word' id='word_1_932' title='bbox 1273 1765 1308 1787; x_wconf 86' lang='lat' dir='ltr'>ac</span> <span class='ocrx_word' id='word_1_933' title='bbox 1331 1752 1353 1786; x_wconf 84' lang='lat' dir='ltr'>si</span> <span class='ocrx_word' id='word_1_934' title='bbox 1379 1764 1538 1785; x_wconf 81' lang='lat' dir='ltr'>arenaceas</span> <span class='ocrx_word' id='word_1_935' title='bbox 1562 1751 1783 1783; x_wconf 85' lang='lat' dir='ltr'>concretiones</span> <span class='ocrx_word' id='word_1_936' title='bbox 1804 1750 1994 1785; x_wconf 85' lang='lat' dir='ltr'>discinderet</span> <span class='ocrx_word' id='word_1_937' title='bbox 2013 1776 2023 1792; x_wconf 91' lang='lat'>‚</span> <span class='ocrx_word' id='word_1_938' title='bbox 2055 1751 2179 1793; x_wconf 77' lang='lat' dir='ltr'>Malpi-</span> 
     </span>
     <span class='ocr_line' id='line_1_113' title="bbox 1164 1793 2174 1841; baseline -0.004 -10"><span class='ocrx_word' id='word_1_939' title='bbox 1164 1797 1235 1841; x_wconf 76' lang='lat' dir='ltr'>gbii</span> <span class='ocrx_word' id='word_1_940' title='bbox 1262 1796 1440 1840; x_wconf 74' lang='lat' dir='ltr'>diagnosim</span> <span class='ocrx_word' id='word_1_941' title='bbox 1474 1807 1578 1828; x_wconf 87' lang='lat' dir='ltr'>veram</span> <span class='ocrx_word' id='word_1_942' title='bbox 1602 1793 1738 1827; x_wconf 84' lang='lat' dir='ltr'>ostendit</span> <span class='ocrx_word' id='word_1_943' title='bbox 1761 1817 1770 1832; x_wconf 95' lang='lat'>,</span> <span class='ocrx_word' id='word_1_944' title='bbox 1805 1806 1900 1837; x_wconf 84' lang='lat' dir='ltr'>quam</span> <span class='ocrx_word' id='word_1_945' title='bbox 1924 1798 1954 1827; x_wconf 72' lang='grc' dir='ltr'>δε</span> <span class='ocrx_word' id='word_1_946' title='bbox 1988 1795 2174 1828; x_wconf 80' lang='lat' dir='ltr'>continuata</span> 
     </span>
     <span class='ocr_line' id='line_1_114' title="bbox 1165 1837 1760 1883; baseline -0.007 -8"><span class='ocrx_word' id='word_1_947' title='bbox 1165 1841 1312 1875; x_wconf 67' lang='lat' dir='ltr'>disseftio</span> <span class='ocrx_word' id='word_1_948' title='bbox 1337 1839 1507 1883; x_wconf 80' lang='lat' dir='ltr'>planiffime</span> <span class='ocrx_word' id='word_1_949' title='bbox 1529 1837 1737 1871; x_wconf 78' lang='lat' dir='ltr'>confirmavit</span> <span class='ocrx_word' id='word_1_950' title='bbox 1752 1863 1760 1871; x_wconf 94' lang='lat'>.</span> 
     </span>
    </p>

    <p class='ocr_par' dir='ltr' id='par_1_14' title="bbox 1160 1881 2177 2534">
     <span class='ocr_line' id='line_1_115' title="bbox 1211 1881 2173 1925; baseline -0.001 -8"><span class='ocrx_word' id='word_1_951' title='bbox 1211 1888 1260 1917; x_wconf 83' lang='lat'>26.</span> <span class='ocrx_word' id='word_1_952' title='bbox 1288 1885 1366 1918; x_wconf 87' lang='lat' dir='ltr'>Dici</span> <span class='ocrx_word' id='word_1_953' title='bbox 1390 1894 1453 1916; x_wconf 86' lang='lat' dir='ltr'>non</span> <span class='ocrx_word' id='word_1_954' title='bbox 1477 1882 1609 1924; x_wconf 83' lang='lat' dir='ltr'>potest,</span> <span class='ocrx_word' id='word_1_955' title='bbox 1642 1891 1760 1924; x_wconf 88' lang='lat' dir='ltr'>quanta</span> <span class='ocrx_word' id='word_1_956' title='bbox 1795 1881 2010 1919; x_wconf 81' lang='lat' dir='ltr'>admiratione</span> <span class='ocrx_word' id='word_1_957' title='bbox 2042 1891 2173 1925; x_wconf 83' lang='lat' dir='ltr'>excepta</span> 
     </span>
     <span class='ocr_line' id='line_1_116' title="bbox 1163 1925 2175 1962; baseline -0.003 0"><span class='ocrx_word' id='word_1_958' title='bbox 1163 1928 1263 1962; x_wconf 77' lang='lat' dir='ltr'>fuerit</span> <span class='ocrx_word' id='word_1_959' title='bbox 1288 1926 1434 1961; x_wconf 67' lang='lat' dir='ltr'>diss&#39;eftio</span> <span class='ocrx_word' id='word_1_960' title='bbox 1457 1926 1524 1959; x_wconf 75' lang='lat' dir='ltr'>haec</span> <span class='ocrx_word' id='word_1_961' title='bbox 1548 1925 1587 1958; x_wconf 87' lang='lat' dir='ltr'>ab</span> <span class='ocrx_word' id='word_1_962' title='bbox 1609 1925 1649 1957; x_wconf 87' lang='lat' dir='ltr'>iis</span> <span class='ocrx_word' id='word_1_963' title='bbox 1696 1927 1728 1959; x_wconf 91' lang='lat' dir='ltr'>ui</span> <span class='ocrx_word' id='word_1_964' title='bbox 1743 1935 1832 1959; x_wconf 84' lang='lat' dir='ltr'>antea</span> <span class='ocrx_word' id='word_1_965' title='bbox 1857 1927 2041 1961; x_wconf 81' lang='lat' dir='ltr'>audiverant</span> <span class='ocrx_word' id='word_1_966' title='bbox 2065 1939 2103 1960; x_wconf 89' lang='lat' dir='ltr'>ex</span> <span class='ocrx_word' id='word_1_967' title='bbox 2115 1927 2175 1960; x_wconf 90' lang='lat' dir='ltr'>Al-</span> 
     </span>
     <span class='ocr_line' id='line_1_117' title="bbox 1160 1968 2175 2015; baseline -0.002 -10"><span class='ocrx_word' id='word_1_968' title='bbox 1160 1972 1290 2005; x_wconf 90' lang='lat' dir='ltr'>bertino</span> <span class='ocrx_word' id='word_1_969' title='bbox 1311 1969 1525 2013; x_wconf 66' lang='lat' dir='ltr'>conjeeturam</span> <span class='ocrx_word' id='word_1_970' title='bbox 1550 1968 1678 2012; x_wconf 78' lang='lat' dir='ltr'>Malpig</span> <span class='ocrx_word' id='word_1_971' title='bbox 1706 1970 1747 2003; x_wconf 88' lang='lat' dir='ltr'>ii.</span> <span class='ocrx_word' id='word_1_972' title='bbox 1774 1969 1828 2003; x_wconf 86' lang='lat' dir='ltr'>Ad</span> <span class='ocrx_word' id='word_1_973' title='bbox 1851 1983 1947 2015; x_wconf 84' lang='lat' dir='ltr'>quam</span> <span class='ocrx_word' id='word_1_974' title='bbox 1970 1969 2175 2013; x_wconf 64' lang='lat' dir='ltr'>ipseperdu—</span> 
     </span>
     <span class='ocr_line' id='line_1_118' title="bbox 1163 2013 2175 2058; baseline -0.002 -10"><span class='ocrx_word' id='word_1_975' title='bbox 1163 2017 1195 2048; x_wconf 90' lang='lat' dir='ltr'>ci</span> <span class='ocrx_word' id='word_1_976' title='bbox 1221 2014 1381 2058; x_wconf 77' lang='lat' dir='ltr'>probabili</span> <span class='ocrx_word' id='word_1_977' title='bbox 1405 2015 1530 2047; x_wconf 88' lang='lat' dir='ltr'>ratione</span> <span class='ocrx_word' id='word_1_978' title='bbox 1554 2014 1663 2055; x_wconf 86' lang='lat' dir='ltr'>potuit</span> <span class='ocrx_word' id='word_1_979' title='bbox 1688 2024 1763 2047; x_wconf 86' lang='lat' dir='ltr'>cum</span> <span class='ocrx_word' id='word_1_980' title='bbox 1783 2013 1868 2056; x_wconf 80' lang='lat' dir='ltr'>signa</span> <span class='ocrx_word' id='word_1_981' title='bbox 1891 2024 2016 2047; x_wconf 86' lang='lat' dir='ltr'>attente</span> <span class='ocrx_word' id='word_1_982' title='bbox 2030 2013 2175 2048; x_wconf 82' lang='lat' dir='ltr'>conside-</span> 
     </span>
     <span class='ocr_line' id='line_1_119' title="bbox 1164 2057 2175 2100; baseline -0.002 -8"><span class='ocrx_word' id='word_1_983' title='bbox 1164 2069 1248 2093; x_wconf 86' lang='lat' dir='ltr'>raret</span> <span class='ocrx_word' id='word_1_984' title='bbox 1263 2082 1276 2097; x_wconf 82' lang='grc'>,</span> <span class='ocrx_word' id='word_1_985' title='bbox 1299 2067 1368 2091; x_wconf 88' lang='lat' dir='ltr'>turn</span> <span class='ocrx_word' id='word_1_986' title='bbox 1393 2058 1491 2090; x_wconf 88' lang='lat' dir='ltr'>etiam</span> <span class='ocrx_word' id='word_1_987' title='bbox 1505 2057 1646 2099; x_wconf 88' lang='lat' dir='ltr'>propriis</span> <span class='ocrx_word' id='word_1_988' title='bbox 1661 2079 1673 2096; x_wconf 89' lang='lat'><em>,</em></span> <span class='ocrx_word' id='word_1_989' title='bbox 1699 2067 1754 2090; x_wconf 87' lang='lat' dir='ltr'>aut</span> <span class='ocrx_word' id='word_1_990' title='bbox 1777 2068 1863 2092; x_wconf 88' lang='lat' dir='ltr'>certe</span> <span class='ocrx_word' id='word_1_991' title='bbox 1877 2059 2018 2092; x_wconf 89' lang='lat' dir='ltr'>aliorum</span> <span class='ocrx_word' id='word_1_992' title='bbox 2041 2068 2078 2092; x_wconf 79' lang='lat' dir='ltr'>ex</span> <span class='ocrx_word' id='word_1_993' title='bbox 2102 2068 2175 2100; x_wconf 86' lang='lat' dir='ltr'>par-</span> 
     </span>
     <span class='ocr_line' id='line_1_120' title="bbox 1161 2099 2177 2144; baseline -0.001 -9"><span class='ocrx_word' id='word_1_994' title='bbox 1161 2113 1194 2135; x_wconf 90' lang='lat' dir='ltr'>te</span> <span class='ocrx_word' id='word_1_995' title='bbox 1219 2102 1323 2143; x_wconf 84' lang='lat' dir='ltr'>aliqua</span> <span class='ocrx_word' id='word_1_996' title='bbox 1345 2100 1620 2134; x_wconf 83' lang='lat' dir='ltr'>observationibus</span> <span class='ocrx_word' id='word_1_997' title='bbox 1643 2099 1770 2142; x_wconf 82' lang='lat' dir='ltr'>adjutus</span> <span class='ocrx_word' id='word_1_998' title='bbox 1792 2125 1799 2132; x_wconf 96' lang='lat'>.</span> <span class='ocrx_word' id='word_1_999' title='bbox 1837 2102 1928 2135; x_wconf 86' lang='lat' dir='ltr'>Nam</span> <span class='ocrx_word' id='word_1_1000' title='bbox 1951 2113 2027 2136; x_wconf 91' lang='lat' dir='ltr'>cum</span> <span class='ocrx_word' id='word_1_1001' title='bbox 2058 2100 2177 2144; x_wconf 85' lang='lat' dir='ltr'>topha-</span> 
     </span>
     <span class='ocr_line' id='line_1_121' title="bbox 1163 2142 2175 2189; baseline 0 -12"><span class='ocrx_word' id='word_1_1002' title='bbox 1163 2146 1250 2183; x_wconf 57' lang='lat' dir='ltr'>«teis,</span> <span class='ocrx_word' id='word_1_1003' title='bbox 1273 2144 1435 2187; x_wconf 72' lang='lat' dir='ltr'>gypseisve</span> <span class='ocrx_word' id='word_1_1004' title='bbox 1460 2142 1667 2189; x_wconf 78' lang='lat' dir='ltr'>pulmonibus</span> <span class='ocrx_word' id='word_1_1005' title='bbox 1693 2152 1809 2186; x_wconf 81' lang='lat' dir='ltr'>praeter</span> <span class='ocrx_word' id='word_1_1006' title='bbox 1832 2145 1975 2188; x_wconf 77' lang='lat' dir='ltr'>spirandi</span> <span class='ocrx_word' id='word_1_1007' title='bbox 1999 2145 2175 2179; x_wconf 83' lang='lat' dir='ltr'>difficulta-</span> 
     </span>
     <span class='ocr_line' id='line_1_122' title="bbox 1162 2186 2177 2230; baseline 0 -9"><span class='ocrx_word' id='word_1_1008' title='bbox 1162 2198 1249 2225; x_wconf 85' lang='lat' dir='ltr'>tem,</span> <span class='ocrx_word' id='word_1_1009' title='bbox 1272 2186 1372 2230; x_wconf 80' lang='lat' dir='ltr'>tuffim</span> <span class='ocrx_word' id='word_1_1010' title='bbox 1390 2186 1503 2230; x_wconf 80' lang='lat' dir='ltr'>siccam</span> <span class='ocrx_word' id='word_1_1011' title='bbox 1536 2186 1626 2220; x_wconf 84' lang='lat' dir='ltr'>fuisse</span> <span class='ocrx_word' id='word_1_1012' title='bbox 1648 2186 1854 2230; x_wconf 65' lang='lat' dir='ltr'>conjunetam</span> <span class='ocrx_word' id='word_1_1013' title='bbox 1877 2212 1887 2228; x_wconf 91' lang='lat'>‚</span> <span class='ocrx_word' id='word_1_1014' title='bbox 1921 2189 2084 2222; x_wconf 85' lang='lat' dir='ltr'>memoriae</span> <span class='ocrx_word' id='word_1_1015' title='bbox 2107 2188 2177 2222; x_wconf 86' lang='lat' dir='ltr'>sue-</span> 
     </span>
     <span class='ocr_line' id='line_1_123' title="bbox 1163 2230 2174 2275; baseline 0 -10"><span class='ocrx_word' id='word_1_1016' title='bbox 1163 2242 1212 2265; x_wconf 87' lang='lat' dir='ltr'>rat</span> <span class='ocrx_word' id='word_1_1017' title='bbox 1237 2232 1415 2264; x_wconf 86' lang='lat' dir='ltr'>litterarum</span> <span class='ocrx_word' id='word_1_1018' title='bbox 1439 2230 1624 2263; x_wconf 85' lang='lat' dir='ltr'>mandatum</span> <span class='ocrx_word' id='word_1_1019' title='bbox 1646 2233 1660 2269; x_wconf 91' lang='lat'>(</span> <span class='ocrx_word' id='word_1_1020' title='bbox 1682 2231 1695 2263; x_wconf 88' lang='lat' dir='ltr'>i</span> <span class='ocrx_word' id='word_1_1021' title='bbox 1718 2235 1728 2269; x_wconf 91' lang='lat'><em>)</em></span> <span class='ocrx_word' id='word_1_1022' title='bbox 1754 2253 1764 2269; x_wconf 93' lang='lat'>,</span> <span class='ocrx_word' id='word_1_1023' title='bbox 1799 2241 1835 2265; x_wconf 88' lang='lat' dir='ltr'>ut</span> <span class='ocrx_word' id='word_1_1024' title='bbox 1857 2233 1955 2265; x_wconf 89' lang='lat' dir='ltr'>etiam</span> <span class='ocrx_word' id='word_1_1025' title='bbox 1987 2234 2093 2266; x_wconf 90' lang='lat' dir='ltr'>virum</span> <span class='ocrx_word' id='word_1_1026' title='bbox 2115 2232 2174 2275; x_wconf 85' lang='lat' dir='ltr'>qui</span> 
     </span>
     <span class='ocr_line' id='line_1_124' title="bbox 1162 2273 2175 2319; baseline 0.002 -11"><span class='ocrx_word' id='word_1_1027' title='bbox 1162 2275 1278 2308; x_wconf 89' lang='lat' dir='ltr'>crebro</span> <span class='ocrx_word' id='word_1_1028' title='bbox 1299 2274 1437 2308; x_wconf 89' lang='lat' dir='ltr'>calculos</span> <span class='ocrx_word' id='word_1_1029' title='bbox 1451 2273 1635 2307; x_wconf 82' lang='lat' dir='ltr'>extuffiebat</span> <span class='ocrx_word' id='word_1_1030' title='bbox 1648 2295 1657 2311; x_wconf 90' lang='lat'>‚</span> <span class='ocrx_word' id='word_1_1031' title='bbox 1682 2274 1714 2305; x_wconf 89' lang='lat' dir='ltr'>in</span> <span class='ocrx_word' id='word_1_1032' title='bbox 1737 2276 1835 2308; x_wconf 83' lang='lat' dir='ltr'>medio</span> <span class='ocrx_word' id='word_1_1033' title='bbox 1850 2275 1976 2310; x_wconf 82' lang='lat' dir='ltr'>thorace</span> <span class='ocrx_word' id='word_1_1034' title='bbox 1996 2275 2175 2319; x_wconf 70' lang='lat' dir='ltr'>gravitatis</span> 
     </span>
     <span class='ocr_line' id='line_1_125' title="bbox 1163 2314 2175 2362; baseline 0.001 -11"><span class='ocrx_word' id='word_1_1035' title='bbox 1163 2318 1321 2361; x_wconf 66' lang='lat' dir='ltr'>cujusdam</span> <span class='ocrx_word' id='word_1_1036' title='bbox 1339 2318 1462 2359; x_wconf 82' lang='lat' dir='ltr'>pondus</span> <span class='ocrx_word' id='word_1_1037' title='bbox 1481 2314 1645 2359; x_wconf 77' lang='lat' dir='ltr'>percepiffe</span> <span class='ocrx_word' id='word_1_1038' title='bbox 1668 2319 1682 2355; x_wconf 83' lang='lat'>(</span> <span class='ocrx_word' id='word_1_1039' title='bbox 1704 2317 1722 2357; x_wconf 70' lang='lat' dir='ltr'>l&lt;</span> <span class='ocrx_word' id='word_1_1040' title='bbox 1743 2321 1780 2357; x_wconf 87' lang='grc'>).·</span> <span class='ocrx_word' id='word_1_1041' title='bbox 1803 2319 1871 2351; x_wconf 85' lang='lat' dir='ltr'>imo</span> <span class='ocrx_word' id='word_1_1042' title='bbox 1886 2320 1919 2351; x_wconf 91' lang='lat' dir='ltr'>in</span> <span class='ocrx_word' id='word_1_1043' title='bbox 1944 2320 2092 2362; x_wconf 87' lang='lat' dir='ltr'>plurimis</span> <span class='ocrx_word' id='word_1_1044' title='bbox 2106 2319 2175 2352; x_wconf 80' lang='lat' dir='ltr'>ina-</span> 
     </span>
     <span class='ocr_line' id='line_1_126' title="bbox 1165 2359 2174 2404; baseline 0.001 -10"><span class='ocrx_word' id='word_1_1045' title='bbox 1165 2373 1235 2395; x_wconf 78' lang='lat' dir='ltr'>nem</span> <span class='ocrx_word' id='word_1_1046' title='bbox 1259 2359 1359 2403; x_wconf 72' lang='lat' dir='ltr'>tussim</span> <span class='ocrx_word' id='word_1_1047' title='bbox 1383 2385 1392 2399; x_wconf 88' lang='lat'>,</span> <span class='ocrx_word' id='word_1_1048' title='bbox 1428 2363 1460 2394; x_wconf 65' lang='grc' dir='ltr'>ὃς</span> <span class='ocrx_word' id='word_1_1049' title='bbox 1483 2360 1652 2402; x_wconf 72' lang='lat' dir='ltr'>aliqualem</span> <span class='ocrx_word' id='word_1_1050' title='bbox 1681 2361 1875 2402; x_wconf 65' lang='lat' dir='ltr'>gravitatem</span> <span class='ocrx_word' id='word_1_1051' title='bbox 1899 2362 1932 2395; x_wconf 88' lang='lat' dir='ltr'>in</span> <span class='ocrx_word' id='word_1_1052' title='bbox 1960 2362 2082 2404; x_wconf 65' lang='lat' dir='ltr'>pec‘iore</span> <span class='ocrx_word' id='word_1_1053' title='bbox 2103 2373 2174 2404; x_wconf 82' lang='lat' dir='ltr'>pre-</span> 
     </span>
     <span class='ocr_line' id='line_1_127' title="bbox 1163 2402 2173 2448; baseline 0.001 -11"><span class='ocrx_word' id='word_1_1054' title='bbox 1163 2413 1298 2438; x_wconf 71' lang='lat' dir='ltr'>mentem</span> <span class='ocrx_word' id='word_1_1055' title='bbox 1319 2429 1329 2444; x_wconf 89' lang='lat'><strong>,</strong></span> <span class='ocrx_word' id='word_1_1056' title='bbox 1361 2414 1396 2437; x_wconf 90' lang='lat' dir='ltr'>ut</span> <span class='ocrx_word' id='word_1_1057' title='bbox 1420 2403 1508 2445; x_wconf 86' lang='lat' dir='ltr'>supra</span> <span class='ocrx_word' id='word_1_1058' title='bbox 1541 2406 1554 2442; x_wconf 87' lang='lat'><strong>(</strong></span> <span class='ocrx_word' id='word_1_1059' title='bbox 1576 2402 1587 2435; x_wconf 88' lang='lat' dir='ltr'><em>l</em></span> <span class='ocrx_word' id='word_1_1060' title='bbox 1611 2406 1621 2441; x_wconf 93' lang='lat'><em>)</em></span> <span class='ocrx_word' id='word_1_1061' title='bbox 1657 2403 1835 2437; x_wconf 87' lang='lat' dir='ltr'>indicatum</span> <span class='ocrx_word' id='word_1_1062' title='bbox 1869 2404 1912 2437; x_wconf 83' lang='lat' dir='ltr'>cst</span> <span class='ocrx_word' id='word_1_1063' title='bbox 1936 2428 1944 2443; x_wconf 92' lang='lat'><strong><em>,</em></strong></span> <span class='ocrx_word' id='word_1_1064' title='bbox 1977 2407 2049 2448; x_wconf 82' lang='lat' dir='ltr'>pati</span> <span class='ocrx_word' id='word_1_1065' title='bbox 2070 2405 2173 2439; x_wconf 89' lang='lat' dir='ltr'>solitis</span> 
     </span>
     <span class='ocr_line' id='line_1_128' title="bbox 1163 2446 2173 2491; baseline 0.001 -10"><span class='ocrx_word' id='word_1_1066' title='bbox 1163 2448 1337 2481; x_wconf 85' lang='lat' dir='ltr'>Mortonus</span> <span class='ocrx_word' id='word_1_1067' title='bbox 1361 2447 1480 2488; x_wconf 74' lang='lat' dir='ltr'>lapides</span> <span class='ocrx_word' id='word_1_1068' title='bbox 1516 2448 1549 2478; x_wconf 90' lang='lat' dir='ltr'>in</span> <span class='ocrx_word' id='word_1_1069' title='bbox 1574 2446 1779 2486; x_wconf 85' lang='lat' dir='ltr'>pulmonibus</span> <span class='ocrx_word' id='word_1_1070' title='bbox 1818 2456 1972 2483; x_wconf 83' lang='lat' dir='ltr'>cretaceos</span> <span class='ocrx_word' id='word_1_1071' title='bbox 1993 2449 2084 2482; x_wconf 68' lang='lat' dir='ltr'>laeves</span> <span class='ocrx_word' id='word_1_1072' title='bbox 2102 2446 2173 2491; x_wconf 70' lang='lat' dir='ltr'>fre-</span> 
     </span>
     <span class='ocr_line' id='line_1_129' title="bbox 1160 2488 2173 2534; baseline 0.004 -11"><span class='ocrx_word' id='word_1_1073' title='bbox 1160 2498 1287 2532; x_wconf 76' lang='lat' dir='ltr'>quentes</span> <span class='ocrx_word' id='word_1_1074' title='bbox 1308 2513 1321 2529; x_wconf 85' lang='lat'><em>,</em></span> <span class='ocrx_word' id='word_1_1075' title='bbox 1354 2498 1447 2531; x_wconf 69' lang='lat' dir='ltr'>atque</span> <span class='ocrx_word' id='word_1_1076' title='bbox 1469 2488 1590 2530; x_wconf 73' lang='lat' dir='ltr'>aliquos</span> <span class='ocrx_word' id='word_1_1077' title='bbox 1625 2490 1721 2534; x_wconf 54' lang='lat' dir='ltr'>etiam</span> <span class='ocrx_word' id='word_1_1078' title='bbox 1748 2490 1835 2531; x_wconf 74' lang='lat' dir='ltr'>satis</span> <span class='ocrx_word' id='word_1_1079' title='bbox 1866 2502 1991 2534; x_wconf 80' lang='lat' dir='ltr'>magnos</span> <span class='ocrx_word' id='word_1_1080' title='bbox 2026 2493 2173 2527; x_wconf 86' lang='lat' dir='ltr'>invenit.</span> 
     </span>
    </p>

    <p class='ocr_par' dir='ltr' id='par_1_15' title="bbox 1153 2532 2174 3488">
     <span class='ocr_line' id='line_1_130' title="bbox 1288 2532 2174 2576; baseline 0.005 -10"><span class='ocrx_word' id='word_1_1081' title='bbox 1288 2536 1381 2575; x_wconf 78' lang='lat' dir='ltr'>AEgre</span> <span class='ocrx_word' id='word_1_1082' title='bbox 1405 2532 1467 2565; x_wconf 87' lang='lat' dir='ltr'>tuli</span> <span class='ocrx_word' id='word_1_1083' title='bbox 1490 2543 1565 2565; x_wconf 88' lang='lat' dir='ltr'>cum</span> <span class='ocrx_word' id='word_1_1084' title='bbox 1597 2532 1662 2574; x_wconf 83' lang='lat' dir='ltr'>ipse</span> <span class='ocrx_word' id='word_1_1085' title='bbox 1685 2534 1719 2565; x_wconf 90' lang='lat' dir='ltr'>in</span> <span class='ocrx_word' id='word_1_1086' title='bbox 1752 2532 1980 2576; x_wconf 81' lang='lat' dir='ltr'>ejusdemmodi</span> <span class='ocrx_word' id='word_1_1087' title='bbox 2006 2535 2174 2576; x_wconf 65' lang='lat' dir='ltr'>pulmones</span> 
     </span>
     <span class='ocr_line' id='line_1_131' title="bbox 1158 2575 2173 2618; baseline 0.004 -9"><span class='ocrx_word' id='word_1_1088' title='bbox 1158 2576 1285 2614; x_wconf 82' lang='lat' dir='ltr'>incidi,</span> <span class='ocrx_word' id='word_1_1089' title='bbox 1309 2588 1379 2618; x_wconf 86' lang='lat' dir='ltr'>quae</span> <span class='ocrx_word' id='word_1_1090' title='bbox 1400 2599 1413 2616; x_wconf 79' lang='lat'><em>‚</em></span> <span class='ocrx_word' id='word_1_1091' title='bbox 1447 2578 1479 2608; x_wconf 63' lang='grc' dir='ltr'>ὅ(</span> <span class='ocrx_word' id='word_1_1092' title='bbox 1503 2575 1610 2618; x_wconf 85' lang='lat' dir='ltr'>qualia</span> <span class='ocrx_word' id='word_1_1093' title='bbox 1633 2577 1667 2608; x_wconf 91' lang='lat' dir='ltr'>in</span> <span class='ocrx_word' id='word_1_1094' title='bbox 1690 2577 1871 2611; x_wconf 80' lang='lat' dir='ltr'>viventibus</span> <span class='ocrx_word' id='word_1_1095' title='bbox 1895 2576 2023 2612; x_wconf 79' lang='lat' dir='ltr'>fuissent</span> <span class='ocrx_word' id='word_1_1096' title='bbox 2048 2581 2173 2613; x_wconf 89' lang='lat' dir='ltr'>incom-</span> 
     </span>
     <span class='ocr_line' id='line_1_132' title="bbox 1158 2617 2172 2665; baseline 0.003 -12"><span class='ocrx_word' id='word_1_1097' title='bbox 1158 2620 1277 2656; x_wconf 87' lang='lat' dir='ltr'>moda,</span> <span class='ocrx_word' id='word_1_1098' title='bbox 1300 2629 1359 2662; x_wconf 88' lang='lat' dir='ltr'>pro</span> <span class='ocrx_word' id='word_1_1099' title='bbox 1383 2628 1472 2651; x_wconf 82' lang='lat' dir='ltr'>certo</span> <span class='ocrx_word' id='word_1_1100' title='bbox 1497 2617 1569 2651; x_wconf 87' lang='lat' dir='ltr'>sciri</span> <span class='ocrx_word' id='word_1_1101' title='bbox 1594 2630 1660 2652; x_wconf 91' lang='lat' dir='ltr'>non</span> <span class='ocrx_word' id='word_1_1102' title='bbox 1685 2619 1821 2663; x_wconf 83' lang='lat' dir='ltr'>potuisse</span> <span class='ocrx_word' id='word_1_1103' title='bbox 1844 2643 1854 2658; x_wconf 88' lang='lat'>‚</span> <span class='ocrx_word' id='word_1_1104' title='bbox 1888 2622 1922 2654; x_wconf 92' lang='lat' dir='ltr'>in</span> <span class='ocrx_word' id='word_1_1105' title='bbox 1947 2624 2018 2654; x_wconf 88' lang='lat' dir='ltr'>viro</span> <span class='ocrx_word' id='word_1_1106' title='bbox 2043 2623 2172 2665; x_wconf 68' lang='lat' dir='ltr'>praeser-</span> 
     </span>
     <span class='ocr_line' id='line_1_133' title="bbox 1156 2661 2172 2708; baseline 0.004 -12"><span class='ocrx_word' id='word_1_1107' title='bbox 1156 2665 1220 2696; x_wconf 89' lang='lat' dir='ltr'>tim</span> <span class='ocrx_word' id='word_1_1108' title='bbox 1252 2662 1317 2706; x_wconf 88' lang='lat' dir='ltr'>jam</span> <span class='ocrx_word' id='word_1_1109' title='bbox 1341 2661 1514 2695; x_wconf 81' lang='lat' dir='ltr'>senescente</span> <span class='ocrx_word' id='word_1_1110' title='bbox 1534 2685 1543 2700; x_wconf 86' lang='lat'>,</span> <span class='ocrx_word' id='word_1_1111' title='bbox 1578 2661 1667 2703; x_wconf 77' lang='lat' dir='ltr'>cujus</span> <span class='ocrx_word' id='word_1_1112' title='bbox 1702 2664 1851 2707; x_wconf 83' lang='lat' dir='ltr'>pleraque</span> <span class='ocrx_word' id='word_1_1113' title='bbox 1885 2664 2065 2708; x_wconf 79' lang='lat' dir='ltr'>sanguifera</span> <span class='ocrx_word' id='word_1_1114' title='bbox 2101 2667 2172 2701; x_wconf 82' lang='lat' dir='ltr'>vasa</span> 
     </span>
     <span class='ocr_line' id='line_1_134' title="bbox 1155 2706 2172 2752; baseline 0.004 -12"><span class='ocrx_word' id='word_1_1115' title='bbox 1155 2707 1212 2741; x_wconf 90' lang='lat' dir='ltr'>sub</span> <span class='ocrx_word' id='word_1_1116' title='bbox 1234 2706 1332 2740; x_wconf 89' lang='lat' dir='ltr'>finem</span> <span class='ocrx_word' id='word_1_1117' title='bbox 1361 2706 1532 2739; x_wconf 88' lang='lat' dir='ltr'>Anatomes</span> <span class='ocrx_word' id='word_1_1118' title='bbox 1556 2717 1650 2749; x_wconf 87' lang='lat' dir='ltr'>quam</span> <span class='ocrx_word' id='word_1_1119' title='bbox 1674 2707 1799 2748; x_wconf 84' lang='lat' dir='ltr'>publice</span> <span class='ocrx_word' id='word_1_1120' title='bbox 1825 2708 1921 2742; x_wconf 79' lang='lat' dir='ltr'>habui</span> <span class='ocrx_word' id='word_1_1121' title='bbox 1947 2709 1990 2741; x_wconf 87' lang='lat' dir='ltr'>A.</span> <span class='ocrx_word' id='word_1_1122' title='bbox 2016 2719 2108 2752; x_wconf 89' lang='lat'>1729.</span> <span class='ocrx_word' id='word_1_1123' title='bbox 2122 2710 2172 2744; x_wconf 92' lang='lat' dir='ltr'>di-</span> 
     </span>
     <span class='ocr_line' id='line_1_135' title="bbox 1159 2749 2166 2793; baseline 0.004 -10"><span class='ocrx_word' id='word_1_1124' title='bbox 1159 2751 1297 2793; x_wconf 73' lang='lat' dir='ltr'>ligenter</span> <span class='ocrx_word' id='word_1_1125' title='bbox 1319 2749 1496 2786; x_wconf 84' lang='lat' dir='ltr'>scrutatus,</span> <span class='ocrx_word' id='word_1_1126' title='bbox 1524 2749 1742 2783; x_wconf 86' lang='lat' dir='ltr'>Vertebralem</span> <span class='ocrx_word' id='word_1_1127' title='bbox 1766 2749 1918 2784; x_wconf 83' lang='lat' dir='ltr'>sinistram</span> <span class='ocrx_word' id='word_1_1128' title='bbox 1942 2754 2089 2786; x_wconf 84' lang='lat' dir='ltr'>arteriam</span> <span class='ocrx_word' id='word_1_1129' title='bbox 2114 2755 2166 2787; x_wconf 90' lang='lat' dir='ltr'>in-</span> 
     </span>
     <span class='ocr_line' id='line_1_136' title="bbox 1159 2792 2172 2838; baseline 0.004 -11"><span class='ocrx_word' id='word_1_1130' title='bbox 1159 2804 1208 2827; x_wconf 82' lang='lat' dir='ltr'>ter</span> <span class='ocrx_word' id='word_1_1131' title='bbox 1230 2792 1444 2831; x_wconf 86' lang='lat' dir='ltr'>Carotidem‚</span> <span class='ocrx_word' id='word_1_1132' title='bbox 1470 2796 1497 2825; x_wconf 67' lang='grc' dir='ltr'>δι</span> <span class='ocrx_word' id='word_1_1133' title='bbox 1527 2792 1727 2826; x_wconf 85' lang='lat' dir='ltr'>Subclaviam</span> <span class='ocrx_word' id='word_1_1134' title='bbox 1751 2792 1818 2836; x_wconf 78' lang='lat' dir='ltr'>ejus</span> <span class='ocrx_word' id='word_1_1135' title='bbox 1841 2795 1950 2828; x_wconf 83' lang='lat' dir='ltr'>lateris</span> <span class='ocrx_word' id='word_1_1136' title='bbox 1974 2806 2013 2828; x_wconf 83' lang='lat' dir='ltr'>ex</span> <span class='ocrx_word' id='word_1_1137' title='bbox 2036 2795 2109 2838; x_wconf 88' lang='lat' dir='ltr'>ipso</span> <span class='ocrx_word' id='word_1_1138' title='bbox 2123 2809 2172 2831; x_wconf 83' lang='lat' dir='ltr'>ar-</span> 
     </span>
     <span class='ocr_line' id='line_1_137' title="bbox 1158 2836 2170 2881; baseline 0.003 -11"><span class='ocrx_word' id='word_1_1139' title='bbox 1158 2850 1198 2871; x_wconf 90' lang='lat' dir='ltr'>cu</span> <span class='ocrx_word' id='word_1_1140' title='bbox 1222 2838 1349 2880; x_wconf 74' lang='lat' dir='ltr'>Magnae</span> <span class='ocrx_word' id='word_1_1141' title='bbox 1373 2836 1492 2870; x_wconf 76' lang='lat' dir='ltr'>arteriae</span> <span class='ocrx_word' id='word_1_1142' title='bbox 1517 2836 1694 2868; x_wconf 86' lang='lat' dir='ltr'>nascentem</span> <span class='ocrx_word' id='word_1_1143' title='bbox 1718 2837 1805 2870; x_wconf 87' lang='lat' dir='ltr'>vidi.</span> <span class='ocrx_word' id='word_1_1144' title='bbox 1833 2839 1871 2870; x_wconf 85' lang='lat' dir='ltr'>In</span> <span class='ocrx_word' id='word_1_1145' title='bbox 1895 2839 1955 2871; x_wconf 91' lang='lat' dir='ltr'>illo</span> <span class='ocrx_word' id='word_1_1146' title='bbox 1979 2840 2170 2881; x_wconf 79' lang='lat' dir='ltr'>pulmonum</span> 
     </span>
     <span class='ocr_line' id='line_1_138' title="bbox 1159 2879 2168 2925; baseline 0.003 -11"><span class='ocrx_word' id='word_1_1147' title='bbox 1159 2881 1242 2914; x_wconf 87' lang='lat' dir='ltr'>alter</span> <span class='ocrx_word' id='word_1_1148' title='bbox 1266 2880 1542 2925; x_wconf 48' lang='lat' dir='ltr'>topliaceussuit2</span> <span class='ocrx_word' id='word_1_1149' title='bbox 1561 2879 1669 2912; x_wconf 87' lang='lat' dir='ltr'>cordis</span> <span class='ocrx_word' id='word_1_1150' title='bbox 1694 2889 1800 2914; x_wconf 83' lang='lat' dir='ltr'>autem</span> <span class='ocrx_word' id='word_1_1151' title='bbox 1817 2884 2015 2916; x_wconf 88' lang='lat' dir='ltr'>ventriculus</span> <span class='ocrx_word' id='word_1_1152' title='bbox 2038 2881 2168 2924; x_wconf 83' lang='lat' dir='ltr'>dexter,</span> 
     </span>
     <span class='ocr_line' id='line_1_139' title="bbox 1159 2922 2169 2969; baseline 0.004 -12"><span class='ocrx_word' id='word_1_1153' title='bbox 1159 2928 1192 2958; x_wconf 83' lang='lat'><strong>&amp;</strong></span> <span class='ocrx_word' id='word_1_1154' title='bbox 1216 2935 1334 2957; x_wconf 86' lang='lat' dir='ltr'>annexa</span> <span class='ocrx_word' id='word_1_1155' title='bbox 1360 2922 1498 2956; x_wconf 86' lang='lat' dir='ltr'>auricula</span> <span class='ocrx_word' id='word_1_1156' title='bbox 1521 2922 1645 2962; x_wconf 74' lang='lat' dir='ltr'>firmis,</span> <span class='ocrx_word' id='word_1_1157' title='bbox 1669 2925 1700 2955; x_wconf 92' lang='lat'>&amp;</span> <span class='ocrx_word' id='word_1_1158' title='bbox 1724 2924 1758 2956; x_wconf 92' lang='lat' dir='ltr'>in</span> <span class='ocrx_word' id='word_1_1159' title='bbox 1782 2924 1919 2966; x_wconf 88' lang='lat' dir='ltr'>speciem</span> <span class='ocrx_word' id='word_1_1160' title='bbox 1942 2928 2062 2959; x_wconf 87' lang='lat' dir='ltr'>carneis</span> <span class='ocrx_word' id='word_1_1161' title='bbox 2079 2953 2086 2966; x_wconf 84' lang='lat'>,</span> <span class='ocrx_word' id='word_1_1162' title='bbox 2112 2938 2169 2969; x_wconf 87' lang='lat' dir='ltr'>po-</span> 
     </span>
     <span class='ocr_line' id='line_1_140' title="bbox 1159 2965 2168 3010; baseline 0.004 -10"><span class='ocrx_word' id='word_1_1163' title='bbox 1159 2967 1279 3010; x_wconf 84' lang='lat' dir='ltr'>lyposis</span> <span class='ocrx_word' id='word_1_1164' title='bbox 1308 2965 1563 2999; x_wconf 88' lang='lat' dir='ltr'>concretionibus</span> <span class='ocrx_word' id='word_1_1165' title='bbox 1596 2967 1732 2999; x_wconf 86' lang='lat' dir='ltr'>omnino</span> <span class='ocrx_word' id='word_1_1166' title='bbox 1764 2969 1882 3010; x_wconf 85' lang='lat' dir='ltr'>repleta</span> <span class='ocrx_word' id='word_1_1167' title='bbox 1907 2992 1917 3008; x_wconf 94' lang='lat'><em>‚</em></span> <span class='ocrx_word' id='word_1_1168' title='bbox 1952 2981 2025 3004; x_wconf 88' lang='lat' dir='ltr'>curn</span> <span class='ocrx_word' id='word_1_1169' title='bbox 2049 2968 2168 3004; x_wconf 73' lang='lat' dir='ltr'>sinistra</span> 
     </span>
     <span class='ocr_line' id='line_1_141' title="bbox 1158 3009 2167 3052; baseline 0.005 -9"><span class='ocrx_word' id='word_1_1170' title='bbox 1158 3011 1296 3044; x_wconf 89' lang='lat' dir='ltr'>auricula</span> <span class='ocrx_word' id='word_1_1171' title='bbox 1312 3035 1319 3049; x_wconf 90' lang='lat'>‚</span> <span class='ocrx_word' id='word_1_1172' title='bbox 1343 3009 1505 3052; x_wconf 77' lang='lat' dir='ltr'>magisque</span> <span class='ocrx_word' id='word_1_1173' title='bbox 1528 3009 1720 3044; x_wconf 86' lang='lat' dir='ltr'>ventriculus</span> <span class='ocrx_word' id='word_1_1174' title='bbox 1743 3012 1789 3044; x_wconf 93' lang='lat' dir='ltr'>nil</span> <span class='ocrx_word' id='word_1_1175' title='bbox 1814 3010 1878 3044; x_wconf 90' lang='lat' dir='ltr'>fere</span> <span class='ocrx_word' id='word_1_1176' title='bbox 1901 3012 1958 3046; x_wconf 81' lang='lat' dir='ltr'>nisi</span> <span class='ocrx_word' id='word_1_1177' title='bbox 1981 3023 2086 3048; x_wconf 88' lang='lat' dir='ltr'>atrum</span> <span class='ocrx_word' id='word_1_1178' title='bbox 2098 3014 2167 3047; x_wconf 87' lang='lat' dir='ltr'>san-</span> 
     </span>
     <span class='ocr_line' id='line_1_142' title="bbox 1156 3052 2167 3099; baseline 0.004 -12"><span class='ocrx_word' id='word_1_1179' title='bbox 1156 3055 1287 3097; x_wconf 76' lang='lat' dir='ltr'>guinem</span> <span class='ocrx_word' id='word_1_1180' title='bbox 1310 3052 1574 3085; x_wconf 83' lang='lat' dir='ltr'>semiconcretum</span> <span class='ocrx_word' id='word_1_1181' title='bbox 1598 3052 1750 3087; x_wconf 85' lang='lat' dir='ltr'>baberent</span> <span class='ocrx_word' id='word_1_1182' title='bbox 1774 3077 1782 3092; x_wconf 94' lang='lat'>‚</span> <span class='ocrx_word' id='word_1_1183' title='bbox 1815 3056 1956 3099; x_wconf 86' lang='lat' dir='ltr'>itemque</span> <span class='ocrx_word' id='word_1_1184' title='bbox 1979 3067 2068 3090; x_wconf 85' lang='lat' dir='ltr'>erant</span> <span class='ocrx_word' id='word_1_1185' title='bbox 2100 3057 2167 3090; x_wconf 88' lang='lat' dir='ltr'>san-</span> 
     </span>
     <span class='ocr_line' id='line_1_143' title="bbox 1155 3098 2162 3143; baseline 0.004 -13"><span class='ocrx_word' id='word_1_1186' title='bbox 1155 3099 1251 3139; x_wconf 73' lang='lat' dir='ltr'>guine</span> <span class='ocrx_word' id='word_1_1187' title='bbox 1275 3108 1359 3130; x_wconf 74' lang='lat' dir='ltr'>venae</span> <span class='ocrx_word' id='word_1_1188' title='bbox 1384 3107 1494 3128; x_wconf 84' lang='lat' dir='ltr'>omnes</span> <span class='ocrx_word' id='word_1_1189' title='bbox 1517 3098 1656 3129; x_wconf 80' lang='lat' dir='ltr'>maxime</span> <span class='ocrx_word' id='word_1_1190' title='bbox 1679 3098 1842 3137; x_wconf 72' lang='lat' dir='ltr'>distentae,</span> <span class='ocrx_word' id='word_1_1191' title='bbox 1869 3111 1940 3134; x_wconf 89' lang='lat' dir='ltr'>cum</span> <span class='ocrx_word' id='word_1_1192' title='bbox 1966 3102 2088 3134; x_wconf 80' lang='lat' dir='ltr'>arteriae</span> <span class='ocrx_word' id='word_1_1193' title='bbox 2102 3112 2162 3143; x_wconf 88' lang='lat' dir='ltr'>pro</span> 
     </span>
     <span class='ocr_line' id='line_1_144' title="bbox 1153 3139 2166 3185; baseline 0.002 -11"><span class='ocrx_word' id='word_1_1194' title='bbox 1153 3141 1279 3175; x_wconf 81' lang='lat' dir='ltr'>staturae</span> <span class='ocrx_word' id='word_1_1195' title='bbox 1305 3139 1401 3173; x_wconf 87' lang='lat' dir='ltr'>modo</span> <span class='ocrx_word' id='word_1_1196' title='bbox 1423 3140 1652 3174; x_wconf 59' lang='lat' dir='ltr'>«musaeum-cs</span> <span class='ocrx_word' id='word_1_1197' title='bbox 1673 3141 1855 3176; x_wconf 89' lang='lat' dir='ltr'>viderentur</span> <span class='ocrx_word' id='word_1_1198' title='bbox 1870 3167 1881 3183; x_wconf 89' lang='lat'>,</span> <span class='ocrx_word' id='word_1_1199' title='bbox 1914 3144 2033 3185; x_wconf 72' lang='lat' dir='ltr'>Magna</span> <span class='ocrx_word' id='word_1_1200' title='bbox 2056 3153 2166 3177; x_wconf 87' lang='lat' dir='ltr'>autem</span> 
     </span>
     <span class='ocr_line' id='line_1_145' title="bbox 1161 3183 2164 3227; baseline 0.004 -10"><span class='ocrx_word' id='word_1_1201' title='bbox 1161 3185 1199 3218; x_wconf 90' lang='lat' dir='ltr'>ad</span> <span class='ocrx_word' id='word_1_1202' title='bbox 1222 3185 1431 3227; x_wconf 86' lang='lat' dir='ltr'>partitionem</span> <span class='ocrx_word' id='word_1_1203' title='bbox 1452 3183 1486 3215; x_wconf 87' lang='lat' dir='ltr'>in</span> <span class='ocrx_word' id='word_1_1204' title='bbox 1509 3183 1623 3217; x_wconf 85' lang='lat' dir='ltr'>Iliacas</span> <span class='ocrx_word' id='word_1_1205' title='bbox 1643 3206 1653 3223; x_wconf 86' lang='lat'><strong><em>,</em></strong></span> <span class='ocrx_word' id='word_1_1206' title='bbox 1689 3189 1721 3219; x_wconf 69' lang='grc' dir='ltr'>δε</span> <span class='ocrx_word' id='word_1_1207' title='bbox 1743 3184 1877 3219; x_wconf 87' lang='lat' dir='ltr'>inferius</span> <span class='ocrx_word' id='word_1_1208' title='bbox 1902 3186 1956 3219; x_wconf 90' lang='lat' dir='ltr'>hic</span> <span class='ocrx_word' id='word_1_1209' title='bbox 1979 3187 2048 3220; x_wconf 88' lang='lat' dir='ltr'>illic</span> <span class='ocrx_word' id='word_1_1210' title='bbox 2070 3186 2164 3221; x_wconf 79' lang='lat' dir='ltr'>osseas</span> 
     </span>
     <span class='ocr_line' id='line_1_146' title="bbox 1159 3225 2164 3273; baseline 0.003 -12"><span class='ocrx_word' id='word_1_1211' title='bbox 1159 3228 1301 3261; x_wconf 79' lang='lat' dir='ltr'>lamellas</span> <span class='ocrx_word' id='word_1_1212' title='bbox 1323 3225 1522 3267; x_wconf 85' lang='lat' dir='ltr'>ostenderet;</span> <span class='ocrx_word' id='word_1_1213' title='bbox 1545 3227 1636 3269; x_wconf 66' lang='lat' dir='ltr'>supra</span> <span class='ocrx_word' id='word_1_1214' title='bbox 1660 3240 1734 3262; x_wconf 83' lang='lat' dir='ltr'>vero</span> <span class='ocrx_word' id='word_1_1215' title='bbox 1759 3229 1841 3262; x_wconf 83' lang='lat' dir='ltr'>nihil</span> <span class='ocrx_word' id='word_1_1216' title='bbox 1855 3229 1987 3272; x_wconf 89' lang='lat' dir='ltr'>usquam</span> <span class='ocrx_word' id='word_1_1217' title='bbox 1999 3229 2164 3273; x_wconf 84' lang='lat' dir='ltr'>hujusmo-</span> 
     </span>
     <span class='ocr_line' id='line_1_147' title="bbox 1160 3270 2162 3317; baseline 0.004 -13"><span class='ocrx_word' id='word_1_1218' title='bbox 1160 3272 1215 3305; x_wconf 91' lang='lat' dir='ltr'>di.</span> <span class='ocrx_word' id='word_1_1219' title='bbox 1241 3271 1301 3304; x_wconf 87' lang='lat' dir='ltr'>Sed</span> <span class='ocrx_word' id='word_1_1220' title='bbox 1319 3292 1327 3308; x_wconf 87' lang='lat'>,</span> <span class='ocrx_word' id='word_1_1221' title='bbox 1351 3280 1386 3303; x_wconf 91' lang='lat' dir='ltr'>ut</span> <span class='ocrx_word' id='word_1_1222' title='bbox 1408 3270 1477 3303; x_wconf 83' lang='lat' dir='ltr'>dixi</span> <span class='ocrx_word' id='word_1_1223' title='bbox 1500 3296 1509 3310; x_wconf 95' lang='lat'>‚</span> <span class='ocrx_word' id='word_1_1224' title='bbox 1533 3282 1603 3313; x_wconf 72' lang='lat' dir='ltr'>quae¹</span> <span class='ocrx_word' id='word_1_1225' title='bbox 1627 3272 1735 3306; x_wconf 84' lang='lat' dir='ltr'>vivens</span> <span class='ocrx_word' id='word_1_1226' title='bbox 1759 3282 1917 3315; x_wconf 84' lang='lat' dir='ltr'>pateretur</span> <span class='ocrx_word' id='word_1_1227' title='bbox 1936 3295 1948 3313; x_wconf 86' lang='lat'>‚</span> <span class='ocrx_word' id='word_1_1228' title='bbox 1977 3277 2009 3307; x_wconf 85' lang='lat'>&amp;</span> <span class='ocrx_word' id='word_1_1229' title='bbox 2033 3286 2099 3317; x_wconf 89' lang='lat' dir='ltr'>quo</span> <span class='ocrx_word' id='word_1_1230' title='bbox 2122 3285 2162 3308; x_wconf 81' lang='lat' dir='ltr'>ex</span> 
     </span>
     <span class='ocr_line' id='line_1_148' title="bbox 1160 3312 2164 3360; baseline 0.001 -12"><span class='ocrx_word' id='word_1_1231' title='bbox 1160 3315 1277 3348; x_wconf 90' lang='lat' dir='ltr'>morbo</span> <span class='ocrx_word' id='word_1_1232' title='bbox 1300 3312 1489 3354; x_wconf 77' lang='lat' dir='ltr'>interiisset,</span> <span class='ocrx_word' id='word_1_1233' title='bbox 1513 3314 1682 3356; x_wconf 74' lang='lat' dir='ltr'>ignoravi.</span> <span class='ocrx_word' id='word_1_1234' title='bbox 1817 3318 1939 3349; x_wconf 84' lang='lat' dir='ltr'>Interea</span> <span class='ocrx_word' id='word_1_1235' title='bbox 1962 3327 2000 3349; x_wconf 87' lang='lat' dir='ltr'>ne</span> <span class='ocrx_word' id='word_1_1236' title='bbox 2023 3318 2164 3360; x_wconf 81' lang='lat' dir='ltr'>graviter</span> 
     </span>
     <span class='ocr_line' id='line_1_149' title="bbox 1161 3356 2162 3402; baseline 0.002 -11"><span class='ocrx_word' id='word_1_1237' title='bbox 1161 3359 1241 3392; x_wconf 82' lang='lat' dir='ltr'>feras</span> <span class='ocrx_word' id='word_1_1238' title='bbox 1265 3358 1350 3401; x_wconf 89' lang='lat' dir='ltr'>quod</span> <span class='ocrx_word' id='word_1_1239' title='bbox 1376 3360 1538 3398; x_wconf 77' lang='lat' dir='ltr'>pauciores</span> <span class='ocrx_word' id='word_1_1240' title='bbox 1563 3356 1690 3391; x_wconf 83' lang='lat' dir='ltr'>fortasse</span> <span class='ocrx_word' id='word_1_1241' title='bbox 1714 3370 1809 3402; x_wconf 87' lang='lat' dir='ltr'>quam</span> <span class='ocrx_word' id='word_1_1242' title='bbox 1831 3360 2033 3402; x_wconf 69' lang='lat' dir='ltr'>expeetares‚</span> <span class='ocrx_word' id='word_1_1243' title='bbox 2055 3360 2104 3393; x_wconf 79' lang='lat' dir='ltr'>his</span> <span class='ocrx_word' id='word_1_1244' title='bbox 2127 3361 2162 3393; x_wconf 88' lang='lat' dir='ltr'>in</span> 
     </span>
     <span class='ocr_line' id='line_1_150' title="bbox 1159 3400 2163 3446; baseline 0.001 -11"><span class='ocrx_word' id='word_1_1245' title='bbox 1159 3403 1295 3435; x_wconf 83' lang='lat' dir='ltr'>Litteris</span> <span class='ocrx_word' id='word_1_1246' title='bbox 1319 3400 1567 3434; x_wconf 82' lang='lat' dir='ltr'>Observationes</span> <span class='ocrx_word' id='word_1_1247' title='bbox 1592 3401 1749 3435; x_wconf 79' lang='lat' dir='ltr'>Valsalvae</span> <span class='ocrx_word' id='word_1_1248' title='bbox 1775 3429 1782 3439; x_wconf 75' lang='grc'>,</span> <span class='ocrx_word' id='word_1_1249' title='bbox 1807 3405 1840 3435; x_wconf 84' lang='lat'>&amp;</span> <span class='ocrx_word' id='word_1_1250' title='bbox 1864 3402 1982 3436; x_wconf 85' lang='lat' dir='ltr'>nostras</span> <span class='ocrx_word' id='word_1_1251' title='bbox 2005 3402 2163 3446; x_wconf 83' lang='lat' dir='ltr'>produxi-</span> 
     </span>
     <span class='ocr_line' id='line_1_151' title="bbox 1158 3444 1986 3488; baseline -0.001 -10"><span class='ocrx_word' id='word_1_1252' title='bbox 1158 3457 1250 3485; x_wconf 80' lang='lat' dir='ltr'>mus5</span> <span class='ocrx_word' id='word_1_1253' title='bbox 1274 3446 1425 3488; x_wconf 71' lang='lat' dir='ltr'>plurimas</span> <span class='ocrx_word' id='word_1_1254' title='bbox 1449 3446 1482 3477; x_wconf 90' lang='lat' dir='ltr'>in</span> <span class='ocrx_word' id='word_1_1255' title='bbox 1508 3446 1667 3487; x_wconf 84' lang='lat' dir='ltr'>proximis</span> <span class='ocrx_word' id='word_1_1256' title='bbox 1690 3444 1839 3480; x_wconf 87' lang='lat' dir='ltr'>habebis.</span> <span class='ocrx_word' id='word_1_1257' title='bbox 1887 3447 1986 3481; x_wconf 89' lang='lat' dir='ltr'>Vale.</span> 
     </span>
    </p>
   </div>
   <div class='ocr_carea' id='block_1_9' title="bbox 101 3549 2173 3562">
    <p class='ocr_par' dir='ltr' id='par_1_16' title="bbox 101 3549 2173 3562">
     <span class='ocr_line' id='line_1_152' title="bbox 101 3549 2173 3562; baseline 0 513"><span class='ocrx_word' id='word_1_1258' title='bbox 101 3549 2173 3562; x_wconf 95' lang='lat' dir='ltr'> </span> 
     </span>
    </p>
   </div>
   <div class='ocr_carea' id='block_1_10' title="bbox 251 3594 1539 3661">
    <p class='ocr_par' dir='ltr' id='par_1_17' title="bbox 251 3594 1539 3661">
     <span class='ocr_line' id='line_1_153' title="bbox 251 3594 1223 3634; baseline 0 -10"><span class='ocrx_word' id='word_1_1259' title='bbox 251 3595 257 3624; x_wconf 91' lang='grc'>(</span> <span class='ocrx_word' id='word_1_1260' title='bbox 274 3596 321 3627; x_wconf 76' lang='lat' dir='ltr'>g]</span> <span class='ocrx_word' id='word_1_1261' title='bbox 338 3594 347 3626; x_wconf 91' lang='lat'><strong>(</strong></span> <span class='ocrx_word' id='word_1_1262' title='bbox 365 3597 380 3621; x_wconf 79' lang='lat' dir='ltr'><em>h</em></span> <span class='ocrx_word' id='word_1_1263' title='bbox 397 3596 411 3626; x_wconf 73' lang='lat'>2</span> <span class='ocrx_word' id='word_1_1264' title='bbox 426 3597 464 3626; x_wconf 77' lang='lat' dir='ltr'>(i</span> <span class='ocrx_word' id='word_1_1265' title='bbox 482 3596 492 3627; x_wconf 83' lang='grc'><strong>)</strong></span> <span class='ocrx_word' id='word_1_1266' title='bbox 508 3596 519 3621; x_wconf 90' lang='grc'>(</span> <span class='ocrx_word' id='word_1_1267' title='bbox 535 3596 551 3621; x_wconf 77' lang='lat' dir='ltr'><em>k</em></span> <span class='ocrx_word' id='word_1_1268' title='bbox 568 3596 582 3625; x_wconf 83' lang='grc'>)</span> <span class='ocrx_word' id='word_1_1269' title='bbox 598 3596 606 3624; x_wconf 88' lang='grc'><strong>(</strong></span> <span class='ocrx_word' id='word_1_1270' title='bbox 623 3597 661 3630; x_wconf 39' lang='grc' dir='ltr'>Ι.)</span> <span class='ocrx_word' id='word_1_1271' title='bbox 676 3597 739 3626; x_wconf 83' lang='lat' dir='ltr'>apud</span> <span class='ocrx_word' id='word_1_1272' title='bbox 755 3598 875 3624; x_wconf 83' lang='lat' dir='ltr'>Schenck.</span> <span class='ocrx_word' id='word_1_1273' title='bbox 893 3598 939 3624; x_wconf 84' lang='lat' dir='ltr'>loc.</span> <span class='ocrx_word' id='word_1_1274' title='bbox 956 3600 998 3624; x_wconf 82' lang='lat' dir='ltr'>cit.</span> <span class='ocrx_word' id='word_1_1275' title='bbox 1013 3600 1082 3628; x_wconf 82' lang='lat' dir='ltr'>supra</span> <span class='ocrx_word' id='word_1_1276' title='bbox 1098 3600 1128 3634; x_wconf 70' lang='lat' dir='ltr'>ad</span> <span class='ocrx_word' id='word_1_1277' title='bbox 1143 3608 1167 3624; x_wconf 88' lang='lat' dir='ltr'>n.</span> <span class='ocrx_word' id='word_1_1278' title='bbox 1186 3608 1223 3630; x_wconf 80' lang='lat'>¹9-</span> 
     </span>
     <span class='ocr_line' id='line_1_154' title="bbox 898 3630 1539 3661; baseline -0.003 -6"><span class='ocrx_word' id='word_1_1279' title='bbox 898 3631 913 3660; x_wconf 86' lang='lat'><strong>(</strong></span> <span class='ocrx_word' id='word_1_1280' title='bbox 925 3637 943 3661; x_wconf 85' lang='lat' dir='ltr'>p</span> <span class='ocrx_word' id='word_1_1281' title='bbox 959 3632 972 3660; x_wconf 86' lang='lat'>)</span> <span class='ocrx_word' id='word_1_1282' title='bbox 989 3633 1023 3655; x_wconf 90' lang='lat' dir='ltr'>De</span> <span class='ocrx_word' id='word_1_1283' title='bbox 1040 3633 1110 3655; x_wconf 75' lang='lat' dir='ltr'>Praxi</span> <span class='ocrx_word' id='word_1_1284' title='bbox 1129 3631 1197 3656; x_wconf 79' lang='lat' dir='ltr'>Med.</span> <span class='ocrx_word' id='word_1_1285' title='bbox 1215 3632 1310 3657; x_wconf 80' lang='lat' dir='ltr'>Admir.</span> <span class='ocrx_word' id='word_1_1286' title='bbox 1329 3633 1345 3654; x_wconf 93' lang='lat'>1.</span> <span class='ocrx_word' id='word_1_1287' title='bbox 1367 3638 1388 3654; x_wconf 88' lang='lat'>1.</span> <span class='ocrx_word' id='word_1_1288' title='bbox 1405 3630 1465 3654; x_wconf 86' lang='lat' dir='ltr'>Obs.</span> <span class='ocrx_word' id='word_1_1289' title='bbox 1486 3637 1539 3659; x_wconf 83' lang='lat'>103.</span> 
     </span>
    </p>
   </div>
   <div class='ocr_carea' id='block_1_11' title="bbox 255 3626 836 3656">
    <p class='ocr_par' dir='ltr' id='par_1_18' title="bbox 255 3626 836 3656">
     <span class='ocr_line' id='line_1_155' title="bbox 255 3626 836 3656; baseline 0.005 -6"><span class='ocrx_word' id='word_1_1290' title='bbox 255 3626 328 3655; x_wconf 75' lang='lat' dir='ltr'>Epist.</span> <span class='ocrx_word' id='word_1_1291' title='bbox 346 3635 367 3656; x_wconf 81' lang='grc' dir='ltr'>ς.</span> <span class='ocrx_word' id='word_1_1292' title='bbox 385 3635 409 3652; x_wconf 87' lang='grc' dir='ltr'>η.</span> <span class='ocrx_word' id='word_1_1293' title='bbox 427 3634 466 3652; x_wconf 81' lang='lat'>1².</span> <span class='ocrx_word' id='word_1_1294' title='bbox 527 3627 536 3656; x_wconf 82' lang='lat'><strong><em>(</em></strong></span> <span class='ocrx_word' id='word_1_1295' title='bbox 554 3635 566 3651; x_wconf 81' lang='grc' dir='ltr'><em>α</em></span> <span class='ocrx_word' id='word_1_1296' title='bbox 581 3627 596 3655; x_wconf 84' lang='grc'>)</span> <span class='ocrx_word' id='word_1_1297' title='bbox 612 3628 700 3652; x_wconf 80' lang='lat' dir='ltr'>Litter.</span> <span class='ocrx_word' id='word_1_1298' title='bbox 717 3628 775 3653; x_wconf 86' lang='lat' dir='ltr'>ibid.</span> <span class='ocrx_word' id='word_1_1299' title='bbox 793 3629 836 3653; x_wconf 81' lang='lat' dir='ltr'>tit.</span> 
     </span>
    </p>
   </div>
   <div class='ocr_carea' id='block_1_12' title="bbox 242 3659 1081 3778">
    <p class='ocr_par' dir='ltr' id='par_1_19' title="bbox 242 3659 1081 3778">
     <span class='ocr_line' id='line_1_156' title="bbox 726 3659 893 3689; baseline 0 -6"><span class='ocrx_word' id='word_1_1300' title='bbox 726 3660 739 3687; x_wconf 88' lang='lat'>(</span> <span class='ocrx_word' id='word_1_1301' title='bbox 750 3659 793 3689; x_wconf 83' lang='lat' dir='ltr'>s)</span> <span class='ocrx_word' id='word_1_1302' title='bbox 810 3667 833 3683; x_wconf 95' lang='lat' dir='ltr'>n.</span> <span class='ocrx_word' id='word_1_1303' title='bbox 851 3667 893 3683; x_wconf 72' lang='grc' dir='ltr'>ιο.</span> 
     </span>
     <span class='ocr_line' id='line_1_157' title="bbox 431 3690 1081 3723; baseline 0 -9"><span class='ocrx_word' id='word_1_1304' title='bbox 431 3718 436 3723; x_wconf 48' lang='grc'><em>,</em></span> <span class='ocrx_word' id='word_1_1305' title='bbox 685 3690 698 3717; x_wconf 89' lang='grc'>(</span> <span class='ocrx_word' id='word_1_1306' title='bbox 711 3697 729 3718; x_wconf 79' lang='lat' dir='ltr'><em>y</em></span> <span class='ocrx_word' id='word_1_1307' title='bbox 746 3691 756 3720; x_wconf 90' lang='lat'>)</span> <span class='ocrx_word' id='word_1_1308' title='bbox 774 3698 794 3714; x_wconf 87' lang='lat' dir='ltr'>c.</span> <span class='ocrx_word' id='word_1_1309' title='bbox 811 3690 855 3713; x_wconf 84' lang='lat' dir='ltr'>cit.</span> <span class='ocrx_word' id='word_1_1310' title='bbox 872 3690 939 3720; x_wconf 81' lang='lat' dir='ltr'>supra</span> <span class='ocrx_word' id='word_1_1311' title='bbox 955 3692 984 3715; x_wconf 85' lang='lat' dir='ltr'>ad</span> <span class='ocrx_word' id='word_1_1312' title='bbox 1003 3700 1025 3715; x_wconf 91' lang='lat' dir='ltr'>n.</span> <span class='ocrx_word' id='word_1_1313' title='bbox 1043 3699 1081 3715; x_wconf 81' lang='lat'>21.</span> 
     </span>
     <span class='ocr_line' id='line_1_158' title="bbox 253 3719 966 3750; baseline 0.006 -8"><span class='ocrx_word' id='word_1_1314' title='bbox 253 3720 391 3743; x_wconf 82' lang='lat' dir='ltr'>Commerc.</span> <span class='ocrx_word' id='word_1_1315' title='bbox 410 3721 497 3743; x_wconf 78' lang='lat' dir='ltr'>Litter.</span> <span class='ocrx_word' id='word_1_1316' title='bbox 515 3721 543 3742; x_wconf 70' lang='lat' dir='ltr'>A.</span> <span class='ocrx_word' id='word_1_1317' title='bbox 562 3726 627 3748; x_wconf 75' lang='lat'>1743.</span> <span class='ocrx_word' id='word_1_1318' title='bbox 647 3719 727 3743; x_wconf 87' lang='lat' dir='ltr'>Hebd.</span> <span class='ocrx_word' id='word_1_1319' title='bbox 747 3728 781 3750; x_wconf 84' lang='lat'>¹3-</span> <span class='ocrx_word' id='word_1_1320' title='bbox 800 3728 824 3744; x_wconf 93' lang='lat' dir='ltr'>n.</span> <span class='ocrx_word' id='word_1_1321' title='bbox 842 3729 863 3744; x_wconf 90' lang='lat'>2.</span> <span class='ocrx_word' id='word_1_1322' title='bbox 927 3720 966 3750; x_wconf 83' lang='lat' dir='ltr'>(b</span> 
     </span>
     <span class='ocr_line' id='line_1_159' title="bbox 242 3748 502 3778; baseline -0.004 -6"><span class='ocrx_word' id='word_1_1323' title='bbox 242 3749 301 3772; x_wconf 66' lang='lat' dir='ltr'>Se&amp;-</span> <span class='ocrx_word' id='word_1_1324' title='bbox 319 3751 370 3774; x_wconf 78' lang='lat' dir='ltr'>ead.</span> <span class='ocrx_word' id='word_1_1325' title='bbox 388 3748 446 3772; x_wconf 85' lang='lat' dir='ltr'>Obs.</span> <span class='ocrx_word' id='word_1_1326' title='bbox 464 3758 502 3778; x_wconf 80' lang='lat'>47.</span> 
     </span>
    </p>
   </div>
   <div class='ocr_carea' id='block_1_13' title="bbox 162 3594 958 3840">
    <p class='ocr_par' dir='ltr' id='par_1_20' title="bbox 164 3594 232 3626">
     <span class='ocr_line' id='line_1_160' title="bbox 164 3594 232 3626; baseline 0 -1"><span class='ocrx_word' id='word_1_1327' title='bbox 164 3594 208 3626; x_wconf 74' lang='lat' dir='ltr'>(f</span> <span class='ocrx_word' id='word_1_1328' title='bbox 217 3595 232 3624; x_wconf 83' lang='lat'>&gt;</span> 
     </span>
    </p>

    <p class='ocr_par' dir='ltr' id='par_1_21' title="bbox 162 3626 958 3840">
     <span class='ocr_line' id='line_1_161' title="bbox 164 3626 663 3686; baseline 0 -6"><span class='ocrx_word' id='word_1_1329' title='bbox 164 3628 179 3686; x_wconf 64' lang='grc' dir='ltr'>ἓ</span> <span class='ocrx_word' id='word_1_1330' title='bbox 193 3634 210 3680; x_wconf 52' lang='lat'>{¹</span> <span class='ocrx_word' id='word_1_1331' title='bbox 222 3626 309 3686; x_wconf 42' lang='lat' dir='ltr'>sapud</span> <span class='ocrx_word' id='word_1_1332' title='bbox 326 3658 448 3682; x_wconf 79' lang='lat' dir='ltr'>Sehenek.</span> <span class='ocrx_word' id='word_1_1333' title='bbox 465 3659 520 3682; x_wconf 84' lang='lat' dir='ltr'>loco</span> <span class='ocrx_word' id='word_1_1334' title='bbox 537 3657 645 3683; x_wconf 75' lang='lat' dir='ltr'>indicato</span> <span class='ocrx_word' id='word_1_1335' title='bbox 657 3675 663 3680; x_wconf 93' lang='lat'>.</span> 
     </span>
     <span class='ocr_line' id='line_1_162' title="bbox 162 3687 622 3716; baseline 0.002 -6"><span class='ocrx_word' id='word_1_1336' title='bbox 162 3688 176 3715; x_wconf 89' lang='lat'>(</span> <span class='ocrx_word' id='word_1_1337' title='bbox 192 3694 206 3710; x_wconf 79' lang='lat' dir='ltr'><em>x</em></span> <span class='ocrx_word' id='word_1_1338' title='bbox 222 3689 234 3716; x_wconf 83' lang='grc'>)</span> <span class='ocrx_word' id='word_1_1339' title='bbox 251 3689 358 3712; x_wconf 84' lang='lat' dir='ltr'>Eorund.</span> <span class='ocrx_word' id='word_1_1340' title='bbox 376 3691 450 3713; x_wconf 89' lang='lat' dir='ltr'>Tom.</span> <span class='ocrx_word' id='word_1_1341' title='bbox 468 3696 489 3716; x_wconf 83' lang='lat'>5.</span> <span class='ocrx_word' id='word_1_1342' title='bbox 508 3687 566 3712; x_wconf 82' lang='lat' dir='ltr'>obs.</span> <span class='ocrx_word' id='word_1_1343' title='bbox 585 3690 622 3711; x_wconf 86' lang='lat'>28.</span> 
     </span>
     <span class='ocr_line' id='line_1_163' title="bbox 162 3718 958 3807; baseline 0.006 -37"><span class='ocrx_word' id='word_1_1344' title='bbox 162 3718 236 3807; x_wconf 51' lang='lat' dir='ltr'>{gy}</span> <span class='ocrx_word' id='word_1_1345' title='bbox 521 3748 540 3779; x_wconf 88' lang='lat'>§.</span> <span class='ocrx_word' id='word_1_1346' title='bbox 566 3757 583 3773; x_wconf 89' lang='lat'>1.</span> <span class='ocrx_word' id='word_1_1347' title='bbox 601 3752 622 3774; x_wconf 71' lang='lat' dir='ltr'>ssc</span> <span class='ocrx_word' id='word_1_1348' title='bbox 639 3757 660 3772; x_wconf 84' lang='lat'>2.</span> <span class='ocrx_word' id='word_1_1349' title='bbox 679 3751 700 3774; x_wconf 72' lang='grc' dir='ltr'>ὅι</span> <span class='ocrx_word' id='word_1_1350' title='bbox 717 3750 741 3774; x_wconf 87' lang='lat' dir='ltr'>in</span> <span class='ocrx_word' id='word_1_1351' title='bbox 758 3751 842 3776; x_wconf 81' lang='lat' dir='ltr'>Addit.</span> <span class='ocrx_word' id='word_1_1352' title='bbox 859 3751 919 3775; x_wconf 88' lang='lat' dir='ltr'>Obs.</span> <span class='ocrx_word' id='word_1_1353' title='bbox 936 3760 958 3776; x_wconf 85' lang='grc' dir='ltr'>ι.</span> 
     </span>
     <span class='ocr_line' id='line_1_164' title="bbox 165 3809 229 3840; baseline 0.031 -2"><span class='ocrx_word' id='word_1_1354' title='bbox 165 3810 180 3838; x_wconf 89' lang='grc'><strong>(</strong></span> <span class='ocrx_word' id='word_1_1355' title='bbox 194 3817 202 3832; x_wconf 80' lang='lat'><strong>¹</strong></span> <span class='ocrx_word' id='word_1_1356' title='bbox 220 3809 229 3840; x_wconf 91' lang='lat'><em>)</em></span> 
     </span>
    </p>
   </div>
   <div class='ocr_carea' id='block_1_14' title="bbox 200 3779 1103 3841">
    <p class='ocr_par' dir='ltr' id='par_1_22' title="bbox 200 3779 1103 3841">
     <span class='ocr_line' id='line_1_165' title="bbox 251 3779 1103 3812; baseline 0.005 -9"><span class='ocrx_word' id='word_1_1357' title='bbox 251 3779 307 3804; x_wconf 71' lang='grc' dir='ltr'>ΟΜ.</span> <span class='ocrx_word' id='word_1_1358' title='bbox 328 3780 392 3804; x_wconf 87' lang='lat' dir='ltr'>Med.</span> <span class='ocrx_word' id='word_1_1359' title='bbox 410 3787 445 3809; x_wconf 73' lang='grc' dir='ltr'>ις,</span> <span class='ocrx_word' id='word_1_1360' title='bbox 512 3780 517 3807; x_wconf 85' lang='lat'>(</span> <span class='ocrx_word' id='word_1_1361' title='bbox 534 3786 553 3809; x_wconf 84' lang='lat' dir='ltr'><em>g</em></span> <span class='ocrx_word' id='word_1_1362' title='bbox 568 3780 581 3807; x_wconf 77' lang='lat'>)</span> <span class='ocrx_word' id='word_1_1363' title='bbox 599 3779 670 3809; x_wconf 79' lang='lat' dir='ltr'>Epist.</span> <span class='ocrx_word' id='word_1_1364' title='bbox 689 3781 725 3804; x_wconf 81' lang='lat'>18.</span> <span class='ocrx_word' id='word_1_1365' title='bbox 742 3789 766 3804; x_wconf 90' lang='lat' dir='ltr'>n.</span> <span class='ocrx_word' id='word_1_1366' title='bbox 785 3790 822 3811; x_wconf 81' lang='lat'>30.</span> <span class='ocrx_word' id='word_1_1367' title='bbox 838 3785 859 3806; x_wconf 64' lang='lat'>8(</span> <span class='ocrx_word' id='word_1_1368' title='bbox 877 3782 950 3811; x_wconf 85' lang='lat' dir='ltr'>Epist.</span> <span class='ocrx_word' id='word_1_1369' title='bbox 967 3791 1006 3811; x_wconf 78' lang='lat'>45.</span> <span class='ocrx_word' id='word_1_1370' title='bbox 1025 3791 1050 3807; x_wconf 90' lang='lat' dir='ltr'>n.</span> <span class='ocrx_word' id='word_1_1371' title='bbox 1066 3792 1103 3812; x_wconf 82' lang='lat'>23·</span> 
     </span>
     <span class='ocr_line' id='line_1_166' title="bbox 200 3810 1000 3841; baseline 0.001 -7"><span class='ocrx_word' id='word_1_1372' title='bbox 200 3811 203 3813; x_wconf 87' lang='grc'><strong>’</strong></span> <span class='ocrx_word' id='word_1_1373' title='bbox 247 3810 302 3834; x_wconf 90' lang='lat' dir='ltr'>Vid.</span> <span class='ocrx_word' id='word_1_1374' title='bbox 321 3811 471 3841; x_wconf 75' lang='lat' dir='ltr'>Sepulchret.</span> <span class='ocrx_word' id='word_1_1375' title='bbox 489 3810 548 3835; x_wconf 57' lang='lat' dir='ltr'>sta.</span> <span class='ocrx_word' id='word_1_1376' title='bbox 566 3810 611 3836; x_wconf 74' lang='lat' dir='ltr'>hac</span> <span class='ocrx_word' id='word_1_1377' title='bbox 629 3819 649 3836; x_wconf 83' lang='lat'>1.</span> <span class='ocrx_word' id='word_1_1378' title='bbox 667 3811 726 3835; x_wconf 88' lang='lat' dir='ltr'>Obs.</span> <span class='ocrx_word' id='word_1_1379' title='bbox 743 3820 781 3841; x_wconf 70' lang='lat'>47.</span> <span class='ocrx_word' id='word_1_1380' title='bbox 798 3814 820 3836; x_wconf 84' lang='lat' dir='ltr'>8c</span> <span class='ocrx_word' id='word_1_1381' title='bbox 838 3820 859 3837; x_wconf 75' lang='grc' dir='ltr'>ι.</span> <span class='ocrx_word' id='word_1_1382' title='bbox 878 3814 902 3839; x_wconf 85' lang='lat' dir='ltr'>in</span> <span class='ocrx_word' id='word_1_1383' title='bbox 920 3813 1000 3836; x_wconf 76' lang='lat' dir='ltr'>Addit.</span> 
     </span>
    </p>
   </div>
   <div class='ocr_carea' id='block_1_15' title="bbox 954 3661 1786 3722">
    <p class='ocr_par' dir='ltr' id='par_1_23' title="bbox 954 3661 1786 3722">
     <span class='ocr_line' id='line_1_167' title="bbox 954 3661 1472 3691; baseline -0.004 -6"><span class='ocrx_word' id='word_1_1384' title='bbox 954 3663 962 3691; x_wconf 83' lang='lat'><strong>(</strong></span> <span class='ocrx_word' id='word_1_1385' title='bbox 981 3668 991 3684; x_wconf 78' lang='lat' dir='ltr'>t</span> <span class='ocrx_word' id='word_1_1386' title='bbox 1008 3662 1021 3690; x_wconf 89' lang='lat'>)</span> <span class='ocrx_word' id='word_1_1387' title='bbox 1037 3661 1097 3685; x_wconf 83' lang='lat' dir='ltr'>obs.</span> <span class='ocrx_word' id='word_1_1388' title='bbox 1114 3661 1156 3686; x_wconf 82' lang='lat' dir='ltr'>cit.</span> <span class='ocrx_word' id='word_1_1389' title='bbox 1173 3662 1240 3691; x_wconf 81' lang='lat' dir='ltr'>supra</span> <span class='ocrx_word' id='word_1_1390' title='bbox 1256 3663 1285 3686; x_wconf 83' lang='lat' dir='ltr'>ad</span> <span class='ocrx_word' id='word_1_1391' title='bbox 1304 3661 1373 3684; x_wconf 66' lang='lat' dir='ltr'>euni.</span> <span class='ocrx_word' id='word_1_1392' title='bbox 1392 3668 1415 3683; x_wconf 89' lang='lat' dir='ltr'>n.</span> <span class='ocrx_word' id='word_1_1393' title='bbox 1435 3670 1472 3684; x_wconf 70' lang='grc' dir='ltr'>ιο.</span> 
     </span>
     <span class='ocr_line' id='line_1_168' title="bbox 1144 3690 1786 3722; baseline -0.006 -4"><span class='ocrx_word' id='word_1_1394' title='bbox 1144 3694 1156 3722; x_wconf 70' lang='lat' dir='ltr'>C</span> <span class='ocrx_word' id='word_1_1395' title='bbox 1173 3701 1190 3721; x_wconf 72' lang='lat' dir='ltr'><em>z</em></span> <span class='ocrx_word' id='word_1_1396' title='bbox 1209 3694 1216 3722; x_wconf 92' lang='lat'>)</span> <span class='ocrx_word' id='word_1_1397' title='bbox 1233 3693 1295 3721; x_wconf 68' lang='lat' dir='ltr'>apud</span> <span class='ocrx_word' id='word_1_1398' title='bbox 1313 3693 1432 3715; x_wconf 75' lang='lat' dir='ltr'>Schenck.</span> <span class='ocrx_word' id='word_1_1399' title='bbox 1450 3693 1498 3715; x_wconf 77' lang='lat' dir='ltr'>loc.</span> <span class='ocrx_word' id='word_1_1400' title='bbox 1516 3691 1556 3714; x_wconf 87' lang='lat' dir='ltr'>cit.</span> <span class='ocrx_word' id='word_1_1401' title='bbox 1578 3690 1644 3719; x_wconf 83' lang='lat' dir='ltr'>supra</span> <span class='ocrx_word' id='word_1_1402' title='bbox 1660 3690 1689 3714; x_wconf 87' lang='lat' dir='ltr'>ad</span> <span class='ocrx_word' id='word_1_1403' title='bbox 1707 3698 1731 3714; x_wconf 92' lang='lat' dir='ltr'>n.</span> <span class='ocrx_word' id='word_1_1404' title='bbox 1753 3697 1786 3721; x_wconf 86' lang='lat'>¹9·</span> 
     </span>
    </p>
   </div>
   <div class='ocr_carea' id='block_1_16' title="bbox 982 3720 1629 3784">
    <p class='ocr_par' dir='ltr' id='par_1_24' title="bbox 982 3720 1629 3784">
     <span class='ocr_line' id='line_1_169' title="bbox 982 3720 1629 3752; baseline -0.002 -6"><span class='ocrx_word' id='word_1_1405' title='bbox 982 3722 996 3751; x_wconf 88' lang='grc'>)</span> <span class='ocrx_word' id='word_1_1406' title='bbox 1013 3721 1073 3746; x_wconf 70' lang='grc' dir='ltr'>Ξεᾶ-</span> <span class='ocrx_word' id='word_1_1407' title='bbox 1092 3723 1135 3746; x_wconf 78' lang='lat' dir='ltr'>hac</span> <span class='ocrx_word' id='word_1_1408' title='bbox 1152 3724 1275 3752; x_wconf 81' lang='lat' dir='ltr'>Sepulchr.</span> <span class='ocrx_word' id='word_1_1409' title='bbox 1297 3731 1316 3746; x_wconf 74' lang='lat'>1.</span> <span class='ocrx_word' id='word_1_1410' title='bbox 1334 3722 1357 3745; x_wconf 88' lang='lat' dir='ltr'>in</span> <span class='ocrx_word' id='word_1_1411' title='bbox 1375 3721 1455 3745; x_wconf 78' lang='lat' dir='ltr'>Schol-</span> <span class='ocrx_word' id='word_1_1412' title='bbox 1472 3722 1502 3745; x_wconf 73' lang='lat' dir='ltr'>ad</span> <span class='ocrx_word' id='word_1_1413' title='bbox 1518 3720 1575 3745; x_wconf 80' lang='lat' dir='ltr'>obs.</span> <span class='ocrx_word' id='word_1_1414' title='bbox 1593 3729 1629 3748; x_wconf 67' lang='lat'>4¹-</span> 
     </span>
     <span class='ocr_line' id='line_1_170' title="bbox 1020 3753 1339 3784; baseline -0.003 -8"><span class='ocrx_word' id='word_1_1415' title='bbox 1020 3753 1065 3781; x_wconf 78' lang='lat' dir='ltr'>(d</span> <span class='ocrx_word' id='word_1_1416' title='bbox 1082 3753 1096 3782; x_wconf 83' lang='lat'>)</span> <span class='ocrx_word' id='word_1_1417' title='bbox 1112 3754 1183 3783; x_wconf 84' lang='lat' dir='ltr'>Epist.</span> <span class='ocrx_word' id='word_1_1418' title='bbox 1205 3762 1242 3784; x_wconf 91' lang='lat'>¹7·</span> <span class='ocrx_word' id='word_1_1419' title='bbox 1261 3762 1283 3777; x_wconf 89' lang='lat' dir='ltr'>n.</span> <span class='ocrx_word' id='word_1_1420' title='bbox 1303 3761 1339 3778; x_wconf 89' lang='lat'>10.</span> 
     </span>
    </p>
   </div>
   <div class='ocr_carea' id='block_1_17' title="bbox 1064 3812 1620 3846">
    <p class='ocr_par' dir='ltr' id='par_1_25' title="bbox 1064 3812 1620 3846">
     <span class='ocr_line' id='line_1_171' title="bbox 1064 3812 1620 3846; baseline 0.002 -8"><span class='ocrx_word' id='word_1_1421' title='bbox 1064 3815 1078 3842; x_wconf 71' lang='grc' dir='ltr'>ζ</span> <span class='ocrx_word' id='word_1_1422' title='bbox 1094 3814 1110 3838; x_wconf 74' lang='lat' dir='ltr'><em>k</em></span> <span class='ocrx_word' id='word_1_1423' title='bbox 1131 3814 1140 3846; x_wconf 82' lang='grc'><strong><em>&gt;</em></strong></span> <span class='ocrx_word' id='word_1_1424' title='bbox 1156 3815 1216 3840; x_wconf 67' lang='grc' dir='ltr'>ὃεέὶ.</span> <span class='ocrx_word' id='word_1_1425' title='bbox 1238 3816 1291 3840; x_wconf 76' lang='lat' dir='ltr'>ead.</span> <span class='ocrx_word' id='word_1_1426' title='bbox 1308 3813 1367 3838; x_wconf 91' lang='lat' dir='ltr'>Obs.</span> <span class='ocrx_word' id='word_1_1427' title='bbox 1384 3817 1423 3843; x_wconf 81' lang='lat'>46.</span> <span class='ocrx_word' id='word_1_1428' title='bbox 1442 3813 1525 3843; x_wconf 84' lang='lat' dir='ltr'>ptimae</span> <span class='ocrx_word' id='word_1_1429' title='bbox 1545 3812 1566 3842; x_wconf 83' lang='lat'>§.</span> <span class='ocrx_word' id='word_1_1430' title='bbox 1586 3821 1620 3839; x_wconf 81' lang='lat' dir='ltr'>it.</span> 
     </span>
    </p>
   </div>
   <div class='ocr_carea' id='block_1_18' title="bbox 1285 3599 2166 3782">
    <p class='ocr_par' dir='ltr' id='par_1_26' title="bbox 1285 3599 1886 3631">
     <span class='ocr_line' id='line_1_172' title="bbox 1285 3599 1886 3631; baseline -0.002 -8"><span class='ocrx_word' id='word_1_1431' title='bbox 1285 3599 1335 3626; x_wconf 84' lang='lat' dir='ltr'>(m</span> <span class='ocrx_word' id='word_1_1432' title='bbox 1353 3600 1363 3631; x_wconf 89' lang='lat'><em>)</em></span> <span class='ocrx_word' id='word_1_1433' title='bbox 1381 3600 1434 3624; x_wconf 66' lang='lat' dir='ltr'>Ast.</span> <span class='ocrx_word' id='word_1_1434' title='bbox 1451 3599 1527 3624; x_wconf 81' lang='lat' dir='ltr'>Erud.</span> <span class='ocrx_word' id='word_1_1435' title='bbox 1544 3599 1608 3629; x_wconf 86' lang='lat' dir='ltr'>Lips.</span> <span class='ocrx_word' id='word_1_1436' title='bbox 1627 3600 1656 3622; x_wconf 81' lang='lat' dir='ltr'>A.</span> <span class='ocrx_word' id='word_1_1437' title='bbox 1675 3602 1746 3626; x_wconf 78' lang='lat'>¹691·</span> <span class='ocrx_word' id='word_1_1438' title='bbox 1763 3600 1802 3623; x_wconf 89' lang='lat' dir='ltr'>M.</span> <span class='ocrx_word' id='word_1_1439' title='bbox 1820 3599 1886 3627; x_wconf 77' lang='lat' dir='ltr'>Mai.</span> 
     </span>
    </p>

    <p class='ocr_par' dir='ltr' id='par_1_27' title="bbox 1536 3629 2166 3692">
     <span class='ocr_line' id='line_1_173' title="bbox 1602 3629 2166 3660; baseline 0.011 -8"><span class='ocrx_word' id='word_1_1440' title='bbox 1602 3630 1609 3657; x_wconf 86' lang='lat'><em>(</em></span> <span class='ocrx_word' id='word_1_1441' title='bbox 1629 3639 1644 3658; x_wconf 82' lang='lat' dir='ltr'><em>q</em></span> <span class='ocrx_word' id='word_1_1442' title='bbox 1660 3630 1674 3658; x_wconf 83' lang='lat'><em>)</em></span> <span class='ocrx_word' id='word_1_1443' title='bbox 1691 3629 1749 3658; x_wconf 83' lang='lat' dir='ltr'>Eph.</span> <span class='ocrx_word' id='word_1_1444' title='bbox 1770 3632 1804 3653; x_wconf 88' lang='lat' dir='ltr'>N.</span> <span class='ocrx_word' id='word_1_1445' title='bbox 1820 3632 1849 3654; x_wconf 88' lang='lat' dir='ltr'>C.</span> <span class='ocrx_word' id='word_1_1446' title='bbox 1867 3632 1955 3655; x_wconf 55' lang='grc' dir='ltr'>Περι.</span> <span class='ocrx_word' id='word_1_1447' title='bbox 1973 3631 2004 3654; x_wconf 84' lang='grc' dir='ltr'>Α.</span> <span class='ocrx_word' id='word_1_1448' title='bbox 2016 3638 2038 3660; x_wconf 84' lang='lat'>3.</span> <span class='ocrx_word' id='word_1_1449' title='bbox 2055 3631 2114 3657; x_wconf 90' lang='lat' dir='ltr'>obs.</span> <span class='ocrx_word' id='word_1_1450' title='bbox 2128 3635 2166 3658; x_wconf 84' lang='lat'>16.</span> 
     </span>
     <span class='ocr_line' id='line_1_174' title="bbox 1536 3660 2041 3692; baseline 0.004 -8"><span class='ocrx_word' id='word_1_1451' title='bbox 1536 3662 1549 3689; x_wconf 86' lang='lat'>(</span> <span class='ocrx_word' id='word_1_1452' title='bbox 1564 3669 1580 3684; x_wconf 82' lang='lat' dir='ltr'><em>u</em></span> <span class='ocrx_word' id='word_1_1453' title='bbox 1599 3661 1607 3690; x_wconf 91' lang='lat'>)</span> <span class='ocrx_word' id='word_1_1454' title='bbox 1623 3660 1675 3684; x_wconf 72' lang='lat' dir='ltr'>Ast.</span> <span class='ocrx_word' id='word_1_1455' title='bbox 1696 3662 1727 3683; x_wconf 90' lang='lat' dir='ltr'>N.</span> <span class='ocrx_word' id='word_1_1456' title='bbox 1745 3662 1776 3683; x_wconf 89' lang='lat' dir='ltr'>C.</span> <span class='ocrx_word' id='word_1_1457' title='bbox 1793 3662 1870 3685; x_wconf 86' lang='lat' dir='ltr'>Tom.</span> <span class='ocrx_word' id='word_1_1458' title='bbox 1887 3669 1910 3690; x_wconf 86' lang='lat'>4.</span> <span class='ocrx_word' id='word_1_1459' title='bbox 1928 3661 1988 3686; x_wconf 83' lang='lat' dir='ltr'>obs.</span> <span class='ocrx_word' id='word_1_1460' title='bbox 2003 3670 2041 3692; x_wconf 78' lang='lat'>49.</span> 
     </span>
    </p>

    <p class='ocr_par' dir='ltr' id='par_1_28' title="bbox 1401 3750 1876 3782">
     <span class='ocr_line' id='line_1_175' title="bbox 1401 3750 1876 3782; baseline 0.002 -7"><span class='ocrx_word' id='word_1_1461' title='bbox 1401 3750 1408 3781; x_wconf 95' lang='lat'>(</span> <span class='ocrx_word' id='word_1_1462' title='bbox 1428 3760 1439 3775; x_wconf 84' lang='lat' dir='ltr'>e</span> <span class='ocrx_word' id='word_1_1463' title='bbox 1455 3751 1464 3782; x_wconf 95' lang='lat'><em>)</em></span> <span class='ocrx_word' id='word_1_1464' title='bbox 1481 3753 1543 3775; x_wconf 61' lang='lat' dir='ltr'>Seei.</span> <span class='ocrx_word' id='word_1_1465' title='bbox 1561 3751 1606 3775; x_wconf 79' lang='lat' dir='ltr'>hac</span> <span class='ocrx_word' id='word_1_1466' title='bbox 1623 3750 1745 3781; x_wconf 73' lang='lat' dir='ltr'>sepulchr.</span> <span class='ocrx_word' id='word_1_1467' title='bbox 1763 3750 1821 3775; x_wconf 89' lang='lat' dir='ltr'>Obs.</span> <span class='ocrx_word' id='word_1_1468' title='bbox 1840 3759 1876 3781; x_wconf 74' lang='lat'>50.</span> 
     </span>
    </p>
   </div>
   <div class='ocr_carea' id='block_1_19' title="bbox 1687 3811 1848 3843">
    <p class='ocr_par' dir='ltr' id='par_1_29' title="bbox 1687 3811 1848 3843">
     <span class='ocr_line' id='line_1_176' title="bbox 1687 3811 1848 3843; baseline 0 -6"><span class='ocrx_word' id='word_1_1469' title='bbox 1687 3811 1848 3843; x_wconf 76' lang='lat' dir='ltr'>(l)n.21.</span> 
     </span>
    </p>
   </div>
   <div class='ocr_carea' id='block_1_20' title="bbox 1164 3781 1549 3816">
    <p class='ocr_par' dir='ltr' id='par_1_30' title="bbox 1164 3781 1549 3816">
     <span class='ocr_line' id='line_1_177' title="bbox 1164 3781 1549 3816; baseline -0.013 -7"><span class='ocrx_word' id='word_1_1470' title='bbox 1164 3785 1206 3808; x_wconf 82' lang='lat' dir='ltr'>&lt;h</span> <span class='ocrx_word' id='word_1_1471' title='bbox 1224 3787 1233 3816; x_wconf 95' lang='lat'><em>)</em></span> <span class='ocrx_word' id='word_1_1472' title='bbox 1248 3784 1303 3809; x_wconf 81' lang='lat' dir='ltr'>Vid.</span> <span class='ocrx_word' id='word_1_1473' title='bbox 1323 3782 1394 3809; x_wconf 65' lang='lat' dir='ltr'>Epist·</span> <span class='ocrx_word' id='word_1_1474' title='bbox 1414 3791 1451 3806; x_wconf 85' lang='lat'>20.</span> <span class='ocrx_word' id='word_1_1475' title='bbox 1471 3781 1494 3806; x_wconf 70' lang='grc'>8(</span> <span class='ocrx_word' id='word_1_1476' title='bbox 1510 3790 1549 3805; x_wconf 89' lang='lat'>21.</span> 
     </span>
    </p>
   </div>
  </div>
 </body>
</html>
