2498 4075
397 139 496 196 226

333 223 481 259 nuiffima
503 217 688 255 membrana
710 214 847 256 fierent,
869 226 978 250 earum
1002 224 1110 249 autem
1132 213 1270 248 fimbriae
1302 219 1349 255 ea!

335 267 511 304 nrunura,
534 263 702 304 figuraque
725 258 843 299 essent,
865 268 903 293 ut
934 256 1058 302 possent
1090 258 1130 292 ad
1162 269 1234 291 eum
1270 269 1341 291 mo·

335 312 414 348 dum
438 307 590 352 produci:
616 303 658 337 est
681 303 767 336 inter
789 305 875 337 uteri
897 305 1076 341 cervicem,
1099 303 1131 335 δε
1153 299 1264 335 testem
1296 301 1341 334 al-

335 365 387 391 ter
407 354 465 396 qui
489 351 593 384 semen
617 344 814 387 transvehit,
835 346 968 384 duetus,
993 345 1051 387 qui
1085 344 1248 378 cervicalis
1278 344 1342 377 clici

335 410 396 434 non
418 394 546 437 absurde
564 389 683 434 poffet3
706 389 793 431 quasi
812 388 950 423 anetum
982 386 1141 430 ejusmodi
1184 387 1241 421 esse
1287 398 1339 419 vas

335 440 515 484 quodpiam
538 430 782 477 sanguiferum‚
803 442 867 476 non
892 430 1072 467 constaret:
1096 430 1234 473 denique
1256 442 1265 467 3
1301 442 1339 463 ne

336 485 468 526 longior
490 479 573 518 fim;
596 489 650 522 per
674 476 788 510 teretia
811 475 898 508 uteri
921 473 1262 516 ligamentaseminalis
1274 484 1341 506 rua-

336 528 417 561 teria
431 547 439 562 ‚
462 533 515 556 nec
538 532 596 555 non
618 520 683 553 alia
707 519 739 552 in
761 526 849 552 utero
871 525 1053 551 coacervata
1075 525 1269 552 excrementa
1304 517 1344 550 ad

337 569 466 612 inguina
490 564 691 607 expelluntur
700 574 713 602 ,·
736 560 825 605 quasi
849 560 1054 595 manifestum
1078 571 1144 594 non
1168 560 1244 594 esset
1269 585 1278 600 ,
1312 572 1346 593 ea

337 614 514 655 ligamenta
538 619 617 642 curn
641 607 728 641 uteri
751 616 834 640 cavo
858 615 923 638 non
945 604 1257 638 communicare.Et
1282 604 1348 638 haec

336 655 473 698 quidem
495 653 534 688 de
558 651 772 694 gemellorum
795 649 941 692 origine,
966 651 997 681 &
1020 647 1240 690 generatione.

338 702 390 734 De
412 694 702 738 Hermaphroditis
726 702 835 727 autern
858 691 1014 735 quorsum
1047 690 1253 725 dissefflones
1286 691 1350 725 istae

339 741 436 776 tres?
461 745 472 780 (
496 739 515 773 b
536 742 551 778 )
571 737 701 781 quando
722 748 795 771 cum
819 735 978 769 foemineo
1002 735 1140 769 naturali
1166 736 1253 775 penis
1276 746 1353 768 con-

339 785 467 829 junaus
493 793 596 824 neque
619 781 761 815 urethrae
783 780 916 813 orificio
941 786 1010 812 erat
1035 778 1189 821 praeditus
1210 802 1220 817 ,
1254 789 1355 818 neque

341 831 470 863 urinam
494 824 688 862 emittebam
712 833 748 859 ut
772 822 824 857 vel
858 822 923 857 fine
958 822 1023 856 ulla
1055 822 1240 855 dislefiione
1272 820 1356 855 nihil

336 871 393 908 effe
418 869 506 906 aliud
523 893 532 910 ,
554 870 737 907 constaret,
759 877 858 908 quam
904 865 1132 908 magnitudine
1178 865 1354 900 monstrosa

335 914 545 952 clitoridem.
678 913 728 944 De
752 910 970 953 Virginitatis
995 909 1134 953 denique
1156 908 1261 942 Notis
1307 910 1354 942 sa-

335 953 402 993 tius
425 966 494 992 erat
518 954 605 990 nihil
629 956 813 997 attingere,
837 965 935 996 quam
973 953 1048 986 duas
1072 976 1085 993 ,
1129 951 1234 986 tresve
1283 953 1355 985 istas

336 1008 350 1044 (
373 1015 388 1036 c
411 1005 426 1043 )
446 1003 481 1035 in
505 1009 653 1034 extrema
677 998 826 1031 Sefflone
860 997 1045 1031 XXXVII.
1092 996 1351 1030 Observationes

337 1054 542 1090 proponere,
566 1053 606 1077 ex
627 1042 745 1086 quibus
767 1041 901 1074 leetores
924 1043 1044 1083 partim
1057 1041 1113 1074 vix
1124 1040 1246 1079 sciant,
1269 1051 1358 1083 quae-

335 1101 412 1124 nam
435 1092 523 1129 inter
546 1096 641 1121 notas
667 1085 737 1119 illas
762 1095 827 1117 non
852 1083 891 1118 fit
915 1084 1062 1127 ponenda
1091 1107 1100 1122 ‚
1135 1084 1254 1127 partim
1289 1095 1356 1116 cre-

336 1135 440 1174 dant,
464 1143 503 1165 ne
527 1130 701 1173 hymenem
725 1127 880 1172 quidem,
902 1129 961 1170 qui
984 1137 1093 1161 tamen
1119 1126 1357 1169 praecipua31i-

333 1188 397 1219 qua
422 1176 482 1210 alia
499 1197 509 1213 ,
533 1173 752 1216 Virginitatis
777 1171 819 1205 est
843 1180 941 1212 nota,
966 1172 1000 1204 in
1023 1172 1090 1204 illis
1122 1170 1180 1204 esse
1215 1181 1357 1203 comme—

334 1220 555 1259 morandum,
579 1217 758 1259 praesertim
781 1226 857 1249 cum
880 1217 916 1248 in
941 1213 1069 1257 adjeeto
1092 1212 1230 1247 Scholio
1241 1225 1357 1246 carun-

334 1264 420 1299 culae.
438 1264 543 1296 etiam
567 1261 642 1294 solae
667 1271 726 1302 pro
750 1271 785 1292 ea
811 1258 974 1300 praecipua
1008 1267 1108 1303 nota*
1125 1257 1237 1291 haberi
1269 1256 1356 1299 posse

334 1307 506 1343 dicantur,
528 1314 632 1346 neque
657 1304 763 1337 minus
786 1301 825 1335 ad
859 1302 1005 1334 Pinaeum
1049 1300 1146 1343 hujus
1192 1299 1356 1334 sententiae

332 1358 610 1394 propugnatorem
630 1370 640 1385 ‚
663 1357 763 1389 quam
789 1344 828 1379 ad
852 1345 932 1378 alios
955 1345 1054 1379 leesor
1067 1344 1232 1387 rejiciatur
1246 1370 1254 1377 .
1268 1344 1353 1385 Qi-

334 1395 395 1430 bus
417 1393 455 1427 de
478 1393 572 1427 rebus
595 1399 691 1426 tanto
714 1391 820 1423 minus
845 1387 899 1422 hic
925 1401 940 1422 a
965 1400 1014 1422 me
1029 1389 1210 1432 quidquam
1234 1388 1352 1421 adden-

333 1440 414 1473 dum
438 1446 521 1480 puto
537 1460 547 1474 ‚
570 1434 660 1477 quod
685 1433 764 1467 satis
788 1432 865 1466 alias
888 1431 971 1476 quid
995 1432 1236 1466 observaverim
1262 1456 1271 1471 ,
1316 1432 1350 1464 in

333 1479 540 1518 Adversariis
582 1481 596 1518 <
619 1479 638 1510 d
660 1480 696 1516 )‚
729 1476 810 1520 quid
835 1485 945 1510 autem
968 1475 1112 1510 censeam
1127 1499 1139 1516 ,
1162 1474 1232 1509 fuse
1254 1476 1288 1507 in
1313 1487 1351 1508 eo

331 1523 505 1568 Responso
527 1522 654 1556 dicium
681 1520 722 1554 est
745 1518 836 1562 quod
866 1520 1064 1556 inscribitur
1095 1518 1191 1563 super
1222 1519 1352 1563 Judicio

331 1569 536 1610 obstetricum
560 1566 595 1598 de
616 1563 766 1598 Mulieris
789 1563 979 1605 Virginitate
992 1587 1000 1594 .

374 1623 406 1647 2.
432 1613 471 1645 In
496 1610 644 1643 Seffione
677 1607 776 1641 etiam
814 1606 1013 1640 XXXVIII.
1050 1617 1115 1641 non
1147 1616 1248 1648 pauca
1280 1606 1352 1639 sunt

328 1666 404 1698 quae
429 1664 485 1688 aut
510 1664 577 1687 non
603 1662 641 1684 eo
667 1651 742 1684 loco
766 1651 866 1692 poni,
901 1660 958 1684 aut
991 1648 1115 1692 adjefim
1149 1649 1348 1683 animadver-

330 1700 417 1735 fione
440 1699 548 1740 aliqua
569 1696 709 1729 omnino
733 1693 894 1727 emendari
919 1693 1119 1727 debuissent.
1136 1693 1254 1735 Neque
1264 1694 1351 1728 enim

329 1755 392 1789 pro
414 1743 465 1778 his
488 1738 580 1783 poffis
604 1737 714 1772 dicere
737 1737 827 1779 quod
851 1748 912 1779 pro
937 1736 1098 1779 plerisque
1121 1747 1234 1770 eorum
1280 1736 1350 1770 for-

334 1785 412 1821 tasse
435 1797 508 1829 quae
533 1784 626 1825 supra
650 1789 761 1815 notata
784 1778 882 1819 sunt,
907 1781 1065 1813 nimirum
1090 1791 1157 1823 quo
1204 1788 1350 1822 tempore

330 1831 528 1866 edebantur,
551 1825 686 1860 necdum
709 1825 750 1858 iis
773 1824 908 1871 meliora
929 1821 1022 1857 fuisse
1037 1821 1232 1866 proposita:v
1247 1834 1349 1866 quan-

331 1885 431 1918 quam
454 1875 485 1907 &
509 1881 586 1905 tunc
610 1870 718 1904 multo
739 1867 876 1902 meliora
898 1878 963 1909 Jam
988 1867 1197 1910 prodierant,
1222 1869 1253 1899 ἃ
1276 1877 1349 1900 tan.

330 1928 367 1952 to
391 1917 493 1959 tnagis
515 1926 554 1948 eo
575 1923 722 1955 tempore
744 1923 812 1955 quo
837 1910 1084 1953 Sepulchretum
1107 1909 1273 1945 recusum,
1317 1912 1349 1942 δι

331 1963 463 1997 anetum
487 1959 531 1993 est
548 1983 555 1990 .
583 1958 715 1991 Scilicet
727 1953 945 1990 recentiffimis
956 1954 1256 1988 observationibus
1266 1964 1347 1995 opus

330 2015 398 2039 non
420 2003 527 2039 fuerat
542 2028 551 2044 ,
572 2011 609 2035 ut
633 1999 720 2038 haec,
741 2008 883 2042 quorum
906 1997 1014 2041 aliqua
1039 1998 1198 2031 continuo
1222 1996 1347 2029 indica-

330 2050 399 2087 bo,
422 2058 489 2082 non
514 2045 579 2080 fine
604 2043 829 2078 emendatione
852 2039 1097 2084 proferrentur.
1132 2040 1348 2073 Observatio-

331 2105 372 2128 ne
396 2094 425 2133 Ι,-
448 2099 484 2125 ut
510 2089 688 2127 omittam,
713 2086 863 2131 quaedam
886 2085 921 2117 in
943 2084 1107 2127 cujusdam
1131 2083 1229 2117 foetus
1262 2085 1275 2121 (
1297 2094 1311 2116 e
1336 2086 1346 2121 )

331 2135 521 2171 diffefflone
546 2135 593 2166 ita
616 2132 783 2176 proponi,
807 2139 843 2163 ut
869 2139 943 2163 cum
977 2127 1150 2163 secundum
1197 2136 1347 2160 naturam

335 2181 397 2216 sint
413 2200 422 2217 ,
446 2176 516 2220 ipsa
538 2187 671 2220 quoque
695 2187 712 2209 a
737 2172 896 2217 plerisque
919 2172 1097 2211 leetoribus
1119 2172 1206 2205 credi
1231 2168 1348 2214 poffint

334 2225 372 2259 ad
396 2220 548 2256 vitiosam
571 2219 840 2253 constitutionem
864 2216 1052 2254 attinuisse,
1075 2202 1242 2292 quffferat
1266 2210 1350 2262 (f),

333 2265 519 2303 funiculum
554 2261 695 2297 foetuum
729 2259 951 2295 umbilicalem
986 2269 1108 2293 commu
1132 2271 1141 2292 ῑ

335 2310 476 2346 omnibus
500 2307 645 2342 ulnarum
667 2306 790 2347 aliquot
813 2302 1006 2345 longitudine
1040 2301 1095 2347 effi?
1119 2301 1218 2345 solere
1241 2299 1256 2332 ,ἒ
1288 2310 1343 2349 aut

334 2356 409 2398 quis
431 2352 547 2387 mirum
572 2348 630 2383 esse
645 2376 654 2391 ,
676 2349 784 2382 credat
805 2350 818 2387 <
838 2358 860 2389 g
882 2349 917 2384 2,
941 2345 1119 2393 ascemina
1142 2358 1213 2388 quae
1230 2344 1345 2386 septies

335 2398 476 2434 abortiit
497 2405 576 2427 nunc
599 2393 762 2430 breviore,
786 2400 866 2423 nunc
888 2389 1025 2430 longiore
1047 2401 1064 2422 a
1087 2397 1234 2431 conceptu
1267 2394 1347 2420 tem-

332 2441 421 2486 poris
435 2438 569 2483 spatio,
593 2436 697 2469 editos
720 2444 821 2467 omnes
846 2431 1006 2465 abortivos
1021 2431 1116 2478 fuiffe
1140 2440 1243 2465 tamen
1268 2429 1347 2472 ejus-

336 2488 405 2520 dem
426 2480 675 2525 magnitudinis,
694 2476 823 2520 pollicis
845 2473 1015 2508 articulum
1042 2475 1113 2517 fere
1157 2481 1312 2518 aeqimntes
1336 2484 1348 2513 ,-

336 2529 432 2572 quis‚
455 2527 611 2568 inquam,
634 2521 698 2556 hoc
721 2520 839 2553 mirum
862 2518 994 2558 credat,
1017 2517 1076 2551 nisi
1101 2517 1188 2552 forte
1210 2518 1346 2559 quinon

338 2571 530 2612 intelligat,
554 2567 635 2600 alios
656 2563 789 2608 quidem
813 2561 878 2594 alio
900 2570 1046 2603 tempore
1070 2561 1164 2595 fuisse
1197 2560 1314 2602 ejeetos
1340 2585 1348 2597 ,

336 2625 449 2650 omnes
471 2622 579 2647 tamen
603 2608 717 2642 eodem
740 2603 914 2639 mortuos?
938 2603 1024 2647 posse
1046 2607 1132 2638 enim
1180 2613 1347 2638 mortuum

336 2659 458 2694 foetum
481 2655 531 2688 vel
553 2653 660 2696 plures
685 2649 804 2683 menses
826 2650 859 2681 in
883 2658 977 2682 utero
1000 2650 1154 2687 retineri,
1179 2650 1276 2682 etiam
1309 2649 1348 2681 si-

336 2715 378 2737 ne
397 2699 629 2742 corruptione,
654 2698 686 2728 &
710 2692 830 2727 foetore
854 2691 944 2729 ullo,
968 2691 1042 2726 satis
1065 2701 1182 2735 praeter
1206 2694 1281 2725 alias
1296 2693 1347 2728 ,in

338 2743 515 2791 primisque
538 2739 624 2784 apud
650 2735 862 2779 Ruyschium
886 2739 900 2775 (
921 2734 942 2768 h
960 2736 996 2776 ),
1020 2748 1054 2770 ea
1092 2735 1246 2769 monstrat
1278 2746 1349 2777 quae

336 2790 496 2825 continuo
520 2784 664 2827 sequitur
685 2780 887 2814 Observatio
907 2781 924 2817 s
945 2779 957 2813 i
977 2782 1010 2819 )’-
1036 2780 1277 2814 Observatione
1294 2790 1349 2811 au-

338 2844 403 2869 tem
427 2834 473 2866 II.
496 2827 562 2869 (lq)
584 2837 659 2861 cum
682 2825 784 2859 foetus
806 2823 941 2866 quidam
965 2822 1055 2867 cujus
1079 2824 1201 2857 exitum
1226 2823 1349 2856 viarum

338 2888 450 2912 tumor
473 2871 709 2917 prohibuerat,
732 2865 913 2909 compresso
937 2867 977 2900 ab
1012 2878 1078 2901 uno
1113 2867 1210 2900 latere
1239 2867 1350 2899 cranio

343 2928 488 2962 repertus
510 2914 606 2952 estet,
629 2914 705 2947 inde
730 2910 793 2946 hoc
818 2909 982 2944 infertur:
1010 2921 1048 2944 ex
1078 2921 1138 2953 quo
1172 2910 1254 2943 clare
1285 2908 1351 2942 elu-

340 2963 458 3006 cescit,
480 2969 540 2992 non
556 2956 659 3000 solum
681 2956 748 2989 vim
773 2953 978 2996 expultricem
1003 2956 1087 2988 uteri
1101 2952 1209 2997 facere
1232 2954 1351 2993 adpro-

342 3006 529 3043 trudendum
545 3000 662 3045 foetum
674 3022 686 3039 ,
703 2998 759 3040 sed
785 2998 826 3031 ἔν
850 2997 950 3039 ipsum
983 2996 1135 3040 infantem
1179 2995 1351 3030 allaborare

343 3052 383 3085 ad
396 3049 453 3092 sui
462 3058 477 3082 e
490 3054 611 3080 carcere
633 3042 869 3076 liberationem:
893 3041 1092 3083 probaturne
1115 3041 1178 3074 tibi
1202 3039 1269 3073 haec
1282 3040 1327 3073 rei
1341 3062 1352 3078 ,

343 3090 548 3134 caeteroquin
573 3097 629 3130 per
651 3086 680 3119 se
703 3082 887 3124 nonfalsae‚
910 3084 1118 3118 consecutio:
1142 3083 1274 3127 quando
1286 3095 1352 3116 ma-

341 3149 392 3172 ter
417 3146 446 3179 5.
469 3140 526 3167 aut
547 3133 580 3164 6.
602 3127 709 3163 diebus
731 3126 888 3160 doloribus
908 3135 1023 3170 partus
1045 3127 1191 3173 laborasse
1202 3126 1348 3166 dicitur,

343 3180 449 3216 infans
472 3184 580 3212 autem
603 3174 673 3216 post
697 3173 821 3215 primos
843 3171 975 3205 illorum
999 3172 1150 3205 dolorum
1175 3170 1241 3204 dies
1276 3172 1348 3204 nul-

343 3228 411 3261 lum
457 3222 534 3255 vitae
577 3218 703 3261 fignum
737 3213 886 3251 edidisse;
910 3225 945 3248 ut
971 3215 1105 3250 minime
1140 3215 1282 3251 constet,
1306 3226 1346 3248 an

344 3266 531 3309 utriusque.
555 3273 593 3296 an
618 3261 731 3295 matris
754 3259 849 3292 unius
872 3260 1041 3292 conatibus
1064 3271 1099 3293 ea
1122 3259 1223 3292 cranii
1255 3270 1346 3292 cotn-

345 3310 458 3356 preffio
481 3303 664 3342 debeatur?
685 3304 811 3337 Verum
834 3301 902 3335 haec
925 3302 998 3336 satis
1024 3302 1085 3335 sint
1103 3326 1112 3335 .
1136 3305 1193 3335 Per
1218 3311 1248 3334 te
1260 3304 1347 3335 enim

345 3351 595 3399 quatuordecim
618 3347 762 3389 exempla
787 3347 969 3388 perlegens,
993 3357 1065 3388 quae
1108 3345 1349 3379 Observatione

346 3400 376 3433 1.
401 3400 448 3431 ita
471 3393 680 3438 proferuntur
702 3389 789 3433 quasi
813 3390 923 3423 omnia
935 3389 973 3423 ad
986 3391 1138 3423 abortum
1155 3392 1349 3430 attinerent,

346 3441 528 3481 intelliges,
553 3447 631 3472 num
656 3434 812 3471 secundo,
835 3432 922 3475 quod
944 3433 984 3467 ad
1020 3442 1149 3475 partum
1195 3432 1314 3474 spe&at
1340 3458 1349 3472 ῃ

348 3486 434 3519 inter
458 3482 583 3524 reliqua
605 3477 678 3513 esset
701 3478 813 3516 locus,
837 3476 1007 3519 multoque
1030 3475 1112 3510 illud
1125 3477 1243 3520 magis.
1271 3487 1347 3509 num

348 3528 387 3562 acl
410 3526 595 3561 institutum
621 3523 801 3564 pertineant
823 3530 934 3553 omnes
957 3531 1030 3562 quae
1053 3521 1088 3552 in
1099 3521 1156 3553 IX.
1171 3530 1350 3562 congerun-

349 3582 427 3613 tur,
446 3569 722 3604 Observatione53
744 3574 820 3598 cum
843 3563 1003 3606 pleraque
1024 3574 1134 3596 earum
1167 3573 1252 3597 certe
1285 3574 1349 3596 non

958 136 1116 203 Liber
1148 135 1255 188 III.
1289 136 1374 188 De
1411 134 1619 187 Morbis
1659 135 1870 188 Ventris

1396 211 1434 246 ad
1457 212 1772 255 praeternaturalem,
1798 213 1849 248 sed
1873 212 1910 248 ad
1935 210 2112 247 naturalem
2135 212 2394 249 attineantsuteri

1391 266 1463 289 tum
1488 256 1521 287 in
1544 256 1687 297 gravidis
1702 280 1711 296 ‚
1733 265 1805 290 tum
1826 258 1860 290 in
1884 259 2045 300 puerperis
2091 256 2356 293 constitutionem
2382 282 2392 292 .

1392 300 1444 333 De
1465 309 1529 341 qua
1552 299 1621 331 noli
1644 298 1697 332 hic
1718 299 1896 343 quidquam
1919 312 1935 333 a
1959 311 2009 334 me
2031 301 2217 342 expeti-tare.
2241 301 2294 335 Ad
2317 302 2394 336 scri-

1392 344 1538 384 ptionem
1562 344 1648 375 enim
1672 343 1770 384 longe
1793 344 1886 377 aliam
1910 344 2073 387 pertinent
2095 354 2166 385 quae
2189 343 2254 386 ipse
2265 356 2395 388 quoque

1391 386 1429 419 de
1453 384 1686 418 constitutione
1710 387 1767 419 illa
1791 397 1893 430 neque
1917 386 2030 424 semel,
2056 397 2157 429 neque
2188 387 2395 431 indiligenter

1390 427 1579 462 observavi.
1602 429 1661 462 Sed
1685 438 1721 462 ut
1742 431 1879 471 ingenue
1901 442 1968 471 quo
1980 429 2089 463 studiis
2103 430 2290 464 inservirem
2306 434 2395 473 tuis,

1393 473 1459 506 haec
1481 472 1514 504 in
1539 473 1724 506 memoratis
1748 473 1950 515 Sepulchreti
1974 474 2174 507 Sefflonibus
2197 476 2333 515 notavi;
2353 475 2396 511 sic

1394 516 1482 550 ultro
1507 513 1632 553 fateor,
1656 516 1796 559 plurima
1821 518 1853 549 in
1878 516 1990 550 iisdem
2013 515 2072 550 effe
2096 517 2262 557 probanda
2278 542 2284 550 .
2300 519 2399 556 Quo-

1397 570 1470 593 rum
1492 559 1599 601 capita
1621 561 1654 592 in
1680 559 1730 593 his
1752 560 1890 593 Litteris
1913 559 2045 603 sequar,
2069 559 2131 594 alia
2155 561 2400 604 tameninterji-

1399 605 1506 640 ciens,
1530 611 1584 635 aut
1609 602 1758 645 adjiciens
1780 614 1853 645 quae
1873 606 1902 637 &
1926 603 2093 637 necessaria
2116 603 2197 641 effe,
2220 603 2324 638 &huc
2336 603 2404 649 spe.

1400 649 1504 685 ctare,
1527 645 1739 680 existimabo.

1445 705 1474 733 3.
1499 690 1543 723 Et
1568 691 1732 732 primum,
1756 688 1846 732 quod
1869 689 1908 723 ad
1930 689 2169 724 Graviditatem
2195 689 2319 724 Falsain
2355 701 2405 725 at-

1407 736 1514 774 tinet,
1537 735 1633 766 nimis
1655 743 1769 767 notum
1795 732 1858 771 est,
1884 731 1969 766 haud
1993 734 2037 766 ita
2062 745 2135 768 raro
2159 733 2309 768 Medicos
2333 734 2404 769 falli

1408 778 1473 812 sive
1496 779 1530 811 in
1553 789 1627 810 vera
1651 789 1710 821 pro
1734 775 1833 813 falsa,
1857 775 1919 810 five
1942 778 1975 809 in
1988 775 2064 810 falsa
2077 788 2136 819 pro
2147 788 2220 811 vera
2237 778 2403 818 habenda.

1407 823 1548 855 Utinam
1570 831 1646 853 vero
1668 829 1754 854 certa
1777 820 1901 862 semper
1924 820 2080 854 exstarent
2104 819 2210 862 signu
2241 820 2290 854 his
2320 823 2405 856 enim

1406 865 1485 900 freti
1508 864 1599 898 docti
1624 863 1760 904 saltem,
1783 863 1966 906 attentique
1990 863 2113 897 Medici
2136 875 2288 898 neutrum
2310 866 2343 898 in
2356 877 2406 900 er-

1400 920 1519 944 rorem
1544 907 1749 942 laberentur.
1771 908 1908 940 Certum
1932 908 2067 949 utique,
2089 910 2120 940 δε
2142 907 2290 948 manibus
2310 933 2320 949 ,
2353 910 2406 942 in-

1406 954 1536 987 terdum
1558 951 1662 984 oculis
1684 961 1835 994 quoque,
1856 951 1900 983 est
1923 950 2059 983 obvium
2082 951 2288 993 graviditatis
2323 963 2405 988 verae

1407 996 1555 1040 signum,
1579 994 1680 1028 foetus
1703 996 1737 1027 in
1760 1004 1855 1026 utero
1878 1003 2002 1027 motus:
2035 1005 2129 1035 quem
2175 998 2233 1038 qui
2277 996 2371 1029 semel
2395 1020 2406 1036 ,

1408 1041 1588 1082 praesertim
1611 1036 1754 1081 frigida,
1776 1038 1819 1070 sic
1842 1038 1927 1070 enim
1951 1038 2084 1070 excitari
2108 1038 2211 1076 solet,-
2236 1041 2406 1073 manuim·

1408 1083 1535 1125 posita,
1556 1083 1637 1116 bene
1661 1081 1862 1124 perceperint
1888 1106 1898 1121 ,
1928 1091 1993 1113 non
2031 1081 2097 1114 illis
2132 1081 2358 1117 intestinorum
2389 1096 2407 1117 a

1408 1125 1564 1167 flatibus,
1587 1135 1653 1158 non
1677 1126 1733 1158 alii
1756 1125 1814 1158 ulli
1839 1127 1943 1157 motus
1966 1124 2159 1166 imponent,
2194 1126 2291 1168 usque
2325 1125 2407 1161 adeo

1409 1171 1577 1216 peculiaris
1600 1169 1655 1202 ille
1677 1168 1740 1205 est,
1764 1170 1794 1201 &
1816 1169 1874 1210 qui
1899 1178 1964 1200 non
1988 1166 2044 1200 nifi
2069 1180 2086 1201 a
2111 1171 2189 1202 vivo
2211 1168 2311 1204 foetus
2332 1182 2407 1204 cor-

1409 1227 1489 1257 pore
1510 1215 1561 1248 edi
1586 1211 1699 1256 poffit.
1725 1212 1850 1245 Verum
1874 1211 1986 1252 primis
2011 1222 2075 1244 non
2098 1211 2203 1246 solum
2249 1214 2407 1249 menfibus

1405 1259 1470 1293 hoc
1492 1257 1583 1300 signo
1607 1266 1770 1291 caremus
1795 1253 1844 1287 sed
1868 1257 1901 1287 &
1932 1256 2053 1287 caereris
2097 1257 2259 1293 interdurn
2285 1283 2295 1298 ,
2338 1260 2410 1292 imo

1407 1311 1641 1343 nonnunquam
1665 1298 1856 1342 postremis,
1880 1297 1942 1330 five
1965 1297 2009 1330 ob
2032 1296 2135 1333 foetus
2156 1300 2408 1340 infirmitatem,

1405 1347 1471 1379 five
1495 1346 1568 1378 aliis
1590 1343 1630 1376 de
1652 1341 1750 1375 causis
1765 1366 1772 1373 .
1798 1341 1960 1378 Memini,
1981 1351 2135 1384 rogatum
2157 1346 2325 1385 quondam
2357 1358 2408 1380 me

1403 1389 1485 1426 effe,
1510 1398 1547 1422 ut
1571 1385 1838 1420 adolescentulam
1862 1384 2051 1425 inviserem,
2075 1386 2128 1418 cui
2152 1386 2316 1430 postquam
2327 1389 2412 1427 Chi.

1401 1442 1518 1475 rurgus
1540 1443 1557 1465 e
1581 1442 1720 1464 mamma
1745 1428 1956 1469 cancrosum,
1979 1437 2015 1461 ut
2046 1428 2176 1470 ajebant
2201 1452 2212 1469 ‚
2244 1441 2410 1468 tumorem

1405 1476 1598 1513 abstulerat,
1624 1483 1733 1507 venter
1756 1485 1774 1506 a
1801 1483 1917 1506 novem
1966 1471 2030 1514 jam
2077 1472 2238 1508 mensibus
2285 1485 2409 1515 tumere

1402 1529 1547 1562 coeperat
1581 1544 1588 1550 .
1634 1518 1713 1554 Quo
1758 1517 1865 1550 minus
1910 1516 2036 1553 renati,
2060 1525 2097 1549 ut
2143 1516 2259 1560 saepius
2292 1519 2373 1557 solet
2389 1547 2411 1564 Δ,

1402 1566 1435 1597 &
1459 1572 1538 1596 tunc
1561 1563 1595 1595 in
1619 1569 1713 1595 utero
1736 1561 1932 1598 timebatur,
1954 1560 2095 1593 cancrofi
2122 1563 2260 1596 tumoris
2294 1561 2411 1606 signa,

1403 1605 1656 1648 interrogando,
1680 1604 1899 1645 reperiebam
1920 1615 1959 1635 eo
1983 1603 2194 1644 diligentius,
2219 1617 2255 1638 ac
2287 1605 2412 1643 diutius

1403 1659 1589 1685 tumentem
1613 1658 1740 1681 uterum
1765 1647 1983 1681 contrectavi.
2009 1646 2097 1680 Cum
2143 1659 2310 1691 praegnans
2356 1650 2411 1686 hic

1404 1694 1592 1732 videretur,
1614 1703 1675 1733 ego
1698 1702 1774 1724 vero
1799 1699 1926 1724 motum
1952 1690 2149 1736 perciperem
2173 1693 2322 1732 nullum3
2354 1707 2413 1738 pa-

1402 1747 1531 1770 rentum
1556 1745 1664 1769 autem
1686 1734 1856 1776 praesentia
1880 1745 1944 1766 non
1971 1734 2084 1766 sineret
2107 1745 2157 1768 me
2177 1734 2333 1778 frigidam
2380 1751 2412 1773 e-

1400 1790 1490 1819 tere,
1513 1781 1548 1812 in
1571 1789 1669 1821 quam
1692 1775 1813 1818 possem
1836 1777 2018 1813 calentem5
2042 1775 2130 1810 aestas
2153 1779 2240 1812 enirn
2266 1790 2334 1813 erat
2361 1793 2412 1815 er..

1399 1822 1580 1859 vidiffima3
1605 1832 1736 1855 manum
1759 1821 1956 1858 demittere,
1982 1818 2128 1853 sevocavi
2163 1821 2410 1858 adolescentulae

1399 1866 1593 1904 Medicum,
1618 1874 1876 1907 negantemque,
1901 1862 1931 1896 se
1964 1873 2089 1897 motum
2125 1875 2271 1906 unquam
2303 1868 2337 1900 in
2373 1880 2412 1902 eo

1396 1920 1509 1944 ventre
1558 1906 1837 1951 animadvertisle,
1859 1906 2009 1940 hortatus
2032 1905 2102 1940 sum
2115 1907 2351 1948 nihilominus,
2374 1921 2412 1946 ut

1398 1954 1548 1996 quamvis
1571 1952 1729 1986 intaetam
1753 1963 1825 1987 eam
1860 1951 2035 1991 Virginem
2071 1962 2182 1984 omnes
2213 1954 2379 1988 crederent
2401 1981 2412 1997 ‚

1398 2007 1488 2030 caure
1511 1995 1578 2038 ipse
1603 1996 1838 2037 prudenterque
1862 2002 1998 2035 ageret,
2022 2004 2078 2027 nec
2100 1995 2181 2038 quid
2205 1998 2240 2030 in
2264 1999 2334 2031 aliis
2344 1998 2413 2041 ejus

1398 2039 1558 2073 fimilibus
1583 2039 1691 2079 paucis
1714 2047 1789 2071 ante
1812 2038 1901 2069 annis
1925 2034 2088 2070 accidisset
2127 2050 2190 2071 non
2236 2039 2299 2074 fine
2344 2054 2413 2076 me-

1399 2083 1546 2117 dentium
1570 2082 1746 2120 dedecore,
1772 2079 2040 2114 oblivisceretur.
2066 2081 2158 2118 Quid
2181 2087 2319 2124 quaeris?
2356 2088 2413 2119 10,

1400 2127 1483 2161 taeta
1507 2127 1563 2160 illa
1588 2126 1696 2168 Virgo
1721 2126 1820 2168 paulo
1843 2123 1912 2166 post
1935 2121 2096 2157 infantem
2119 2124 2323 2169 ediditafist
2346 2130 2412 2172 igi-

1400 2179 1456 2203 tur
1479 2169 1603 2212 signum
1627 2168 1716 2212 quod
1738 2169 1832 2205 dixi,
1856 2176 1982 2200 certum
1998 2178 2104 2207 ‚ecum
2127 2169 2194 2210 est5
2218 2182 2276 2205 nec
2301 2180 2412 2207 tamen

1401 2224 1467 2246 non
1483 2212 1613 2256 gravida
1627 2214 1728 2255 potest
1740 2211 1799 2245 effe
1811 2211 1929 2244 mulier
1943 2234 1956 2251 ,
1978 2222 2052 2243 cum
2069 2212 2154 2246 abest
2169 2238 2176 2244 .
2309 2216 2413 2251 Aliud

1395 2258 1482 2299 legi,
1505 2257 1546 2291 ab
1569 2256 1673 2290 doetis
1697 2256 1865 2298 alioquin,
1891 2257 1923 2287 ὃ(
1947 2256 2188 2296 experientibus
2210 2257 2303 2292 Viris
2349 2271 2411 2301 pro

1395 2311 1503 2339 cerm,
1530 2303 1560 2333 &
1584 2301 1617 2333 in
1639 2299 1791 2333 omnibus
1802 2299 1946 2341 gravidis
1970 2309 2164 2333 occurrente
2189 2302 2414 2344 propositum,

1396 2344 1590 2378 umbilicum
1613 2344 1764 2376 videlicet
1790 2342 2054 2384 protuberantem
2069 2354 2181 2377 contra
2196 2347 2339 2387 atque'in
2353 2346 2417 2391 hy-

1395 2389 1495 2431 drope
1512 2413 1521 2429 ,
1544 2387 1730 2429 cunfflsque
1754 2385 1828 2419 aliis
1852 2388 1975 2419 ventris
1997 2388 2201 2422 tumoribus.
2217 2389 2274 2422 Sed
2289 2394 2414 2425 numin

1401 2431 1496 2465 ascite
1508 2442 1672 2473 nunquam
1686 2430 1899 2473 protuberet,
1925 2430 2022 2471 quam
2042 2430 2079 2464 ad
2107 2443 2203 2473 aquas
2227 2433 2410 2468 educendas

1400 2474 1549 2508 nonnulli
1574 2473 2040 2516 perforantprotuberantem,
2063 2475 2209 2518 itemque
2221 2487 2297 2510 num
2311 2488 2410 2519 quam

1399 2517 1525 2552 causam
1551 2518 1769 2560 prominentis
1791 2516 1943 2550 umbilici
1967 2518 2000 2549 in
2025 2519 2167 2558 gravidis
2196 2519 2254 2561 ipsi
2301 2519 2410 2563 profe-

1399 2571 1497 2602 runt,
1521 2573 1556 2595 ea
1578 2572 1643 2594 non
1665 2560 1705 2593 fit
1729 2560 1800 2594 aliis
1823 2561 1880 2601 qui
1905 2561 2056 2593 intestina
2081 2560 2203 2595 sursum
2238 2574 2373 2604 urgeant
2397 2588 2407 2602 ,

1397 2606 1585 2639 tumoribus
1607 2604 1814 2641 communis3
1839 2602 1928 2649 hec,
1952 2604 2086 2645 inquam
2109 2627 2117 2641 ,
2164 2606 2292 2649 aliaque
2337 2618 2404 2641 nou

1398 2661 1541 2691 quaeram
1557 2671 1569 2688 ,
1592 2658 1665 2681 cum
1689 2646 1747 2690 ipsi
1771 2656 1844 2679 ante
1869 2647 1966 2679 finem
1990 2648 2085 2679 tertii
2105 2648 2218 2682 menfis
2253 2660 2318 2683 non
2353 2662 2411 2684 ex-

1398 2703 1467 2727 tare
1490 2693 1552 2727 hoc
1574 2690 1721 2734 signum,
1749 2689 1936 2729 fateantur,
1958 2701 2096 2732 cumque
2122 2691 2251 2734 insuper
2263 2694 2411 2735 aliquan-

1400 2736 1444 2770 do
1468 2736 1591 2769 accidat
1615 2744 1650 2768 ut
1674 2733 1810 2776 gestatio
1834 2735 1919 2767 uteri
1943 2745 2017 2767 cum
2041 2733 2189 2776 hydrope
2226 2736 2411 2779 conjunga-

1401 2789 1476 2813 tur.
1501 2781 1556 2813 Ne
1581 2778 1699 2811 Plateri
1723 2778 1914 2810 Matronam
1936 2781 1950 2817 (
1972 2776 1983 2809 l
2005 2781 2018 2816 )
2040 2776 2093 2810 hic
2120 2789 2320 2818 memorem,
2357 2781 2411 2815 so..

1401 2825 1493 2857 litam
1517 2822 1636 2865 quoties
1658 2828 1781 2854 uterum
1800 2818 1949 2862 gerebat,
1973 2821 2005 2852 in
2027 2820 2153 2862 ascitem
2165 2823 2410 2866 incidere3pau-

1401 2869 1432 2901 ci
1455 2867 1529 2901 sunt
1556 2864 1678 2898 Medici
1703 2865 1761 2906 qui
1784 2873 1957 2905 utrumque
1981 2864 2158 2906 aliquando
2190 2865 2408 2908 conjunfium

1400 2923 1466 2945 non
1491 2909 1654 2949 viderint,
1681 2917 1735 2942 aut
1757 2908 1816 2950 qui
1840 2907 1970 2947 saltem,
1994 2906 2118 2942 sicauti
2133 2934 2143 2949 ‚
2167 2910 2411 2954 prudentesque

1401 2953 1484 2993 sint,
1510 2955 1690 2988 alienorum
1714 2961 1857 2985 errorum
1883 2960 1948 2983 non
1972 2951 2102 2993 ignari,
2125 2962 2164 2984 an
2177 2953 2350 2995 conjunfta
2362 2955 2413 2988 es-

1405 2997 1494 3038 sent,
1516 2996 1765 3032 dubitaverint.
1789 2995 1868 3033 Quo
1900 2995 2002 3037 magis
2047 2996 2138 3028 annis
2184 2995 2407 3039 superioribus

1403 3043 1539 3075 miratus
1562 3040 1630 3073 sum
1647 3062 1655 3077 ‚
1675 3039 1811 3076 doctum
1833 3039 2031 3081 caeteroquin
2046 3038 2214 3073 Medicum
2230 3063 2239 3077 ,
2265 3042 2296 3073 &
2317 3040 2412 3075 valde

1400 3087 1638 3123 exercitatum,
1661 3093 1735 3114 cum
1759 3092 1885 3114 mecum
1909 3081 2042 3115 consilia
2067 3082 2166 3116 iniret
2189 3093 2248 3125 pro
2286 3083 2411 3118 Illustri

1400 3131 1576 3164 Matrona,
1598 3138 1669 3170 quae
1694 3124 1838 3159 anasarca
1853 3150 1861 3166 ‚
1885 3128 1916 3159 δε
1939 3125 2035 3158 ascite
2058 3125 2209 3160 laborans
2231 3125 2293 3160 huc
2318 3138 2414 3161 vene-

1399 3182 1460 3211 rat,
1473 3172 1512 3206 de
1525 3171 1609 3204 nulla
1622 3171 1681 3202 alia
1694 3180 1725 3202 re
1736 3168 1897 3202 solicitum
1910 3180 2007 3211 quam
2019 3172 2057 3202 de
2067 3168 2251 3203 efficacibus
2263 3169 2409 3206 adversus

1399 3226 1573 3258 utrumque
1597 3213 1776 3255 hydropem
1800 3213 2043 3246 medicamentis
2059 3211 2165 3246 statim
2177 3214 2388 3256 propinandis
2401 3240 2411 3257 ,

1402 3261 1498 3294 verba
1523 3257 1628 3300 fecisse
1643 3280 1650 3288 .
1676 3258 1748 3296 Ego
1771 3267 1847 3289 vero
1871 3268 1945 3289 curn
1969 3255 2408 3298 tenellosMatronaefilios,

1398 3303 1566 3345 ipsamque
1588 3311 1680 3333 aetate
1714 3296 1886 3334 florentem
1902 3299 2064 3336 viderem,
2091 3301 2192 3341 neque
2206 3301 2407 3341 interrogan-

1399 3347 1443 3379 do
1466 3348 1588 3380 certior
1611 3343 1680 3377 sieri
1707 3342 1850 3386 possem,
1874 3354 2003 3377 uterum
2027 3353 2106 3377 tunc
2132 3343 2252 3381 ferret,
2277 3355 2373 3377 necne
2393 3355 2408 3384 ,-

1401 3390 1460 3423 ista
1472 3414 1481 3429 ,
1496 3392 1629 3431 inquam
1644 3414 1653 3426 ‚
1669 3388 1902 3421 medicamenta
1919 3388 2027 3420 omnia
2042 3388 2148 3428 probo
2163 3410 2171 3425 ‚
2195 3390 2238 3421 fic
2251 3396 2358 3420 tamen
2369 3397 2406 3421 ut

1401 3433 1587 3475 priusquam
1600 3431 1638 3464 de
1651 3430 1709 3464 hac
1725 3443 1756 3464 re
1770 3442 1832 3472 qua
1844 3430 1882 3464 de
1896 3442 2022 3474 quaero,
2033 3442 2097 3463 non
2113 3432 2250 3474 liqueat,
2265 3431 2296 3462 in
2311 3430 2402 3464 usum

1399 3475 1485 3510 trahi
1500 3487 1562 3508 non
1576 3477 1747 3515 incipiant,-
1759 3475 1878 3507 interea
1892 3483 1998 3507 autem
2011 3474 2187 3509 levioribus
2201 3473 2406 3517 quibusdam,

1401 3523 1431 3552 &
1446 3521 1525 3553 tutis
1537 3521 1569 3552 in
1583 3529 1753 3559 utramque
1767 3526 1891 3560 partem
1902 3516 2052 3551 remediis
2065 3527 2177 3552 utatur
2190 3540 2200 3555 ‚
2224 3527 2359 3558 aptaque
2371 3519 2405 3555 in

1401 3565 1514 3606 primis
1526 3562 1653 3595 vivendi
1667 3574 1790 3595 norma.
1803 3561 1903 3604 Sapiit
1915 3561 2197 3604 mulier,mihique
2212 3559 2406 3634 εέῑουίεεης,

2087 3620 2090 3621 ⁷
2250 3613 2362 3635 omum

364 3664 2410 3683 ———-—————————————————————-———-———-—-——-—-

742 3713 1001 3744 (c)0bs.7.&8.

414 3716 424 3745 (
441 3716 455 3741 b
472 3721 480 3744 i
497 3716 558 3741 lbid.
577 3714 638 3741 obt.
655 3720 680 3741 6.

407 3747 417 3778 (
947 3746 962 3774 t
977 3745 987 3767 ι’
1002 3744 1015 3773 )
1031 3752 1054 3773 7.

434 3747 450 3772 1³
465 3746 479 3776 )
494 3747 564 3772 Thes.
581 3749 651 3773 Max.
668 3755 692 3771 n.
708 3755 746 3776 40.
767 3747 809 3775 ¹53
833 3752 887 3770 ²10.
1119 3743 1164 3774 (k
1180 3744 1193 3772 )
1210 3752 1234 3774 3.

1065 3715 1079 3744 ζ
1094 3714 1109 3738 d
1124 3715 1138 3742 )
1157 3715 1175 3737 1.
1194 3721 1217 3737 n.
1238 3721 1273 3743 39.
1293 3713 1313 3735 ἓ(
1334 3714 1375 3737 IV.
1395 3712 1506 3737 Animad.
1522 3720 1561 3741 23.
1581 3711 1602 3734 &
1620 3719 1657 3739 24.

1721 3711 1869 3745 (e)§3·
1933 3711 2077 3742 (f)§·7-
2139 3709 2293 3741 (eff-⁶·

1296 3744 1333 3772 (l
1352 3756 1360 3773 Ι
1378 3743 1433 3768 Obs.
1452 3744 1470 3768 1.
1489 3751 1509 3773 3,
1529 3743 1567 3766 ubi
1586 3742 1613 3767 de
1632 3742 1820 3766 hiezabel-anna.
