2498 4075
404 250 555 318 Epist.
590 247 752 302 Anat.
786 246 1002 303 Medica
1034 248 1260 299 XXXIX.
1297 244 1420 298 Art.
1438 250 1514 312 242
1532 243 1779 305 25.&26.

69 338 242 375 attineret:
371 339 451 377 Quo
474 347 514 370 ex
535 345 663 369 tumore
677 355 687 372 ‚
712 342 767 367 aut
788 341 878 367 certe
901 343 996 375 quem
1019 331 1065 366 ob

67 389 228 416 tumorem
253 381 398 426 quaedam
420 382 454 415 in
477 388 585 412 ventre
608 388 731 412 moram
755 375 915 410 trahentia
930 400 940 416 ,
962 387 1065 417 eoque

68 425 201 467 vitiata,
224 427 280 460 ubi
304 428 336 460 in
362 424 545 468 sanguinem
567 420 754 459 rediissent,
778 421 823 453 ita
846 430 902 452 cor
915 420 1064 459 irritare,

67 476 165 510 atque
186 471 316 503 arterias
339 469 447 512 posse,
470 474 506 500 ut
529 464 588 499 hac
611 466 750 506 denique
772 486 782 502 ,
819 471 872 496 aut
897 460 992 495 simili
1015 473 1066 496 ra-

67 513 156 544 tione
180 513 285 555 aliqua
309 510 469 554 conjicere
493 509 620 542 licerem
645 507 742 540 febris
765 506 945 548 originem.

68 554 122 587 Ex
163 554 213 590 his
262 568 333 599 quae
379 553 528 588 haetenus
572 550 718 585 dixeram
741 549 778 583 de
800 558 940 592 quatuor
963 548 1063 581 initio

66 597 261 640 propositis,
287 598 342 632 etsi
388 595 557 638 apparebat
575 616 584 632 ‚
603 597 638 628 in
660 593 780 637 quibus
803 604 819 625 a
841 592 963 625 caeteris
998 590 1063 624 dis-

69 651 253 684 creparem3
277 651 383 675 tamen
407 648 473 673 erat
496 637 589 671 facile
614 637 791 679 intelligere
813 657 822 673 ‚
867 645 931 668 nori
974 634 1062 676 posse

65 694 116 716 me
138 687 172 719 in
195 697 234 720 eo
256 684 419 719 dissentire
442 680 531 724 quod
553 681 703 715 morbum
735 679 905 713 statuerant
938 676 1062 710 insana-

67 725 190 763 bilem.
214 728 314 771 quue
338 727 425 761 ultro
449 724 545 759 fassus
570 724 660 758 sum.-
693 722 753 757 hoc
787 731 916 754 tantum
945 720 1063 753 diserte

64 769 200 812 addidi,
222 773 337 805 timere
359 781 428 806 me,
453 779 490 802 ne
514 769 574 801 alia
599 768 707 810 potius
730 766 853 798 ratione
876 775 975 806 quarn
1007 774 1062 805 per

63 812 253 849 effufionem
278 814 385 856 puris,
408 812 499 854 cujus
523 819 599 845 tunc
623 809 738 854 procul
762 807 863 841 essent
908 806 1028 840 indicia
1050 827 1061 843 ,

63 862 176 891 tumor
218 858 392 891 interitum
436 854 561 890 afferret
587 876 596 885 .
729 851 768 885 In
813 849 929 884 morbo
960 851 1064 892 igitur

63 899 236 935 insanabili
259 899 394 934 dandam
418 909 550 941 operam
574 919 584 934 ,
617 906 653 929 ut
675 907 746 938 quae
769 894 941 928 accelerare
975 903 1063 925 rnor-

61 951 130 977 tem
154 943 280 986 possent
303 965 316 983 ,
354 944 395 976 iis
416 953 482 984 quo
506 940 545 975 ad
569 940 639 974 fieri
684 941 794 972 liceret
819 961 828 976 ,
873 935 1028 970 obstando
1050 956 1061 972 ‚

61 988 129 1020 vita
152 986 277 1022 diutius
302 986 529 1028 produceretur
554 1009 561 1015 .
597 984 634 1015 In
658 982 722 1015 illis
745 991 810 1013 non
841 991 902 1013 una
935 981 1058 1012 ratione

61 1029 123 1063 esse
145 1032 309 1065 vomitum
332 1054 341 1069 ‚
374 1028 510 1062 maciem
534 1025 694 1063 afferendo
715 1048 726 1063 ,
758 1024 842 1057 vires
866 1021 1059 1062 minuendo,

59 1082 224 1108 tumorem
248 1073 484 1106 concutiendo.
510 1071 664 1103 Vomitus
687 1076 793 1101 autem
818 1065 840 1099 si
864 1065 955 1099 causa
978 1077 1060 1107 pra?-

59 1118 155 1159 cipua
179 1117 253 1150 tolli
277 1127 341 1149 non
366 1114 498 1159 posset;
519 1123 551 1147 at
575 1112 663 1155 posse
688 1111 819 1145 alteram
843 1110 964 1146 minui,
985 1120 1058 1151 quae

59 1171 98 1193 ex
120 1169 211 1203 parte
234 1159 340 1202 aliqua
364 1158 495 1193 fortasse
519 1178 528 1193 ‚
563 1164 600 1189 ut
634 1154 711 1188 solet
735 1177 747 1193 ‚
785 1152 889 1195 ipsum
913 1151 1059 1191 foveret,

59 1203 125 1236 alvi
172 1203 411 1238 adstrietionem
434 1226 442 1233 .
486 1199 696 1234 Exorandum
716 1197 853 1231 omnino
886 1194 948 1228 esse
972 1194 1059 1229 Prae-

59 1246 161 1281 sulem
182 1269 193 1284 ,
236 1254 272 1281 ut
318 1245 465 1287 clysteres
488 1243 675 1276 admitteret
699 1263 709 1280 ‚
752 1239 786 1273 id
830 1238 1025 1282 praestituros
1046 1261 1060 1278 ,

58 1298 115 1324 aut
136 1313 150 1331 ‚
192 1289 215 1323 si
261 1289 421 1323 inutiliter
466 1285 644 1328 praestarent
667 1306 679 1324 ‚
724 1284 905 1317 nutrituros
926 1307 935 1315 .
959 1281 1060 1322 Qod

56 1333 80 1367 si
127 1334 277 1377 perstaret
323 1333 356 1365 iri
381 1329 544 1365 recusandi
569 1326 757 1372 proposito,
779 1329 811 1360 ἃς
834 1325 855 1359 fi
887 1325 1059 1359 rhabarba-

58 1388 132 1410 rum
158 1376 221 1409 sine
244 1375 312 1410 ullo
334 1386 440 1410 revera
463 1371 675 1410 incommodo
696 1369 737 1404 sic
762 1369 837 1404 satis
848 1369 955 1403 alvum
968 1378 1059 1402 antea

57 1418 203 1453 solvisset
226 1430 239 1459 ;
283 1431 333 1453 me
377 1430 441 1453 non
484 1416 573 1460 quod
618 1414 787 1457 probarem
818 1435 828 1452 ‚
875 1411 926 1446 sed
970 1413 1059 1455 quod

56 1473 171 1499 caetera
196 1464 314 1506 partim
338 1474 401 1495 non
424 1461 655 1495 convenirent,
679 1460 798 1501 partim
821 1453 988 1490 manifesto
999 1466 1058 1489 no-

13 1529 15 1532 r
55 1516 164 1541 cerent
200 1532 210 1546 ,
256 1506 434 1540 neceffitate
477 1503 544 1546 ipsa
589 1501 760 1536 adductum
791 1525 801 1541 ,
845 1508 939 1543 atque
983 1510 1058 1533 coa-

56 1552 145 1584 &um
190 1550 256 1583 non
302 1551 439 1583 abnuere
462 1573 471 1582 .
514 1548 678 1579 Caeterum
722 1544 886 1579 irritantia
909 1566 922 1584 ,
953 1545 983 1576 &
1006 1544 1058 1575 in-

56 1592 197 1637 jucunda
220 1593 332 1626 omnia
353 1591 415 1626 esse
437 1589 589 1632 fugienda
612 1612 625 1629 ,
656 1599 752 1632 eaque
784 1590 879 1622 etiarn
911 1585 950 1620 de
982 1597 1058 1621 cau-

60 1638 93 1671 sa
119 1636 281 1671 modicam
305 1647 355 1669 me
377 1637 493 1677 viperae
515 1633 698 1675 portionem
730 1631 815 1666 haud
847 1630 1028 1674 improbare
1050 1654 1063 1672 ,

57 1680 149 1726 quod
171 1701 182 1717 ‚
219 1680 320 1713 inscio
363 1689 449 1721 aegro
468 1701 480 1717 ‚
523 1676 655 1719 incoqui
700 1677 733 1709 in
778 1674 911 1718 jusculis
955 1675 1060 1719 posset

61 1724 183 1767 quibus
208 1724 410 1765 nutriretur,·
432 1720 490 1754 nifi
520 1719 651 1753 mallent
675 1719 799 1762 aliquid
822 1719 861 1753 de
885 1719 973 1753 illius
1003 1729 1059 1762 ge-

52 1767 156 1801 latina
181 1767 214 1798 in
238 1766 289 1800 his
311 1765 503 1799 dissolvere:
527 1775 628 1807 neque
650 1764 739 1798 enim
762 1763 864 1797 donec
890 1763 969 1797 levis
981 1764 1059 1796 adeo

54 1811 131 1845 esset
155 1807 275 1847 febris,
299 1811 416 1852 viperae
428 1808 587 1848 calorem,
611 1809 659 1841 vel
682 1808 707 1841 fi
731 1816 837 1841 tantus
860 1805 936 1840 esset
958 1817 1059 1850 quan-

56 1864 128 1889 tum
153 1853 299 1896 plerique
323 1852 450 1886 credere
473 1852 642 1889 videntur,
669 1852 701 1883 in
725 1862 820 1894 parva
856 1850 934 1884 adeo
978 1851 1058 1883 alte-

53 1898 179 1933 rutrius
204 1906 294 1939 parte
317 1907 430 1929 nocere
454 1894 541 1937 posse
566 1919 573 1926 .
621 1896 732 1936 Atque
776 1892 892 1937 eadem.
930 1891 997 1926 fere
1029 1904 1057 1935 ·a

55 1952 107 1975 me
129 1941 195 1974 dici
218 1941 256 1974 de
281 1940 412 1974 tantillo
437 1938 551 1972 radicis
576 1947 627 1971 aut
653 1936 740 1970 sarsae
764 1936 906 1979 parillae,
930 1945 983 1970 aut
1001 1948 1058 1979 po-

56 1986 122 2018 tius
167 1981 269 2017 chinae
294 2009 302 2017 .
349 1981 448 2019 Quod
471 1981 510 2015 de
534 1982 694 2024 mercurio
717 1980 833 2023 injecta
858 1979 934 2013 esset
969 1991 1060 2013 men-

52 2028 103 2062 tio
127 2039 138 2066 5
182 2029 323 2069 primum
368 2036 432 2059 non
478 2036 527 2058 eas
570 2024 630 2058 esse
674 2025 749 2066 aegri
794 2026 874 2057 vires
898 2044 909 2062 ‚
951 2032 987 2057 ut
1021 2022 1060 2057 de

53 2083 95 2105 co
117 2073 334 2113 cogitaremus
362 2081 370 2103 :
414 2079 485 2112 quae
531 2067 552 2100 si
598 2070 731 2104 essent3
776 2070 882 2102 multo
905 2067 1060 2100 libentius

51 2115 228 2148 secundum
255 2127 288 2147 ea
314 2125 384 2157 quae
408 2114 446 2146 de
471 2113 608 2146 tumoris
630 2110 721 2144 causa
744 2109 887 2145 dixeram
910 2132 920 2148 ,
954 2110 1059 2143 modi-

51 2167 124 2192 cam
147 2157 310 2198 sanguinis
335 2155 513 2190 miffionem
538 2155 753 2196 probaturum
776 2166 825 2188 me
847 2153 909 2188 esse
932 2164 972 2185 ex
993 2152 1060 2186 hae-

51 2200 297 2235 rnorrhoidibus
323 2213 332 2232 :
378 2198 491 2232 deinde
536 2197 557 2230 ii
603 2199 740 2230 tumoris
785 2208 901 2231 natura
945 2208 979 2229 ea
1003 2194 1056 2228 fo-

49 2254 99 2279 ret
143 2256 240 2287 quani
287 2241 343 2285 ipsi
387 2245 547 2275 censerent
571 2263 580 2277 ‚
625 2243 655 2274 &
698 2252 796 2282 quam
826 2239 965 2273 inficiari
990 2249 1055 2271 non

50 2287 176 2330 possem
214 2311 225 2327 ‚
268 2287 372 2319 tactus
416 2284 539 2325 judicio
582 2283 756 2317 indicatam
811 2284 915 2317 videri
964 2280 1053 2325 quafi

48 2343 90 2364 ex
113 2329 276 2364 scirrhofis
292 2353 301 2368 ,
337 2327 537 2361 strumosisve
582 2326 740 2368 glandulis
764 2337 775 2364 3
819 2329 925 2361 minus
967 2335 1053 2359 certe

50 2377 250 2408 mercurium
273 2395 286 2413 ‚
320 2382 417 2414 quam
461 2370 646 2410 millepedes
691 2371 865 2403 convenire
900 2394 910 2410 ‚
952 2379 1053 2410 eoque

51 2418 111 2452 hos
137 2419 238 2460 magis
259 2416 348 2459 quod
372 2424 502 2448 movere
525 2413 616 2445 simul
642 2413 765 2446 lotium
789 2414 916 2454 possent
942 2437 952 2451 ,
974 2410 995 2444 si
1018 2411 1052 2445 id

47 2461 177 2503 quidem
222 2473 239 2494 e
283 2470 315 2491 re
360 2459 437 2491 esset
467 2478 481 2495 ‚
524 2454 616 2489 sicuti
662 2454 865 2498 propositum
911 2455 1015 2489 fuerat
1041 2480 1050 2489 .

44 2505 105 2539 Sed
130 2504 212 2538 nihil
237 2504 337 2544 magis
359 2514 375 2534 e
401 2512 433 2534 re
457 2498 520 2532 esse
542 2522 551 2537 ‚
590 2509 626 2532 ut
650 2499 800 2532 dixissem
825 2522 835 2538 ,
867 2510 965 2543 quam
1000 2499 1051 2530 vi·-

42 2559 109 2582 tam
134 2547 321 2591 protrahere
345 2558 354 2577 :
392 2545 491 2587 idque
514 2540 636 2590 fastum
660 2543 730 2583 iri,
756 2540 777 2575 si
802 2543 930 2584 ingrata
952 2543 1052 2576 omit'-

41 2594 210 2628 terentur,
233 2589 377 2633 gratiora
392 2612 402 2628 ,
432 2587 606 2628 eademque
639 2586 820 2619 nutrientia
865 2585 1017 2620 darentur
1040 2610 1050 2617 .

44 2638 98 2671 Ex
123 2635 174 2669 his
196 2645 268 2676 quae
293 2631 417 2666 diutius
441 2629 622 2663 stomachus
647 2630 822 2669 retineret,
846 2638 902 2663 aut
926 2640 990 2662 non
1004 2638 1057 2661 to.

45 2690 79 2721 ta
97 2678 242 2721 rejiceret
257 2700 269 2718 ‚
290 2675 459 2718 diligenter
470 2671 698 2707 attendendum
710 2696 721 2711 ,
745 2672 846 2716 iisque
860 2672 1056 2717 potissimum

52 2722 233 2758 utendum.

94 2776 145 2804 24.
170 2763 238 2798 Etsi
261 2764 306 2797 ita
329 2762 458 2802 brevis,
481 2769 517 2795 ut
542 2761 728 2803 plerumque
750 2760 785 2792 in
808 2759 947 2794 Medicis
968 2759 1051 2792 Col-

49 2809 171 2852 loquiis
193 2807 305 2841 solitus
328 2806 416 2843 suin,
438 2805 499 2839 esse
523 2816 587 2838 non
613 2814 804 2846 potueram;
827 2804 970 2846 longiori
1004 2812 1054 2836 ta-

49 2864 125 2888 men
148 2854 294 2885 oratione
317 2849 389 2882 usus
411 2850 453 2882 est
476 2851 532 2891 qui
557 2847 720 2880 noviffime
765 2847 860 2880 verba
884 2848 962 2880 fecit
1007 2846 1052 2879 se-

49 2898 128 2931 nior
151 2895 237 2934 Vir,
260 2892 425 2934 clarusque
448 2890 614 2926 Professor
639 2914 647 2923 .
681 2893 791 2923 Sermo
835 2890 904 2933 ejus
945 2891 1052 2923 omnis

50 2940 116 2975 huc
140 2938 260 2973 rediit,
285 2945 320 2969 ut
344 2936 482 2969 tumoris
505 2944 653 2968 naturam
676 2934 811 2967 eandem
835 2945 933 2976 quam
955 2943 1053 2967 caete-

50 2987 79 3017 ri
103 3006 113 3021 ‚
148 2980 329 3024 agnosceret
352 2989 363 3015 5
401 2979 504 3011 sedem
527 2977 611 3012 haud
646 2977 741 3010 aliam
764 2999 774 3014 ,
808 2988 907 3019 quam
930 2974 1051 3010 mesen-

49 3027 174 3061 terium
196 3023 347 3058 statueret
363 3045 371 3060 ,
393 3030 549 3062 omento;
571 3032 643 3053 nam
665 3020 703 3054 de
725 3021 886 3053 intestinis
930 3020 1050 3053 nullam

50 3069 181 3114 prorsus
203 3067 402 3101 mentionem
426 3063 502 3098 fecit
524 3075 537 3105 ‚·
566 3064 610 3097 ob
634 3064 665 3097 id
712 3064 853 3096 maxime
899 3062 1016 3105 rejeeto
1039 3084 1049 3100 ,

49 3112 139 3155 quod
185 3110 273 3145 sensu
316 3117 461 3147 careret,
495 3119 529 3141 ac
553 3107 616 3140 fine
662 3107 775 3141 dolore
820 3106 1016 3140 incideretur
1041 3132 1050 3140 .

50 3159 215 3190 Caererum
238 3151 446 3188 insanabilem
469 3151 617 3185 morbum
629 3150 710 3191 esse,
732 3149 962 3184 confirmavit:
986 3161 1050 3183 me-

49 3197 267 3235 dicamentosa
290 3195 439 3238 probavit
462 3194 632 3235 alimenta,
656 3196 689 3227 in
714 3194 763 3227 his
787 3195 927 3235 viperam
949 3193 1050 3226 diser-

50 3255 101 3278 te:
130 3241 296 3284 purgantia
320 3238 505 3274 damnavit,
530 3240 559 3269 δέ
583 3238 735 3271 validiora
759 3237 893 3270 remedia
918 3238 1048 3270 omnia:

50 3298 116 3321 non
139 3284 181 3318 fic
206 3282 411 3323 millepedes,
435 3290 471 3313 ut
494 3280 611 3323 quibus
644 3282 790 3323 pauperis
822 3280 934 3323 puellae
968 3280 1049 3314 stru-

50 3341 118 3365 mas
161 3328 191 3361 se
214 3324 389 3370 persanasse
405 3347 417 3364 ,
440 3323 653 3357 meminisset.
784 3324 892 3367 Habes
935 3335 1047 3357 eorum

49 3374 207 3408 summam
232 3381 301 3413 quae
326 3370 358 3401 in
382 3380 419 3402 eo
439 3367 619 3407 Colloquio
641 3367 727 3400 dieta
751 3366 845 3400 sunt.
879 3366 961 3400 Noli
993 3378 1047 3400 au-

48 3428 117 3451 tem
141 3416 275 3450 mirari,
299 3413 386 3454 quod
409 3422 482 3444 cum
507 3411 607 3452 presse
630 3410 841 3444 indicaverim
854 3410 1045 3443 sententiam

48 3470 189 3502 quatuor
212 3456 417 3490 Medicorum
441 3454 497 3495 qui
523 3464 584 3496 ptae
607 3456 730 3487 caeteris
752 3466 790 3486 eo
815 3463 958 3496 tempore
988 3453 1044 3488 hic

47 3503 235 3540 florebant;
258 3498 374 3532 fuerim
398 3499 431 3530 iri
457 3507 523 3531 mea
546 3497 730 3538 exponenda
753 3495 872 3536 fufior;
894 3495 934 3530 fic
957 3499 1044 3531 enim

46 3546 135 3583 feci,
159 3554 194 3578 ut
217 3545 250 3576 in
274 3544 312 3576 iis
333 3539 529 3583 explicandis
552 3551 623 3581 quae
646 3540 713 3583 post
737 3540 880 3574 Praesulis
905 3551 1044 3577 mortem

46 3589 239 3631 deprehensa
262 3586 356 3625 sunt,
380 3583 494 3627 poffim
518 3582 581 3616 esse
606 3584 734 3616 brevior
754 3609 762 3617 .
809 3585 856 3617 Ea
901 3587 1043 3628 contigit

44 3631 317 3673 duodetrigefimo
340 3628 468 3662 circiter
491 3638 507 3659 a
529 3626 709 3667 Colloquio
733 3627 840 3660 nostro
863 3626 938 3663 die.

44 3675 104 3709 Sed
128 3674 313 3708 inchoatam
337 3672 443 3704 morbi
467 3670 632 3704 historiam
655 3678 874 3711 pertexainus.

91 3728 142 3760 ις.
166 3718 258 3760 Quid
283 3716 389 3758 postea
412 3715 540 3756 egerint
567 3713 689 3746 Medici
732 3714 798 3747 duo
842 3715 960 3759 quibus
1005 3714 1045 3748 ab

45 3762 146 3795 initio
190 3763 292 3794 suerat
336 3759 503 3791 commissa
547 3758 671 3789 curatio
700 3779 713 3797 ,
758 3768 821 3790 non
865 3759 996 3801 quaefivi
1031 3770 1044 3799 3

47 3815 149 3847 neque
193 3805 278 3836 enim
322 3800 392 3841 post
434 3801 556 3834 dietam
601 3799 790 3833 sententiam
834 3801 868 3836 id
913 3802 998 3838 soleo
1032 3828 1041 3838 ,

134 3846 297 3890 Morgagni
308 3845 342 3880 de
355 3845 423 3879 Sed.
436 3845 477 3879 Θ·
488 3842 574 3886 Caus.
587 3842 690 3881 Morb.
708 3844 807 3879 Tom.
819 3846 865 3881 Π.

1105 418 1213 455 dum,
1237 417 1375 462 ideoque
1399 431 1462 454 non
1486 416 1549 449 fine
1571 416 1646 458 aegri
1671 413 1838 452 molestia,
1860 411 1976 446 dedisse
1999 436 2006 443 .

1948 258 2039 306 129

1112 329 1239 366 Audivi
1293 340 1397 369 tamen
1437 328 1526 373 quod
1578 328 1701 362 Patavii
1723 328 1733 369 ᾗ
1757 336 1866 361 omnes
1900 329 1910 363 3
1952 325 2107 367 postridie

1112 373 1362 412 rhabarbarum,
1387 375 1439 411 sed
1463 384 1527 407 non
1550 373 1635 406 intra
1681 369 1852 414 pristinum
1895 369 1990 403 illum
2034 380 2110 445 ruffi:

1114 460 1177 495 hoc
1200 460 1336 504 denique
1358 458 1558 513 impetrasse,
1581 468 1618 493 ut
1641 457 1799 498 clysmate.
1823 456 1985 490 interdum
2017 453 2111 488 adhi-

1114 504 1288 537 berentur.-
1311 505 1352 540 sic
1378 508 1490 549 aliquo
1512 514 1585 536 curn
1611 501 1767 535 levamine
1792 509 1987 533 recrementa
2033 496 2111 531 edu-

1110 547 1189 581 xisse
1211 573 1218 580 .
1254 548 1416 583 Postremo
1439 559 1513 584 cum
1537 544 1716 583 accidislet‚
1739 552 1773 576 ut
1797 543 1933 577 biduum
1957 542 2021 576 fine
2045 540 2112 575 ulla

1114 591 1297 626 vomitione
1319 593 1566 635 transigeretur,
1588 588 1672 631 spem
1694 588 1772 628 :egri
1796 585 1965 627 servandi,
2003 583 2111 619 nescio

1113 644 1153 666 ex
1175 645 1242 675 <luo
1265 635 1379 678 fonte,
1400 637 1434 668 in
1459 634 1572 676 vulgus
1595 630 1772 676 emanasse.-
1794 641 1865 672 quae
1887 631 2012 664 utinam
2041 635 2114 661 rata.

1111 676 1172 723 essc:
1197 677 1372 718 potuisset.
1396 680 1520 712 Verum
1544 686 1621 708 mox
1643 672 1768 708 rediisse
1790 673 1951 706 vomitum
1972 695 1985 713 ,
2006 675 2036 705 δι
2058 668 2112 704 vel

1112 730 1225 762 peiora
1248 734 1347 764 quam
1371 723 1478 766 prius,
1505 720 1614 753 omnia
1629 741 1637 749 .
1661 719 1784 751 Interea
1807 725 1955 749 externus
1979 715 2040 748 huc
2057 724 2113 746 ve-

1111 764 1162 795 nit
1186 765 1352 805 Medicus,
1378 764 1488 809 populi
1510 763 1666 805 opinione
1688 758 1957 802 praestantiffitnus
1978 770 1985 791 :
2017 767 2115 801 quem

1113 805 1170 840 hic
1194 809 1324 851 quidem
1349 821 1416 843 rem
1439 796 1639 848 desperata'm
1660 802 1794 841 dixisse,
1829 802 1954 844 ajebant
1979 811 1990 840 3
2033 799 2115 834 alibi

1115 860 1221 883 autem
1245 851 1418 893 addidisse,
1442 850 1595 884 morbum
1618 847 1770 882 mercurii
1792 857 1855 887 ope
1889 842 2027 888 potuisse
2072 842 2114 876 ab

1116 892 1145 925 se
1170 895 1276 934 vinci,
1299 896 1321 929 fi
1346 906 1436 930 antea
1460 893 1611 927 venisset.
1637 891 1710 925 Nec
1734 888 1838 923 defuit
1863 890 1941 932 qui,
1967 888 2025 921 illo
2057 886 2116 921 ab·

1113 946 1226 974 eunte,
1243 938 1280 979 ¹se
1304 939 1360 972 suo
1381 937 1523 982 quodam
1547 934 1688 969 remedio
1711 932 1775 966 fine
1809 932 1872 966 ulla
1904 931 2114 966 dubitatione

1112 979 1297 1021 viffiirum,
1321 982 1509 1024 sponderet.
1534 980 1610 1013 Hoc
1633 986 1697 1011 erat
1720 975 1863 1016 insusio³
1907 985 1943 1009 ut
1967 984 2082 1009 vocant
2101 979 2118 1012 ι’

1109 1022 1191 1064 ligni
1223 1024 1398 1067 nephritici
1420 1047 1435 1064 ,
1468 1035 1531 1064 qua
1554 1022 1703 1056 Venetii's
1727 1019 1877 1062 quasdam
1900 1017 2031 1053 fortaffe
2053 1017 2116 1052 elu-
2158 1047 2165 1050 Δ

1109 1067 1201 1099 rities
1224 1069 1346 1101 ventris
1368 1067 1573 1101 discusserat.
1600 1065 1787 1107 Aliquoties
1822 1061 1954 1095 Praesuli
1987 1060 2077 1096 dedit
2099 1070 2113 1100 ‚⁶

1110 1108 1162 1142 sed
1184 1109 1359 1144 incassum.
1379 1111 1520 1155 Jamque
1541 1110 1573 1141 in
1597 1107 1664 1141 dies
1687 1107 1781 1140 aucta
1806 1106 1909 1139 macie
1932 1127 1943 1143 2
1987 1105 2113 1139 viribus

1109 1162 1215 1186 autem
1238 1154 1516 1192 decrescentibus,
1541 1150 1672 1185 morbus
1697 1148 1735 1182 ad
1760 1149 1858 1182 finem
1885 1148 2077 1191 properabat
2103 1172 2111 1179 .

1109 1198 1209 1230 Certa
1233 1196 1312 1231 hora
1336 1208 1419 1241 aeger
1445 1195 1563 1230 lodices
1586 1193 1735 1237 poscebat
1758 1214 1767 1229 ‚
1810 1191 1898 1234 quasi
1944 1191 2076 1235 frigeret
2102 1200 2116 1229 3

1110 1241 1195 1278 alia,
1217 1251 1281 1274 non
1306 1241 1363 1274 nisi
1387 1240 1539 1275 leviffima
1564 1236 1646 1271 ferre
1670 1244 1799 1279 poterat
1823 1236 2047 1277 operimenta,
2070 1234 2117 1267 ob

1110 1283 1222 1318 aestum
1247 1284 1400 1319 videlicet
1416 1310 1426 1325 ,
1454 1282 1506 1317 sed
1528 1283 1748 1319 interiorem;
1770 1280 1913 1312 exterius
1945 1280 2032 1313 enim
2064 1287 2115 1311 te-

1109 1327 1222 1371 pidum
1246 1328 1370 1371 semper
1386 1350 1396 1366 ,
1420 1337 1586 1369 nunquam
1609 1323 1791 1366 frigidum,
1817 1333 1982 1365 nunquam
2005 1323 2112 1356 calens

1108 1382 1227 1412 corpus
1248 1372 1418 1414 quisquam
1442 1371 1604 1414 percepit.
1630 1366 1818 1409 Respiratio
1841 1365 1962 1408 semper
1984 1366 2069 1400 bona
2103 1388 2116 1398 .

1110 1414 1219 1449 Pulsus
1241 1425 1343 1457 neque
1364 1414 1461 1455 duri,
1484 1424 1585 1455 neque
1608 1412 1862 1445 intermittentes
1876 1433 1885 1448 ‚
1907 1420 2010 1452 neque
2044 1408 2118 1443 ullo

1111 1458 1212 1492 modo
1235 1458 1407 1502 inaequales
1432 1457 1559 1492 fuerant
1584 1465 1725 1496 unquam
1740 1467 1749 1485 .·
1782 1452 1833 1486 sed
1868 1452 2116 1496 frequentiffimi

1108 1502 1186 1536 faeti
1209 1511 1298 1536 erant
1319 1501 1430 1537 diebus
1455 1500 1602 1540 ultimis,
1624 1500 1655 1531 &
1681 1496 1817 1531 humiles
1841 1497 1943 1534 adeo,
1966 1496 2120 1530 utaMe-

1107 1546 1258 1581 dicorum
1282 1546 1387 1580 altero
1409 1545 1491 1579 nulli
1512 1542 1577 1587 jam
1602 1540 1739 1582 amplius
1773 1539 1833 1572 ess'e
1876 1539 2081 1575 crederentur
2105 1563 2115 1571 .

1113 1589 1322 1624 Accesserunt
1344 1586 1527 1624 convulsivi
1550 1584 1721 1620 tendinum
1744 1580 1904 1616 subsultus
1929 1607 1940 1623 ‚
1969 1585 2000 1616 δε
2023 1582 2118 1616 levis..

1113 1634 1229 1669 fimum
1253 1634 1415 1668 interdum
1439 1629 1526 1675 quasi
1549 1629 1722 1664 delirium.
1748 1626 1872 1659 Diebus
1894 1625 2007 1661 iisdem
2037 1626 2119 1659 ulti..

1114 1679 1177 1713 mis
1201 1678 1398 1713 vomitiones
1420 1674 1660 1722 perdurabant5
1685 1669 1736 1705 sed
1760 1671 1861 1703 amari
1876 1692 1886 1709 ,
1909 1672 1940 1703 ἃ
1973 1669 2116 1715 graviffi-

1110 1733 1161 1757 me
1182 1722 1299 1757 olentis
1323 1720 1488 1760 humoris,
1513 1720 1544 1752 δι
1568 1716 1610 1751 fic
1646 1713 1852 1758 nigrescentis
1874 1735 1886 1753 ‚
1921 1722 1962 1746 nti
1989 1713 2117 1757 sangui..

1109 1778 1183 1801 nem
1206 1766 1305 1810 aliqui
1327 1766 1385 1801 esse
1408 1772 1579 1810 putarent3
1602 1759 1653 1796 sed
1675 1758 1814 1808 immissa
1825 1757 1934 1791 charta
1946 1757 2118 1799 postquam

1108 1811 1258 1845 reficcata
1282 1810 1382 1850 estet,
1406 1810 1514 1844 colore
1536 1819 1575 1842 ex
1598 1802 1756 1839 subviridi
1780 1801 1882 1835 dilute
1907 1799 1994 1833 flavo
2015 1801 2117 1836 bilem

1109 1854 1201 1888 fuiffe
1223 1854 1358 1888 ostendit
1369 1879 1378 1890 .
1392 1855 1449 1887 Per
1466 1852 1534 1888 haec
1547 1859 1679 1886 ventum
1693 1847 1737 1881 est
1751 1845 1790 1881 ad
1805 1845 1905 1879 VlII.
1919 1843 1994 1878 Kal.
2007 1846 2117 1888 Qin-

1109 1898 1199 1932 &iles
1213 1923 1222 1938 ,
1245 1910 1313 1942 quo
1327 1898 1379 1932 die
1391 1896 1622 1940 pomeridianis
1644 1892 1734 1928 horis
1756 1901 1822 1925 tarn
1847 1891 2123 1938 gravicorreptus

1109 1942 1156 1975 est
1178 1942 1398 1984 paroxysmo,
1419 1950 1455 1974 ut
1479 1951 1555 1975 tunc
1578 1939 1774 1973 moriturum
1798 1935 1961 1972 crederent
1987 1961 1994 1969 .
2029 1937 2116 1971 Eva-

1110 1983 1150 2018 fit
1173 1994 1301 2018 tamen.
1327 1984 1387 2020 Sed
1409 1984 1534 2027 postero
1555 1984 1608 2018 die
1630 1982 1726 2017 simili
1752 1979 1945 2026 paroxysmo
1956 1981 2045 2016 horis
2058 1982 2115 2016 iis-

1110 2027 1183 2062 dem
1208 2028 1383 2071 redeunte,
1408 2038 1514 2062 mente
1537 2028 1595 2061 sibi
1619 2024 1786 2066 constans,
1808 2026 2043 2063 humiliantem
2056 2039 2114 2062 vo-

1111 2082 1147 2105 ce
1170 2072 1220 2113 pia
1243 2072 1389 2115 quaedam
1413 2073 1509 2106 verba
1532 2069 1708 2105 identidem
1733 2068 1919 2113 proferens,
1943 2083 2016 2105 cuni
2040 2072 2113 2106 sein

1113 2115 1249 2148 alterum
1274 2117 1376 2155 latus,
1401 2115 1491 2158 quod
1514 2114 1732 2158 superioribus
1763 2113 1877 2148 diebus
1912 2113 2015 2149 facere
2047 2116 2112 2150 sine

1113 2158 1235 2192 auxilio
1258 2169 1323 2193 non
1346 2169 1496 2203 poterat,
1519 2170 1573 2202 per
1596 2157 1626 2192 se
1649 2156 1876 2199 convertisset,
1902 2170 1979 2194 mox
2012 2161 2114 2203 placi-

1111 2200 1150 2235 de
1173 2203 1316 2243 optimus
1338 2202 1480 2237 Antistes
1502 2214 1541 2236 ex
1563 2202 1623 2236 hac
1647 2204 1714 2235 vita
1738 2203 1915 2244 migravit.

1146 2247 1202 2293 36.
1249 2246 1279 2277 C
1303 2246 1333 2278 A
1356 2247 1391 2279 D
1414 2248 1446 2279 A
1469 2246 1502 2278 V
1525 2247 1553 2279 E
1579 2246 1608 2280 R
1652 2256 1726 2279 cum
1771 2246 1847 2279 esset
1893 2247 2112 2287 condiendum

1104 2297 1208 2338 prima
1232 2289 1347 2326 nocte,
1372 2298 1408 2322 ut
1431 2288 1542 2322 triduo
1566 2289 1718 2332 proximo
1740 2287 1820 2331 justa
1842 2289 1978 2332 fierent,
2003 2306 2114 2330 omnes

1105 2342 1163 2373 qui
1186 2330 1319 2366 consilia
1341 2332 1600 2371 contuleramus,
1626 2332 1776 2367 advocati
1799 2332 1924 2368 sumus.
1949 2336 2003 2370 Ibi
2035 2350 2112 2374 cum

1104 2375 1146 2424 ab
1191 2374 1356 2408 Antistitis
1400 2375 1538 2409 Medicis
1561 2399 1573 2416 ‚
1620 2379 1651 2409 δι
1697 2376 1916 2413 familiaribus
1954 2381 2109 2418 Sacerdo-

1102 2418 1192 2451 tibus
1214 2430 1248 2452 ea
1272 2418 1455 2461 accepissem
1478 2430 1549 2462 quae
1573 2419 1635 2453 tibi
1659 2421 1698 2454 de
1721 2421 1882 2464 postremo
1905 2427 2011 2459 morbi
2026 2436 2109 2462 tem-

1102 2472 1183 2510 pore
1207 2473 1266 2504 pro
1289 2472 1378 2496 certo
1403 2463 1523 2504 retuli,
1548 2474 1626 2497 mox
1650 2464 1902 2507 inspec‘tantibus
1912 2469 2027 2503 *Sociis
2042 2493 2052 2510 ,
2076 2473 2111 2505 δε

1101 2504 1247 2538 studiosis
1270 2506 1348 2539 bene
1372 2506 1506 2547 multis,
1528 2507 1594 2549 ipse
1617 2508 1733 2549 praefui
1754 2508 1959 2545 disseffioni.
1993 2515 2111 2551 Abdo-

1101 2558 1175 2582 men
1200 2570 1210 2586 ‚
1242 2548 1297 2598 etsi
1320 2550 1436 2582 macies
1460 2559 1548 2583 artus
1570 2551 1676 2584 multo
1699 2554 1801 2595 magis
1824 2576 1836 2593 ‚
1881 2557 1910 2587 &
1955 2557 2071 2594 faciem
2096 2581 2109 2597 ‚

1106 2602 1204 2634 quam
1249 2591 1356 2635 ipsum
1380 2602 1631 2632 extenuaverat,
1654 2594 1806 2630 hactenus
1829 2606 1935 2632 tamen
1959 2600 2110 2638 fubsede-

1106 2644 1179 2683 rat,
1204 2644 1239 2668 nt
1263 2636 1313 2669 vel
1337 2636 1377 2669 ab
1401 2635 1458 2670 hac
1482 2637 1573 2670 causa
1597 2639 1684 2672 credi
1709 2638 1830 2681 posset,
1855 2651 2015 2680 tumorem
2039 2657 2107 2682 ma-

1107 2688 1156 2720 gis
1179 2689 1276 2722 quain
1302 2689 1394 2714 antea
1418 2680 1597 2729 videramus
1620 2705 1633 2722 ,
1664 2685 1846 2717 extrorsum
1871 2685 2028 2730 assurgere
2075 2695 2108 2725 &

1105 2723 1316 2771 protuberare
1339 2748 1349 2756 .
1396 2724 1622 2759 Nihilominus
1645 2725 1701 2758 sub
1733 2736 1804 2760 tota
1828 2727 2010 2767 abdominis
2034 2717 2109 2769 dure

1104 2765 1268 2808 pinguedo
1289 2776 1357 2801 erat
1381 2768 1447 2801 alta
1479 2768 1603 2810 digitos
1638 2770 1719 2802 duos
1740 2794 1748 2802 .
1780 2771 1942 2806 Patefaeto
1988 2779 2109 2812 ventris

1104 2819 1187 2843 cavo
1210 2832 1220 2848 ‚
1266 2811 1299 2843 in
1343 2810 1432 2854 quod
1478 2811 1581 2844 serum
1605 2810 1711 2845 fuerat
1735 2811 2015 2855 sanguinolentum
2052 2824 2107 2856 vix

1105 2852 1144 2886 ad
1188 2861 1252 2902 tres
1295 2854 1392 2887 libras
1435 2853 1567 2888 effusum
1589 2880 1599 2896 ,
1643 2854 1709 2888 duo
1743 2854 1836 2890 simul
1859 2863 2006 2899 omnium
2030 2872 2109 2900 ocni

1104 2894 1153 2929 los
1198 2907 1233 2929 in
1279 2897 1309 2930 se
1342 2906 1573 2931 converterunt
1599 2923 1607 2931 .
1653 2899 1741 2932 Hinc
1765 2901 1849 2934 enim
1873 2912 1983 2940 tumor
2062 2900 2107 2944 dg

1102 2950 1169 2988 quo
1214 2939 1291 2973 adeo
1336 2940 1535 2981 disputatum
1582 2941 1686 2974 fuerat
1708 2963 1719 2979 ,
1766 2946 1875 2987 magni
1910 2932 2104 2996 instar'glo,

1104 2981 1159 3020 bi,
1187 2983 1234 3016 vel
1258 2984 1368 3025 potius
1388 2983 1603 3026 hemisphaerii
1628 2986 1776 3027 apparuit
1801 3011 1814 3027 ,
1858 2989 1881 3023 fi
1924 2994 2070 3030 colorem

1102 3023 1255 3059 foetoreni
1287 3050 1301 3075 ,.
1341 3026 1518 3067 superficiei
1563 3028 1828 3070 *inaequalitatem
1881 3038 2060 3074 attenderes
2091 3022 2104 3038 ³

1101 3066 1202 3117 specie
1224 3067 1384 3102 foedissimi
1407 3071 1634 3104 carcinomatis
1649 3095 1656 3102 .
1681 3072 1759 3106 Inde
1783 3084 1888 3112 autem
1912 3091 2000 3114 novo
2068 3062 2105 3118 ἃς

1101 3114 1256 3146 inusitato
1281 3111 1463 3161 spectaculo
1486 3114 1646 3157 quidquid
1679 3114 1775 3158 spatii
1820 3120 1906 3155 intra
1954 3107 2101 3162 vent³rem

1102 3155 1145 3204 est
1167 3156 1214 3204 ab*
1231 3155 1388 3188 umbilico
1413 3156 1584 3196 deorsum,
1608 3159 1641 3191 id
1666 3171 1761 3193 omne
1782 3184 1792 3200 ‚
1827 3162 1849 3195 si
1874 3165 1951 3198 (ἴση
1974 3169 2102 3202 intestj,

1100 3208 1134 3231 ni
1160 3198 1312 3245 sinistram
1335 3198 1524 3234 inferiorem
1548 3211 1695 3244 partem,
1719 3204 1943 3249 Rediumque,
1967 3212 2101 3254 &quod

1100 3252 1139 3274 ex
1163 3241 1323 3292 nielocolo
1346 3241 1384 3274 ad
1407 3242 1475 3278 haec
1500 3243 1640 3287 spectat,
1663 3249 1694 3279 δι
1740 3248 1915 3284 urinariam
1960 3254 2098 3290 veficam

1100 3296 1302 3335 exemeresg
1337 3296 1474 3320 vacuum
1518 3289 1647 3330 prorsus
1671 3299 1687 3322 a
1710 3290 1882 3327 visceribus
1905 3315 1916 3331 ‚
1960 3297 1993 3328 δε
2024 3298 2097 3333 ina,

1097 3328 1399 3378 ne-conspicoebas.
1425 3330 1506 3372 Qae
1532 3344 1581 3366 me
1605 3343 1651 3365 res
1684 3335 1844 3368 continuo
1889 3337 2061 3375 admonuit

1096 3372 1176 3421 quid
1221 3380 1329 3407 tumor
1373 3373 1448 3407 esset
1472 3386 1481 3406 ε
1526 3376 1622 3417 idque
1668 3378 1699 3408 &
1742 3389 1809 3412 mea
1834 3381 1974 3420 primum
1996 3405 2006 3420 ,
2039 3367 2098 3419 de:

1096 3415 1171 3448 inde
1217 3418 1248 3449 &
1292 3418 1458 3465 omnium·
1485 3418 1640 3461 inspectio
1683 3420 1889 3464 confirmavit
1914 3450 1921 3457 .
1966 3427 2097 3463 Scilicet

1096 3458 1200 3492 Iseum
1224 3459 1537 3509 totumintestinum
1553 3485 1565 3501 ‚
1584 3464 1619 3507 §c
1638 3461 1752 3505 JeJiini
1776 3466 1918 3508 proximi
1941 3480 2012 3510 pass
2035 3473 2096 3506 315,

1094 3513 1183 3545 qua,
1206 3501 1268 3536 suis
1292 3503 1410 3536 relictis
1433 3515 1504 3545 quae
1540 3505 1623 3537 inira
1657 3506 1849 3543 umbilicum
1880 3509 1952 3544 sunt
2013 3514 2094 3550 sedi,

1097 3544 1175 3583 bus,
1200 3544 1498 3593 sursumyetraeta,
1519 3549 1550 3580 &
1573 3557 1782 3589 coacervata,
1806 3555 1838 3585 &
1862 3555 1946 3587 inter
1970 3537 1998 3590 se
2043 3570 2096 3592 ar-

1096 3588 1231 3622 ‹Stiffime
1255 3590 1425 3629 coniuneta
1449 3599 1600 3633 magnum
1623 3592 1736 3629 illum,
1780 3598 1811 3628 δι
1855 3588 2094 3639 prominentem

1095 3639 1257 3666 tumorem
1282 3643 1337 3683 per
1348 3633 1375 3665 se
1388 3629 1525 3667 fecerant
1537 3657 1546 3671 ,
1570 3635 1655 3668 nulla
1669 3639 1805 3671 omnino
1820 3639 1925 3675 addita
1939 3642 2094 3686 scrophu-

1096 3675 1182 3715 losa,
1205 3675 1461 3726 aut-scirrhosa,
1484 3688 1540 3711 aut
1563 3680 1712 3712 cancrosa
1747 3681 1920 3718 substantia
1950 3714 1957 3720 .
2002 3687 2092 3724 Nam

1096 3718 1272 3760 superficiei
1305 3720 1513 3768 *inaequalitas
1557 3722 1596 3754 ab
1618 3722 1693 3764 ipsis
1715 3734 1779 3757 erat
1803 3727 1922 3761 crebris
1966 3730 2092 3767 intesti-

1094 3772 1209 3812 norum
1235 3760 1391 3813 flexibus,
1417 3765 1446 3796 &
1469 3765 1618 3806 inaequali
1643 3765 1749 3807 positu
1773 3782 1806 3802 ac
1831 3771 2055 3808 constsiffione

1093 3813 1131 3840 Ut
1153 3803 1208 3841 ΜΕ
1231 3816 1355 3849 magis,
1378 3806 1447 3843 illic
1470 3809 1576 3843 minus
1597 3810 1865 3851 protuberarent:
1897 3815 1989 3850 color
2035 3797 2093 3852 aaz

1608 3852 1642 3887 R
1980 3869 2047 3895 tem
