2498 4075
423 200 539 269 336
670 195 827 251 Liber
860 194 954 248 IV·
987 195 1069 247 De
1101 195 1310 250 Morbis
1344 194 1694 265 ChirurgiciS,
1726 196 1782 250 δι’
1818 193 2210 250 Universalibus

357 281 501 316 Francus
523 282 534 318 (
557 289 573 312 r
595 279 606 316 )
631 286 696 310 non
719 275 870 311 rariffime
893 274 1136 316 contingentem
1159 275 1364 319 epiphyfium

354 323 605 367 disjunctionem
629 320 852 360 praeteritnrus
866 343 874 352 .
1005 317 1064 351 Sed
1087 328 1182 352 nemo
1204 321 1239 352 in
1254 320 1365 363 [pluri-

353 370 414 403 bus
437 368 542 411 plures
565 363 673 398 eadem
697 359 886 404 tempestate
908 361 1077 404 epiphyses
1098 361 1139 394 ab
1169 362 1286 397 offibus
1320 362 1365 397 ob

355 412 538 446 internam,
561 406 693 440 alterius
715 413 823 438 tamen
854 407 1005 446 generis,
1027 404 1154 439 causam
1187 403 1365 447 disjunftas

355 455 464 492 vidit,
486 461 585 495 quam
608 447 803 492 Poupartius
827 447 907 490 (s)
929 449 964 481 in
989 459 1108 490 magno
1138 448 1198 482 illo
1221 450 1363 485 Scorbu-

352 499 497 532 ticorum
520 503 656 528 numero
678 491 735 534 qui
760 491 794 523 in
818 491 995 525 Parisiense
1028 489 1218 525 confluebat
1250 492 1362 527 Noso-

352 542 498 576 comium
523 538 565 572 A.
594 541 686 577 1699.
710 533 769 567 Ob
791 545 861 568 eam
884 534 1138 577 disjunffionem
1159 534 1257 569 fiebat
1281 561 1291 577 ‚
1323 546 1360 571 ut

349 584 376 618 fi
398 583 477 626 aegri
500 581 550 615 illi
574 587 803 616 moverentur,
826 579 971 619 crepitus
995 578 1164 612 audiretur
1184 579 1297 614 offium
1319 591 1360 614 ex

351 628 492 665 horum¹
515 627 547 658 δε
570 621 775 666 epiphysmm
800 621 936 655 collisu.
962 622 1047 660 Quae
1077 621 1274 656 Observatio
1297 635 1360 657 una

352 682 392 704 ex
412 671 478 704 illis
500 668 566 707 est,
590 666 756 709 perpaucis
779 666 924 708 alioquin
948 686 958 702 ‚
989 677 1062 709 quae
1095 666 1129 699 in
1167 665 1223 700 Cl.
1246 667 1360 701 Hertii

351 713 499 757 DzYcursu
522 711 643 744 Medico
666 710 701 743 de
723 709 849 750 crepitu
882 706 994 751 Offium
1025 708 1261 747 desiderantum
1283 709 1361 744 dili..

348 767 459 800 genter
482 756 569 791 enim
592 753 729 795 collegit
752 761 865 787 caetera
886 763 959 794 quae
982 751 1022 785 de
1045 752 1108 786 hoc
1141 753 1257 787 affeetu
1281 752 1360 787 scri-

289 805 295 814 *
349 810 407 843 pta
432 807 566 838 extant,
589 796 723 830 subinde
745 793 924 837 interjeetis
949 796 1095 829 Parentis
1119 807 1251 839 quoque
1283 797 1360 831 Ob-

350 841 609 878 servationibus:
631 850 818 882 quanquam
840 836 1066 873 dissentionum
1089 839 1159 874 luce
1171 850 1314 874 caremus
1325 842 1361 875 in

345 887 440 922 causa
463 883 630 919 statuenda
653 881 834 916 affeffionis
855 880 974 924 hujus,
997 891 1034 917 ut
1058 885 1091 916 in
1114 881 1361 926 plerisquecon—

347 932 470 972 tingit.
495 926 596 968 Qod
618 923 641 959 fi
667 927 826 960 rationem
852 926 1074 964 attendamus;
1099 939 1135 961 ea
1158 927 1273 970 saepius
1283 939 1361 964 cau-

345 974 378 1009 sa
401 975 436 1007 in
458 970 669 1007 exsiccatione
691 969 830 1012 quadam
854 969 1016 1004 statuenda
1038 981 1113 1004 cum
1135 971 1257 1004 Hertio
1270 971 1360 1005 vide-

347 1026 424 1054 tur,
446 1026 546 1059 quam
570 1016 603 1047 in
627 1012 898 1054 humectatione,
920 1016 951 1047 δε
984 1013 1139 1048 laxitate.
1166 1014 1239 1048 Nec
1262 1015 1359 1049 aliter

348 1060 431 1095 mihi
454 1058 561 1093 visum
584 1056 628 1091 est
642 1082 650 1097 ‚
673 1068 749 1092 cum
774 1067 835 1099 pro
856 1057 1014 1091 Matrona
1036 1058 1193 1091 Primaria
1213 1058 1358 1093 consule-

346 1116 416 1144 res,
441 1114 513 1146 quae
529 1127 538 1141 ,
565 1100 734 1143 puerperio
745 1100 883 1144 (μιὶηᾶο
895 1100 933 1135 ad
956 1099 1053 1135 finem
1073 1101 1252 1144 spectante,
1276 1102 1357 1137 dum

331 1149 381 1182 ·se
405 1147 446 1182 ab
468 1158 534 1181 uno
557 1147 592 1179 in
627 1145 765 1178 alterum
801 1144 885 1178 latus
917 1154 1118 1179 converteret
1142 1169 1153 1186 ,
1185 1144 1356 1180 molestum

347 1191 510 1234 quendam
534 1189 647 1222 offium
671 1188 879 1229 crepitumin
890 1187 1026 1229 genibus
1047 1198 1190 1231 coeperat
1213 1190 1357 1224 animad-

347 1245 497 1274 vertere,
517 1231 593 1267 dein
617 1231 844 1278 progrediente
868 1241 1014 1273 tempore
1036 1232 1070 1264 in
1094 1231 1247 1266 omnibus
1268 1242 1356 1268 artus

346 1277 512 1320 utriusque
535 1275 710 1317 superioris
734 1275 897 1317 junfiuris
931 1276 976 1308 fic
1008 1283 1116 1309 tamen
1139 1298 1149 1314 ‚
1186 1284 1222 1309 ut
1256 1277 1358 1310 mole-

347 1321 493 1356 stiffimus
516 1319 590 1352 esset
614 1320 648 1351 in
672 1318 832 1360 genibus,
855 1319 977 1361 quippe
987 1329 1053 1352 non
1075 1319 1224 1353 levicum
1244 1320 1358 1355 dolore

341 1367 377 1402 iu
401 1373 531 1399 crurum
555 1360 737 1395 extensione
759 1361 973 1405 εοιηύῃᾶυε.
995 1362 1076 1403 Qo
1097 1364 1186 1397 enim
1218 1364 1317 1397 modo
1339 1376 1356 1397 a

344 1410 479 1443 laxitate
501 1405 691 1440 deducerem
713 1406 803 1447 quod
826 1417 901 1439 curn
924 1405 1039 1440 dolore
1069 1405 1219 1448 junetum
1242 1406 1317 1441 esset
1340 1406 1356 1440 ἒ

345 1453 461 1495 Itaque
483 1460 558 1485 cum
590 1462 626 1483 ea
659 1448 926 1483 commendassem
957 1450 1086 1484 interna
1111 1473 1121 1491 ,
1156 1461 1355 1493 externaque

346 1496 469 1530 auxilia
493 1505 565 1538 quae
591 1492 759 1527 moderate
779 1491 1026 1532 numerarent,
1052 1494 1296 1537 tensionemque
1309 1505 1358 1527 re-

346 1541 536 1574 mitterent;
560 1537 743 1579 insequenti
768 1547 852 1569 anno
875 1547 950 1570 cum
974 1538 1094 1571 iterum
1128 1548 1180 1571 me
1213 1536 1357 1572 consule-

346 1593 396 1620 ret
421 1607 433 1625 ,
470 1581 569 1617 nullae
608 1580 745 1624 amplius
769 1579 808 1613 de
841 1579 904 1614 isto
940 1581 1055 1614 offium
1078 1583 1205 1624 crepitu
1228 1604 1241 1621 ,
1273 1580 1362 1624 quasi

349 1637 518 1670 nunquam
541 1622 677 1661 fuisset,
700 1632 790 1657 erant
813 1623 976 1665 querelae5
1000 1623 1052 1658 sed
1074 1632 1111 1657 ut
1134 1625 1289 1667 gravibus
1303 1624 1363 1658 ob-

348 1672 446 1704 noxia
468 1667 527 1703 esse
551 1666 850 1710 hypochondriacis
872 1666 1097 1701 affeffionibus
1121 1677 1196 1702 ante
1227 1669 1363 1702 consue-

347 1723 437 1748 verat
454 1738 464 1754 ,
487 1712 525 1745 de
548 1710 601 1744 his
624 1710 856 1743 tantummodo
878 1709 1096 1752 querebatur.

393 1755 629 1800 35.Vertebrae
642 1753 832 1794 frangantur
844 1751 993 1791 facilius,
1018 1764 1057 1786 an
1080 1752 1256 1794 luxentur,
1279 1764 1360 1788 con-

346 1800 502 1838 troversia
524 1797 570 1832 est
593 1798 678 1830 inter
702 1796 974 1830 Praestantiffimos
1007 1797 1131 1836 Viros,
1153 1808 1252 1840 quarn
1288 1798 1359 1831 aliis

346 1845 480 1882 Litteris
502 1841 565 1884 (t)
588 1840 862 1876 commemoravi.
888 1841 935 1873 Et
953 1838 1043 1883 quod
1055 1839 1094 1874 ad
1106 1839 1265 1883 supremas
1285 1841 1360 1874 illa-

348 1901 421 1926 rum
445 1888 563 1923 attinet
586 1908 598 1925 ‚
630 1895 729 1926 quare
751 1894 831 1921 cum*
850 1883 963 1926 saepius
986 1881 1068 1917 mihi
1091 1885 1136 1917 rei
1168 1884 1357 1926 indagandae

345 1933 473 1970 occasio
495 1931 531 1964 in
554 1928 779 1969 suspensorum
803 1927 995 1968 corporibus
1017 1927 1101 1960 olim
1111 1937 1179 1960 non
1192 1927 1332 1962 defuerit
1345 1949 1358 1967 ,

346 1990 411 2015 non
435 1973 659 2016 indagaverim
682 1980 791 2005 tamen
808 1993 817 2009 ,
840 1969 965 2004 ibidem
986 1970 1166 2005 indicatum
1198 1971 1240 2006 est
1264 1994 1271 2002 .
1307 1971 1359 2004 Ex

346 2035 385 2059 eo
409 2029 555 2061 ternpore
577 2015 704 2050 occasio
726 2014 782 2048 illa
806 2025 872 2047 non
895 2014 939 2049 est
964 2014 1061 2049 data.
1088 2013 1190 2052 Quod
1213 2015 1251 2049 ad
1263 2023 1359 2048 caete-

343 2078 396 2102 ras
421 2073 527 2099 autem
551 2059 710 2095 vertebras
734 2057 852 2100 spefitat
873 2082 883 2098 ,
904 2069 980 2092 cum
1015 2057 1166 2092 Valsalva
1188 2081 1201 2099 ,
1233 2060 1265 2091 &
1297 2069 1358 2100 ego

346 2107 418 2155 post
441 2103 730 2141 vehementiffimos
754 2102 837 2136 ierus
860 2101 1110 2144 inspiceremus,
1133 2111 1246 2135 neuter
1267 2101 1359 2135 luxa-

349 2165 418 2191 tas,
442 2160 574 2192 uterque
599 2147 713 2180 fra6tas
727 2144 994 2189 deprehendimus
1009 2167 1019 2183 ,
1042 2154 1079 2179 ut
1095 2156 1134 2178 ex
1146 2146 1240 2178 LIV.
1266 2149 1277 2184 (
1302 2155 1322 2177 u
1347 2147 1358 2183 )

349 2201 380 2233 &
406 2197 482 2229 LII.
506 2198 516 2233 (
541 2203 562 2226 x
585 2194 596 2230 )
620 2190 766 2234 Epistola
788 2188 997 2232 cognovisti.
1023 2188 1124 2226 Quod
1147 2187 1169 2221 fi
1193 2187 1263 2222 duae
1282 2190 1314 2221 in
1327 2198 1361 2221 re

347 2237 505 2284 ejusmodi
528 2235 625 2269 nimis
639 2245 746 2276 paucae
758 2233 820 2267 tibi
834 2233 984 2267 videntur
995 2232 1272 2269 Observationes,
1296 2231 1361 2266 huc

349 2296 414 2323 tres
439 2282 516 2316 adde
538 2279 593 2312 Cl.
617 2278 799 2313 Tabarrani
822 2281 876 2318 (y
899 2279 910 2314 )
932 2300 945 2317 ‚
980 2277 1039 2319 qui
1063 2288 1097 2310 ea
1127 2286 1190 2319 qua
1223 2275 1325 2319 pollet
1349 2298 1364 2315 ,

353 2328 510 2366 solertia,
530 2326 562 2357 δι
584 2322 758 2364 diligentia
779 2331 855 2354 cum
878 2321 972 2358 alia„
988 2329 1058 2354 turn
1082 2318 1146 2353 hoc
1179 2321 1215 2352 in
1250 2320 1363 2361 primis

350 2369 547 2407 examinavit
562 2391 571 2398 .
596 2368 627 2399 ls
650 2377 715 2400 non
739 2363 860 2407 semper
882 2364 1046 2398 vertebras
1074 2363 1150 2397 loco
1172 2372 1278 2397 motas
1312 2364 1364 2396 in-

352 2416 444 2450 venit
459 2424 475 2452 ,*
494 2415 524 2448 &
547 2421 622 2444 cum
645 2409 790 2447 invenit,
815 2417 880 2441 non
903 2406 982 2441 adeo
1005 2406 1070 2441 fere
1107 2415 1212 2441 motas
1246 2406 1329 2440 vidit
1351 2428 1364 2446 ,

352 2470 389 2495 ut
413 2460 540 2493 luxatas
562 2454 627 2487 dici
653 2451 739 2495 posse
753 2473 764 2489 ‚
783 2450 948 2490 crederet3
972 2450 1095 2493 semper
1116 2459 1225 2484 autem
1248 2449 1364 2483 fraetas

351 2504 480 2538 invenit
497 2524 504 2532 .
531 2497 605 2532 Nec
629 2506 705 2529 vero
729 2494 782 2528 hic
804 2492 886 2528 mihi
912 2493 1154 2541 propositurum
1178 2503 1234 2530 te,
1258 2502 1363 2535 puto,

350 2547 537 2582 nostrorum
558 2538 726 2581 Veslingii
749 2541 763 2577 (
785 2549 810 2580 z
833 2541 869 2577 ),
893 2539 925 2570 δε
950 2538 1057 2579 PuJati
1081 2541 1092 2576 (
1116 2548 1135 2569 a
1160 2539 1170 2575 )
1194 2536 1362 2570 Observa-

352 2592 478 2625 tiones.
503 2586 603 2620 Illum
627 2583 727 2626 probe
750 2580 883 2615 memini
905 2581 939 2613 in
964 2581 1116 2614 Dalmata
1137 2579 1221 2613 dorsi
1233 2580 1359 2623 aliquot

352 2633 518 2668 vertebras
541 2628 657 2662 leviter
680 2623 863 2660 extrorsum
885 2623 1052 2663 dimotas,
1073 2624 1108 2656 in
1134 2624 1290 2656 Patavino
1305 2634 1360 2657 au-

350 2688 420 2712 tem
443 2684 555 2709 omnes
577 2669 764 2704 lumborum
788 2667 949 2701 vertebras
972 2667 1155 2701 extrorsum
1168 2666 1360 2700 notabiliter

348 2721 544 2756 inclinatas,
565 2725 639 2748 cum
661 2713 788 2759 stupore
812 2713 956 2753 partium
987 2709 1204 2749 inferiorum,
1227 2709 1359 2744 vidisse.

350 2765 405 2800 Sic
428 2764 527 2796 etiarn
552 2757 661 2792 Praecl.
686 2758 839 2798 PuJatum
862 2757 895 2787 in
919 2754 1013 2792 aliis,
1036 2756 1068 2787 δι’
1089 2752 1177 2796 quod
1200 2753 1243 2787 ob
1265 2753 1360 2787 meri-

352 2818 426 2842 tum
449 2818 516 2848 quo
539 2813 613 2837 eum
639 2799 813 2842 prosequor
838 2822 850 2839 ,
884 2808 1027 2832 amorem
1060 2797 1177 2840 aegrius
1200 2797 1262 2831 tuli
1285 2820 1294 2835 ,
1326 2797 1360 2829 in

353 2851 386 2886 se
416 2850 486 2891 ipso
519 2845 675 2890 paulatim
708 2842 889 2885 superiores
923 2841 1085 2875 lumbares
1107 2840 1270 2874 vertebras
1306 2850 1360 2873 ex-

353 2894 494 2929 trorsum
518 2887 701 2933 prolapsas,
724 2897 782 2920 nec
806 2885 871 2919 fine
902 2896 1033 2919 crurum
1068 2884 1278 2926 torporibus,
1300 2883 1361 2917 ob-

356 2936 509 2971 servasse.
536 2935 582 2966 At
606 2931 698 2964 simul
732 2928 891 2968 memini,
915 2938 1088 2971 utrumque
1121 2927 1362 2962 subluxationes

354 2981 427 3015 istas
450 2977 585 3012 internis
606 2973 705 3008 caufis
721 2995 730 3011 ‚
756 2973 932 3015 ligamenta
955 2971 1171 3009 vitiantibus,
1197 2970 1362 3005 tribuisse.

355 3024 530 3060 Institutus
553 3027 660 3053 autem
684 3029 700 3050 a
724 3016 817 3050 nobis
840 3015 946 3049 sermo
968 3015 1007 3049 de
1041 3014 1264 3048 luxationibus
1295 3014 1362 3047 illis

356 3068 402 3102 est
424 3077 496 3108 quae
519 3073 655 3104 corpore
677 3083 687 3098 ,
719 3061 752 3092 &
775 3060 960 3102 ligamentis
994 3058 1081 3092 ῐεᾶε
1115 3058 1297 3091 valentibus
1321 3058 1361 3091 ab

355 3120 483 3146 externa
505 3105 660 3141 violentia
672 3104 825 3138 dicuntur
849 3102 1008 3137 accidere:
1033 3112 1110 3143 quas
1132 3101 1199 3142 ipse
1211 3102 1360 3144 equidem

354 3165 421 3189 non
445 3163 549 3194 nego;
572 3157 780 3192 quanquam,
803 3155 839 3183 ut
861 3148 896 3179 in
919 3146 993 3180 casu
1017 3143 1193 3187 praesertim
1208 3145 1360 3179 Cl.Tar-

355 3197 463 3237 gionii
486 3196 503 3236 (
521 3193 539 3227 b
561 3197 575 3233 )
596 3201 794 3235 quocunque
807 3189 1092 3231 modointelligere
1114 3190 1264 3230 coneris,
1287 3199 1359 3231 per-

354 3236 500 3275 difficiles
522 3236 642 3271 habent
666 3234 867 3277 explicatus;
891 3232 942 3266 sed
967 3243 1005 3266 an
1031 3231 1094 3265 fine
1117 3230 1262 3266 fraretum
1293 3241 1358 3265 ver-

352 3285 518 3319 tebrarum
541 3280 642 3319 fiant,
667 3288 723 3321 per
746 3286 949 3311 mortuorum
981 3274 1182 3310 disseffiones
1214 3275 1273 3309 esse
1303 3274 1359 3309 de-

355 3327 589 3363 monstratum,
615 3320 700 3356 haud
724 3321 800 3355 satis
823 3319 910 3353 scio.
932 3319 1111 3354 Historiam
1146 3319 1228 3352 olim
1260 3319 1325 3361 legi
1346 3341 1357 3358 ‚

352 3382 426 3415 quae
452 3382 468 3403 a
493 3367 622 3401 Bellino
643 3363 702 3398 esse
724 3363 911 3399 dicebatur,
935 3363 1110 3397 structoris
1132 3365 1189 3406 qui
1214 3374 1231 3396 e
1262 3363 1357 3396 tabu-

354 3417 423 3450 lato
445 3421 617 3450 corruens,
639 3407 758 3443 lumbis
781 3405 929 3450 percuffis
943 3430 953 3447 ,
974 3416 1015 3439 an
1049 3404 1165 3444 allisis,
1195 3407 1354 3451 continuo

1415 274 1547 318 pedibus
1571 275 1687 309 sentire
1708 271 1791 307 nihil
1813 276 1938 318 coepit,
1969 275 2001 307 &
2023 273 2131 309 veficae
2163 297 2174 313 ‚
2206 277 2332 320 alvique
2363 290 2415 314 re.

1414 327 1577 353 crementa
1597 317 1716 352 inscius
1736 328 1881 360 egerere,
1906 328 2002 360 atque
2024 318 2087 352 alia
2109 320 2179 361 pati
2200 332 2272 363 quae
2293 321 2414 357 deseri.

1415 362 1556 397 buntur.
1580 362 1652 395 Post
1676 360 1884 404 quatriduum
1906 361 2029 395 mortui
2051 370 2115 396 tres
2128 361 2304 406 superiores
2327 366 2414 401 lum-

1417 406 1536 440 borum
1558 405 1713 439 vertebrae
1737 405 1876 439 inventae
1899 405 1973 439 sunt
2006 404 2087 439 adeo
2117 405 2238 441 luxatae
2259 429 2270 446 ,
2302 418 2337 442 ut
2373 411 2415 447 ad

1416 448 1630 487 transversum
1652 449 1794 490 digitum
1825 448 1860 482 in
1893 448 2014 482 ventris
2045 458 2127 482 cavo
2158 453 2378 492 prominerent
2400 477 2412 494 ‚

1410 492 1549 536 ideoque
1572 493 1711 535 Magnos
1733 492 1882 528 vasorum
1904 501 2037 526 truncos
2060 493 2108 525 ita
2130 495 2380 537 comprimerent
2403 522 2415 536 ,

1410 546 1447 570 ut
1469 534 1635 578 oppositos
1656 545 1770 569 eorum
1793 537 1931 577 parietes
1953 535 1993 569 ad
2024 544 2176 570 mutuum
2206 539 2306 581 usque
2337 551 2416 575 con..

1411 580 1536 613 tafftum
1559 579 1756 613 adducerent
1770 600 1781 616 ‚
1802 589 1844 612 ex
1865 589 1932 622 quo
1954 578 2036 613 illud
2058 580 2144 614 inter
2164 589 2281 616 caetera
2291 583 2390 617 fiebat
2403 607 2417 624 ,

1409 633 1447 657 ut
1471 633 1557 657 venae
1579 634 1689 656 omnes
1713 621 1754 656 ab
1776 630 1915 665 utroque
1941 621 2067 664 summo
2089 622 2167 665 pede
2202 624 2242 659 ad
2271 625 2417 661 luxatio-

1410 677 1484 699 nem
1507 666 1604 708 usque
1625 677 1690 699 non
1714 665 1800 700 secus
1821 664 1973 708 sanguine
1995 664 2095 700 essent
2118 667 2256 709 turgidae
2271 695 2281 709 ,
2303 672 2335 703 δι
2354 669 2416 706 du.

1410 721 1472 748 rae,
1498 721 1534 744 ac
1555 709 1577 743 fi
1601 720 1657 752 per
1680 710 1746 743 vim
1770 707 1903 742 fuissent
1926 706 2096 742 infarstae.
2121 711 2208 754 Qis
2236 712 2276 746 de
2305 722 2411 750 verte-

1409 753 1542 787 brarum
1565 753 1730 787 luxatione
1753 750 1808 785 hic
1839 751 1999 786 dubitet?
2020 751 2080 786 Sed
2102 763 2181 787 num
2204 756 2253 788 vis
2283 766 2416 792 externa

1410 808 1482 839 quae
1506 798 1633 831 vincere
1666 797 1841 838 ligamenta
1876 796 2008 838 potuit,
2033 796 2105 837 illas
2136 807 2202 830 non
2234 798 2372 841 fregerat
2398 799 2416 834 ,ἶ

1411 851 1490 874 num
1521 839 1698 884 frangendo
1730 849 1796 872 non
1829 839 1935 873 minus
1969 838 2055 872 forte
2084 840 2208 883 Spinali
2238 842 2384 877 medullae
2404 867 2418 884 ,

1412 882 1541 927 ejusque
1569 883 1741 926 appendici
1774 882 1963 916 detrimenti
1997 882 2150 917 attulerat
2173 909 2183 925 ,
2204 896 2316 928 *quam
2347 887 2417 929 ipsa

1411 927 1539 962 luxatio
1560 926 1576 961 ,ἒ
1606 929 1656 961 De
1678 927 1727 960 his
1750 937 1828 959 vero
1849 949 1862 966 ,
1894 924 1929 959 id
1951 925 1994 960 est
2015 926 2053 960 de
2084 926 2229 969 inspeetis
2261 931 2418 965 attentius

1411 971 1587 1009 vertebris,
1611 970 1743 1013 ipsaque
1766 968 1907 1003 medulla
1931 969 2016 1002 inter
2039 978 2091 1003 tot
2117 971 2178 1004 alia
2202 983 2273 1014 quae
2296 973 2418 1008 descri-

1409 1015 1553 1055 buntur,
1576 1026 1614 1048 ne
1636 1015 1773 1047 verbum
1794 1012 1947 1056 quidem.
1971 1013 2022 1047 Sic
2046 1014 2080 1046 in
2103 1014 2308 1056 Sepulchreti
2329 1017 2418 1050 libro

1409 1059 1473 1093 IV.
1496 1058 1641 1093 See-tione
1654 1057 1785 1100 quidem
1808 1055 1876 1090 111.
1899 1059 1913 1095 (
1934 1068 1950 1090 c
1973 1060 1984 1095 )
2010 1055 2208 1093 Observatio
2231 1067 2320 1093 extat
2330 1061 2416 1094 Fon-

1407 1105 1477 1136 tani
1499 1106 1514 1142 (
1538 1101 1683 1135 Panaroli
1706 1102 1792 1135 enim
1816 1099 2018 1133 Observatio
2040 1112 2113 1142 quae
2136 1102 2170 1134 in
2194 1103 2343 1137 Sefflone
2354 1103 2418 1138 hac

1407 1145 1474 1180 VI.
1497 1145 1539 1179 est
1560 1146 1599 1180 de
1622 1143 1861 1179 Luxationibus
1896 1147 1907 1182 (
1931 1144 1951 1176 d
1971 1147 2006 1189 >i
2027 1144 2065 1178 ad
2100 1143 2259 1187 supremas
2295 1148 2417 1181 attinet

1406 1189 1567 1223 vertebras
1581 1211 1590 1227 ‚
1614 1198 1736 1232 neque,
1759 1197 1795 1221 ut
1820 1186 1900 1221 alibi
1911 1185 2001 1224 dixi,
2025 1187 2097 1221 satis
2107 1188 2231 1223 constat
2254 1200 2293 1223 an
2314 1188 2414 1225 fuerit

1406 1232 1471 1267 fine
1495 1231 1653 1271 fra&ura‚
1675 1233 1766 1271 imo,
1789 1240 1917 1272 utamox
1936 1230 2158 1272 indicabitur,
2181 1244 2219 1266 an
2243 1232 2343 1268 fuerit
2359 1242 2419 1267 ve-'

1410 1287 1446 1310 ra
1468 1277 1596 1311 luxatio
1612 1276 1630 1317 )
1652 1286 1715 1318 qua
1741 1276 1776 1308 in
1799 1273 2185 1309 FontaniObservatione
2207 1276 2329 1319 legitur
2341 1278 2418 1320 qui-

1409 1319 1481 1353 dem
1497 1341 1508 1357 ,
1532 1319 1677 1361 bajulum
1698 1319 1755 1361 qui
1779 1329 1816 1352 ex
1840 1318 1908 1351 alto
1930 1317 1964 1350 in
1988 1317 2161 1360 subjeetam
2184 1320 2308 1355 trabem
2331 1320 2418 1360 supi-

1410 1374 1470 1397 nus
1492 1363 1651 1397 ceciderat
1664 1387 1675 1402 ,
1699 1362 1859 1395 vertebras
1869 1360 1955 1395 dorsi
1975 1359 2150 1404 dislocasfie,
2174 1374 2211 1397 ac
2232 1361 2418 1407 diffolviffe,

1409 1406 1493 1441 unde
1516 1406 1624 1450 quoad
1647 1406 1754 1441 vixit,
1778 1406 2092 1447 incurvatocorpore
2104 1414 2223 1441 terram
2246 1407 2329 1441 facie
2350 1411 2419 1449 spe-

1409 1451 1569 1484 &averst-
1595 1449 1655 1484 Sed
1665 1448 1760 1483 dorso
1783 1449 1905 1483 mortui
1925 1459 1979 1492 per
1991 1457 2162 1482 anatomen
2174 1451 2317 1489 retesso,
2340 1461 2418 1485 cum

1408 1494 1555 1536 expeetas
1577 1504 1613 1527 ut
1637 1493 1736 1531 scias,
1760 1503 1798 1526 an
1821 1490 1932 1526 fraetae
1955 1489 2086 1525 fuissent
2123 1493 2190 1527 illae
2225 1495 2380 1528 vertebrae
2405 1505 2418 1532 ς

1409 1536 1449 1570 de
1474 1536 1537 1571 hoc
1558 1536 1664 1577 nihil,·
1688 1535 1740 1571 sed
1762 1537 1906 1578 quinque
1930 1535 2091 1569 vertebras
2113 1537 2296 1579 conspeetas
2318 1537 2417 1572 intel-

1414 1580 1490 1624 ligis
1513 1579 1733 1623 conglobatas,
1756 1578 1996 1613 adhaerentibus
2020 1579 2149 1614 viscosis
2171 1582 2313 1615 materiis
2335 1603 2346 1620 ,
2382 1581 2415 1614 in

1410 1623 1542 1667 gypsum
1564 1622 1649 1666 quasi
1671 1623 1772 1657 calore
1791 1620 1934 1659 naturali
1954 1620 2131 1665 inspiffante
2152 1634 2322 1660 conteris.
2348 1624 2420 1658 Ne-

1412 1679 1477 1710 que
1509 1669 1543 1699 in
1576 1666 1786 1708 Sepulchreto
1810 1665 1879 1699 aliae
1901 1664 1975 1700 sunt
2009 1675 2162 1707 praeterea
2195 1666 2229 1701 di
2257 1668 2423 1711 effiones3

1410 1711 1500 1752 quod
1524 1709 1641 1748 sciam,
1665 1708 1729 1743 huc
1753 1710 1945 1742 attinentes:
1969 1709 2080 1751 itaque
2103 1709 2167 1751 jam
2180 1710 2293 1750 vides,
2316 1712 2417 1752 anju.

1410 1754 1457 1786 sta
1480 1753 1518 1785 fit
1542 1752 1638 1786 nobis
1660 1752 1751 1786 causa
1773 1752 1932 1794 optandi,
1955 1760 1993 1785 ut
2016 1752 2151 1793 saepius‚
2176 1765 2212 1787 ac
2222 1753 2419 1788 di-lieentius

1410 1807 1458 1829 res
1483 1794 1557 1829 esset
1580 1807 1596 1827 a
1619 1794 1802 1837 Maioribus
1837 1794 1991 1836 vestigata
2015 1818 2024 1828 .
2055 1796 2156 1829 Certe
2187 1796 2246 1830 ista
2279 1785 2420 1831 F'ontani

1411 1839 1610 1873 Observatio
1633 1839 1707 1874 dare
1731 1837 1836 1881 potest
1860 1837 2034 1880 suspicioni
2056 1838 2185 1880 locum,
2208 1851 2286 1874 num
2317 1841 2382 1874 illae
2405 1863 2417 1878 ,

1409 1893 1530 1917 numve
1554 1883 1625 1916 aliae
1647 1892 1883 1924 nonnunquam
1909 1881 2085 1920 vertebrae,
2109 1892 2175 1917 non
2199 1894 2217 1917 a
2247 1883 2418 1918 laxatione

1408 1928 1637 1969 promineant,
1658 1925 1708 1960 sed
1732 1937 1748 1958 a
1771 1926 1905 1959 materia
1917 1936 2014 1968 quam
2037 1935 2191 1968 externa,
2213 1936 2268 1961 aut
2290 1929 2423 1961 interna

1408 1969 1500 2004 causa
1523 1970 1609 2004 circa
1632 1981 1682 2004 eas
1702 1978 1798 2012 cogat
1822 1992 1836 2009 ‚
1867 1972 1900 2002 δε
1924 1969 2076 2006 induret,
2098 1969 2183 2003 unde
2206 1973 2238 2004 &
2259 1973 2349 2005 nervi
2382 1981 2422 2005 ex

1408 2013 1521 2048 iisdem
1546 2014 1613 2046 orti
1636 2022 1847 2056 premantur,
1870 2015 1902 2045 δι
1927 2010 2020 2046 adsiti
2031 2011 2190 2051 musculi,
2216 2015 2422 2054 attollendo.

1408 2066 1465 2091 aut
1488 2054 1649 2090 fiectendo
1672 2057 1801 2099 corpori
1825 2055 1997 2094 attributi,
2021 2056 2240 2100 vertebraeque
2261 2058 2336 2101 ipsae
2359 2058 2422 2092 suis

1409 2102 1444 2133 in
1469 2100 1650 2134 affionibus
1665 2124 1675 2139 ‚
1698 2109 1794 2142 atque
1817 2098 1925 2133 ufibus
1960 2098 2199 2140 impediantur,
2225 2112 2260 2135 ac
2294 2111 2422 2145 pertur-

1412 2144 1552 2178 bentur.
1577 2143 1715 2185 Qanto
1739 2151 1847 2176 autem
1870 2142 2169 2184 minusslaedentur
2201 2145 2294 2178 nervi
2317 2170 2327 2186 ‚
2363 2153 2420 2179 aut

1411 2199 1480 2230 quo
1501 2187 1626 2221 diutius
1649 2186 1857 2229 protrahetur
1881 2185 2026 2220 hominis
2048 2187 2139 2226 vita,
2160 2199 2199 2221 eo
2222 2190 2326 2231 magis
2348 2189 2421 2223 ansa

1410 2231 1544 2265 dabitur
1576 2230 1615 2265 ad
1653 2230 1735 2264 hanc
1758 2255 1769 2271 ,
1804 2229 1940 2264 aliamve
1971 2228 2135 2271 ejusmodi
2169 2230 2385 2274 suspicionem
2410 2245 2422 2265 .-

1411 2286 1509 2318 quam
1523 2297 1535 2314 ,
1558 2274 1592 2307 in
1612 2286 1644 2307 re
1667 2273 1846 2315 praesertim
1869 2272 2027 2314 insolita,
2048 2275 2189 2308 eximere
2211 2275 2349 2311 debebat
2361 2279 2423 2311 Pa-

1414 2320 1543 2352 narolus
1566 2329 1640 2351 cum
1663 2317 1808 2351 luxatam
1833 2317 2011 2351 vertebram
2044 2318 2180 2352 cervicis
2212 2318 2383 2355 secundam
2410 2345 2422 2361 ‚

1415 2365 1448 2395 &
1470 2361 1601 2404 quidem
1626 2361 1789 2394 admodum
1811 2371 1924 2403 magna
1945 2360 2125 2401 laxatione,
2150 2364 2321 2405 proposuit
2343 2388 2354 2405 ,
2386 2365 2421 2398 &

1414 2404 1585 2439 hominem
1608 2414 1717 2438 tamen
1741 2403 1796 2438 hoc
1818 2404 1906 2437 modo
1925 2412 1982 2445 per
2002 2413 2096 2444 quam
2113 2404 2270 2446 plurimos
2279 2407 2345 2442 dies
2366 2408 2422 2441 xvi-¹

1412 2447 1510 2493 xiffe;
1532 2459 1634 2489 neque
1656 2449 1744 2481 enim
1767 2447 1842 2481 satis
1876 2447 1940 2480 fuit
1972 2446 2098 2485 dicere,
2114 2448 2203 2483 illud
2233 2460 2271 2485 ex
2298 2451 2421 2485 mortui

1407 2490 1541 2533 seHione
1562 2490 1618 2536 effe
1640 2490 1835 2533 observatum
1842 2502 1856 2531 ;
1880 2489 1932 2524 sed
1957 2500 2102 2524 accurate
2126 2490 2304 2527 addendum
2327 2503 2417 2535 erat,

1411 2545 1509 2577 quam
1532 2536 1565 2568 in
1588 2544 1710 2577 partem
1733 2535 1843 2567 luxata
1867 2531 1941 2567 esset
1962 2534 2129 2574 vertebra,
2153 2537 2184 2568 ὃ(
2205 2547 2243 2569 an
2269 2539 2418 2572 violento

1412 2588 1451 2612 ex
1475 2577 1536 2611 illo
1557 2578 1652 2616 casu,
1674 2577 1732 2611 nisi
1755 2578 1889 2611 staffeam
1913 2576 2037 2619 ipsam,
2060 2587 2116 2611 aut
2137 2576 2206 2619 ejus
2237 2581 2380 2614 Dentem
2403 2602 2417 2620 ,

1411 2621 1583 2666 ligamenta
1608 2622 1716 2656 saltem
1741 2621 1847 2662 aliqua
1870 2618 2040 2654 invenisset
2063 2620 2220 2664 ‘disrupta
2243 2646 2252 2655 .
2285 2625 2417 2659 Contra.

1410 2675 1515 2700 autem
1529 2664 1625 2700 laudo
1640 2663 1934 2698 Praestantiffimum
1946 2663 2116 2710 Trewium
2138 2666 2153 2703 (
2174 2675 2190 2698 e
2211 2669 2245 2706 )‚
2267 2668 2417 2710 quicum

1409 2710 1444 2743 in
1469 2709 1570 2743 altero
1595 2708 1775 2742 vertebram
1799 2706 1986 2741 lumborum
2009 2707 2148 2749 primam
2174 2717 2291 2750 parum
2322 2710 2421 2745 luxa-

1413 2759 1480 2787 tam
1504 2750 1618 2786 vidisse
1641 2752 1671 2785 se
1694 2773 1703 2789 ‚
1744 2750 1872 2792 scripfit
1892 2772 1903 2789 ,
1941 2750 2076 2784 minime
2105 2750 2240 2786 reticuit
2263 2776 2274 2792 ,
2304 2765 2416 2796 corpus

1412 2794 1547 2836 ejusdem
1571 2795 1727 2829 vertebrae
1741 2791 1888 2836 frabiura
1910 2792 2129 2835 longitudinali
2150 2792 2255 2829 hiulca
2284 2799 2416 2838 penitus

1407 2838 1511 2883 fiffum
1533 2838 1644 2873 fuisse:
1669 2839 1703 2872 in
1729 2837 1829 2871 altero
1852 2846 1960 2871 autem
1981 2835 2127 2871 vertebrae
2138 2837 2216 2881 dorsi
2232 2839 2416 2881 penultimae

1411 2893 1523 2925 corpus
1554 2885 1593 2916 ατί
1627 2880 1870 2921 conjunctionem
1883 2884 1964 2913 'cum
1984 2878 2099 2913 ultima
2120 2891 2179 2914 non
2194 2880 2299 2923 solum
2316 2894 2335 2916 a
2351 2884 2413 2926 sua

1413 2926 1599 2968 cartilagine
1619 2925 1747 2967 penitus
1769 2922 1932 2966 avulsum,
1963 2932 2076 2956 'verum
2107 2923 2204 2958 etiam
2232 2925 2348 2961 ibidem
2378 2928 2414 2961 in

1411 2969 1535 3011 aliquot
1560 2965 1664 3011 frusta
1696 2968 1921 3001 comminutum
1944 2988 1955 3003 ‚
2000 2966 2040 2999 ab
2062 2965 2091 3000 se
2126 2977 2289 3044 reparstum
2313 2969 2375 3004 esse
2401 2995 2414 3011 ‚

1411 3012 1571 3047 tradidit.
1597 3012 1741 3045 Utinam
1765 3011 1822 3044 alii
1842 3021 1917 3044 cum
1940 3009 2121 3044 vertebram
2143 3022 2183 3045 co
2209 3013 2221 3044 i
2244 3014 2413 3056 quinetarn

1409 3055 1619 3090 finistrorsum
1632 3076 1642 3092 ‚
1665 3054 1885 3099 sextam-vero
1895 3052 2269 3094 dextrorsumluxatam,
2293 3067 2413 3099 magno

1407 3100 1491 3133 inter
1513 3109 1685 3141 utramque
1707 3097 1877 3139 interjecto
1899 3096 1993 3131 hiatu
2014 3094 2113 3139 (f),
2136 3108 2193 3132 aut
2215 3111 2290 3134 cum
2313 3100 2414 3143 ipfius

1406 3144 1485 3177 colli
1509 3142 1678 3176 secundam
1701 3142 1881 3175 vertebram
1903 3151 1970 3173 non
1993 3148 2060 3174 tam
2082 3143 2116 3174 iu
2141 3141 2286 3185 septenni
2310 3154 2413 3187 puero

1408 3189 1463 3229 (g
1479 3186 1497 3228 )
1514 3209 1524 3224 ‚
1547 3197 1647 3227 quam
1669 3186 1708 3218 in
1731 3184 1839 3218 milite
1863 3183 1919 3226 (h
1941 3186 1956 3223 )
1978 3183 2162 3218 dislocatam
2184 3185 2411 3228 offenderunt,

1409 3239 1534 3271 tempus
1557 3228 1738 3263 habuissent
1761 3236 1906 3261 accurate
1929 3227 2137 3269 inquirendi,
2162 3238 2260 3268 num,
2284 3230 2411 3272 &quid

1408 3274 1443 3307 in
1467 3274 1508 3306 iis
1532 3272 1712 3311 vertebris,
1734 3271 1913 3314 praesertim
1926 3281 2004 3305 vero
2017 3271 2051 3303 in
2065 3270 2223 3313 secunda,
2246 3271 2411 3316 fractum,

1410 3326 1464 3351 ant
1488 3317 1521 3350 in
1544 3317 1727 3359 ligamentis
1749 3313 1932 3357 disruptum
1955 3311 2048 3348 esset.
2072 3314 2157 3352 Quae
2189 3327 2263 3349 cum
2296 3314 2374 3350 dico
2394 3340 2409 3357 ‚

1408 3371 1512 3403 neque
1545 3359 1694 3393 Panaroli
1716 3380 1730 3398 ‚
1760 3368 1864 3399 neque
1883 3358 2071 3403 cujusquam
2093 3357 2189 3391 fidem
2213 3359 2246 3393 in
2268 3359 2407 3394 dubium

1405 3403 1503 3438 traho
1526 3416 1536 3441 ς
1571 3403 1775 3445 diligentiam
1807 3401 1998 3443 dumtaxat,
2019 3412 2094 3436 cum
2115 3402 2194 3437 licet
2209 3427 2220 3444 ,
2254 3404 2404 3479 requibro‚

2266 3449 2299 3480 &
2322 3457 2338 3480 a

487 3645 548 3674 Eph.
564 3645 601 3669 N.
619 3645 649 3669 C.
666 3645 727 3668 Dee.
745 3649 768 3672 3.
786 3641 817 3665 A.
838 3648 862 3669 4.
878 3639 938 3667 ΟΜ.
956 3648 979 3667 1.
1135 3670 1149 3698 (
1166 3676 1183 3697 ζ
1199 3666 1215 3697 )
1230 3666 1301 3696 Epist.
1319 3673 1358 3695 ²5·

461 3650 485 3796 υνυυ*

501 3766 530 3788 A.
547 3771 616 3793 ¹734.
632 3765 709 3792 Hebd.
726 3773 762 3792 ιι.
780 3764 831 3794 post
853 3771 879 3789 n.
895 3767 919 3789 6.
978 3764 993 3794 (
1008 3764 1023 3788 h
1039 3762 1048 3793 )
1063 3763 1093 3787 A.
1116 3768 1188 3791 ¹740-
1212 3757 1280 3785 Hebd

1039 3637 1053 3666 (
1066 3637 1104 3668 l‘)
1121 3637 1202 3662 Mem.
1217 3637 1247 3661 de
1263 3634 1360 3660 1'Aead.
1376 3636 1407 3660 R.
1424 3634 1465 3660 des
1479 3635 1518 3660 Se.
1535 3635 1567 3658 A.
1584 3636 1652 3662 1699.

499 3673 650 3729 &ciiii’uffazl
663 3671 989 3729 geffieovbeff‘rgssrffligssbffist
1002 3679 1039 3726 :iel
1046 3676 1073 3726 17³.
1086 3701 1106 3725 1.
1128 3698 1245 3724 Raecolta
1260 3698 1283 3721 d‘
1295 3697 1418 3723 Offervaz.
1435 3697 1503 3721 Med·

494 3735 552 3758 Obs.
573 3742 594 3758 1.
612 3736 635 3765 §.
655 3744 677 3761 ι.
739 3735 754 3764 (
769 3743 780 3758 e
797 3737 809 3761 )
825 3733 879 3758 Ast.
898 3736 934 3759 N.
950 3735 982 3759 C.
998 3734 1072 3757 Tom.
1089 3738 1114 3755 Ξ.
1130 3729 1192 3755 Obs.
1210 3736 1248 3757 51-

1714 3633 1730 3663 (
1744 3639 1755 3657 t
1770 3633 1785 3663 )
1801 3632 1876 3663 Epist.
1892 3639 1933 3660 ¹9·
1947 3640 1973 3657 n.
1989 3638 2031 3663 ¹4.

1421 3667 1435 3695 (
1451 3674 1466 3689 a
1484 3665 1491 3694 )
1510 3667 1567 3690 Dee.
1585 3663 1676 3688 Medic.
1692 3663 1752 3689 obs.
1771 3668 1793 3689 6.
1811 3672 1835 3688 n.
1854 3670 1890 3688 ro.
1908 3663 1930 3687 8:
1948 3663 2013 3695 seqq.

1565 3694 1573 3723 (
1591 3702 1604 3719 c
1620 3696 1630 3723 )
1646 3693 1705 3717 Obs.
1722 3697 1761 3718 23.
1780 3694 1804 3724 ᾗ.
1823 3702 1846 3719 1.

2091 3632 2263 3663 (tomas.

1310 3726 1352 3782 (ΣΙ
1363 3727 1378 3783 ὲ
1389 3730 1528 3753 commem.
1543 3725 1632 3766 Litter.
1648 3726 1678 3750 A.
1696 3726 1765 3756 ¹738·
1780 3724 1863 3754 Heba,
1877 3732 1919 3755 4ο.
1936 3725 1973 3750 ΙΙ..

1284 3777 1291 3784 .
1310 3767 1321 3789 5
1339 3775 1345 3784 .
1382 3775 1390 3784 0
1406 3767 1429 3789 3.
1872 3786 1874 3789 Α
