2498 4075
415 160 510 216 288

356 244 510 287 Virginis
525 265 534 281 ‚
561 241 601 275 fic
626 244 655 275 &
678 241 857 278 Mulieris,
878 241 910 272 &
933 236 1022 272 Senis
1044 236 1082 270 de
1103 237 1223 279 quibus
1257 235 1366 270 novis-

355 287 454 328 sime,
476 290 506 320 δέ
530 286 606 321 Viri
631 285 669 319 de
690 297 757 328 quo
781 284 879 317 initio
903 281 1001 316 ferme
1025 282 1035 317 s
1059 279 1077 320 l<
1102 281 1260 319 >di5um
1283 279 1328 311 est
1351 302 1362 317 ,

354 332 476 372 capitis
499 329 625 364 vulneri
649 338 819 370 gangraena
844 324 966 359 acceffit
989 337 999 361 3
1033 322 1122 356 locus
1159 322 1222 357 huc
1257 321 1364 356 forsan

352 377 509 408 attineret
534 383 572 404 ex
595 371 682 407 libro
706 371 771 406 IV.
798 368 1051 410 Epidemiorum
1076 370 1085 405 (
1111 364 1123 397 l
1144 368 1179 405 ):
1215 370 1251 401 In
1272 367 1367 398 Aeno

356 418 528 460 quicunque
552 415 657 456 capite
680 413 863 451 vulnerati,
887 410 1004 445 horridi
1016 415 1124 447 erant,
1148 409 1304 452 maligni,
1328 409 1369 441 Φ*

350 460 549 504 suppurati,
573 458 710 491 omnino
735 463 840 489 autem
865 465 899 487 ea
921 463 1020 495 quam
1043 451 1114 486 istic
1137 453 1171 484 in
1185 452 1368 495 Sepulchre.

357 512 394 536 to
417 503 483 545 (m
506 504 520 541 )
547 500 665 540 habes,
691 498 806 543 Pigraei
831 496 1032 530 Observatio
1057 505 1175 528 annum
1208 495 1368 538 quendam

362 546 574 580 memorantis
599 545 630 575 in
654 554 713 585 quo
736 540 855 583 capitis
888 539 1030 573 omnibus
1061 537 1242 571 vulneribus
1271 547 1367 580 prope

350 586 590 631 superveniebat
610 596 793 629 gangraena-
819 583 977 621 Quaedarn
1002 591 1087 616 certe
1112 592 1217 622 pravae
1241 581 1367 616 autali-

355 641 542 665 mentorum
569 631 809 673 praecedenteS,
836 636 890 660 aut
913 627 992 660 aeris
1029 624 1195 667 praesentes
1218 649 1227 664 ‚
1260 635 1364 667 quan-

355 676 476 709 tumvis
498 674 664 708 interdurn
688 671 827 706 sensibus
850 670 1008 706 occultae‚
1031 668 1277 701 constitutiones
1316 669 1366 699 vi.

353 720 440 756 tium
464 720 702 756 communiter,
721 725 780 755 *aut
806 713 955 746 morbum
979 712 1078 744 alium
1102 711 1222 744 addunt
1242 711 1365 744 morbis

357 774 398 795 eo
420 771 566 803 tempore
590 757 878 802 contingentibus,
901 764 937 789 ut
964 754 1041 797 saepe
1066 767 1081 787 a
1106 754 1243 787 Medicis
1266 755 1364 787 adno-

358 808 463 838 tatum
487 804 553 840 est,
578 804 763 837 vulneribus
789 800 965 842 praesertim
987 798 1052 838 sere
1073 798 1197 832 cunffis
1220 809 1365 840 gangrae-

359 859 459 887 nam,
482 847 572 880 velut
619 848 708 879 annis
754 842 976 885 superioribus
1002 842 1147 875 Lucetiae
1174 840 1366 874 Parisiorum

357 894 371 930 (
395 900 413 922 n
438 894 478 931 )‚
502 891 644 932 itemque
669 891 702 922 in
726 901 761 924 ea
784 885 854 929 ipsa
876 885 915 919 de
936 896 1000 928 qua
1022 885 1128 918 sermo
1148 883 1192 918 est
1214 906 1226 925 ‚
1273 885 1366 917 Urbe

353 932 557 968 Bononiensi
583 937 593 972 (
616 946 633 967 ο
657 936 691 971 ).

405 989 452 1019 ¹4-
497 974 807 1011 ADOLESCENS
854 984 973 1006 annum
1020 983 1112 1015 agens
1143 969 1364 1014 duodevigesi-

352 1033 462 1058 mum,
488 1021 636 1063 gracilis,
661 1023 692 1055 &
716 1018 859 1059 subnigri
883 1017 1025 1059 coloris,
1048 1017 1135 1058 jaelo
1152 1015 1257 1057 lapide
1291 1027 1363 1056 per-

353 1064 458 1099 cussus
482 1063 519 1098 ad
543 1064 677 1098 alterurn
700 1062 813 1095 offium
838 1059 996 1102 sincipitis
1019 1072 1082 1103 qua
1105 1070 1143 1092 ex
1166 1060 1235 1101 ipso
1257 1060 1362 1091 Tem-

352 1108 474 1151 poralis
495 1108 602 1141 oritur
625 1107 807 1142 musculus,
830 1103 967 1138 biduum
991 1104 1148 1145 transegit
1172 1102 1236 1135 sine
1269 1102 1356 1136 ullos

353 1151 376 1185 fi
400 1150 522 1186 febrem
544 1151 705 1193 excipias·,
729 1148 818 1191 quod
843 1148 1052 1182 adnotatione
1086 1148 1221 1188 dignum
1256 1144 1330 1178 esset
1348 1167 1357 1183 ,

351 1195 592 1238 symptomate.
618 1195 730 1228 Postea
755 1201 864 1225 autem
886 1193 920 1223 in
946 1192 975 1223 S.
1002 1192 1117 1223 Mariae
1142 1191 1179 1221 de
1192 1189 1273 1221 Vita
1286 1189 1359 1221 No-

351 1238 499 1272 socomio
510 1237 714 1272 decumbenti
733 1235 848 1269 vulnus
859 1234 910 1267 die
919 1233 1008 1266 sexto
1019 1233 1139 1266 sactum
1151 1230 1195 1264 est
1208 1231 1359 1268 lividum3

352 1288 441 1324 quod
464 1293 502 1314 ex
525 1293 565 1314 eo
589 1281 766 1321 prodibat,
791 1278 996 1310 vehementer
1029 1276 1212 1313 foetidum5
1235 1278 1266 1307 &
1312 1275 1359 1308 fc·—

350 1327 418 1359 bris
442 1333 535 1358 acuta
552 1349 560 1357 .
587 1324 650 1358 His
674 1334 776 1365 prope
802 1322 956 1354 offavurn
983 1319 1131 1362 soporosa
1156 1318 1278 1352 acceffit
1311 1318 1358 1352 af—

352 1368 474 1405 fefflo3
500 1377 535 1401 ut
560 1368 780 1410 interrogatus
803 1366 926 1398 nemini
951 1363 1156 1406 responderet
1171 1388 1179 1396 .
1196 1361 1361 1396 Interdum

351 1411 537 1454 suspiriosas
560 1411 730 1444 emittebat
757 1419 869 1441 voces.
897 1410 1006 1441 Facies
1029 1417 1100 1440 tota
1124 1405 1207 1439 faeta
1231 1416 1296 1439 erat
1310 1416 1362 1440 tu-

351 1455 463 1493 mida,
489 1458 520 1488 &
542 1453 648 1488 flava.
676 1456 765 1487 Cum
788 1451 840 1485 his
869 1452 1024 1485 omnibus
1070 1450 1109 1484 ad
1155 1449 1361 1484 undecimum

349 1500 498 1543 pervenit
521 1496 631 1538 diem,
654 1510 720 1540 quo
742 1507 817 1530 cum
842 1496 970 1537 ingenti
994 1494 1288 1536 superexpiratione
1311 1495 1362 1526 in-

351 1543 465 1576 teriit.
531 1583 533 1586 Ι
598 1540 835 1575 CADAVER
860 1539 1046 1573 universum
1068 1538 1194 1570 isterici
1228 1537 1359 1570 videba-

350 1595 424 1620 tur.
450 1587 501 1620 Ex
526 1585 656 1619 vulnere
701 1583 871 1627 purulenta
906 1583 1040 1615 materia
1066 1583 1171 1624 plures
1194 1579 1253 1613 sibi
1278 1581 1361 1614 fece-

349 1640 398 1665 rat
413 1632 481 1663 vias
495 1631 578 1662 inter
601 1628 745 1662 cranium
759 1628 952 1666 ‚&cute‹n:
977 1636 1075 1667 quam
1085 1628 1186 1658 etiam
1197 1624 1334 1658 eroserat
1348 1648 1355 1655 .

349 1676 397 1706 Os
410 1682 514 1707 autem
526 1684 541 1705 a
554 1672 668 1714 lapidis
683 1672 748 1704 retu
762 1670 884 1712 aliquid
896 1670 1074 1711 asperitatis
1091 1668 1255 1710 superficie
1266 1677 1358 1702 tenus

349 1724 556 1756 contraxerat
571 1715 775 1756 :nullamque
788 1713 827 1745 ab
840 1716 994 1745 interiore
1007 1710 1092 1745 facie
1104 1711 1273 1748 laesionern,
1286 1723 1359 1754 quae

350 1761 411 1794 sub
448 1759 569 1800 sensum
591 1758 736 1795 caderet,
761 1757 901 1789 ostendit
917 1782 924 1789 .
949 1759 1104 1788 Attamen
1128 1756 1211 1787 inter
1234 1766 1269 1787 os
1290 1778 1302 1794 ,
1326 1758 1358 1787 δι

350 1805 478 1838 Duram
502 1803 682 1844 meningem
707 1802 741 1834 in
764 1798 863 1841 hujus
886 1798 1033 1832 vasorum
1056 1797 1236 1831 interstitiis
1258 1807 1359 1830 mate-

350 1850 396 1882 ria
420 1849 543 1880 cinerea
570 1843 789 1879 animadversa
813 1843 876 1881 est,
901 1853 964 1877 non
989 1844 1126 1875 multum
1150 1841 1221 1882 puri
1247 1840 1356 1874 densa-

352 1901 388 1925 to
413 1890 590 1929 abfimilis‚
614 1902 646 1923 ea
670 1889 840 1922 dumtaxat
865 1896 955 1929 parte
991 1897 1062 1929 quae
1094 1885 1176 1918 retur
1214 1883 1353 1926 subjecta

350 1933 477 1969 fuerat=
503 1933 678 1976 eademque
701 1932 871 1965 dumtaxat
904 1939 993 1973 parte
1027 1928 1192 1962 cerebrum
1223 1939 1353 1970 quoque

354 1978 392 2013 ad
416 1979 557 2012 duorum
580 1978 760 2019 digitorum
799 1974 1050 2008 transversorum
1097 1970 1360 2014 profunditatem

352 2025 491 2057 livorem
515 2028 743 2054 contraxerat.
770 2018 1018 2060 Reliquaintra
1063 2018 1208 2049 cranium
1251 2016 1360 2048 omnia

353 2066 424 2100 sana
449 2074 558 2099 erant.
692 2065 770 2096 Sana
782 2062 958 2104 quoquein
970 2059 1121 2094 Thorace
1133 2060 1243 2091 omnia
1261 2059 1359 2092 .San-

351 2112 421 2154 guis
431 2120 535 2143 autem
548 2116 613 2141 erat
627 2109 766 2140 maxime
778 2104 902 2139 fluidus
914 2127 922 2142 ‚
938 2103 960 2137 fi
973 2106 1005 2136 in
1019 2104 1150 2137 dextero
1162 2100 1269 2135 cordis
1284 2113 1359 2134 ven-

352 2154 474 2188 triculo
498 2152 640 2194 excipias
664 2150 829 2194 polyposae
843 2149 1060 2182 concretionis
1071 2146 1357 2180 inchoamentum.

401 2210 450 2239 15.
477 2194 783 2230 ADULESCENS
808 2192 887 2226 alter
910 2192 1018 2226 eadem
1043 2200 1157 2229 aetate,
1183 2190 1357 2233 sanguineo

353 2249 633 2285 temperamento,
657 2237 772 2272 habitu
795 2245 904 2270 autem
950 2236 1126 2278 subpingui
1171 2235 1322 2277 praeditus
1346 2254 1355 2269 ‚

353 2285 511 2320 Kalendis
535 2282 718 2316 Novembr.
744 2282 785 2314 A.
815 2280 905 2313 1688.
952 2281 985 2312 in
1031 2279 1193 2321 superiore
1237 2277 1356 2311 frontis

354 2340 445 2374 parte
470 2328 506 2362 ad
530 2327 642 2361 laevarn
669 2326 846 2361 sauciatus,
868 2325 1029 2357 continuo
1053 2322 1141 2356 cadit
1164 2333 1236 2356 cum
1250 2322 1356 2363 aliqua

355 2374 470 2416 capitis
516 2371 756 2414 perturbatione
782 2395 788 2401 .
825 2368 904 2402 Inde
929 2367 966 2401 ad
991 2368 1020 2399 S.
1049 2367 1161 2399 Mariae
1185 2366 1223 2399 de
1247 2365 1359 2398 Morte

355 2417 594 2451 Nosocomium
620 2412 795 2449 adduerus,
840 2410 968 2444 felicem
1010 2410 1188 2443 curationis
1232 2410 1357 2441 exitum

356 2462 477 2505 sperare
501 2457 586 2502 posse
611 2456 807 2494 videbatur,
830 2466 903 2488 cum
927 2455 991 2487 fine
1014 2452 1103 2485 febre
1114 2452 1270 2485 naturalia
1287 2461 1358 2483 mu-

355 2507 409 2539 nia
434 2504 507 2537 satis
530 2501 638 2534 obiret
653 2524 668 2534 .,
687 2501 769 2533 Ecce
793 2508 898 2532 autem
922 2498 974 2530 die
997 2496 1167 2529 undecimo
1191 2495 1288 2528 febris
1311 2495 1358 2525 in-

357 2549 468 2592 gruit:
493 2557 562 2588 quae
588 2543 740 2586 postridie
764 2544 898 2584 gravior
923 2540 1024 2577 facta,
1063 2538 1202 2572 secandae
1239 2540 1358 2570 iterum

358 2604 444 2626 venae
469 2588 592 2624 causam
618 2586 778 2630 praebuit.
807 2585 936 2618 Vulnus
965 2594 1022 2624 pro
1046 2583 1202 2616 concoeto
1248 2592 1325 2623 pure
1347 2602 1359 2619 ,

358 2635 495 2669 serosum
519 2636 548 2665 ὃ(
573 2630 854 2672 sanguinolentum
878 2626 1046 2660 emittebat
1071 2625 1263 2659 humorem:
1290 2635 1360 2666 pars

358 2679 478 2713 frontis
501 2676 627 2709 vulneri
652 2672 793 2714 subjecta
819 2670 1071 2705 intumescebat:
1096 2669 1221 2702 dolores
1254 2676 1360 2700 autern

357 2723 493 2765 capitis,
522 2729 672 2756 artuum,
699 2720 728 2750 ὅ(
751 2716 834 2749 dorsi
861 2716 1071 2749 accedebant,
1094 2713 1150 2753 qui
1175 2712 1231 2745 sub
1275 2710 1361 2744 deci-

359 2769 403 2801 mi
428 2764 553 2809 quinffi
577 2763 639 2795 diei
662 2760 758 2793 finem
783 2763 815 2793 in
842 2757 1051 2800 spasmodicas
1083 2755 1264 2788 affeetiones
1309 2754 1359 2786 de-

358 2816 569 2854 generarunt.
594 2804 783 2845 Eodemque
807 2812 974 2844 tempore,
997 2811 1070 2834 cum
1092 2799 1150 2831 illo
1163 2800 1294 2832 ineunte
1309 2797 1361 2829 die

358 2854 492 2888 delirare
515 2849 659 2891 coepisset
683 2847 784 2886 adeo,
808 2855 843 2879 ut
867 2846 1004 2879 vinculis
1028 2844 1168 2876 coerceri
1192 2842 1360 2879 debuerit,

360 2896 492 2931 vivendi
517 2894 612 2927 finem
639 2891 735 2924 fecit.
868 2886 1253 2923 INTEGUMENTIS
1276 2896 1364 2917 corn-

361 2940 514 2975 munibus
537 2938 621 2968 circa
645 2935 762 2967 vulnus
783 2930 941 2969 dissectis,
966 2931 1066 2964 multa
1090 2929 1167 2963 huic
1191 2928 1363 2970 circumje-

361 2985 411 3017 Cia
436 2980 557 3014 saniosa
581 2979 714 3011 materia
739 2978 869 3010 inventa
894 2975 955 3016 est,
979 2986 1048 3015 quae
1073 2974 1129 3007 ubi
1153 2972 1242 3006 frons
1273 2974 1362 3005 intu-

362 3035 507 3061 muerat,
535 3022 571 3055 ad
596 3022 726 3054 oculum
755 3018 853 3062 usque
877 3018 1129 3058 extendebatur.
1154 3018 1203 3049 Os
1226 3026 1362 3050 autema

361 3071 518 3103 sauciante
543 3065 629 3099 ferro
650 3063 812 3105 superficie
836 3072 929 3096 tenus
951 3063 1119 3095 dumtaxat
1154 3060 1262 3093 laesum
1295 3058 1364 3092 fue-

362 3123 429 3146 rat.
458 3112 538 3145 Haec
583 3108 723 3142 exterius
759 3130 767 3137 .
815 3106 905 3139 Intra
949 3106 1095 3139 cranium
1141 3113 1248 3136 autem
1281 3104 1365 3134 inter

363 3154 506 3189 Crassam
521 3177 528 3190 ,
553 3154 764 3192 Tenuemque
788 3151 970 3191 meningen]
985 3176 994 3189 ‚
1017 3159 1080 3191 qua
1105 3157 1195 3190 parte
1216 3146 1282 3180 haec
1296 3146 1366 3178 vul-

363 3200 430 3232 neri
455 3196 710 3240 respondebant,
735 3192 865 3225 saniosae
890 3194 1029 3226 materiae
1052 3192 1144 3233 copia
1163 3200 1287 3232 reperta
1303 3189 1365 3225 est3

360 3244 511 3284 quamvis
535 3240 653 3272 nullam
664 3239 698 3269 in
710 3237 748 3269 iis
762 3236 965 3276 membranis,
976 3236 1094 3269 nullam
1109 3233 1143 3267 in'
1153 3243 1225 3266 toto
1236 3233 1366 3266 cerebro

364 3284 522 3319 laesionem
548 3280 796 3316 animadvertere
818 3281 946 3313 licuerit
961 3304 970 3319 ‚
995 3278 1052 3311 nisi
1077 3278 1164 3321 quod
1187 3276 1366 3319 {anguifera

366 3328 439 3362 vasa
465 3340 536 3370 quae
582 3325 639 3359 sub
653 3336 729 3367 pure
770 3323 934 3362 latebant,
959 3336 974 3356 a
997 3323 1175 3364 nigerrimo
1198 3320 1369 3362 coagulato

367 3374 518 3414 sanguine
542 3370 627 3411 quasi
654 3369 799 3400 varicum
825 3365 923 3399 instar
947 3367 1144 3407 turgebant.
1276 3363 1369 3395 Tho-—

368 3418 447 3448 racis
462 3415 579 3448 viscera
593 3435 606 3452 ,
629 3422 698 3453 quae
714 3411 886 3453 aliquando
910 3411 943 3442 in
967 3408 1126 3451 ejusmodi
1150 3407 1272 3441 morbis
1286 3406 1369 3439 affici

367 3458 474 3491 solent
501 3481 509 3495 ,
557 3456 654 3488 illaesa
679 3464 790 3486 erant.-
815 3452 971 3496 polyposa
997 3463 1123 3486 tan-tum
1147 3450 1313 3485 concretio
1336 3451 1369 3482 in

368 3501 502 3535 dextero
524 3499 636 3534 cordis
660 3497 803 3531 thalamo
826 3497 993 3539 conspecta
1017 3496 1079 3529 est.

649 159 805 214 Liber
823 160 915 213 IV.
933 157 1019 211 De
1036 159 1242 213 Morbis
1259 156 1584 223 Chirurgicis
1600 195 1615 217 ‚
1648 157 1703 209 ἃ
1725 154 2108 209 universalibus

1463 238 1511 267 16.
1536 236 1588 268 Ex
1609 233 1660 268 his
1685 245 1755 276 quae
1780 234 1837 268 s'ub
1859 235 1956 268 finem
1980 233 2076 276 hujus
2107 232 2246 267 historia
2289 228 2409 275 scripta·

1415 278 1511 315 sunt,
1534 278 1690 320 intelligis
1712 289 1811 319 quare
1835 278 1868 311 in
1891 289 2029 312 extrema
2075 277 2233 319 superiore
2279 274 2411 309 historia

1420 323 1607 355 adnotatum
1631 321 1691 358 sit,
1716 322 1787 354 sana
1808 322 1842 353 in
1866 320 1997 355 thorace
2021 319 2112 354 fuisse
2133 322 2242 353 omnia
2266 343 2274 350 .
2322 319 2412 356 Quas

1418 375 1531 399 autem
1556 363 1718 397 interdum
1763 363 1913 398 Valsalva
1953 375 2053 397 noxas
2094 365 2128 397 in
2173 364 2304 397 thorace
2355 375 2413 396 eo-

1420 419 1492 441 rum
1517 406 1642 440 vidislet
1665 408 1723 449 qui
1747 409 1854 450 capite
1876 408 2035 440 vulnerati
2057 406 2267 445 decesserant,
2299 410 2412 449 proxi-

1421 463 1481 484 mae
1504 461 1644 492 quatuor
1666 450 1833 483 ostendent
1855 451 2130 484 Observationes.
2155 451 2276 489 Earum
2308 452 2412 492 prima

1419 493 1611 528 confirmare
1632 492 1724 526 simul
1750 494 1870 535 poterit
1894 494 2038 536 quaedam
2062 505 2101 527 ex
2142 493 2182 525 iis
2224 505 2295 535 quae
2337 495 2413 528 alias

1417 539 1508 579 (p)
1526 535 1639 579 scripsi
1662 537 1701 570 de
1723 538 1813 569 nervi
1834 536 1891 570 sub
1915 536 2086 580 supercilio
2130 534 2242 572 reflexi
2275 537 2413 571 laesioni-

1420 581 1499 614 bus.
1525 579 1613 613 Nam
1637 590 1696 623 pro
1723 578 1836 613 harum
1861 580 1985 614 diversa
2011 583 2067 619 vi,
2090 585 2121 615 &
2143 581 2330 616 conditione
2367 582 2414 614 le-

1420 635 1474 657 ves
1497 624 1659 657 interdum
1676 646 1685 660 ,
1708 626 1738 657 δι
1762 626 1795 656 in
1818 625 1914 656 oculo
1949 623 2144 658 subsistentes
2165 648 2178 665 ,
2225 623 2412 665 graviffimae

1415 677 1522 700 autem
1548 666 1742 709 aliquando,
1766 670 1796 699 &
1819 666 1915 699 latius
1937 667 2290 703 diflusaeconvulfiones
2303 671 2413 702 oriun-

1416 720 1489 743 tur.
1513 710 1564 744 Ad
1587 710 1669 742 leves
1693 710 1764 744 illas
1789 720 1829 742 ex
1852 719 1941 752 parte
1965 711 2069 753 aliqua
2094 711 2223 747 sortasse
2247 713 2362 746 attinet
2385 717 2412 749 is

1416 765 1511 797 quem
1535 755 1610 786 alias
1635 754 1835 788 memoravi,
1858 754 2038 787 Coacarum
2063 756 2151 789 locus
2172 760 2184 795 <
2208 768 2225 797 q
2248 760 2279 795 )‚
2325 756 2414 798 visus

1418 796 1598 839 obscuratur
1620 798 1652 830 in
1674 795 1856 829 vulneribus
1881 796 2000 840 incuffis
2022 798 2054 831 in
2081 797 2289 841 supercilium
2313 822 2324 838 ,
2368 802 2411 835 (φ

1413 839 1511 890 patulo
1534 839 1653 877 altiu53
1678 840 1717 874 acl
1739 839 1933 882 graviffimas
1956 839 2087 880 autern,
2111 851 2147 874 ut
2170 853 2272 884 puto,
2295 843 2414 877 Lanci-

1416 882 1453 932 sn
1478 884 1594 921 verba,
1624 885 1701 930 alias
1726 887 1736 923 (
1759 894 1774 916 r
1797 886 1811 922 )
1832 883 2010 925 producta,
2033 884 2165 919 vulnera
2187 886 2228 919 iis
2252 885 2328 919 locis
2354 898 2412 929 ped

1416 925 1592 976 rzcrstlofiora
1609 926 1708 967 solere
1730 927 1888 966 accidere,
1911 926 2086 969 eodem'que
2108 939 2147 961 ex
2179 939 2266 971 parte
2299 928 2411 965 saltem

1407 969 1600 1016 attinuisse,
1626 969 1837 1008 crediderim,
1860 980 1895 1003 ut
1918 969 2161 1005 convulsionem
2185 972 2277 1007 faciei
2301 973 2335 1004 in
2348 974 2413 1007 Vi-

1413 1025 1451 1046 ro
1463 1024 1553 1055 cujus
1576 1013 1689 1046 vulnus
1712 1013 1750 1046 ad
1773 1012 1975 1055 supercilium
1998 1013 2089 1055 supra
2113 1015 2193 1057 (s)
2216 1016 2412 1055 descriptum

1412 1055 1456 1090 est
1471 1079 1480 1094 ‚
1505 1068 1550 1089 ita
1574 1060 1605 1089 &
1628 1057 1733 1090 multo
1756 1056 1853 1089 latius
1874 1054 2005 1098 diffusas
2020 1079 2031 1094 ‚
2066 1057 2412 1103 vehementiffimasque

1385 1112 1388 1117 ·
1410 1100 1723 1149 convulfionestquae
1747 1099 1863 1132 vulnus
1885 1099 1986 1133 eidem
2011 1100 2172 1135 inflirstum
2196 1103 2270 1136 loco
2303 1104 2338 1136 in
2373 1116 2414 1138 eo

1409 1144 1448 1178 de
1471 1155 1537 1186 quo
1560 1153 1708 1183 protinus
1731 1143 1858 1180 dicam,
1884 1145 1955 1176 sunt
1980 1144 2177 1180 consecutae.

1456 1197 1507 1229 17.
1548 1186 1756 1233 JUVENIS
1801 1197 1959 1220 annorum
2005 1188 2124 1229 viginti
2148 1187 2225 1227 sex,
2248 1189 2351 1233 lapide
2375 1191 2414 1223 ab

1413 1232 1549 1264 inimico
1573 1230 1739 1270 εοιηεᾶο,
1763 1229 1921 1263 sauciatur
1945 1229 1982 1263 ad
2004 1230 2165 1263 deXteram
2189 1230 2349 1273 supercilii
2374 1233 2415 1266 fi-

1412 1275 1505 1308 nistri
1529 1284 1651 1315 partem
1666 1296 1673 1304 .
1699 1273 1793 1305 Illico
1816 1273 1946 1315 quidem
1968 1272 2080 1313 cadit‚·
2103 1274 2154 1307 sed
2175 1278 2333 1309 continuo
2347 1275 2414 1310 sur-

1412 1320 1487 1361 git,
1512 1321 1542 1351 ὅ(
1565 1326 1699 1360 vegetus
1719 1316 1842 1351 hostem
1865 1315 2046 1359 insequitur
2061 1341 2069 1350 .
2105 1315 2314 1352 Postmodum
2358 1331 2414 1352 eo.

1413 1366 1485 1396 dem
1510 1362 1609 1402 animi
1634 1361 1746 1402 vigore
1770 1360 1807 1393 ad
1831 1360 1991 1393 §.Mariae
2014 1359 2052 1393 de
2075 1360 2411 1396 VitaNosocomium

1414 1407 1442 1440 se
1466 1403 1591 1439 confert
1606 1429 1613 1445 .
1626 1405 1718 1443 Ubi,
1731 1406 1896 1446 postquam
1908 1404 2015 1437 debita
2028 1405 2180 1446 applicita
2191 1405 2330 1439 remedia
2343 1405 2416 1439 fue-

1414 1460 1486 1483 rant
1499 1474 1508 1489 ,
1520 1447 1635 1482 necesse
1647 1446 1711 1480 fuit
1725 1448 1815 1489 quasi
1827 1459 1939 1489 cogere
1952 1456 1987 1480 ut
2000 1457 2177 1481 remaneret
2188 1470 2201 1486 ‚
2223 1450 2343 1491 quippe
2356 1451 2414 1491 qui

1413 1492 1572 1535 ejusmodi
1596 1492 1712 1525 vulnus
1736 1492 1826 1533 parvi
1850 1492 2026 1533 pendebat.
2052 1491 2116 1524 Illo
2138 1491 2208 1533 ipso
2231 1493 2282 1525 die
2306 1492 2415 1534 Quat-

1414 1547 1498 1570 tanae
1522 1535 1618 1569 febris
1642 1535 1915 1570 intermittentis‚
1938 1545 2002 1577 qua
2027 1544 2096 1568 tum
2120 1533 2207 1566 forte
2231 1535 2412 1578 implicitus

1413 1589 1504 1619 erat,
1527 1579 1737 1622 paroxysmus
1759 1578 2005 1620 expectabatur:
2030 1579 2088 1620 qui
2120 1580 2152 1610 &
2185 1575 2278 1612 affuit
2304 1592 2312 1610 :
2363 1578 2414 1612 sed

1415 1623 1513 1658 febris
1538 1623 1690 1656 continua
1714 1620 1799 1655 faeta
1822 1621 1865 1654 est
1889 1633 1963 1656 cum
1988 1621 2078 1663 pulsu
2102 1631 2242 1663 magno,
2267 1625 2296 1654 δε
2319 1621 2414 1655 vehe-

1414 1670 1536 1704 menti,
1560 1664 1740 1708 capitisque
1786 1664 1899 1698 dolore
1924 1676 1987 1698 non
2012 1664 2163 1697 modico.
2189 1665 2282 1697 Febri
2329 1667 2412 1699 circa

1410 1712 1496 1744 diem
1520 1710 1690 1751 septimum
1714 1709 1743 1751 se
1765 1711 1919 1751 comitem
1944 1709 2068 1741 addidit
2091 1707 2239 1741 delirium
2253 1720 2325 1742 cum
2340 1720 2415 1742 mo-

1411 1755 1497 1787 tibus
1519 1753 1714 1786 convulsivis
1736 1752 1922 1785 nonnullis.
1949 1752 2051 1792 Prope
2076 1751 2281 1784 undecimum
2318 1763 2379 1787 una
2405 1781 2414 1794 ‚

1413 1808 1466 1831 aut
1490 1796 1586 1829 altera
1610 1795 1732 1829 febrilis
1757 1794 1885 1828 acceffio
1907 1795 2032 1837 ingruit
2057 1805 2132 1827 curn
2155 1795 2309 1836 peculiari
2325 1797 2414 1831 rigo-

1407 1852 1440 1873 re
1457 1866 1464 1872 .
1489 1838 1597 1873 Cessat
1623 1838 1751 1873 tandem
1775 1838 1947 1872 delirium:
1972 1840 2002 1869 &
2029 1836 2132 1870 homo
2163 1837 2332 1880 soporosus
2356 1832 2415 1881 'ja-

1406 1893 1477 1922 cet,
1501 1885 1562 1916 nisi
1586 1882 1674 1925 quod
1699 1880 1895 1916 convulsivis
1919 1880 2064 1915 motibus
2087 1883 2294 1916 concutitur.
2322 1883 2412 1926 Qu

1409 1928 1507 1960 noffitu
1531 1924 1787 1959 animadvertisse
1813 1925 1931 1966 pluries
1957 1924 2006 1962 se,
2032 1924 2185 1957 dicebant
2219 1928 2377 1960 adstantes
2403 1951 2416 1967 ,

1409 1971 1497 2004 elato
1520 1973 1647 2012 capite,
1672 1973 1703 2003 δι
1727 1968 1881 2002 ambabus
1905 1968 2087 2002 constrictis
2111 1969 2258 2003 manibus
2283 1993 2292 2007 ‚
2338 1970 2409 2004 nisu

1410 2013 1498 2057 quasi
1521 2013 1711 2056 incredibili
1734 2024 1749 2045 e
1774 2012 1858 2045 lecto
1881 2013 2067 2045 elevatum:
2093 2011 2209 2053 quibus
2242 2012 2415 2046 definenti-

1410 2058 1470 2090 bus
1494 2057 1662 2096 motibus,
1686 2057 1809 2088 mortui
1832 2053 1931 2088 instar
1977 2053 2116 2096 jaceret.
2143 2055 2260 2090 Manus
2305 2066 2413 2090 tamen

1411 2101 1539 2134 dexrera
1563 2111 1619 2142 per
1642 2101 1722 2133 duos
1746 2107 1820 2131 ante
1843 2098 1974 2132 obitum
1997 2098 2063 2131 dies
2088 2096 2266 2140 paralytica
2312 2098 2377 2134 fuit
2401 2123 2411 2138 ‚

1410 2144 1497 2187 quod
1523 2143 1562 2177 ad
1585 2152 1711 2176 motum
1734 2142 1915 2179 attinebat;
1938 2153 2011 2175 nam
2037 2143 2124 2184 quod
2173 2142 2212 2175 ad
2258 2143 2379 2177 sensum
2404 2170 2414 2184 ,

1409 2199 1473 2221 non
1495 2195 1563 2222 erat
1586 2186 1648 2221 hoc
1671 2185 1799 2229 prorsus
1821 2184 1992 2225 destituta;
2013 2186 2091 2217 οᾶο
2115 2195 2220 2219 autem
2245 2187 2312 2228 post
2327 2186 2415 2220 horis

1407 2233 1518 2265 dexter
1529 2242 1658 2274 quoque
1671 2241 1724 2272 pes
1738 2229 1875 2263 debilius
1888 2231 2010 2263 moveri
2027 2231 2151 2271 coepit.
2175 2229 2233 2263 Sed
2258 2229 2324 2271 jam
2341 2240 2414 2264 ante

1408 2274 1467 2308 hos
1478 2276 1544 2309 dies
1567 2272 1725 2307 laboriosa
1752 2272 1834 2306 facta
1857 2273 2068 2314 respiratione
2092 2294 2101 2309 ‚
2136 2272 2264 2306 tandem
2287 2274 2415 2308 decimo

1410 2328 1529 2361 quarto
1552 2327 1688 2351 exeunte
1713 2327 1859 2349 mortuus
1883 2315 1948 2349 est.
2083 2315 2282 2349 VULNUS
2327 2329 2415 2351 exre-

1411 2366 1478 2395 rius
1502 2360 1738 2403 perlustrando,
1763 2370 1878 2401 parvus
1901 2358 1938 2392 ad
1962 2360 2047 2393 latus
2073 2359 2138 2401 ejus
2168 2359 2330 2394 sinistrum
2357 2363 2415 2395 ab-

1411 2405 1523 2438 scessus
1546 2405 1831 2440 animadvertitur,
1855 2402 1945 2445 cujus
1970 2414 2038 2446 pars
2063 2402 2158 2436 saniei
2181 2404 2265 2435 inter
2290 2405 2416 2439 muscu-

1413 2451 1484 2486 los,¹
1508 2452 1538 2480 &
1561 2458 1667 2493 cutem
1690 2457 1796 2480 aurem
1821 2446 1925 2479 versus
1949 2445 2165 2488 prorepserat.
2191 2447 2248 2480 Sed
2260 2459 2295 2481 os
2310 2474 2319 2488 ,
2344 2450 2416 2482 vul-

1413 2494 1480 2525 neri
1503 2492 1680 2533 subjetfiium
1695 2516 1703 2530 ‚
1727 2489 1832 2523 fillum
1856 2499 1944 2529 erat,
1967 2492 2060 2532 eique
2092 2489 2284 2530 respondens
2319 2494 2411 2526 Dura

1411 2537 1543 2569 meninx
1566 2535 1679 2568 leviter
1702 2534 1791 2566 laesa:
1819 2535 1961 2566 anterior
1986 2543 2093 2566 autem
2117 2544 2187 2574 pars
2219 2536 2326 2568 cranii
2373 2537 2414 2568 ab

1412 2578 1545 2615 eodem,
1570 2577 1602 2611 id
1626 2578 1667 2611 est
1691 2576 1838 2614 sinistro,
1862 2576 1958 2608 latere
1983 2587 2059 2617 pure
2082 2577 2168 2608 inter
2190 2578 2316 2610 Duram
2340 2600 2349 2614 ,
2384 2582 2415 2610 ἃς

1415 2625 1505 2655 Piam
1530 2622 1710 2663 meningem
1734 2618 1883 2652 concluso
1907 2619 2108 2661 replebatur.
2134 2619 2235 2656 Quod
2259 2632 2316 2662 pus
2342 2622 2416 2655 sub-

1412 2666 1493 2707 jetra
1517 2665 1637 2699 cerebri
1663 2664 1836 2698 substantia
1861 2662 2031 2695 videbatur
2059 2660 2220 2695 imbibisse
2247 2677 2255 2699 ·‚
2302 2666 2416 2697 eodem

1414 2711 1501 2742 enim
1511 2718 1578 2742 erat
1591 2709 1697 2742 colore
1710 2718 1722 2746 ;
1746 2705 1797 2739 sed
1807 2704 1972 2747 superficie
1986 2715 2075 2738 tenus
2088 2731 2095 2738 .
2108 2707 2234 2739 Cae'tera
2250 2707 2318 2740 sana
2331 2721 2340 2744 3
2354 2708 2413 2741 nisi

1413 2753 1501 2795 quod
1526 2753 1726 2793 aliquantum
1752 2749 1811 2782 seri
1835 2750 1871 2782 ad
1895 2749 2016 2782 cerebri
2044 2748 2142 2782 basim
2166 2751 2413 2785 inventumest.

1543 2795 1690 2829 Thorace
1715 2802 1846 2836 aperto,
1872 2794 1904 2826 in
1930 2793 2140 2834 pulmonibus
2164 2795 2251 2838 varia
2275 2793 2326 2827 bic
2351 2796 2418 2828 illic

1416 2839 1579 2873 tubercula
1603 2847 1728 2880 reperta
1754 2837 1825 2870 sunt
1848 2835 2054 2869 duriuscula:
2078 2847 2218 2877 quorum
2264 2840 2418 2871 nonnulla

1415 2884 1535 2920 incisa,
1558 2882 1708 2915 sinceram
1733 2880 1848 2913 saniem
1872 2880 2084 2917 emittebantf.
2110 2879 2232 2921 reliqua
2247 2906 2257 2921 ,
2281 2882 2416 2915 necdum

1412 2926 1584 3003 {suppurata
1604 2951 1614 2966 ‚
1660 2923 1836 2967 glandulofi
1870 2925 2014 2964 corporis
2039 2922 2274 2958 firmitudinem
2299 2924 2418 2959 refere-

1440 2980 1495 3004 ant
1519 2994 1526 3002 .

1460 3015 1506 3047 18.
1532 3013 1658 3046 PUER
1683 3021 1838 3046 annorum
1862 3011 1992 3043 circiter
2018 3008 2171 3042 tredecim
2205 3012 2270 3045 ἰὲἱυ
2304 3012 2418 3054 lapidis

1415 3058 1601 3090 vulneratur
1625 3058 1657 3088 in
1681 3057 1810 3090 dextera
1834 3053 1989 3095 sincipitis
2014 3063 2102 3095 parte
2131 3052 2220 3095 supra
2236 3054 2415 3089 musculum

1420 3101 1663 3142 Temporalem.
1691 3097 1791 3132 Cadit
1815 3097 1907 3130 illico
1930 3108 2003 3129 curn
2032 3095 2176 3130 sensuum
2212 3100 2413 3132 internorum

1419 3144 1663 3178 obscuratione:
1689 3145 1719 3175 ὃ(
1763 3141 1889 3173 vomit.
1915 3139 2069 3173 Defertur
2094 3142 2126 3172 in
2150 3140 2233 3174 idem
2266 3142 2418 3175 Nosoco-

1420 3190 1542 3221 mium:
1568 3198 1669 3230 neque
1690 3186 1727 3219 ad
1749 3185 1834 3219 diem
1860 3184 1955 3226 usque
1978 3183 2141 3217 decimum
2175 3194 2330 3226 quartum
2368 3184 2418 3218 fe·-

1422 3232 1478 3265 bre
1501 3232 1696 3273 corripitur.
1720 3229 1792 3261 Hac
1817 3228 2005 3262 accedente,
2039 3237 2093 3269 per
2130 3228 2243 3262 vulnus
2275 3229 2414 3262 multum

1421 3275 1539 3312 saniei3
1564 3285 1618 3316 per
1642 3283 1677 3306 os
1700 3271 1876 3313 purulentae
1902 3272 2039 3304 materiae
2063 3270 2282 3313 aliquantum,
2309 3272 2420 3315 spuen-

1421 3319 1485 3358 do,
1510 3319 1616 3360 ejicit.
1641 3315 1740 3349 Circa
1763 3315 1850 3348 diem
1876 3314 2066 3356 vigesimum
2116 3313 2296 3356 supervenit
2341 3315 2420 3348 deli-

1422 3365 1529 3400 rium3
1553 3364 1636 3395 circa
1659 3358 1820 3392 decimum
1832 3358 2003 3401 quin&uin
2018 3368 2120 3390 mors.
2251 3361 2285 3392 A
2310 3357 2419 3391 CRA,

1423 3405 1513 3438 NIO
1535 3414 1641 3438 cutem
1661 3402 1858 3444 separando,
1881 3404 1964 3434 circa
1988 3400 2090 3442 ipsum
2106 3426 2114 3440 ,
2138 3404 2167 3434 &
2202 3403 2418 3442 pericranium

1422 3449 1511 3488 parvi
1537 3450 1608 3481 sunt
1632 3443 1783 3479 abscessus
1806 3443 2042 3483 animadversi:
2067 3445 2125 3486 qui
2147 3444 2267 3478 nullam
2292 3469 2300 3482 ‚
2343 3453 2416 3485 quae

1423 3490 1480 3524 sub
1505 3491 1627 3525 sensum
1650 3489 1782 3531 quidem
1804 3489 1955 3527 caderet,
1978 3498 2052 3521 cum
2076 3487 2206 3520 vulnere
2238 3486 2421 3521 communi-

2277 3538 2379 3563 catio-

375 3629 2401 3653 W

633 3712 642 3740 (
659 3712 668 3735 l
683 3712 694 3741 )
711 3715 775 3735 n.²6.
790 3712 850 3741 apud
868 3709 995 3736 Marinell.

432 3712 546 3771 {2²30-

427 3773 532 3802 (4:³11

602 3773 663 3800 apud
681 3772 803 3796 Marinell.
868 3775 903 3797 (r
920 3782 926 3800 l
945 3770 1017 3800 Epist.
1035 3772 1107 3793 Anar-
1121 3771 1155 3794 18.
1172 3777 1197 3794 n.
1212 3777 1234 3798 7.
1252 3768 1276 3791 in
1294 3767 1335 3792 fin.

544 3721 575 3765 1t3s.
595 3743 731 3765 Commerc.
748 3742 833 3766 Littcr.
852 3745 882 3766 Α.
906 3743 968 3770 ¹738·
988 3709 1121 3767 Hebdzniu?
1135 3716 1161 3761 iun
1178 3707 1258 3762 rsihsgld'
1272 3705 1463 3795 {daiiifiuzcstssgg
1473 3707 1542 3759 affinis
1558 3735 1622 3758 idem
1638 3735 1724 3758 accidit
1742 3734 1830 3757 ibidem
1843 3751 1849 3757 .

560 3779 583 3801 3.
1481 3774 1504 3789 n.
1521 3773 1543 3793 7.

1564 3705 1577 3732 (
1593 3712 1609 3727 n
1628 3707 1634 3732 l
1649 3703 1760 3727 Malovin
1777 3705 1856 3726 Mem.
1872 3703 1900 3727 de
1918 3702 2016 3726 l'Aca'd.
2033 3704 2063 3725 R.
2080 3701 2120 3725 des
2135 3703 2171 3724 Sc.
2190 3703 2206 3722 Α
2234 3700 2298 3725 ³7st
2316 3699 2338 3721 Se
2354 3704 2423 3727 ¹741.

1912 3735 1918 3761 (
1937 3738 1978 3762 p)
1997 3732 2071 3761 Eplst.
2089 3734 2157 3755 Anat.
2180 3733 2217 3754 18.
2236 3738 2258 3752 n.
2278 3737 2299 3754 τ.
