2498 4075
177 182 330 246 epist.
366 182 531 236 Anat.
566 182 783 237 Medica
819 184 1083 237 XXXIV.

63 274 81 295 a
102 262 208 295 nobili
232 264 286 297 illa
299 265 457 304 foernina,
480 264 573 307 cujus
597 266 709 299 hernia
720 267 797 299 Coli
823 265 1077 308 portionemin-

65 306 264 340 tercludebat
279 333 288 347 ‚
312 310 476 352 conjicit,
498 321 554 344 cur
577 309 687 351 plura,
714 311 744 342 &
768 310 1074 351 saepiusinterdum,

65 349 139 395 alias
164 361 240 382 vero
266 355 437 392 pauciora,
461 357 491 386 &
513 354 613 387 rarius
624 352 857 393 dejicerentur.
882 354 999 393 Neque
1010 351 1072 385 hoc

64 393 219 441 objici-as,
243 395 276 427 in
299 397 355 429 illa
379 406 486 430 tamen
507 420 520 436 ‚
550 397 701 438 quamvis
725 395 964 430 inflammatum
997 393 1071 428 esset

65 438 253 469 intestinum
268 462 277 476 ,
299 443 329 473 &
354 439 451 481 hujus
475 440 776 482 portiointercepta
793 465 801 479 ‚
825 441 915 481 plura
928 438 1070 480 semper,

64 487 120 511 aut
138 482 293 527 *pauciora
318 482 392 515 illac
424 483 530 524 trajici
554 482 689 525 potuisse
713 507 722 521 ‚
758 493 792 515 ut
816 485 850 515 in
885 495 919 516 ca
942 493 1073 525 quoque

63 522 197 555 muliere
220 536 312 566 cujus
338 525 503 559 historiam
515 527 669 568 proposui
694 538 725 559 n.
742 527 889 567 15.Nam
913 535 948 558 ut
971 526 1074 558 omit-

63 574 156 613 tam3
180 567 280 601 alium
305 570 339 602 in
365 570 434 603 aliis
446 567 505 601 esse
530 567 929 612 posselaefionisgradum‚
956 570 1073 601 aliam—

62 619 124 648 que
148 613 373 646 intestinorum
399 613 465 644 vim
487 635 499 651 ,
522 613 622 646 alium
647 613 772 646 sensum
795 628 804 652 3
842 621 927 645 certe
951 612 983 644 in
1008 612 1072 644 illis

59 649 207 686 foeminis
240 656 278 688 de
300 657 386 688 Colo
422 654 524 688 sermo
546 655 590 689 est
611 678 621 694 ,
657 658 690 688 in
714 657 777 690 hoc
810 666 916 689 autem
939 656 1011 688 viro
1033 654 1074 689 de

62 695 156 736 Ileo,
180 700 294 740 quod;
318 710 357 731 ne
381 710 525 740 quaeram
548 711 585 732 an
614 701 769 733 acutioris
794 699 833 732 fit
859 699 990 738 sensus5
1014 710 1073 731 an-

60 738 186 785 gustius
210 741 358 783 profecffffi
380 742 421 775 est
447 743 557 776 multis
578 744 747 784 partibus,
768 754 865 785 quam
878 742 1010 778 Colons
1035 752 1071 775 ut

63 784 85 814 11
110 783 158 816 vel
184 783 288 826 major
311 784 428 826 hujus,
452 797 550 827 quarn
574 787 663 820 illius
683 811 695 827 ,
723 786 895 820 secundum
919 786 1072 818 latitudi-

62 836 136 858 nem
160 827 388 870 intercipiatur
412 831 543 869 portio,
570 830 709 871 amplior
731 831 765 862 in
778 830 866 861 Colo
891 830 943 862 via
957 827 1071 867 restet,

63 871 264 911 ampliorque
289 873 471 912 parietum,
494 875 526 905 in
552 874 671 914 quibus
693 872 906 913 promovendi
931 874 979 904 vis
1003 873 1047 904 est
1062 893 1071 909 ‚

62 913 227 950 extensio,
253 917 285 947 &
308 927 382 948 cum
405 916 456 948 his
481 916 726 958 ligamentailla
749 918 809 949 tria
824 940 832 955 ‚
855 915 889 949 id
900 915 942 948 est
966 914 1074 947 fasciae

63 955 256 990 musculares
278 979 287 993 ‚
321 970 400 1001 quas
424 960 510 991 intra
535 958 697 1001 ejusmodi
732 958 859 993 hernias
883 959 1035 1000 intercipi
1060 980 1069 995 ‚

61 1009 155 1032 tanto
178 1001 285 1033 minus
308 1004 374 1034 veri
399 1002 502 1035 simile
514 1002 585 1043 est,
607 1012 732 1044 quanto
757 1002 920 1036 difficilius
934 1000 998 1037 est,
1022 1001 1070 1033 ibi

60 1044 162 1076 laxari
185 1044 262 1076 Coli
285 1047 463 1086 parietem,
488 1047 546 1079 ubi
569 1058 680 1080 earnm
701 1047 809 1089 aliqua
846 1047 991 1078 munitur
1015 1056 1069 1077 ex-

60 1088 161 1119 terius
176 1100 186 1119 .·
210 1099 282 1127 quae
307 1092 450 1122 exterior
474 1089 577 1126 sedes,
601 1091 746 1132 &magis
769 1089 937 1130 compacta
958 1087 1072 1121 fascia-

59 1140 134 1162 rum
158 1129 334 1165 substantia
358 1132 438 1165 illud
461 1145 592 1176 quoque
603 1134 748 1175 praestare
771 1132 924 1175 possunt,
948 1132 1071 1173 neipsze

58 1171 154 1206 facile
178 1173 256 1207 adeo
279 1177 399 1209 vitium
423 1179 618 1210 contrahant
636 1201 644 1210 .
671 1178 722 1210 Ex
745 1174 796 1209 his
819 1176 982 1218 intelliges
1006 1187 1071 1209 non

58 1216 161 1249 modo
193 1229 250 1250 cur
275 1219 441 1262 proposita
474 1233 488 1252 a
514 1221 636 1254 Littrio
667 1219 846 1254 istiusmodi
884 1219 1071 1253 herniarum

58 1259 223 1302 diagnofis
248 1260 376 1296 facilius
400 1263 491 1304 possit
515 1266 548 1296 in
572 1264 682 1301 Colo,
708 1276 806 1308 quam
828 1265 862 1296 in
886 1264 955 1295 Iseo
974 1285 984 1300 ‚
1021 1275 1071 1295 re-

57 1303 235 1352 spolndere;
258 1318 370 1340 verum
392 1308 493 1340 etiam
516 1319 573 1341 cur
597 1309 631 1341 in
654 1307 726 1348 ipso
738 1308 826 1345 Iseo,
853 1306 909 1339 ubi
932 1307 1071 1340 diverti-

56 1346 124 1380 culi
146 1348 314 1383 orificium
338 1351 502 1392 angustius
525 1351 584 1388 fit,
610 1351 706 1393 quale
731 1352 771 1384 ab
794 1349 906 1383 eodem
930 1351 1071 1382 Auctore

58 1392 125 1437 (g)
148 1389 331 1426 delineatur
346 1417 354 1430 ‚
378 1405 447 1427 non
470 1405 544 1428 cum
558 1396 605 1428 ita
631 1395 775 1436 amplum
795 1393 863 1433 est,
886 1394 936 1426 uti
961 1395 1071 1426 meain

57 1434 180 1476 BaJulo
205 1438 362 1478 proponit
385 1437 561 1479 descriptio
579 1451 589 1470 .·
613 1436 765 1477 facilius,
790 1439 945 1479 inquam3
970 1448 1072 1480 neque

58 1478 146 1511 enim
171 1479 317 1520 praestare
332 1480 450 1521 ausim,
475 1482 531 1515 ubi
544 1482 706 1523 angustius
717 1481 755 1514 fit
780 1481 967 1519 orificium,
991 1480 1073 1512 sem-

56 1532 116 1562 per
143 1521 359 1557 nihilominus
394 1524 637 1568 responsuram.
769 1526 879 1566 Atque
903 1524 970 1556 haec
996 1547 1004 1562 ‚
1037 1534 1073 1555 ut

54 1563 144 1596 nosti
159 1587 168 1601 ³
193 1566 230 1599 ad
254 1576 287 1599 te
312 1566 520 1608 scripseram,
544 1580 619 1601 curn
642 1581 658 1602 a
681 1568 734 1601 Cl.
757 1567 921 1601 Benevolo
945 1564 1072 1600 missurn

59 1609 171 1648 accepi
195 1610 319 1643 librum
344 1615 354 1650 (
374 1610 394 1643 h
418 1615 429 1650 )
454 1623 522 1654 quo
545 1610 712 1649 herniam,
737 1611 876 1644 secundo
899 1610 994 1646 loco,
1016 1609 1072 1643 de-

57 1650 172 1684 scribit
185 1651 305 1694 factam
321 1679 329 1692 ,
352 1663 388 1686 ut
412 1655 482 1696 ipsa
495 1654 653 1688 cadaveris
679 1653 888 1687 confirmavit
909 1653 1077 1694 dfflecftio,

59 1694 100 1727 ab
125 1694 185 1742 Ilei
208 1696 401 1738 Appendice
424 1699 457 1731 in
475 1699 619 1732 scrotum
644 1698 672 1731 se
696 1699 905 1732 extendente.
930 1698 1014 1736 Quae
1029 1708 1078 1731 ta-

58 1737 153 1770 metsi
178 1750 314 1787 cum-eo
338 1740 491 1775 intestino
504 1752 559 1784 per
581 1741 747 1775 orificium
759 1741 1024 1776 communicabat
1039 1744 1074 1775 in

57 1790 192 1814 mortuo
213 1781 344 1824 quldem
369 1795 434 1817 non
460 1783 585 1827 majus,
608 1796 706 1827 quam
731 1795 768 1819 ut
792 1786 964 1820 mediocris
988 1786 1075 1818 avel-

59 1823 141 1857 lanae
165 1835 306 1868 aequaret
329 1827 550 1865 diametrum3
575 1839 662 1870 aeger
672 1839 780 1862 tamen
804 1830 992 1871 quindecim
1010 1830 1076 1870 pri-

57 1869 121 1902 mis
143 1869 278 1908 morbi,
303 1869 437 1912 ejusque
452 1870 627 1908 saeviffimi,
651 1871 763 1906 diebus
779 1873 862 1906 nihil
876 1884 929 1914 per
942 1872 1051 1905 alvum
1065 1895 1074 1909 ‚

56 1913 170 1958 omnia
195 1923 252 1955 per
274 1914 462 1955 vomitum,
485 1916 516 1946 δι
530 1917 598 1948 cito
621 1915 753 1958 quidem
764 1916 910 1950 stercoris
935 1914 1049 1948 similia
1066 1939 1074 1953 ‚

58 1965 217 1997 ejecerat.
244 1957 407 1990 Praeterea
431 1957 618 1991 intestinum
643 1959 747 1992 Iseum
771 1971 832 2001 qua
847 1968 934 2001 parte
958 1959 1077 1992 herniae

54 1998 297 2041 respondebat,
321 2011 387 2033 erat
413 2002 450 2034 ad
475 2000 558 2033 ulnae
581 2002 756 2035 dimidium
779 2003 885 2037 colore
909 2014 970 2035 non
987 2014 1080 2043 pror-

55 2042 112 2076 :sus
136 2043 297 2082 naturali,
321 2043 412 2077 valde
435 2053 540 2078 autern
562 2056 794 2088 corrugatum,
820 2048 852 2079 δε
876 2046 1039 2087 angustius
1062 2059 1074 2085 ,-

57 2084 145 2119 unde
169 2087 313 2128 proclive
336 2096 406 2120 erat
428 2086 609 2129 conjicere,
635 2101 651 2121 a
673 2089 806 2124 distenta
821 2090 1074 2133 „inflammata-

57 2140 121 2171 que
144 2130 339 2172 Appendice
366 2130 571 2164 vehementer
594 2133 761 2173 tractum?
786 2133 863 2166 hinc
889 2133 1070 2165 inflamma-

57 2174 153 2206 tione
176 2182 361 2210 tentatum,
385 2176 415 2206 ἃ
438 2174 640 2216 depressum,
664 2176 920 2217 convulsumque
945 2174 1034 2208 fuisse
1059 2197 1068 2206 .

56 2216 242 2251 Historiam
266 2216 348 2251 hanc
371 2216 551 2259 conjungas
575 2219 676 2252 velim
698 2230 771 2251 cum
794 2217 958 2260 proposita
973 2217 1068 2259 Baju-

57 2259 83 2292 li
105 2258 260 2296 historia,
285 2259 486 2301 conjecturas
509 2268 616 2293 autem
632 2286 640 2300 ,
665 2261 827 2295 adnotatis
848 2263 881 2293 in
904 2259 1070 2294 dissectio-

58 2314 99 2335 ne
123 2301 297 2341 subnixas,
323 2303 408 2336 adea
432 2302 585 2346 adjungas
600 2316 672 2346 quae
695 2304 734 2338 de
757 2304 854 2338 causis
866 2304 1068 2345 suspicabar,

58 2356 118 2379 cur
141 2346 315 2380 Littrianae
339 2345 533 2387 ejuscemodi
558 2347 744 2381 hei-uiarum
766 2347 911 2389 diagnosi
936 2358 984 2380 res
1008 2348 1068 2379 asi-

58 2390 192 2431 quando
215 2400 281 2423 non
308 2389 496 2431 respondeat
525 2414 531 2422 .
556 2391 657 2428 Qod
682 2392 705 2425 si
728 2403 792 2424 non
818 2391 993 2433 Appendix
1018 2390 1068 2423 so‘-

60 2433 128 2466 lum
144 2459 154 2473 ,
178 2432 230 2467 sed
253 2433 360 2475 ipsum
394 2444 525 2475 quoque
549 2433 652 2467 iseum
688 2436 776 2468 intra
799 2434 941 2468 herniam
966 2435 1068 2466 inter-

58 2477 223 2518 cipiatur,
248 2479 280 2509 <Sc
304 2476 580 2515 inflammationey
603 2488 837 2519 gangraenaque
849 2479 1007 2517 vitietur,
1032 2486 1068 2509 ut

56 2520 94 2552 in
119 2520 243 2561 Meryii
255 2519 496 2552 Observatione
522 2523 532 2559 (
554 2521 567 2552 i
587 2523 626 2559 )‚·
649 2521 851 2555 manifestum
866 2523 911 2554 est
927 2547 935 2561 ,
959 2522 1068 2554 alvum

59 2573 136 2596 tunc
162 2562 346 2605 supprimi,
369 2566 400 2595 &c
424 2571 538 2596 caetera
561 2562 635 2596 fieri
657 2576 730 2605 quae
753 2567 787 2598 in
812 2563 992 2598 istiusmodi
1007 2564 1068 2597 Ilei

59 2605 287 2640 affeffionibus
313 2607 453 2640 accidere
477 2605 604 2640 solent:
630 2607 730 2642 solent
751 2631 761 2647 ‚
795 2608 927 2650 inquam
951 2620 961 2645 5
994 2619 1065 2639 nain

57 2649 114 2683 etsi
138 2651 298 2694 plerisque
323 2650 389 2684 haec
414 2650 634 2692 contingunt3
659 2650 728 2685 sunt
753 2662 860 2685 tamen
882 2653 1066 2694 quibusnec

60 2694 150 2726 alvus
172 2695 306 2736 quidem
330 2693 456 2736 prorsus
482 2693 718 2735 adstringitur,
742 2698 862 2730 nedum
887 2707 1066 2729 recremen-

59 2747 191 2774 torum‚
217 2746 271 2770 aut
294 2737 345 2770 his
368 2737 524 2771 similium
548 2740 692 2772 vomitus
716 2751 780 2772 non
804 2738 888 2773 fiunt
904 2762 913 2776 ‚
938 2749 972 2771 ut
987 2748 1064 2781 puta

59 2782 101 2813 iis
124 2791 206 2821 quos
228 2782 281 2814 CI.
309 2781 385 2813 Viri
413 2781 563 2814 Wosffius
589 2782 678 2822 (k),
703 2785 733 2815 &
758 2781 980 2816 Cohausenius
1005 2781 1064 2824 (l)

59 2823 278 2864 descripsere,
303 2833 338 2857 ut
362 2825 467 2857 minus
490 2835 642 2866 oporteat
668 2827 779 2858 mirari
803 2827 889 2867 quod
915 2837 979 2858 non
1005 2826 1067 2857 ali-

60 2877 110 2900 ter
132 2866 289 2900 acciderit
312 2867 381 2901 illis
405 2880 545 2911 quorum
571 2868 703 2903 morbus
718 2894 726 2908 ‚
751 2872 781 2902 δέ
802 2869 951 2913 dissectio
976 2880 991 2902 a
1011 2869 1067 2901 Cl.

61 2908 218 2943 Storchio
243 2912 311 2954 (m
335 2914 371 2951 )‚
394 2913 424 2943 &
448 2910 562 2953 Bajero
587 2916 600 2952 (
623 2923 642 2944 n
664 2916 678 2952 )
701 2913 862 2955 proposita
876 2913 970 2949 sunt,
994 2923 1068 2944 cum

60 2955 96 2987 in
120 2953 231 2986 hernia
255 2952 332 2987 esset
356 2965 426 2996 pars
449 2956 527 2989 Coli
553 2957 753 2998 intercepta,
779 2967 843 2988 non
868 2957 927 2988 Ilei
947 2977 956 2992 ‚
979 2955 1069 2998 quod

62 3007 170 3030 tamen
194 3006 261 3029 erat
286 3006 393 3031 totum
417 3008 490 3031 cum
513 3010 632 3041 magno
652 2998 764 3043 Jejuni
788 3000 893 3032 tractu
917 3000 951 3032 in
965 3000 1068 3032 altero

62 3053 97 3075 ea
119 3040 379 3074 inflammatione
404 3040 574 3080 affectum,
600 3055 662 3085 qua
685 3042 793 3075 Colon
817 3042 967 3076 carebat.

106 3094 158 3116 20.
185 3084 231 3117 Iis
255 3085 377 3123 alsatis,
400 3085 590 3119 indicatisve
616 3085 911 3120 Observationibus
934 3089 967 3119 in
992 3088 1067 3130 qui-

62 3127 356 3162 busintestinorum
382 3128 509 3174 dolores
534 3142 549 3163 a
572 3129 662 3162 causa
687 3140 774 3163 erant
799 3129 856 3163 sub
880 3131 992 3164 oculos
1014 3143 1067 3163 ca-

61 3172 179 3211 dente,
202 3172 241 3204 ad
263 3183 312 3205 eas
336 3173 460 3204 transeo
494 3174 528 3205 in
553 3174 673 3215 quibus
704 3173 796 3207 causa
821 3175 950 3215 penitus
982 3176 1069 3208 intra

63 3226 181 3257 corpus
205 3215 325 3249 latebat
347 3238 354 3245 .
389 3215 443 3247 Ab
465 3216 506 3248 iis
529 3227 637 3250 autem
663 3218 817 3260 incipiam
842 3230 913 3259 quae
938 3228 1068 3259 propter

63 3261 226 3293 vomitum
251 3262 283 3292 ὃ(
315 3257 606 3293 inflammationem
632 3261 670 3294 ad
704 3272 753 3294 eas
778 3272 880 3301 magis
914 3262 1071 3295 accedunt

63 3313 136 3346 quae
159 3302 313 3336 hadienus
336 3301 500 3344 descriptae
524 3302 617 3337 sunt.
642 3306 726 3338 Duae
751 3308 863 3348 primae
887 3305 925 3338 ad
949 3305 1073 3339 Valsal-

64 3357 138 3379 vam
162 3345 304 3388 speciant
320 3371 328 3380 .

112 3400 163 3422 21.
189 3390 277 3423 Vis<
303 3388 452 3432 gracilis,
477 3401 635 3424 annorum
658 3392 923 3435 quinquaginta,
946 3393 990 3425 ob
1004 3393 1072 3434 plu-

65 3444 113 3467 res
134 3435 167 3466 in
194 3433 418 3466 venationibus
442 3433 584 3473 labores,
608 3435 646 3468 de
670 3446 786 3477 magno
811 3436 848 3468 ad
873 3446 985 3478 guttur
1009 3461 1016 3475 ,
1041 3439 1072 3468 δε

65 3477 172 3518 pectus
195 3477 300 3510 calore
323 3478 415 3519 queri
439 3478 541 3519 coepit
569 3504 575 3510 .
602 3479 668 3512 Hic
691 3491 741 3512 eas
763 3478 902 3513 deserens
928 3491 1033 3520 partes
1056 3501 1069 3518 ‚

65 3519 94 3554 se
118 3521 156 3554 ad
179 3521 307 3553 lumbos
332 3520 476 3561 prodidit
492 3546 500 3559 ,
523 3522 665 3563 itemque
688 3523 723 3554 in
747 3532 882 3562 ventre,
906 3524 962 3557 ubi
987 3534 1069 3565 pun-

153 3564 319 3606 Morgagni
329 3565 362 3597 de
377 3564 444 3597 Sed.
458 3564 499 3596 Θ
511 3564 598 3606 Caus.
612 3564 715 3598 Morb.
734 3566 833 3598 Tom.
846 3569 893 3599 ΙΙ.

1120 184 1246 235 Art.
1263 196 1344 234 20.
1366 196 1440 234 21.
1463 199 1540 236 22.
1560 201 1637 252 23·
1659 199 1737 247 24.
1759 186 1815 235 ὃς
1837 198 1915 243 25.
2001 199 2051 243 51

1123 273 1219 306 gente
1242 261 1395 304 adjuncto
1418 263 1531 298 dolore
1554 264 1720 298 hominem
1745 262 1822 296 adeo
1846 263 1983 296 vexabat
1998 286 2006 298 ‚
2032 273 2067 296 ut
2092 276 2130 299 ne

1123 308 1248 340 tad-ium
1271 305 1402 348 quidem
1426 307 1520 341 ferret
1541 332 1548 339 .
1576 308 1690 339 Primis
1715 318 1837 347 aegruin
1860 307 1972 340 diebus
1994 307 2131 348 frigidus

1122 353 1215 393 rigor
1238 349 1587 383 invadebatcrebrius.
1612 351 1737 383 Diebus
1763 360 1869 383 autem
1881 352 2048 392 quinque,
2074 361 2129 383 aut

1122 393 1174 426 sex
1198 402 1271 425 ante
1296 402 1431 426 mortem
1447 418 1455 431 ,
1478 393 1641 426 Volvulus
1665 393 1788 425 acceffit
1811 404 1885 426 curn
1909 393 2023 426 sii-'cum
2049 404 2131 433 reJc—
2153 400 2155 402 ’

1122 437 1249 470 ctione:
1275 438 1331 478 qui
1355 436 1465 469 sensim
1489 438 1566 479 aegri
1592 437 1674 468 vires
1696 439 1885 477 atterendo,
1908 437 2129 469 adinteritum

1124 480 1275 520 perduxit
1300 480 1384 512 circa
1410 480 1617 521 trigesimum
1644 480 1683 512 ab
1705 478 1860 513 decubitu
1884 480 1991 514 diem.

1123 523 1327 556 VENTER
1344 523 1455 564 plenus
1478 522 1562 556 sanie
1575 525 1726 557 inventus
1749 522 1791 556 est
1801 532 1912 563 totus,
1935 535 2005 564 quae
2020 533 2132 555 omen-

1123 576 1193 599 tum
1216 590 1224 606 ,
1260 569 1292 608 &
1316 565 1470 599 intestina
1505 567 1592 599 inter
1618 566 1646 599 se
1668 567 1878 607 colligaverat
1902 590 1908 596 .
1936 567 2036 598 Erant
2062 565 2129 597 haec

1124 609 1214 643 valde
1237 609 1442 642 inflammata
1464 632 1473 646 ‚
1508 619 1544 642 ut
1567 608 1654 651 jecur
1678 621 1807 652 quoque
1828 632 1837 646 ,
1871 612 1901 641 ἂν
1927 609 2008 645 lien,
2035 620 2132 650 quern

1125 655 1220 686 altius
1255 653 1324 685 sane
1347 664 1444 695 quam
1470 652 1556 693 jecur
1579 675 1592 692 ‚
1626 651 1846 687 inflammatio
1880 661 2096 692 occupaverat
2123 676 2129 682 .

1125 698 1196 729 Ren
1221 695 1348 729 sinister
1370 695 1427 729 sub
1450 696 1577 729 interna
1602 699 1809 733 membrana3
1835 706 1898 727 non
1910 697 2001 728 omni
2026 705 2134 727 tamen

1124 751 1162 773 ex
1186 750 1300 781 parte3
1325 739 1460 773 effusum
1484 739 1674 781 sanguinem
1686 740 1894 772 continebat.
1927 739 1964 771 In
1976 748 2133 778 omento,

1124 787 1154 815 δε
1179 785 1213 815 in
1237 782 1341 815 limbo
1366 782 1573 822 mesenterii,
1599 782 1774 824 praesertim
1801 783 1855 816 ubi
1878 793 1953 815 cum
1977 780 2132 813 intestino

1123 827 1210 859 Colo
1234 827 1442 864 nectebatur,
1467 826 1563 860 multi
1588 827 1679 867 parvi
1704 824 1858 860 abscessus
1883 851 1893 867 ,
1916 828 1947 857 &
1970 822 2133 858 ulcuscula

1124 869 1468 903 animadvertebantur
1481 895 1488 902 .

1165 924 1216 946 22.
1241 914 1328 945 Cum
1360 914 1502 955 primum
1528 911 1680 947 abscessus
1715 913 1784 947 fieri
1818 913 1922 954 coepti
1947 911 2049 948 sunt3
2081 911 2135 943 in-

1122 956 1296 989 commoda
1321 967 1386 989 non
1411 967 1558 990 ventrem
1587 957 1702 994 modo,
1728 956 1780 990 sed
1805 959 1836 989 &
1862 956 1990 988 lumbos
2014 967 2082 997 quo
2105 954 2133 987 se

1124 1000 1350 1032 mesenteriurn
1376 1000 1511 1041 alligat,
1535 999 1737 1033 afficiebant.
1765 1000 1833 1033 Ubi
1858 1001 1921 1032 illis
1946 999 2135 1041 suppuratio

1123 1043 1262 1078 accidit3
1286 1044 1393 1075 crebri
1416 1042 1497 1076 hanc
1521 1043 1708 1076 indicabant
1732 1042 1845 1084 frigidi
1872 1044 2015 1084 rigores.
2042 1041 2136 1075 Effu-

1122 1086 1153 1119 sa
1179 1096 1287 1120 autern
1310 1085 1409 1119 sanies
1433 1085 1594 1120 ulcuscula
1618 1087 1666 1118 ibi
1681 1087 1837 1128 reliquit;
1861 1085 2133 1126 ventremimple-

1122 1133 1193 1163 vit.
1217 1132 1328 1169 Cum,
1353 1141 1444 1162 mora
1469 1131 1571 1162 acrior
1593 1127 1676 1162 facta
1692 1150 1701 1165 ‚
1725 1130 1852 1162 tunicas
1876 1128 2036 1162 viscerum
2063 1154 2071 1167 ,
2105 1130 2137 1160 &

1122 1173 1350 1207 intestinorum
1376 1172 1555 1214 praesertim
1579 1173 1749 1209 irritavit3
1774 1174 1923 1205 omnium
1946 1171 2136 1203 inflamma-

1122 1219 1248 1250 tionem
1270 1217 1416 1250 concivit
1439 1239 1450 1255 ,
1483 1215 1666 1258 horumque
1692 1225 1845 1258 praeterea
1879 1225 2004 1247 motum
2029 1216 2136 1246 inver-

1124 1262 1188 1294 tit.
1215 1261 1303 1293 Hinc
1327 1260 1510 1293 Volvusus.
1643 1259 1699 1291 Tu
1723 1270 1796 1292 cum
1821 1260 1984 1291 Virorum
2008 1257 2138 1290 Clariis.

1124 1303 1311 1338 Maucliarti
1338 1306 1349 1342 (
1374 1315 1390 1336 o
1411 1306 1449 1342 ),
1473 1301 1691 1336 &Verdriesii
1715 1305 1728 1341 (
1747 1312 1768 1343 p
1790 1301 2137 1341 )Obse1·vati«)nibns,

1125 1359 1189 1381 non
1215 1356 1349 1390 propter
1372 1346 1558 1379 Volvulum
1581 1347 1638 1388 qui
1664 1347 1719 1379 vix
1743 1347 1777 1377 in
1805 1357 1867 1378 una
1891 1346 2026 1378 indicari
2047 1345 2138 1378 vide-

1123 1401 1198 1431 tur,
1222 1390 1274 1425 sed
1299 1398 1432 1432 propter
1456 1391 1578 1422 ventris
1602 1390 1727 1422 dolores
1750 1388 1833 1422 hanc
1858 1390 1980 1431 poteris
2003 1400 2138 1430 compa-

1124 1447 1194 1468 rare
1209 1457 1219 1474 ‚
1242 1435 1421 1476 praesertim
1444 1434 1567 1467 cumin
1591 1443 1700 1467 earum
1714 1441 1850 1475 utraque
1877 1432 2062 1465 mesenterii
2082 1443 2138 1474 pa-

1125 1481 1203 1510 riter
1227 1477 1381 1511 abscessus
1405 1477 1546 1514 fuerint,
1571 1476 1604 1508 in
1630 1476 1729 1510 altera
1752 1477 1852 1516 aperti
1876 1498 1884 1512 ,
1920 1486 1954 1509 ut
1979 1475 2065 1508 sanie
2089 1486 2138 1508 re—

1127 1521 1229 1555 fertus
1253 1521 1488 1559 efferventes,
1512 1521 1546 1552 in
1570 1520 1668 1553 altera
1694 1519 1792 1552 clausi
1814 1542 1823 1557 ‚
1851 1519 2009 1552 intestinis
2031 1528 2139 1551 autem

1127 1577 1198 1608 quae
1222 1566 1275 1599 hic
1296 1565 1364 1598 illic
1390 1562 1553 1607 sphacelus
1576 1562 1754 1600 infecerat,
1780 1565 1864 1595 inter
1887 1561 1938 1602 se,
1962 1565 2078 1596 &cum
2101 1575 2138 1595 o-

1127 1619 1237 1642 mento
1264 1609 1347 1641 arose
1371 1607 1630 1641 cohaerentibus.

1174 1664 1225 1696 23.
1253 1652 1341 1684 VIR
1365 1651 1443 1684 alter
1468 1650 1577 1688 eadem
1602 1661 1666 1691 qua
1690 1650 1780 1692 prior
1804 1659 1899 1684 aetate
1924 1673 1936 1690 ,
1960 1649 2138 1693 eodemque

1128 1696 1243 1730 habitu
1258 1719 1266 1732 ‚
1292 1695 1402 1728 colore
1426 1704 1533 1728 autem
1558 1694 1705 1737 pallido,
1727 1705 1802 1727 cum
1814 1703 1887 1728 ante
1905 1694 2075 1728 biennium
2090 1706 2141 1726 :ire

1128 1742 1218 1774 denti
1243 1737 1331 1772 febre
1355 1748 1524 1780 correptus
1545 1761 1557 1778 ,
1583 1740 1621 1771 ab
1646 1750 1679 1771 ea
1703 1738 1840 1780 denique
1865 1738 1928 1772 sine
1953 1739 2019 1771 ullo
2045 1737 2139 1771 sensi-

1127 1785 1187 1818 bili
1211 1784 1301 1817 crifis
1326 1782 1460 1824 vestigio
1483 1781 1558 1815 esset
1583 1782 1768 1820 liberatus3
1794 1792 1909 1824 magna
1934 1781 2137 1823 postmodum

1127 1828 1178 1861 iiti
1197 1854 1204 1866 ‚
1226 1826 1361 1868 capitis,
1386 1826 1599 1859 &ventriculi
1614 1826 1734 1859 summa
1747 1825 1913 1859 debilitare
1928 1848 1937 1863 ,
1961 1828 1992 1858 Sc
2016 1827 2138 1861 virium

1128 1872 1277 1913 larguore
1299 1869 1517 1903 afficiebatur.
1541 1870 1603 1902 His
1614 1868 1760 1911 quotidie
1784 1880 1934 1903 vexatum
1957 1870 2068 1911 ingens
2087 1871 2139 1901 in-

1129 1916 1237 1948 terdiu
1262 1913 1370 1947 cordis
1393 1913 1551 1955 oppreffio
1573 1913 1769 1954 invadebat,
1792 1925 1891 1956 quam
1916 1912 2033 1951 nociti,
2058 1914 2140 1948 dum.

1131 1958 1279 1991 somnum
1302 1968 1412 1999 capere
1438 1957 1533 1989 vellet
1549 1980 1558 1995 ,
1582 1956 1718 1990 universi
1742 1959 1891 1998 corporis
1915 1966 2038 1991 tremor
2050 1959 2143 1991 exci-

1129 2002 1260 2041 piebat.
1288 1998 1409 2034 Phthisi
1434 2001 1503 2037 aliis
1528 2000 1665 2033 Medicis
1686 2025 1694 2039 ‚
1731 2000 1890 2033 Valsalvae
1914 2010 2021 2033 autem
2055 2013 2138 2045 aqu->s

1130 2046 1216 2076 intra
1240 2045 1386 2076 cranium
1410 2042 1610 2077 redundante
1633 2043 1779 2077 laborare
1803 2045 2012 2081 censebatur,
2035 2049 2137 2087 qui&

1125 2099 1160 2120 ea
1178 2086 1370 2129 praescripsit
1396 2087 1535 2120 remedia
1546 2098 1618 2129 qua:
1641 2087 1831 2130 hydropicis
1843 2088 1946 2121 solent
1971 2087 2029 2122 esse
2043 2101 2136 2122 coln-2

1125 2133 1253 2164 munia.
1280 2130 1338 2163 slle
1363 2142 1439 2163 vero
1462 2132 1582 2163 interea
1619 2132 1760 2164 multum
1784 2143 1858 2165 cum
1882 2131 2136 2166 combibonibus

1122 2176 1203 2207 meri
1228 2175 1434 2214 ingurgitans
1455 2198 1462 2213 ‚
1496 2184 1614 2216 magno
1638 2176 1761 2208 ventris
1784 2175 1897 2210 dolore
1919 2177 2097 2218 corripitur
2122 2199 2132 2214 ‚

1122 2228 1205 2259 vago
1229 2226 1359 2255 tamen,
1383 2228 1455 2250 cum
1481 2215 1637 2256 flatibus,
1659 2229 1734 2251 cum
1759 2220 1902 2252 materiae
1927 2218 2049 2252 biliosa:
2076 2230 2133 2251 vo-

1122 2262 1226 2298 mitu,
1252 2263 1281 2293 &
1306 2271 1379 2292 cum
1412 2260 1517 2302 pulsus
1541 2261 1708 2293 celeritate
1740 2261 1918 2304 conjuncto
1939 2288 1945 2293 .
1976 2262 2135 2297 Postridie
2158 2288 2160 2291 -

1121 2315 1213 2336 mane
1237 2315 1310 2336 cum
1334 2303 1428 2336 dolor
1452 2303 1627 2336 noninodo
1653 2303 1788 2346 saevior,
1813 2307 2038 2339 verumetiam
2062 2319 2133 2340 cer-

1120 2357 1153 2380 ta
1178 2348 1209 2379 in
1234 2358 1323 2389 parte
1348 2346 1431 2379 fixus
1455 2347 1527 2379 esset
1543 2369 1551 2384 ‚
1574 2358 1647 2389 quae
1670 2348 1778 2387 tacta,
1806 2349 2013 2382 vehementer
2036 2352 2130 2384 dole-

1119 2391 1174 2423 bat
1191 2416 1199 2431 ,
1220 2389 1519 2423 inflammationem
1544 2389 1696 2423 Valsalva
1711 2393 1830 2425 veritus
1843 2414 1852 2429 ‚
1877 2392 1974 2426 secari
1988 2405 2101 2427 venam
2117 2422 2129 2436 ‚

1119 2435 1314 2476 imperavit.
1338 2434 1503 2466 Omnibus
1515 2442 1623 2466 tamen
1647 2433 1799 2475 praesidiis
1823 2437 1941 2474 irritis,
1969 2437 2020 2469 die
2032 2449 2130 2480 quar„

1119 2487 1157 2510 to
1182 2479 1314 2510 ineunte
1338 2488 1421 2518 aeger
1446 2477 1608 2509 moritur.
1744 2478 1795 2510 IN
1821 2479 2030 2513 VENTRE
2056 2482 2126 2515 sana

1119 2521 1246 2563 reliqua
1278 2522 1408 2553 inventa
1433 2519 1505 2551 sunt
1527 2532 1536 2555 ς
1575 2519 1627 2551 sed
1652 2530 1766 2562 magna
1804 2522 1862 2554 Ilei
1886 2524 2031 2556 intestini
2057 2537 2128 2559 pais

1120 2563 1327 2597 inflammata
1349 2589 1357 2597 .
1492 2563 1531 2595 In
1566 2562 1716 2596 Thorace
1762 2576 1935 2608 permagna
1971 2562 2127 2609 polyposa

1119 2611 1288 2642 concretio
1312 2609 1344 2639 in
1369 2606 1501 2640 dextero
1524 2607 1630 2638 cordis
1654 2609 1834 2642 ventriculo
1856 2636 1865 2649 ,
1899 2621 1970 2651 qua:
1994 2611 2068 2644 inde
2092 2614 2126 2644 in

1120 2662 1232 2684 venam
1266 2652 1390 2683 Cavam
1425 2649 1666 2692 producebatur
1689 2675 1697 2681 .
1829 2654 1920 2685 Intra
1964 2656 2126 2689 Cranium

1118 2694 1249 2728 tandem
1274 2694 1330 2726 seri
1357 2694 1515 2731 multum,
1541 2705 1607 2735 quo
1631 2696 1662 2726 ὅ(
1687 2697 1859 2728 ventriculi
1885 2698 2008 2729 cerebri
2033 2710 2125 2732 erant

1119 2740 1235 2780 pleni.
1268 2737 1471 2779 praegrandes
1505 2746 1594 2770 eraut
1620 2761 1628 2775 ,
1667 2738 1836 2781 multoque
1879 2739 2043 2774 scatebant
2079 2742 2125 2775 se-

1120 2793 1157 2814 ro
1200 2782 1359 2823 glandulae
1391 2781 1500 2824 plexus
1532 2781 1710 2815 Choroidis
1736 2795 1746 2813 .·
1789 2786 1822 2816 &
1844 2794 2014 2826 compages
2037 2797 2126 2818 cere-

1121 2825 1174 2857 bri
1199 2827 1270 2858 laxa
1296 2833 1383 2857 erat.

1168 2881 1218 2912 24.
1243 2870 1352 2910 Qam
1388 2866 1565 2913 periculose
1591 2878 1714 2909 magnae
1738 2868 1902 2904 solvantur
1933 2869 2036 2906 febres
2059 2872 2124 2907 sinz*

1120 2912 1186 2946 ulla
1220 2914 1294 2945 crisi
1315 2935 1326 2952 ‚
1361 2912 1465 2953 prima
1498 2910 1593 2952 hujus
1628 2910 1768 2944 historiae
1803 2925 1873 2955 pars
1917 2916 2089 2949 confirmat
2114 2942 2122 2950 ,,

1122 2957 1231 2994 Quam
1256 2966 1368 2988 verum
1391 2965 1499 2988 autem
1521 2953 1622 2987 fuerit
1647 2955 1804 2989 Valsalvae
1829 2969 2002 3000 utrumque
2033 2959 2122 3003 judi-

1120 3001 1208 3033 cium
1231 3019 1241 3036 ,
1275 3010 1346 3041 quae
1371 3008 1425 3039 per
1457 2995 1677 3031 dissestionem
1711 3001 1744 3031 in
1777 3003 1882 3043 capite
1905 3026 1913 3039 ,
1946 3006 1977 3035 <Sc
2012 3014 2123 3038 ventre

1120 3051 1285 3086 comperta
1311 3041 1405 3080 sunt,
1429 3042 1625 3074 monstrant.
1651 3043 1752 3083 Qod
1777 3055 1853 3077 vero
1876 3046 1908 3078 in
1925 3045 1987 3080 hoc
2010 3059 2097 3089 κεῖτο
2112 3069 2121 3083 ,

1118 3098 1183 3119 non
1210 3085 1391 3122 Volvulus,
1419 3094 1454 3116 ut
1479 3086 1510 3117 in
1537 3086 1644 3127 priore
1664 3107 1674 3123 ‚
1713 3085 1765 3120 sed
1790 3090 1934 3123 vomitus
1957 3088 2125 3124 damiam:

1120 3130 1252 3168 fuerit,
1284 3141 1322 3162 ne
1356 3139 1476 3171 quaeres
1507 3128 1639 3170 quidem
1662 3151 1672 3166 ‚
1715 3132 1773 3163 ubi
1806 3131 1904 3174 hujus
1946 3134 2121 3166 sectionem

1120 3186 1193 3207 cum
1220 3174 1335 3216 prioris
1354 3195 1362 3209 ‚
1389 3180 1443 3204 aut
1477 3182 1552 3205 cum
1583 3172 1780 3216 insequentis
1814 3176 1974 3209 cadaveris
2006 3176 2122 3209 seftio-

1123 3229 1161 3250 ne
1193 3216 1429 3257 comparaveris
1452 3240 1459 3247 .
1505 3217 1613 3252 Quam
1637 3239 1646 3254 ‚
1693 3219 1718 3251 fi
1751 3219 1837 3252 recle
1869 3220 2002 3252 memini
2034 3241 2043 3255 ‚
2087 3221 2122 3253 in

1124 3260 1318 3294 Bononiensi
1352 3258 1591 3293 Incurabilium
1625 3260 1831 3295 Nosoeomio
1873 3261 2045 3296 habuimus
2079 3265 2123 3297 A.

1128 3316 1138 3338 1
1170 3315 1223 3346 05.

1149 3315 1221 3389 725.
1249 3347 1399 3380 SENEX
1421 3357 1519 3379 annos
1544 3357 1638 3381 natus
1660 3356 1800 3389 quatuor
1823 3350 1855 3381 ἃς
1889 3348 2091 3394 septuaginta
2115 3374 2124 3388 ‚

1124 3393 1271 3434 gracilis²
1298 3390 1448 3426 vinosus,
1472 3399 1544 3423 ante
1557 3392 1698 3424 mensem
1713 3393 1857 3425 incedere
1880 3394 2124 3435 ficinceperat,

1124 3446 1160 3469 ut
1185 3435 1311 3468 sinistro
1336 3433 1531 3475 potissimum
1555 3436 1643 3467 cruri
1668 3435 1869 3468 incumberet
1893 3460 1901 3469 .
1939 3437 2042 3480 Quod
2065 3437 2126 3470 do-

1124 3479 1249 3512 mestici
1272 3479 1372 3519 magis
1396 3488 1492 3519 quam
1507 3477 1595 3518 ipse,
1621 3478 1935 3519 animadverterant3
1960 3480 2041 3514 nihil
2057 3491 2128 3513 cerm

1125 3532 1156 3556 te
1179 3521 1245 3566 ipse
1269 3522 1308 3556 de
1330 3521 1393 3555 hoc
1416 3520 1567 3561 dicebat,
1591 3531 1646 3554 aut
1670 3523 1793 3565 uspiam
1814 3521 1920 3556 dolere
1943 3522 1973 3556 se
1997 3548 2005 3561 ,
2026 3525 2131 3557 osten-

1642 3566 1677 3598 G
1722 3576 1739 3597 2
1964 3567 2060 3602 debat
2074 3594 2081 3601 .

186 3733 201 3761 3*
216 3736 297 3759 Mem.
313 3736 343 3759 de
359 3734 378 3758 l’
389 3736 419 3759 Α.
438 3740 508 3762 1700.
570 3735 584 3763 (
599 3735 613 3758 h
634 3737 644 3761 >
658 3738 709 3760 Due
724 3736 811 3761 Relaz.
831 3736 943 3766 Chii-urg.

183 3765 196 3822 Ξ
213 3767 350 3790 Comme-rc.
368 3765 453 3789 Litter.
471 3767 503 3788 A.
523 3769 590 3793 ¹742·
608 3767 685 3791 Hebd.
701 3768 739 3788 25.
760 3775 783 3791 n.
804 3768 835 3791 ll.
853 3769 882 3792 ad
900 3777 921 3798 3.

123 3734 137 3761 (
151 3740 170 3763 g

128 3764 170 3823 ἓξ)
214 3796 274 3825 Eph.
291 3799 325 3821 N.
344 3798 373 3821 C.
391 3797 463 3820 Cent.
482 3802 500 3819 1.
517 3795 576 3820 obs.
594 3805 632 3827 14.

1008 3737 1015 3765 (
1033 3739 1042 3761 i
1058 3739 1072 3767 )
1088 3739 1132 3762 cit.
1150 3740 1217 3769 supra
1233 3739 1262 3763 ad
1279 3747 1301 3763 n.
1321 3741 1360 3761 16.

864 3799 869 3802 ¹
984 3766 993 3795 (
1011 3778 1035 3792 m
1055 3776 1061 3796 )
1080 3772 1131 3794 Ast.
1151 3771 1195 3796 cit.
1211 3773 1244 3795 T.
1260 3779 1283 3800 7.
1302 3768 1361 3794 obs.
1381 3776 1433 3793 101.

693 3796 734 3828 (p
748 3797 763 3826 )
779 3798 832 3823 Ast.
849 3805 892 3823 cit.
910 3802 985 3825 Tom.
1004 3808 1025 3824 1.
1043 3801 1103 3827 obs.
1121 3804 1160 3831 87.

1422 3737 1436 3766 (
1451 3736 1467 3761 k
1485 3737 1493 3765 )
1511 3736 1561 3759 Ast.
1579 3738 1614 3759 N.
1632 3739 1659 3762 C.
1676 3740 1750 3764 Tam.
1769 3749 1791 3769 4.
1809 3737 1868 3762 obs.
1887 3741 1924 3764 68.

1495 3768 1508 3796 (
1524 3777 1539 3790 n
1556 3767 1564 3797 )
1581 3769 1717 3796 Commerc,
1736 3773 1815 3797 cit.A.
1836 3771 1992 3800 17⁴3.Hebd.
2010 3779 2049 3801 40,
2068 3777 2082 3794 n
2099 3769 2126 3793 zi
