2498 4075
433 158 524 203 420

369 218 484 264 adjicit
518 220 558 257 ad
587 231 657 254 eam
686 222 840 256 Auftoris
872 224 918 257 sui
941 222 1204 256 Observationem
1237 236 1297 267 qua
1335 226 1369 260 in

371 264 522 305 pulmone
547 266 665 300 militis
690 275 846 307 repertum
871 267 908 300 ab
931 266 957 299 se
981 265 1078 298 refert
1110 266 1246 308 lapidem
1271 293 1281 308 ‚
1311 280 1368 301 co-

364 307 512 351 lumbino
535 319 606 353 ovo
619 317 682 344 non
706 309 884 350 minorem,
915 319 1015 351 neque
1039 308 1131 351 hujus
1162 308 1269 352 figurae
1302 310 1368 344 dis-

363 348 498 386 similem
512 374 521 389 ‚
544 352 589 387 ita
613 360 671 392 ego
693 348 749 387 hic
772 353 868 385 etiarn
891 362 1130 391 commemoro,
1154 362 1189 388 ut
1211 358 1277 387 tres
1296 353 1367 389 has-

367 403 402 426 ce
444 393 509 428 illis
542 392 634 429 addas
656 416 668 432 ,
702 396 735 427 &
768 405 842 429 cum
865 406 969 431 earum
1001 395 1189 439 quibusdam
1221 396 1363 433 conferas

361 446 439 478 quas
462 436 523 471 tibi
545 436 623 472 bene
646 436 763 471 multas
785 438 901 480 collegi
924 437 1067 480 Epistola
1089 440 1163 478 XV.
1187 440 1266 479 (i),
1288 453 1361 475 cum

360 478 615 556 {lebpulmonum
636 478 788 520 calculis,
810 491 983 524 eorumque
1005 479 1167 519 esteftibus
1189 481 1363 521 sermonem

387 534 401 554 a
426 532 524 557 erem..

403 576 433 608 4.
460 565 512 599 Ad
535 575 569 599 ea
592 575 666 599 vero
688 576 758 608 quae
783 567 870 599 XIX.
894 566 1039 609 Epistola
1061 566 1125 610 (lz)
1157 579 1212 602 nec
1236 580 1331 611 pauca
1346 594 1359 611 ‚

362 609 395 646 βε
425 609 510 643 varia
542 608 735 652 protulimus
765 609 854 652 super
885 611 1004 650 agitata
1035 610 1250 645 controversia
1272 637 1282 653 ‚
1320 626 1358 647 an

357 649 590 700 submersorum
615 652 817 694 pulmonibus
838 676 849 691 ‚
883 655 915 689 &
938 655 1116 689 ventriculo
1148 666 1226 700 aqua
1249 656 1321 692 infit
1349 681 1362 698 ,

358 704 397 733 an
422 705 484 728 non
508 694 604 738 insit,
626 693 826 731 diffeffiones
848 697 985 731 attinent
1007 696 1153 740 quaedam
1176 723 1185 738 ,
1218 711 1234 733 a
1267 701 1358 734 nobis

353 737 443 782 leftae
467 748 530 770 non
554 739 601 771 ita
627 738 769 779 pridem.
795 738 971 776 Meckelius
994 742 1079 776 enim
1102 741 1369 785 Diligentiffimus

361 782 577 818 Anatomictis
601 782 683 815 inter
706 782 771 818 suas
795 782 987 823 Morborum
1009 784 1128 817 Cordis
1160 783 1368 820 Observatio-

356 821 415 868 jies
440 825 603 873 quindiam
627 823 801 872 describens
824 825 870 868 (l
891 829 905 865 )
941 828 975 860 in
999 827 1104 861 milite
1134 826 1280 865 habitam
1303 832 1359 873 qui

357 867 455 905 semet
478 878 512 899 in
536 866 652 903 flumen
675 868 827 910 dejecerat
851 892 863 910 ,
888 871 1051 911 pulmones
1075 894 1088 911 ,
1111 873 1155 904 ait
1180 895 1189 910 ,
1224 876 1359 907 omnino

355 910 467 955 plenos
491 911 594 952 aeris,
617 910 835 955 sanguinisque
858 911 972 954 fuisse,
1002 912 1096 957 hujus
1127 914 1275 951 videlicet
1308 919 1356 950 in-

356 962 407 985 tra
439 952 529 993 vasa,
559 965 628 995 quae
660 957 693 990 in
728 958 849 989 caeteris
881 967 1006 1000 quoque
1039 957 1231 1001 visceribus,
1263 962 1355 994 utin

352 994 516 1034 ,submersis
547 998 619 1032 ,aliis
643 1020 656 1037 ,
689 998 792 1035 fluido
823 1002 981 1034 tumentia
1014 999 1161 1044 sanguine
1184 1003 1356 1048 deprehen-

353 1039 429 1075 dit:
452 1039 540 1083 quod
553 1040 585 1090 ‘si
608 1040 648 1074 ab
671 1053 751 1084 aqua
774 1052 892 1076 tumere
915 1045 1127 1079 ventriculum
1141 1067 1150 1082 ‚
1173 1047 1357 1090 conspexis—

351 1083 419 1122 [εἰς
443 1094 506 1116 non
529 1083 658 1118 videtur
680 1084 770 1120 fuisse
791 1086 1072 1129 praetermiffi-rrus.
1098 1087 1257 1125 Diffefflo
1278 1091 1358 1124 alte-

350 1137 384 1176 ra
417 1127 583 1174 epileptici
614 1126 678 1169 est,
709 1130 765 1172 qui
799 1131 832 1162 in
865 1131 1010 1165 balneum
1043 1131 1202 1175 frigidum
1233 1145 1308 1168 curn
1330 1135 1358 1167 se

352 1170 577 1214 immersisset,
600 1182 678 1204 mox
701 1173 735 1207 in
758 1184 797 1206 eo
820 1172 989 1208 suffocatus
1013 1176 1163 1210 inventus
1185 1176 1250 1211 fuit
1277 1202 1285 1211 .
1318 1180 1355 1211 In

351 1215 450 1252 nullis
472 1224 576 1253 autem
600 1213 694 1257 hujus
726 1216 893 1250 visceribus
919 1217 1095 1261 quidquam
1133 1231 1221 1263 aquae
1254 1232 1356 1261 reper-

350 1264 420 1292 tum
444 1257 485 1295 est
509 1269 524 1289 a
547 1258 599 1290 Cl.
625 1257 829 1293 Weszaremo
851 1259 917 1302 (m
938 1265 975 1302 ),
999 1263 1055 1304 qui
1079 1274 1151 1296 cum
1172 1264 1290 1307 Aspera
1313 1276 1361 1298 ar-

350 1302 430 1335 teria
455 1299 612 1343 perforata
646 1299 707 1341 est,
752 1314 851 1336 aerem
875 1305 906 1336 in
924 1303 1067 1345 pulmone
1090 1315 1268 1341 contentum
1290 1317 1358 1342 tum

357 1344 422 1378 levi
445 1345 575 1387 quodam
593 1343 685 1387 fibilo
707 1344 853 1391 erugffle,
887 1348 1029 1382 audivit:
1062 1351 1269 1391 quamobrem
1292 1362 1356 1384 uon

352 1399 465 1436 aquarn
488 1411 500 1427 ,
535 1387 584 1421 sed
608 1398 708 1420 aerem
733 1389 791 1422 esse
814 1413 826 1429 ,
856 1390 958 1424 censet
983 1416 992 1431 ,
1028 1394 1084 1434 qui
1108 1396 1242 1435 repetita
1267 1405 1355 1428 antea

352 1432 554 1474 ιῃιᾈιῡίναῑιοηε
575 1431 812 1472 accumulatus,
847 1435 879 1466 ὃ(
903 1434 1054 1476 veficulas
1079 1435 1273 1478 pulmonales
1307 1440 1357 1470 dr-

343 1475 500 1515 stendens.
527 1473 686 1518 sanguinis
710 1485 764 1517 per
785 1477 953 1518 pulmones
975 1476 1166 1519 transitum,
1190 1483 1220 1514 ὃ(
1235 1504 1247 1521 ,
1269 1480 1354 1524 quod

349 1517 578 1560 consequitur,
601 1529 654 1561 per
676 1518 857 1558 universum
881 1531 995 1563 corpus
1017 1523 1262 1558 circulationem
1277 1536 1353 1566 pro-

348 1561 478 1599 hibeat,
502 1560 606 1604 ficque
630 1561 822 1600 submersos,
838 1561 927 1605 forte
949 1565 991 1598 Θ
1006 1565 1215 1608 strangulatos
1236 1592 1249 1609 ‚
1271 1569 1353 1601 inte-

345 1606 461 1642 rimat.
485 1605 531 1638 Et
554 1604 641 1647 quod
664 1603 702 1637 ad
726 1604 936 1647 strangulatos
960 1607 1090 1651 quidem
1116 1608 1256 1652 specstat,
1289 1623 1353 1645 me-

346 1646 471 1687 minisse
495 1656 613 1689 potes,
637 1645 717 1690 quid
741 1648 806 1690 ipse
828 1649 867 1682 de
888 1659 1013 1684 retento
1037 1653 1070 1684 in
1088 1663 1197 1687 eorum
1229 1655 1355 1697 pulmo-

345 1692 461 1730 nibus,
487 1694 517 1728 &
542 1689 697 1725 dilatante
720 1689 749 1723 se
773 1702 839 1725 aere
862 1693 894 1724 in
917 1694 973 1726 illa
996 1693 1103 1728 eadem
1127 1696 1269 1737 Epistola
1305 1700 1353 1741 (n)

348 1735 407 1773 iim
430 1733 624 1776 suspicatus,
648 1733 825 1773 Attamen,
852 1735 939 1777 quod
964 1736 1001 1771 ad
1013 1736 1191 1772 submersos
1217 1742 1352 1780 attinet,

346 1789 456 1825 eorum
481 1788 605 1812 mernor
627 1788 698 1820 quae
722 1778 815 1813 aliter
837 1779 915 1817 alii,
940 1781 972 1813 δε
995 1792 1056 1823 ego
1078 1783 1269 1824 experiendo
1279 1796 1357 1818 con—

353 1823 536 1867 speximus,
560 1830 654 1855 tanto
677 1822 779 1863 magis
803 1819 931 1862 haereo,
954 1833 1075 1866 quanto
1100 1829 1253 1861 attentius
1276 1829 1354 1861 alte—

348 1866 424 1901 iam
449 1866 522 1907 lego
546 1863 811 1901 Observationem
834 1868 847 1904 <
870 1877 886 1899 o
908 1870 922 1906 )
943 1878 1038 1908 quarn
1063 1869 1165 1910 priori
1189 1871 1242 1903 Cl.
1267 1869 1353 1905 idem

349 1911 416 1947 Vir
437 1910 596 1945 continuo
620 1907 774 1950 subjecit.
799 1911 884 1943 Cum
908 1911 993 1945 enim
1016 1911 1174 1955 quendam
1199 1924 1350 1955 nautam,

343 1954 380 1991 in
410 1950 538 1991 Tarnefi
563 1951 663 2000 fluvio
686 1950 905 1999 submersum,
938 1964 993 1988 nec
1017 1954 1074 1988 nifi
1104 1956 1169 1997 post
1201 1959 1354 1999 quadran·-

347 2006 413 2035 tem
434 1996 512 2032 horae
537 2006 606 2029 cum
629 1995 757 2030 dzmzdio
780 1997 946 2030 inventum
965 2021 978 2038 ,
1010 2000 1041 2031 &
1074 2000 1252 2035 extractum
1276 2025 1285 2040 ,
1320 2002 1354 2034 in

352 2039 455 2076 i'itarn
477 2038 567 2081 cujus
591 2039 676 2075 nulla
700 2038 879 2081 supererant
911 2039 1018 2083 signa,
1051 2053 1195 2075 revocare
1226 2056 1355 2077 conare-

353 2095 429 2128 tur,
451 2093 515 2118 non
539 2082 631 2115 illico
663 2081 817 2125 Asperam
853 2086 1024 2125 arteriam,
1057 2084 1107 2118 sed
1129 2085 1202 2119 hora
1235 2084 1355 2131 integra

351 2130 416 2172 jam
442 2129 475 2164 in
500 2126 590 2160 usum
614 2135 803 2160 caeterorum
837 2128 1030 2162 auxiliorum
1067 2127 1229 2171 insumpta
1253 2155 1262 2171 ,
1285 2141 1356 2164 turn

354 2172 490 2215 denique
526 2168 702 2213 perforavit
724 2193 734 2208 ,
770 2181 825 2203 nec
850 2171 954 2204 ullurn
978 2170 1105 2206 fibilum
1128 2196 1141 2213 ,
1177 2182 1230 2206 aut
1269 2174 1357 2208 aliud

352 2215 545 2258 erumpentis
574 2214 651 2246 aeris
676 2212 832 2248 indicium
848 2237 859 2254 ,
884 2214 973 2256 quod
996 2215 1083 2257 ajat,
1108 2216 1356 2256 animadvertit5

354 2263 423 2294 imo
443 2260 502 2304 *per
525 2257 606 2291 illud
631 2254 771 2290 foramen
795 2256 895 2290 fistula
929 2257 1065 2293 immissa
1099 2271 1197 2292 aerem
1233 2262 1358 2295 iteratis

356 2301 482 2339 ‘vicibus
504 2301 632 2343 impulit
657 2322 667 2338 ,
700 2307 736 2334 ut
752 2299 797 2343 fic
820 2298 940 2343 inflatis
966 2302 1148 2343 pulmonum
1178 2303 1321 2347 veficulis
1345 2326 1355 2342 ‚

352 2346 484 2388 aliisque
510 2344 667 2378 adhibitis
690 2347 780 2386 (quae
803 2345 910 2377 onmia
934 2343 1019 2379 haud
1051 2347 1211 2379 inutiliter
1242 2348 1321 2390 leges
1344 2351 1358 2387 )

352 2390 483 2425 auxiliis
508 2388 678 2422 haerentem
703 2387 884 2429 sanguinem
908 2399 1111 2432 promoveret
1131 2413 1143 2430 ,
1177 2390 1264 2432 quod
1289 2400 1357 2424 tan-

350 2434 421 2468 deu-2
454 2433 497 2468 est
531 2431 704 2466 seliciffirne
735 2431 939 2466 consecutus.
975 2433 1046 2465 Nec
1079 2444 1152 2466 vero
1184 2436 1266 2466 intra
1290 2435 1356 2477 ejus

350 2477 527 2512 curationis
551 2484 677 2516 tempus
700 2498 713 2515 ,
742 2474 830 2517 quod
854 2475 947 2510 horas
970 2475 1092 2510 exceffit
1113 2474 1191 2511 duas
1214 2499 1225 2516 ‚
1255 2477 1356 2511 donec

358 2520 508 2553 videlicet
533 2527 674 2554 mortuus
697 2542 710 2557 ,
739 2528 776 2551 ut
801 2530 815 2550 a
841 2521 948 2561 primo
970 2519 1135 2553 videbatur
1158 2544 1171 2560 ,
1204 2530 1300 2554 nauta
1325 2522 1356 2553 in

356 2566 460 2599 vitam
493 2569 657 2596 revocatus
679 2561 717 2600 est
739 2584 752 2600 ,
781 2562 956 2604 quidquam
988 2574 1026 2594 ex
1047 2561 1113 2605 ejus
1146 2575 1200 2596 ore
1223 2562 1356 2606 ejecffturn

357 2607 504 2646 dicitur;
527 2614 561 2638 ut
584 2603 665 2637 hanc
689 2615 752 2636 non
787 2604 931 2648 poffimus
961 2616 1035 2638 curn
1068 2606 1356 2641 Observationibus

353 2650 491 2689 nostris,
516 2648 694 2684 aliorumve
717 2648 912 2694 conciliare,
947 2649 1072 2681 Halleri
1103 2650 1136 2681 in
1161 2651 1274 2692 primis
1299 2651 1357 2682 So-

356 2692 512 2729 lertiffimi
538 2691 614 2724 Viri
638 2715 650 2731 ‚
685 2701 774 2733 cujus
796 2702 861 2724 non
886 2700 950 2724 tam
973 2692 1007 2726 in
1040 2693 1172 2726 muliere
1194 2705 1262 2735 quae
1287 2693 1357 2735 plu-

353 2738 448 2771 sculis
472 2735 583 2775 horis,
606 2745 700 2777 quam
724 2738 756 2768 in
781 2733 919 2778 fele,r&
944 2736 1075 2779 canibus
1101 2758 1111 2773 ,
1144 2736 1355 2770 breviffimurn

357 2780 396 2815 ad
418 2790 545 2822 tempus
569 2776 757 2817 submerfis,
780 2776 904 2811 habitas
927 2776 1125 2813 dissensiones
1159 2780 1234 2814 satis
1257 2778 1355 2813 fuerit

353 2824 408 2859 hie
430 2824 526 2858 verbo
549 2821 697 2855 indicaffe
720 2830 791 2855 tum
812 2822 887 2864 quia
910 2822 972 2854 tibi
995 2823 1028 2855 in
1054 2834 1121 2855 mea
1145 2823 1201 2858 illa
1237 2822 1361 2866 Episto-

357 2869 389 2902 la
411 2870 467 2909 (p
490 2869 503 2907 )
536 2874 825 2903 commemoratas,
848 2876 917 2898 tum
941 2866 1015 2908 quia
1038 2868 1218 2908 nuperrime
1231 2867 1267 2899 ab
1291 2865 1361 2909 ipso

355 2914 473 2946 iterum
497 2908 676 2952 propositas
697 2911 711 2948 (
734 2911 778 2950 q)
801 2908 906 2942 videre
929 2918 1038 2951 potes,
1061 2908 1217 2954 simulque
1239 2920 1360 2952 cogno-

357 2955 464 2992 scere,
487 2964 523 2987 ut
546 2950 697 2985 viscidam
722 2952 809 2987 illam
835 2951 976 2994 spumam
999 2964 1069 2995 quae
1106 2964 1144 2986 ex
1177 2965 1256 2995 aqua
1287 2964 1359 2988 cum

360 3009 428 3033 aere
451 2997 570 3038 agitata
594 2997 627 3028 in
651 2994 881 3028 submersorum
914 2995 1120 3037 pulmonibus
1153 2999 1259 3032 oritur
1281 3020 1293 3037 ,
1327 2997 1360 3029 in

355 3041 458 3083 iisque
484 3039 657 3082 reperitur,
680 3038 792 3072 diserte
815 3038 918 3072 adhuc
941 3041 954 3079 (
977 3039 1025 3080 r)
1051 3039 1138 3082 ajat,
1163 3039 1249 3073 nulla
1272 3038 1360 3073 nobis

354 3092 428 3124 nota
451 3091 517 3119 arte
540 3081 614 3114 inde
640 3081 722 3124 poffe
744 3081 873 3123 depelli,
896 3084 937 3117 (9³
962 3083 1052 3124 ejici,
1077 3083 1130 3117 ubi
1154 3082 1255 3119 donec
1290 3081 1361 3116 sub-

358 3127 444 3161 sistat
460 3151 472 3167 ,
495 3124 697 3160 necessarium
722 3124 882 3165 sanguinis
904 3125 1068 3159 transitum
1092 3137 1109 3159 a
1131 3126 1263 3160 dextero
1285 3137 1357 3159 cor-

355 3173 405 3205 dis
437 3169 615 3204 ventriculo
647 3168 685 3201 ad
714 3167 874 3202 srnistrum
907 3168 1062 3210 impediat
1095 3194 1103 3203 .
1134 3170 1233 3211 Qod
1267 3178 1357 3203 tanto

366 3215 466 3257 magis
501 3223 582 3245 nunc
614 3212 694 3245 dicit
729 3212 896 3254 postquam
928 3224 965 3245 ne
997 3214 1031 3245 in
1064 3213 1256 3246 violentiore
1286 3213 1356 3255 qui-

355 3258 428 3292 dem
451 3257 688 3290 eleetrizatione
712 3254 787 3288 satis
810 3253 869 3288 esse
894 3255 1006 3289 auxilii
1031 3265 1176 3296 expertus
1200 3256 1261 3290 est.
1288 3255 1356 3298 Ipse

348 3312 483 3345 'quoque
507 3308 611 3335 tamen
634 3298 775 3342 fatetur,
810 3298 938 3333 summae
970 3297 1026 3333 esse
1056 3299 1256 3335 difficultatis
1287 3299 1353 3334 suas

413 3582 428 3609 (
444 3582 454 3604 ι’
468 3581 482 3609 )
499 3588 522 3605 n.
540 3588 579 3605 ro.
599 3580 620 3604 8:
636 3579 699 3609 seqq‘.
764 3578 803 3609 (k
819 3578 832 3608 )
848 3586 871 3603 n.
888 3587 926 3608 40.
943 3578 965 3603 81
981 3579 1045 3608 seqq.

411 3611 569 3640 (m)0bs.
587 3611 653 3637 Med.
674 3612 697 3633 8.
717 3609 741 3639 §.
760 3618 783 3634 2.
845 3610 1016 3639 (n)n.38.

415 3643 430 3668 (
445 3650 458 3669 q
475 3642 487 3669 )
504 3644 584 3664 Mem.
602 3641 639 3664 sur
656 3640 769 3669 plusieurs
785 3639 898 3668 phenom.
913 3640 942 3664 de
958 3643 981 3664 la
999 3639 1078 3669 respir-
1096 3642 1117 3665 S,
1135 3650 1158 3671 4.

412 3671 473 3705 (s)
494 3674 568 3705 Toni.
588 3673 642 3695 1.1.
659 3681 683 3700 4.
701 3673 727 3695 S.
745 3680 767 3702 ς,
791 3670 813 3703 §.
831 3677 868 3698 η.
930 3671 1039 3702 (1)n.
1056 3680 1095 3701 45.
1113 3672 1135 3698 ὃ(
1155 3672 1217 3703 seqq.

412 3706 426 3728 «¹,
443 3709 458 3723 u
474 3702 487 3728 )
503 3702 573 3729 Epist.
591 3710 629 3730 ²4·
645 3709 670 3725 n.
689 3709 726 3730 33.

1076 3609 1243 3640 (0)subn.
1263 3619 1288 3641 9.

780 147 947 212 Liber
982 147 1043 196 V.
1078 147 1162 201 De
1195 149 1446 205 addendis
1478 149 1545 205 ad
1579 149 1760 207 Libros
1793 150 2075 218 superiores

1417 236 1491 260 cum
1514 225 1669 267 oppositis
1691 233 1743 261 tot
1766 224 1993 260 submersorum
2023 236 2106 268 >quos
2136 226 2198 262 Ars
2225 228 2379 263 excitavit
2399 233 2415 268 ;

1419 268 1703 303 Observationibus
1728 269 1774 301 ita
1796 269 1962 301 conciliare
1984 291 1993 307 ,
2017 279 2054 302 ut
2075 268 2293 304 conciliatoris
2314 293 2325 310 ‚
2358 282 2414 306 ne.

1418 311 1495 345 dum
1516 316 1706 355 {caeterorum
1728 334 1741 351 ‚
1768 312 1896 346 *animus
1921 311 2097 353 acquiescat
2118 334 2131 351 ,
2154 311 2331 354 cujusmodi
2351 315 2413 349 ali-

1414 364 1492 396 quas
1525 355 1558 388 in
1589 354 1653 387 suis
1686 353 1845 387 novillime
1873 353 1973 387 *editis
2004 349 2228 397 ·Phyfiologiae
2270 356 2413 391 Humani

1413 398 1571 440 Corporis
1592 398 1770 432 Elementis
1794 397 1848 440 (s)
1869 399 1953 431 inter
1974 406 2159 440 argumenta
2181 409 2240 441 pro
2263 411 2294 431 re
2315 412 2412 442 quam

1416 441 1464 476 ibi
1488 441 1602 475 metat
1617 463 1626 479 ‚
1651 442 1739 475 ultro
1760 441 1930 483 producit.
2106 442 2412 484 Interexperimenta

1416 494 1521 517 autem
1542 495 1610 527 quae
1634 484 1671 518 ad
1694 494 1761 517 eam
1785 486 1920 517 attinent
1943 482 2208 522 controversiam,
2240 496 2313 520 curn
2347 487 2408 522 alia

1411 527 1568 561 addiderit
1591 526 1627 560 ad
1653 528 1783 560 alteram
1808 527 1977 569 speerantia
2000 551 2010 567 ,
2034 527 2184 561 videlicet
2207 538 2245 561 ex
2267 531 2412 562 natanti-

1410 571 1467 603 bus
1491 572 1524 603 in
1547 581 1624 613 aqua
1647 569 1746 606 foetus
1770 569 1973 612 pulmonibus
1997 571 2079 604 reete
2101 580 2272 613 arguatur,
2304 574 2411 606 vivum

1410 612 1466 647 esse
1489 613 1631 651 editum,
1656 624 1694 646 an
1719 613 1803 649 secus
1824 624 1837 653 ,-
1860 612 1927 647 haec
1948 614 2044 647 etiam
2068 615 2165 647 velim
2188 636 2199 652 ,
2222 616 2255 646 δε
2277 626 2348 657 quae
2372 627 2412 650 ex

1409 655 1459 691 his
1482 657 1631 694 deducit,
1655 656 1812 692 attendas.
1837 657 1981 690 Invenies
2006 658 2091 691 enim
2112 657 2198 699 quod
2219 657 2259 690 iis
2282 656 2412 699 adjicias

1416 712 1488 743 quae
1511 700 1548 734 de
1570 709 1665 733 cauto
1686 699 1773 734 istius
1796 699 2070 741 Medico-Legalis
2103 701 2322 742 Experimentj
2352 702 2413 736 ¹usu

1417 742 1456 776 ad
1477 753 1506 776 te
1529 742 1637 786 scripsi
1661 743 1807 785 Epistola
1831 743 1938 776 eadem
1960 743 2051 785 XIX.
2075 746 2137 785 (t)
2158 741 2219 777 five
2252 755 2326 780 curn
2350 744 2413 779 sce!

1417 796 1488 821 tum
1508 786 1597 829 cujus
1618 786 1748 819 cadaver
1770 786 1918 820 invaserit
1954 785 2089 828 putredo
2110 811 2121 827 ,
2153 787 2289 829 spectavi
2310 809 2321 825 ,
2352 787 2413 820 live

1409 841 1482 865 cum
1515 831 1620 873 ipsum
1658 831 1741 863 inter
1773 828 1951 864 exeundum
1982 841 1998 862 e
2032 831 2185 863 maternis
2207 831 2287 863 locis
2310 841 2412 869 aerem

1409 875 1640 916 inspirantem,
1663 873 1773 914 ibique
1797 881 1994 913 mortuum,
2025 873 2084 906 five
2116 872 2244 907 demum
2276 875 2327 909 cui
2353 885 2408 916 pet

1408 929 1444 951 os
1467 929 1517 951 aer
1541 915 1694 952 immissus
1716 915 1836 955 fuerit;
1859 915 2083 955 animadvertes
2106 918 2191 950 enim
2213 916 2252 951 de
2276 926 2326 951 tot
2348 918 2412 951 foea

1406 970 1499 995 tuum
1531 960 1651 994 inflatis
1683 959 1887 1002 pulmonibus
1919 961 1973 993 vix
2006 971 2070 993 uno
2107 961 2248 1004 insagno
2271 961 2409 1003 exprimi

1406 1016 1508 1038 aerem
1528 1002 1682 1048 potuisse,
1709 1012 1744 1036 ut
1767 1003 1903 1044 amplius
1920 1013 1991 1037 —non
2013 1012 2177 1038 natarent.
2307 1005 2413 1037 Caete-

1409 1059 1464 1088 ra,
1487 1051 1518 1081 &
1542 1046 1634 1089 fiquae
1658 1047 1718 1080 alia
1743 1047 1780 1079 ad
1805 1046 1969 1088 pulmones
1993 1048 2130 1080 attinent
2155 1047 2223 1085 ‚rin
2246 1046 2411 1089 praesentia

1405 1093 1612 1125 omittimus.
1631 1091 1704 1134 Jam
1727 1091 1811 1122 enim
1834 1090 1870 1123 ad
1895 1090 1954 1123 alia
1977 1089 2016 1123 de
2038 1090 2153 1133 quibus
2174 1091 2264 1137 plura
2278 1090 2413 1124 scriben-

1408 1135 1447 1169 da
1471 1135 1563 1170 sunt,
1590 1133 1622 1167 id
1646 1132 1687 1167 est
1710 1131 1746 1166 ad
1770 1133 1910 1170 cordis,
1942 1134 2201 1177 Magnorumque
2221 1145 2287 1176 ejus
2310 1134 2413 1168 Vaso-

1410 1189 1480 1212 rum
1504 1176 1682 1211 affeffiones
1704 1175 1915 1215 transeamus,
1938 1186 2092 1218 oportet,
2123 1189 2139 1210 a
2173 1175 2313 1222 Pulsibus
2348 1179 2413 1211 ini-

1411 1223 1495 1256 tium
1517 1221 1664 1254 ducentes
1678 1243 1687 1258 ,
1711 1222 1743 1252 &
1765 1230 1782 1252 a
1806 1219 1963 1252 rariffirnis
1985 1220 2112 1262 quidem
2135 1220 2200 1253 illis
2220 1226 2314 1261 *quos
2337 1233 2411 1255 curn

1410 1266 1445 1298 in
1470 1267 1545 1297 Sene
1568 1275 1656 1296 ame
1680 1271 1845 1306 perceptos
1867 1262 2040 1297 indicarem
2062 1266 2077 1302 (
2096 1275 2117 1296 u
2138 1267 2173 1304 >3
2194 1263 2263 1297 fieri
2289 1263 2375 1306 posse
2400 1289 2411 1305 ,

1408 1307 1490 1346 dixi,
1503 1317 1538 1343 ut
1562 1307 1685 1350 plenam
1709 1306 1775 1348 ejus
1798 1305 2165 1349 aliquandohistoriam,
2186 1306 2318 1351 idquod
2330 1318 2412 1341 nunc

1407 1352 1516 1390 facio,
1541 1352 1578 1384 ad
1601 1361 1630 1383 te
1654 1353 1836 1383 mitterem.

1453 1407 1482 1438 5.
1505 1394 1779 1429 MERCATOR
1802 1401 1869 1426 erat
1892 1393 2016 1426 Patavii
2038 1404 2136 1427 annos
2160 1402 2252 1428 natus
2274 1403 2412 1437 quatuor

1406 1444 1436 1474 &
1461 1439 1645 1480 sexaginta,
1667 1435 1819 1479 quadrata
1841 1437 1956 1470 statura
1970 1459 1981 1477 ,
2004 1439 2037 1470 &
2060 1437 2179 1477 obeso,
2213 1448 2277 1470 non
2301 1447 2409 1471 tamen

1406 1484 1567 1521 nimium,
1590 1481 1734 1523 corporis
1757 1478 1888 1514 habitu.
1913 1481 1945 1513 Is
1967 1479 2049 1513 olim
2073 1480 2253 1522 rheumati,
2284 1484 2316 1514 ὃς
2340 1492 2412 1514 ner·

1404 1538 1516 1561 vorum
1540 1523 1815 1558 contractionibus
1844 1534 1919 1557 cum
1950 1522 2022 1557 esset
2045 1524 2204 1558 obnoxius
2227 1547 2240 1564 ,
2272 1523 2411 1559 Medicis

1403 1570 1532 1603 ‚auxiliis
1557 1567 1680 1601 sanatus
1704 1565 1807 1600 fuerat
1831 1588 1840 1604 ‚
1863 1577 1899 1600 ut
1921 1568 2064 1610 quamvis
2087 1567 2229 1609 pluribus
2252 1591 2264 1607 ,
2298 1568 2412 1601 variis-

1404 1625 1465 1656 que
1487 1613 1624 1653 negotiis
1636 1610 1747 1644 allidue
1769 1609 1992 1648 distineretur,
2014 1610 2130 1644 valeret
2156 1620 2259 1644 tamen
2283 1611 2321 1646 ad
2344 1623 2411 1645 eam

1405 1657 1501 1699 usque
1525 1664 1649 1688 aetatem
1671 1665 1742 1696 quae
1765 1653 1865 1688 modo
1887 1653 2026 1687 indicata
2049 1652 2092 1686 est
2113 1677 2123 1694 ,
2155 1665 2231 1688 cum
2253 1655 2411 1697 improvi-

1408 1701 1442 1733 io
1466 1711 1500 1731 ea
1525 1697 1706 1731 acciderunt
1729 1717 1740 1734 ‚
1765 1696 1847 1730 unde
1869 1696 2143 1730 vehementiffimis
2167 1699 2264 1730 animi
2287 1697 2409 1732 affeffl-

1406 1743 1463 1776 bus
1486 1752 1629 1779 terrore,
1652 1740 1791 1779 timore,
1814 1740 1926 1782 iraque
1948 1739 2083 1781 deinde,
2106 1742 2138 1773 δε
2161 1740 2312 1775 moestitia
2336 1753 2409 1774 cor-

1407 1789 1581 1828 riperetur.
1607 1784 1717 1817 Paucis
1741 1782 1811 1824 post
1834 1782 1900 1816 haec
1923 1781 2055 1822 diebus,
2078 1783 2215 1825 quadarn
2237 1785 2405 1826 ingruente

1408 1828 1494 1872 quasi
1529 1828 1685 1869 vertigine
1707 1849 1716 1864 ‚
1742 1825 1860 1859 cecidit
1884 1849 1892 1857 .
1933 1825 2087 1859 Postridie
2125 1836 2232 1860 autem
2265 1827 2410 1861 motibus

1406 1871 1596 1906 convulfivis
1617 1882 1690 1904 curn
1712 1868 1854 1909 insultu,
1876 1868 2169 1912 epilepticifimili,
2190 1871 2297 1904 vexari
2343 1882 2413 1904 coe—
2463 1885 2467 1892 ’

1407 1918 1478 1959 pit.
1502 1917 1534 1948 Is
1557 1924 1621 1952 erat
1644 1914 1768 1950 brevis,
1793 1912 1843 1946 sed
1868 1912 2038 1956 frequens,
2061 1916 2093 1947 &
2117 1913 2260 1948 rudibus
2284 1912 2411 1951 foetidis

1407 1959 1645 2001 erumpentibus
1668 1957 1842 1990 solvebatur
1864 1979 1876 1996 ,

1409 2003 1544 2040 rubore,
1567 2000 1729 2034 interdum
1753 2000 1899 2041 pallore,
1922 1998 2009 2032 sensu
2030 2009 2135 2033 autem
2159 2001 2306 2042 angustiae
2343 2001 2415 2035 fau-

1407 2047 1518 2085 cium,
1539 2047 1572 2078 &
1597 2043 1765 2077 ventriculi
1789 2053 1942 2085 perpetuo
1966 2044 2093 2084 gravis.
2117 2045 2219 2076 Erant
2243 2044 2350 2087 pulsus
2373 2056 2414 2077 eo

1408 2099 1553 2130 tempore
1576 2087 1675 2121 validi
1699 2085 1848 2129 quidem,
1873 2085 1922 2119 sed
1946 2085 2040 2125 duri,
2063 2089 2095 2119 &
2118 2087 2181 2119 rari
2207 2099 2216 2120 .·
2251 2087 2336 2121 alvus
2359 2099 2415 2122 ati-‘-

1407 2142 1494 2172 tem,
1517 2134 1549 2164 &
1572 2129 1667 2163 vesica
1691 2140 1841 2172 perpauca
1864 2128 2034 2163 reddebant
2058 2153 2067 2160 .
2092 2129 2230 2164 Medicis
2251 2129 2315 2174 jam
2340 2120 2438 2165 inde·

1409 2188 1426 2209 a
1450 2174 1613 2217 principio
1647 2174 1791 2216 repetitis
1822 2172 1985 2215 sanguinis
2017 2172 2270 2208 detractionibus
2302 2170 2433 2209 frustra'

1407 2218 1489 2257 usis,
1513 2217 1596 2250 visus
1620 2217 1662 2250 est
1686 2216 1812 2250 morbus
1834 2227 1851 2249 a
1877 2216 2055 2249 ventriculo
2087 2217 2218 2258 pendere
2243 2240 2256 2258 ,
2287 2218 2415 2260 praesera

1408 2263 1470 2296 tim
1495 2272 1567 2294 cum
1590 2272 1670 2302 aeger
1692 2259 1857 2293 adventare
1884 2259 2019 2294 insultus
2050 2272 2088 2294 ex
2111 2258 2198 2295 sensu
2222 2260 2304 2295 furni
2328 2252 2429 2304 quas?

1407 2304 1591 2348 cujusdam,
1616 2305 1653 2337 ab
1678 2302 1934 2345 hypochondriis
1958 2302 2178 2343 ascendentis,
2198 2304 2413 2348 praesentiret.

1410 2350 1518 2391 Igitur
1541 2357 1652 2390 praeter
1674 2345 1838 2379 blandiora
1863 2346 2004 2380 adversus
2026 2346 2207 2389 epileptiam
2241 2347 2379 2382 remedia
2401 2371 2412 2388 ‚

1407 2393 1532 2426 lenibus
1553 2391 1764 2432 eccoproticis
1787 2391 1999 2424 ventriculum
2035 2401 2088 2432 per
2109 2392 2275 2425 intervalla
2305 2390 2421 2435 repur.?

1408 2447 1481 2479 gare
1504 2459 1516 2475 ‚
1549 2433 1694 2467 intestina
1726 2442 1831 2467 autem
1864 2433 2220 2477 quotidieclysterum
2254 2445 2315 2478 ope
2349 2432 2414 2469 stuss

1409 2479 1544 2513 duerunt
1569 2502 1576 2509 .

1408 2523 1515 2555 oleum
1546 2520 1611 2553 fuit
1635 2531 1675 2552 ex
1706 2520 1854 2553 dulcibus
1878 2519 2053 2562 amygdalis
2077 2531 2179 2555 recens
2202 2520 2377 2563 expressum
2399 2545 2412 2563 ‚

1409 2577 1473 2608 quo
1505 2562 1682 2597 identidem
1717 2563 1888 2597 utebantur
1911 2588 1919 2595 .
1954 2564 2075 2597 Verum
2106 2575 2180 2597 cum
2213 2576 2295 2607 aeger
2330 2575 2412 2599 nun-

1407 2619 1504 2652 quam
1537 2605 1665 2640 fortasse
1689 2607 1800 2640 melius
1825 2618 1918 2648 quarn
1941 2606 1992 2646 die
2015 2606 2053 2639 ab
2081 2607 2184 2641 initio
2217 2608 2323 2641 morbi
2361 2610 2409 2641 vi-

1407 2650 1527 2694 gesimo
1557 2650 1695 2692 septimo
1726 2648 1865 2682 habuisse
1899 2648 2057 2683 videretur
2083 2675 2093 2690 ,
2136 2650 2273 2685 insultus
2309 2676 2320 2692 ,
2353 2653 2412 2694 qui

1407 2694 1569 2728 nonnullis
1593 2702 1664 2726 ante
1685 2692 1794 2727 diebus
1818 2692 1983 2726 abfuerant
2003 2715 2014 2731 ,
2058 2704 2096 2727 eo
2131 2693 2201 2736 ipso
2231 2693 2284 2728 die
2316 2694 2412 2729 vehe-

1405 2748 1524 2772 mentes
1548 2737 1629 2770 adeo
1651 2736 1811 2770 redierunt
1835 2758 1844 2773 ‚
1875 2746 1911 2770 ut
1936 2744 2047 2777 praeter
2068 2745 2181 2770 caetera
2218 2750 2290 2781 quae
2323 2737 2413 2772 dieta

1411 2782 1482 2816 sunt
1504 2805 1517 2822 ,
1549 2778 1660 2813 exinde
1683 2791 1762 2822 aeger
1785 2779 1893 2813 cibum
1925 2790 2144 2822 quemcunque
2176 2781 2311 2815 aversari
2345 2793 2412 2815 coe·

1412 2826 1494 2868 perit
1518 2848 1527 2863 ,
1561 2823 1720 2865 sumptum
1744 2824 1870 2856 vomitu
1895 2822 2023 2856 subinde
2046 2823 2171 2865 rejicere
2192 2848 2206 2865 ,
2238 2827 2270 2858 ὃ(
2293 2823 2413 2868 fingul-

1410 2879 1447 2902 tu
1481 2869 1620 2907 vexari,
1665 2869 1695 2899 δι
1729 2865 1863 2901 foetente
1907 2865 2012 2900 halitu
2044 2865 2101 2900 esse
2125 2890 2135 2906 ,
2189 2871 2221 2901 &
2266 2870 2410 2911 quamvis

1410 2913 1495 2946 nulla
1530 2921 1667 2954 unquam
1712 2908 1783 2943 esset
1828 2909 2045 2952 respirationis
2088 2909 2260 2946 difficultas
2285 2937 2296 2953 ,
2338 2910 2412 2955 spu-

1410 2965 1443 2988 ta
1477 2955 1554 2997 saepe
1586 2963 1714 2987 cruenta
1738 2978 1747 2992 ,
1780 2956 1812 2987 &
1838 2952 1965 2995 putrida
1999 2952 2124 2988 reddere
2148 2979 2157 2991 ,
2202 2956 2278 2989 Huc
2311 2954 2412 2989 acces-

1412 2999 1514 3032 serunt
1550 2997 1673 3031 sudores
1697 2995 1876 3038 algentibus
1899 2998 2046 3031 extremis
2079 2999 2224 3041 corporis
2247 2998 2409 3042 partibus,

1412 3045 1445 3077 &
1476 3041 1651 3076 identidem
1687 3040 1866 3082 vaniloquia
1898 3063 1905 3072 .
1957 3041 2013 3072 Per
2042 3041 2110 3075 haec
2144 3042 2242 3076 modo
2285 3044 2412 3086 gravio-

1412 3097 1445 3118 ra
1469 3107 1478 3122 ‚
1523 3084 1618 3118 modo
1663 3086 1793 3118 mitiora
1838 3084 1875 3118 ad
1920 3082 2005 3117 diem
2051 3084 2157 3118 morbi
2188 3095 2321 3121 ventum
2365 3085 2407 3119 est

1406 3127 1602 3171 trigesimum
1647 3136 1795 3170 quartum
1821 3139 1830 3162 .·
1874 3137 1972 3169 eoque
2018 3126 2069 3161 die
2114 3128 2277 3171 postquam
2301 3140 2413 3163 cruen-

1407 3182 1438 3204 ta
1462 3195 1475 3212 ,
1519 3171 1667 3214 grumosa
1711 3193 1724 3211 ‚
1769 3173 1801 3203 &
1844 3171 1970 3212 putrida
2014 3195 2028 3213 ‚
2071 3172 2171 3208 trium
2215 3171 2312 3206 ferme
2355 3183 2413 3205 un-

1407 3216 1530 3248 ciarum
1563 3214 1697 3256 ponelere
1721 3237 1735 3253 ,
1780 3212 1850 3249 sunt
1893 3213 2015 3257 dejec‘ta
2037 3237 2047 3254 ,
2092 3217 2209 3248 mirum
2252 3217 2285 3249 in
2331 3226 2405 3248 mo-

1408 3258 1484 3292 dum
1529 3257 1632 3292 sedata
1665 3257 1735 3290 sunt
1769 3259 1875 3291 omnia
1898 3281 1912 3299 ,
1958 3269 2014 3292 nec
2057 3257 2163 3302 pulsus
2207 3257 2375 3293 dumtaxat
2399 3282 2408 3296 ‚

1407 3303 1535 3336 raritate
1576 3325 1590 3342 ,
1655 3303 1687 3335 ὅ(
1730 3298 1849 3336 duritie
1894 3301 2035 3345 deposita
2078 3324 2092 3342 ,
2149 3302 2188 3336 ad
2231 3302 2407 3379 natuhalem

2339 3356 2371 3379 a·

1112 3579 1120 3608 (
1134 3581 1144 3605 l
1160 3580 1175 3609 )
1191 3580 1252 3607 Sess.
1271 3587 1291 3604 1.
1308 3581 1360 3606 Vid.
1377 3581 1438 3606 Hist.
1451 3582 1480 3606 de
1496 3581 1595 3607 I'Acnd.
1612 3583 1640 3609 R.
1657 3582 1697 3607 des
1713 3584 1750 3608 Se.
1767 3583 1796 3609 de
1812 3583 1902 3610 Berlin.
1918 3583 1948 3609 A.
1966 3588 2037 3615 1755·

1224 3644 1239 3672 (
1250 3650 1262 3666 r
1277 3642 1293 3674 2
1306 3647 1333 3667 ut
1348 3612 1420 3669 inseri
1431 3621 1520 3675 &mise
1539 3642 1634 3670 Pathol.
1651 3642 1712 3670 obs,
1728 3647 1767 3670 6².
1818 3665 1821 3668 ,

1908 1954 2112 1998 subsequente
2134 1955 2228 1990 faciei
2251 1952 2445 1991 interdum·

1611 2478 1644 2509 Si
1675 2476 1754 2519 quid
1785 2488 1859 2510 vero
1895 2478 1996 2509 morbi
2030 2475 2184 2511 saevitiern
2217 2479 2379 2521 mitigavit
2400 2502 2411 2517 ,
2461 2486 2469 2495 '
