2498 4075
482 294 634 355 Epist.
669 295 832 348 Anat.
867 293 1083 349 Medica
1118 293 1285 349 LXV.
1318 294 1441 348 Art.
1471 311 1516 357 7.
1535 296 1718 360 8.&9.

95 385 150 408 nec
176 372 239 407 sine
263 373 435 417 sanguine,
457 376 488 406 &
511 384 610 414 pravo
641 371 769 411 ichore‚
792 376 824 407 &
849 373 1018 416 praegresiis
1040 375 1091 407 in-

96 416 201 450 testini
226 415 366 458 ejusdem
400 416 622 450 molestisfimis
654 417 820 451 doloribus
854 416 1011 451 excussam
1043 419 1089 450 ita

91 470 129 493 ut
153 460 259 502 postea
285 460 374 493 sanus
397 459 464 501 ipse
489 462 606 493 vixerit
631 460 670 492 ab
698 463 739 492 A.
767 471 858 501 1729.
883 458 920 493 ad
951 461 1085 494 initium

91 505 134 536 A.
151 504 242 546 1748.
267 504 364 538 Nunc
379 502 461 535 addo
473 526 482 540 ‚
508 503 545 535 ad
556 513 674 536 annum
686 503 782 545 usque
793 500 902 536 vixisse
917 505 1006 546 1758.
1018 515 1085 546 quo

90 547 185 589 longe
207 546 272 579 alio
291 572 298 585 ,
321 546 354 579 id
369 545 410 579 est
422 546 587 586 thoracis,
612 547 727 579 morbo
737 546 942 587 absumptum
956 547 1081 582 audivi.

218 588 289 622 Cur
313 601 388 623 vero
410 587 492 621 nihil
526 599 676 630 praeterea
711 590 750 622 ad
783 590 897 629 Viri,
928 593 960 624 &
996 594 1087 624 Anus

90 633 267 676 propositas
300 632 547 666 Observationes
570 632 720 666 adnotem
742 657 753 674 ‚
785 631 877 666 facile
898 635 1051 677 intelligis
1072 655 1086 672 ‚

87 678 144 719 qui
170 676 376 718 repetitiones
400 685 558 718 quantum
592 675 736 714 oderim,
760 674 856 713 scias,
878 679 911 710 δε
942 689 1013 719 quae
1045 677 1084 710 de

87 720 208 754 morbis
230 720 324 760 hujus
347 718 468 761 generis
492 717 528 751 ad
553 729 585 752 te
609 720 685 752 alias
709 718 888 760 scripserim
916 720 969 762 (p
992 724 1024 759 )‚
1041 720 1084 752 sa-

87 765 129 797 tis
145 787 153 800 ,
175 773 210 797 ut
234 764 374 804 opinor,
399 764 553 795 memoria
577 772 705 796 teneas.
730 763 830 804 Qod
862 762 900 796 de
925 764 1083 806 plerisque

85 809 183 841 etiam
209 807 278 840 aliis
300 806 421 840 dicium
446 813 547 847 puta,
579 806 637 848 qui
671 803 755 838 infra
788 806 1050 840 memorabuntur
1074 830 1082 837 .

216 850 377 891 Praecipue
409 848 448 881 de
481 851 548 881 Ani
585 858 654 882 tum
689 847 979 891 Imperforatione,
1010 860 1081 883 tum

88 893 240 935 Prolapsu
264 892 345 925 nihil
370 891 471 925 habeo
492 891 580 933 quod
604 892 737 928 addam,
760 892 818 924 nisi
842 892 929 933 quod
953 894 991 927 de
1024 893 1080 925 illa

83 948 184 979 nuper
206 936 268 977 legi
291 936 343 968 Cl.
373 935 454 968 Phil.
478 933 623 977 Adolphi
651 934 821 968 Boehmeri
855 940 865 974 (
889 947 908 977 q
929 938 941 972 )
973 938 1006 968 in
1030 947 1080 969 re-

84 991 155 1013 cens
178 980 257 1012 editi
280 977 414 1012 infantis
436 977 584 1011 cadavere
608 978 904 1018 Observationem,
925 980 978 1012 cui
1003 990 1079 1019 pro-

84 1033 155 1065 pter
178 1022 326 1064 podicem
360 1021 607 1064 imperforatum
639 1023 825 1059 acciderat,
859 1031 894 1055 ut
926 1033 966 1056 ex
998 1022 1078 1056 coli

83 1065 227 1099 intestini
251 1074 359 1108 parte,
382 1064 528 1108 sphacelo
550 1074 717 1107 correpta,
749 1068 779 1099 &
818 1070 911 1107 rupta
946 1074 1074 1099 tantum

83 1110 222 1144 meconii
248 1109 483 1149 effunderetur,
505 1116 542 1142 ut
567 1110 728 1143 tumidum
751 1107 865 1146 valde,
891 1121 926 1142 ac
957 1108 1073 1150 durum

82 1152 155 1186 ess‘et
188 1152 375 1186 abdomen:
412 1152 537 1194 legique
568 1153 649 1185 item
670 1155 712 1191 jn
748 1153 860 1193 Regiae
893 1152 1073 1185 Parisiensis

82 1197 298 1230 Scientiarum
331 1195 514 1229 Academiae
545 1195 693 1228 Historia
726 1195 812 1237 (r)
854 1193 1075 1229 diffeffionem

81 1241 217 1273 triennis
240 1240 353 1280 pueri,
376 1239 434 1281 qui
457 1250 511 1281 per
534 1238 696 1272 urethram
730 1241 763 1271 in
795 1249 891 1281 quam
934 1239 1073 1272 Refium

79 1280 269 1316 intestinum
291 1281 473 1317 desinebat,
496 1280 592 1323 hujus
622 1291 819 1315 recrementa
845 1281 966 1323 semper
996 1284 1078 1314 emi-

80 1326 184 1366 serat,
208 1326 397 1365 causamque
420 1325 576 1358 ostensam
606 1337 663 1359 cur
698 1325 766 1358 haec
795 1324 924 1359 demum
957 1333 1076 1358 retenta

79 1367 223 1403 fuerant:
248 1369 302 1403 De
325 1370 392 1402 Ani
416 1378 520 1402 autern
546 1368 695 1411 Prolapsu
720 1367 752 1402 id
775 1369 861 1411 quod
887 1367 966 1402 mihi
1000 1368 1082 1401 Illu-

78 1412 150 1445 stris
173 1412 326 1446 Hallerus
350 1422 404 1453 per
427 1412 550 1445 litteras
575 1423 657 1444 anno
681 1411 770 1444 datas
798 1411 888 1453 1758.
925 1412 969 1443 V.
1003 1411 1080 1445 Kal.

80 1456 247 1490 Februarii
270 1454 484 1497 significavit,
516 1455 569 1488 hic
601 1455 663 1487 tibi
696 1454 833 1488 fideliter
866 1453 1043 1488 describam
1069 1479 1077 1486 .

79 1522 105 1539 2,
130 1499 314 1533 Miris-icum
349 1509 450 1539 nuper
482 1497 547 1531 vidi
581 1496 791 1540 spectaculum
818 1520 830 1536 ,
860 1499 987 1539 inquit,
1022 1498 1080 1530 vix

76 1565 100 1581 ‚‚
124 1542 302 1576 crediturus
326 1542 437 1579 alteri,
463 1540 648 1583 prolapsum
672 1553 784 1582 nempe
807 1540 962 1574 craffioris
994 1541 1080 1573 inte-

77 1609 98 1625 ,‚
123 1586 223 1625 stim,
245 1587 278 1620 in
315 1597 381 1627 quo
413 1584 513 1627 ipsam
549 1583 614 1616 coli
649 1585 810 1619 valvulam
846 1582 1000 1617 facillime
1031 1583 1082 1616 di-

75 1653 99 1670 „
125 1629 359 1671 gnoscendam,
386 1630 417 1662 δι
441 1636 604 1669 patentem
627 1628 749 1661 videres
766 1651 773 1657 ·
799 1627 990 1661 Ruberrima
1015 1637 1081 1660 erat

76 1697 102 1713 „
126 1673 238 1706 villosa
263 1673 397 1709 tunica,
420 1671 572 1712 nitroque
596 1671 763 1713 conspersa,
781 1669 951 1704 humorem
988 1669 1082 1703 suda-

78 1738 103 1757 ,‚
128 1715 184 1748 bat
207 1738 218 1753 ,
253 1723 405 1747 caeterum
427 1714 563 1750 immota
579 1736 586 1741 -
613 1713 768 1747 vetustus
793 1712 921 1747 morbus
932 1712 1081 1747 est:fru-

80 1782 108 1800 >³
132 1758 192 1791 stra
214 1757 388 1800 repositum
412 1756 620 1796 intestinum,
642 1769 717 1790 cum
732 1756 901 1798 chirurgus
916 1757 1080 1790 ventricu-

83 1824 107 1840 ,‚
132 1801 198 1835 lum
221 1813 275 1843 per
296 1802 392 1834 colon
417 1798 588 1842 palpasset.
613 1801 699 1833 Solet
723 1799 854 1833 subinde
879 1800 986 1832 elabi.
1012 1823 1034 1837 ‚,

123 1856 152 1886 7.
182 1846 233 1877 Ad
256 1843 484 1877 Intestinorum
509 1852 615 1876 autem
648 1843 806 1877 Dolorem
831 1867 840 1882 ,
873 1852 968 1885 atque
1002 1844 1079 1876 adeo

78 1889 116 1922 ad
143 1889 276 1922 Iliacam
301 1887 474 1920 Paffionem
498 1887 614 1920 attinet
649 1887 701 1919 Cl.
729 1885 977 1920 Kaltschmidtii
1003 1889 1082 1919 Pro-

76 1942 221 1974 gramma
247 1931 328 1974 (s),
349 1929 438 1973 quod
460 1939 493 1963 te
515 1929 623 1972 legisse
648 1940 712 1962 non
746 1930 923 1972 poenitebit
946 1955 955 1964 .
989 1930 1081 1963 Nam

74 1985 287 2018 praeterquam
310 1972 399 2016 quod
423 1981 531 2005 totum
557 1973 778 2007 intestinorum
794 1975 931 2007 tracium
950 1972 1081 2007 inflam-

79 2028 203 2052 matum
227 2019 351 2052 invenit
375 2039 387 2056 ‚
420 2016 532 2058 ibique
569 2018 672 2058 magis
706 2016 762 2050 ubi
801 2028 899 2059 prope
935 2015 1080 2050 Baubini

74 2062 234 2095 valvulam
257 2070 326 2094 erat
353 2060 457 2093 Ileum
480 2060 688 2093 dilaceratum
704 2081 712 2096 ,
735 2060 796 2094 hoc
820 2061 883 2093 alvi
898 2071 1077 2094 recremen-

76 2107 119 2137 tis
144 2115 207 2138 non
231 2117 269 2137 eo
291 2113 417 2136 tantum
441 2104 536 2143 loco,
562 2102 615 2136 sed
648 2102 685 2135 ad
719 2103 802 2136 ulnae
835 2103 1075 2145 longitudinem

77 2148 203 2189 prorsus
226 2147 422 2181 obstruifftum
448 2145 554 2185 vidit,
578 2156 643 2179 tam
665 2144 774 2186 duris,
798 2156 834 2180 ut
858 2148 981 2188 argenti
1005 2148 1075 2181 vivi

73 2191 156 2224 libra
181 2203 265 2231 una,
288 2202 375 2232 aegro
398 2190 491 2225 data,
515 2201 571 2231 per
594 2202 628 2223 ea
662 2189 721 2233 sibi
759 2191 843 2221 viam
876 2189 977 2223 facere
1009 2202 1074 2223 nori

74 2236 238 2273 potuerit,
263 2233 387 2275 aliaque
410 2232 536 2274 insuper
560 2232 753 2270 adnotavit,
776 2236 806 2265 ἃ
829 2234 862 2266 in
875 2232 923 2266 his
945 2233 1072 2268 causam

72 2277 165 2311 famis
191 2286 303 2319 praeter
327 2286 473 2309 naturam
496 2287 558 2317 qua
582 2275 694 2318 saepius
717 2276 816 2309 homo
839 2285 974 2310 vexatus
1000 2277 1073 2310 fue-

71 2330 143 2360 rat,
166 2321 317 2363 pylorum
341 2320 488 2353 videlicet
510 2319 609 2360 duplo
644 2331 739 2361 quam
773 2319 870 2352 soleat
892 2343 902 2359 ,
934 2322 1072 2361 amplio-

72 2375 140 2397 rem
156 2389 164 2397 .
294 2363 367 2396 Nos
389 2364 445 2405 qui
470 2362 508 2396 de
532 2364 632 2396 lliaca
658 2362 795 2396 Paffione
821 2362 911 2403 plura
936 2364 1011 2397 alias
1032 2364 1071 2398 ad

70 2417 101 2440 te
124 2405 265 2442 misimus
284 2432 294 2446 ‚
333 2418 415 2440 nunc
449 2405 487 2438 de
520 2406 743 2440 intestinorum
775 2405 943 2440 doloribus
974 2418 1070 2440 unam

70 2450 239 2484 dumtaxat
264 2449 534 2484 Observationem
565 2449 717 2483 addemus
737 2472 750 2489 ,
795 2461 891 2491 quam
924 2451 957 2482 in
993 2451 1069 2491 Gy-

72 2495 192 2527 mnasio
216 2495 354 2535 pariter,
378 2494 490 2527 eodem
514 2494 587 2525 anni
613 2503 755 2536 tempore
780 2505 813 2526 ac
825 2494 989 2535 priorem,
1018 2493 1067 2527 sed

70 2549 154 2571 anno
177 2538 365 2579 insequente
392 2547 483 2580 1754.
509 2536 698 2570 habuimus.

108 2580 137 2614 8.
148 2580 372 2614 ANICULA
388 2580 438 2613 sex
450 2584 479 2613 Sc
493 2581 658 2622 octoginta
672 2591 768 2613 annos
782 2591 946 2623 nata‚quae
963 2592 1067 2623 coqua

68 2623 155 2656 olim
179 2624 304 2663 fuerat,
327 2624 512 2666 quindecim
535 2623 597 2665 jam
619 2623 970 2657 mensesomnimodam
995 2636 1065 2664 per-

67 2669 186 2700 tulerat
207 2666 536 2700 artuuminferiorum
563 2667 896 2709 paralysim,quorum
910 2667 1067 2701 mensium

70 2719 133 2743 tres
156 2712 289 2744 ultimos
311 2712 343 2742 in
369 2710 571 2744 Nosocomio
595 2712 701 2751 exegit
718 2736 727 2749 ‚
750 2722 823 2743 cum
857 2711 904 2744 ibi
938 2711 1067 2744 tandem

70 2764 163 2786 acuta
186 2753 289 2789 febri,
313 2756 344 2785 &
367 2754 477 2800 dolore
502 2755 559 2789 sub
582 2755 711 2796 regione
736 2753 1064 2795 hypochondriorum

69 2807 136 2829 non
158 2797 222 2829 fine
246 2807 358 2837 magna
383 2796 458 2836 siti,
481 2800 512 2830 &
547 2808 701 2839 genarum
734 2799 850 2831 rubore
881 2806 1028 2837 correpta
1054 2823 1064 2837 ,

68 2837 119 2872 his
143 2839 294 2873 omnibus
320 2838 555 2880 perstantibus,
588 2842 672 2873 intra
702 2840 767 2873 dies
800 2840 922 2883 septem
956 2843 1062 2874 vivere

70 2882 164 2916 desiit
180 2908 187 2915 .
319 2882 560 2916 AssDOMEN
584 2885 719 2917 exterius
751 2882 911 2926 aspectum
934 2908 943 2923 ‚
979 2883 1062 2917 nihil

70 2927 170 2967 vitii,
191 2926 248 2960 nisi
274 2937 405 2967 parvum
429 2926 465 2960 ad
490 2928 623 2961 alterum
649 2928 764 2967 inguen
789 2936 946 2961 tumorem
960 2928 1065 2961 osten-

70 2969 140 3002 dit:
163 2982 259 3012 quem
285 2980 342 3011 pro
365 2969 474 3003 hernia
496 2969 617 3008 habui,·
641 2981 695 3002 nec
719 2970 868 3011 deceptus
893 2972 982 3010 sutn5
1014 2973 1065 3003 in-

69 3011 175 3046 testini
201 3015 285 3046 enim
320 3014 505 3054 particulam
539 3015 702 3046 continere
735 3024 809 3046 mox
844 3014 912 3047 vidi
938 3027 947 3045 .·
982 3016 1063 3054 quin

70 3058 168 3090 etiam
191 3068 249 3099 pro
271 3056 392 3089 doloris
416 3056 506 3090 causa
529 3055 729 3096 habuissem,
764 3055 785 3088 si
819 3068 959 3100 unquam
996 3070 1065 3090 mu-

69 3100 149 3138 lier,
173 3099 345 3141 praesertim
369 3110 442 3132 cum
465 3100 518 3133 ille
544 3101 664 3134 saeviret
688 3123 697 3136 ‚
728 3098 766 3132 de
790 3111 828 3134 eo
851 3101 924 3134 loco
955 3101 1065 3143 questa

70 3142 170 3176 esset.
199 3144 286 3176 Cum
313 3153 386 3175 vero
410 3144 568 3177 abdomen
601 3142 794 3177 incideretur
818 3169 828 3185 ,
862 3143 927 3185 ejus
962 3146 1062 3177 virere

73 3185 255 3222 musculos;
280 3189 312 3218 δε
335 3198 409 3219 cum
434 3186 600 3221 reseratum
626 3186 916 3226 effet‚*intestina,
941 3190 971 3220 δι
997 3200 1064 3220 me-

74 3229 250 3262 senterium
274 3241 312 3262 ex
336 3230 433 3262 viridi
457 3232 489 3262 &
511 3232 609 3263 rubro
646 3231 799 3271 variegari
829 3254 841 3270 ,
874 3230 1025 3270 conspexi
1051 3254 1063 3270 ,

70 3283 129 3305 nec
153 3271 216 3305 sine
240 3272 423 3315 graviffimo
447 3272 587 3313 foetore,
612 3285 645 3307 ut
668 3275 814 3315 quamvis
839 3275 956 3307 tertio,
981 3272 1064 3307 haud

70 3315 230 3357 amplius,
254 3329 270 3349 a
294 3325 397 3349 morte
418 3315 489 3355 die,
511 3329 611 3359 eoque
635 3319 707 3349 anni
732 3318 1062 3357 tempo're‚continuo

68 3356 268 3392 humandum
291 3359 424 3393 cadaver
449 3358 569 3399 fuerit,
595 3361 648 3392 vix
674 3361 860 3400 nonnullis,
883 3372 954 3401 quae
988 3372 1065 3400 pro-

71 3403 160 3435 tinus
179 3401 306 3441 dicam,
331 3403 364 3435 in
388 3402 580 3444 genitalibus
602 3424 610 3438 ‚
648 3406 677 3435 ὃ(
701 3407 838 3445 jecinore
871 3404 1029 3436 adnotatis
1055 3427 1062 3434 .

69 3445 199 3486 Vagina
222 3445 369 3487 disjestas
392 3447 478 3478 intus
502 3445 638 3479 habebat
662 3448 799 3480 maculas
823 3458 861 3479 ex
884 3447 981 3479 rubro
1003 3447 1064 3478 ob-

70 3486 173 3521 soleto
197 3488 367 3522 flaventes.
393 3489 539 3522 Testium
564 3492 618 3522 vix
656 3490 834 3531 supererant
874 3489 1063 3522 humillimae

72 3531 233 3574 reliquiae.
256 3532 410 3572 Qorum
434 3531 495 3565 hoc
519 3534 633 3569 aetati‚
658 3531 737 3567 illud
770 3532 1028 3566 inflammationi
1052 3556 1063 3572 ‚

73 3585 112 3607 ex
136 3577 289 3616 proximo
313 3576 467 3608 intestino
489 3576 661 3609 contrafiae
675 3579 724 3611 ,δέ
740 3575 850 3617 jamin
861 3587 1063 3618 gangraenam

73 3617 260 3660 degenerare
282 3619 474 3660 incipienti,
498 3629 563 3652 erat
587 3619 812 3652 tribuendum:
836 3630 870 3652 ut
895 3619 1063 3662 peculiaris

159 3663 322 3704 Morgagni
334 3664 367 3694 cle
379 3663 445 3695 Sed.
457 3663 499 3694 ξφ
509 3662 595 3703 Caus.
609 3662 710 3694 Morb.
727 3664 824 3695 Tom.
838 3664 882 3694 Il.

224 3795 298 3824 Epist.
316 3794 367 3819 ead.

215 3856 327 3880 'Obsenn
348 3855 430 3879 Viscer.
449 3856 553 3880 Abdom.
570 3856 641 3880 Labis
658 3855 748 3883 Epicris
764 3853 818 3878 Obs
842 3861 862 3877 z.

225 3888 279 3911 Vid.
299 3885 452 3912 Bulehwald*
469 3887 528 3911 Obs.
547 3887 662 3918 Quadrig.
677 3884 768 3909 obsta.
788 3884 875 3910 ffitiol.
895 3883 908 3913 ὃ
934 3893 957 3912 9,

163 3802 179 3825 P
195 3796 209 3825 )
428 3793 469 3823 (q
484 3794 498 3823 )
513 3795 569 3819 Vid.
588 3794 639 3818 Ast
658 3793 732 3817 Erud.
752 3792 812 3821 Lips.
833 3796 863 3817 Α.
886 3795 947 3821 1758.
965 3794 996 3816 M
1024 3794 1120 3822 Januar.

163 3827 204 3855 s)
221 3829 256 3851 De
274 3827 325 3849 lleo
340 3834 352 3848 a
373 3824 470 3855 scrupul.
489 3825 559 3853 piror.
578 3825 666 3854 mespil.
686 3823 770 3852 persor·
786 3825 850 3853 Jenae
867 3824 896 3846 A.
918 3831 985 3852 17⁴7.
1001 3826 1038 3847 M.
1054 3825 1114 3857 ’Ost‘

167 3864 182 3879 κ
198 3858 211 3885 )
927 3859 938 3880 ‹
954 3862 972 3883 ‚r
993 3855 1088 3882 iprst.
1108 3858 1141 3882 ³⁶.
1160 3856 1177 3877 η’

168 3888 209 3916 22)
1019 3887 1061 3914 (a
1076 3888 1085 3916 j
1102 3885 1161 3911 obs
1180 3892 1192 3907 2
1221 3890 1267 3908 eit.

1972 312 2071 360 427

1141 372 1248 406 morbi
1272 371 1499 406 inchoamento
1521 385 1633 415 parum
1656 373 1822 416 inaequalis
1846 384 1886 408 ex
1906 373 2007 408 rubro
2029 376 2133 417 nigri-³

1140 426 1212 449 cans
1237 416 1478 457 protuberantia
1492 439 1501 453 ‚
1523 428 1594 459 quae
1618 428 1657 450 ex
1678 417 1771 450 fundi
1795 418 1912 452 uterini
1925 418 2069 460 supremo
2080 420 2133 451 in-

1138 460 1255 493 teriore
1278 459 1374 491 latere
1397 460 1557 496 exstabat,
1581 462 1612 492 &
1634 460 1815 494 diffecando
1838 460 1904 494 visa
1926 471 1964 494 ex
1987 470 2075 503 parte
2087 461 2131 494 est

1136 502 1243 545 paucis
1266 503 1430 543 compingi
1453 502 1616 542 vesiculis,
1640 503 1802 544 pellucido
1826 503 1962 537 humore
1999 504 2100 546 plenis
2123 527 2132 534 .

1139 547 1178 578 In
1201 543 1339 586 jecinore
1363 554 1491 583 autern,
1515 543 1605 587 cujus
1627 546 1723 587 cystis
1745 545 1836 580 valde
1859 556 1926 580 erat
1936 547 1999 580 bile
2011 546 2132 580 disten-

1139 598 1193 625 ta,
1218 598 1306 621 erant
1331 588 1519 630 peculiaria,
1543 589 1689 630 quaedam
1724 600 1741 621 a
1772 590 1960 631 primordiis
1978 615 1987 629 ,
2019 590 2079 623 alia
2113 601 2132 623 a

1140 633 1240 673 prima
1264 630 1393 664 fortasse
1416 630 1604 672 juventute,
1628 633 1688 665 alia
1713 642 1729 664 a
1753 633 1870 666 morbo
1893 633 2081 675 repetenda.
2097 634 2131 666 A

1137 675 1322 717 primordiis
1354 675 1486 716 quidem
1519 674 1620 723 figpra
1642 675 1747 708 infimi
1770 675 1866 709 limbi
1903 676 2029 709 insolita
2052 698 2060 713 ‚
2094 685 2130 709 ut

1137 720 1223 751 inter
1245 717 1434 756 dexterum,
1457 715 1679 759 sinistrumque
1703 717 1815 751 lobum
1840 719 1948 752 altein
1962 731 2050 753 arcus
2061 730 2131 752 mo-

1135 762 1214 795 dum
1236 769 1405 799 curvatu5‚
1428 759 1503 794 hinc
1526 761 1620 794 illum
1642 782 1650 796 ‚
1685 760 1760 793 hinc
1792 772 1868 795 vero
1900 761 1985 794 hunc
2017 763 2131 796 lobum

1135 803 1268 839 haberet
1292 803 1330 837 ad
1354 814 1459 845 parem
1484 814 1582 845 prope
1606 803 1772 844 maestum,
1794 804 1882 845 quod
1905 803 2028 838 sinister
2050 805 2132 837 alio-

1135 849 1194 891 qui
1217 858 1281 880 non
1306 846 1410 886 solet,
1432 845 1676 880 descendentes.-
1701 859 1716 879 a
1740 847 1843 889 prima
1875 858 1982 881 autem
2017 847 2131 889 juven-

1133 900 1226 928 tute;
1252 890 1274 922 fi
1300 888 1378 931 quid
1401 888 1544 923 dandum
1569 889 1611 923 est
1642 889 1838 930 suspicioni,
1861 891 1937 924 alias
1961 895 2020 931 (t)
2045 890 2082 924 ad
2098 900 2131 924 te

1132 934 1284 975 scriptam
1310 932 1461 974 profundi
1486 932 1631 975 paralleli
1654 931 1732 966 sulci
1765 944 1819 974 per
1853 945 2031 968 convexam
2063 935 2130 975 ejus

1132 976 1262 1010 visceris
1286 975 1400 1009 faciem
1425 988 1441 1008 a
1466 976 1599 1009 Summo
1621 974 1770 1009 deorsum
1794 977 1898 1010 versus
1919 978 2028 1011 ducti:
2061 988 2133 1010 cer-

1131 1029 1165 1052 te
1187 1029 1294 1053 autem
1320 1031 1335 1051 a
1359 1019 1474 1052 morbo
1497 1018 1669 1060 hydatides
1699 1018 1770 1053 duae
1804 1021 1837 1053 in
1872 1020 1981 1054 eadem
2017 1020 2098 1054 facie
2121 1042 2133 1057 ,

1130 1064 1230 1096 altera
1257 1076 1273 1096 a
1296 1062 1437 1101 dextris,
1464 1063 1561 1095 altera
1593 1073 1609 1094 a
1642 1060 1770 1096 sinistris
1791 1085 1802 1102 ‚
1834 1062 1986 1104 jecinoris
2022 1066 2134 1098 tunica

1130 1107 1230 1139 ambae
1254 1113 1373 1147 opertae
1388 1130 1396 1143 ‚
1421 1107 1510 1139 intus
1534 1114 1640 1138 autem
1664 1106 1846 1139 membrana
1879 1109 1993 1140 cinr‘tae
2016 1131 2023 1144 ‚
2060 1118 2143 1148 quae¹

1128 1152 1239 1191 rugis,
1265 1149 1313 1181 vel
1338 1149 1446 1190 potius
1467 1147 1658 1189 quibusdam
1680 1150 1767 1191 quasi
1792 1148 1908 1183 institis
1943 1151 2133 1193 inaequalis,

1128 1194 1166 1225 :in
1190 1193 1245 1226 illa
1270 1203 1334 1224 non
1359 1192 1547 1230 modicum,
1569 1194 1599 1224 r&
1634 1192 1722 1224 valde
1755 1191 1952 1234 profundum
1983 1204 2098 1226 cavum
2123 1216 2132 1232 ,

1132 1238 1167 1268 in
1191 1234 1249 1269 hac
1272 1235 1424 1275 exiguum
1446 1233 1757 1276 comprehendebat.
1780 1235 1832 1267 Ex
1855 1235 1939 1269 hisce
1963 1235 2135 1277 hydatidi-

1133 1279 1193 1312 bus
1215 1303 1223 1318 ‚
1259 1281 1289 1311 δε
1314 1279 1416 1319 magis
1438 1290 1477 1311 ex
1501 1289 1568 1310 rar-a
1593 1277 1648 1310 ista
1672 1277 1822 1319 jecinoris
1845 1278 1950 1320 figura
1976 1279 2056 1312 hanc
2093 1280 2135 1311 il-

1132 1323 1196 1355 lam
1221 1320 1311 1355 fuisle
1334 1322 1508 1360 Verulam,
1535 1320 1715 1362 intelligis,
1740 1332 1778 1354 ex
1801 1332 1863 1363 qua
1887 1321 2031 1355 tibihaec
2044 1332 2135 1355 utra-

1134 1377 1198 1407 que
1221 1375 1294 1398 cum
1319 1365 1398 1397 alias
1421 1367 1494 1404 (u)
1517 1364 1624 1397 obiter
1649 1364 1860 1399 indicaverim
1883 1387 1892 1403 ,
1925 1365 1976 1400 hic
2012 1366 2136 1408 plenius

1134 1409 1247 1445 volui,
1271 1411 1302 1440 δέ
1324 1408 1497 1442 dilucidius
1518 1407 1694 1442 describere
1708 1433 1715 1442 .
1905 1446 1908 1449 χ

1179 1463 1212 1492 9.
1233 1452 1307 1494 Jam
1331 1462 1407 1484 vero
1421 1452 1457 1485 ad
1471 1463 1520 1485 eas
1531 1462 1609 1493 quas
1622 1452 1659 1484 de
1674 1451 2012 1494 Hypochondriorum
2025 1453 2132 1487 Colo-

1135 1506 1193 1533 re,
1218 1497 1250 1527 &
1273 1495 1443 1534 Tumooe,
1471 1494 1509 1528 ad
1532 1504 1562 1527 te
1587 1494 1750 1535 scribens,
1774 1495 2030 1530 Observationes
2063 1501 2140 1539 pro-¹

1139 1538 1241 1577 duxi,
1264 1537 1318 1571 has
1344 1536 1435 1571 addas
1458 1538 1577 1575 velim,
1603 1549 1741 1579 quarum
1765 1539 1836 1573 aliae
1860 1541 1897 1573 ad
1930 1540 2044 1581 jecur,
2067 1542 2139 1573 aliae

1141 1582 1178 1614 ad
1203 1582 1341 1618 lienem,
1366 1581 1472 1623 aliqua
1497 1581 1595 1614 etiam
1620 1582 1657 1614 ad
1681 1582 1899 1617 ventriculum
1923 1584 2064 1628 spectat,
2100 1583 2141 1617 de

1140 1625 1283 1666 jecinore
1307 1634 1411 1657 autem
1435 1625 1523 1657 illam
1550 1624 1744 1665 potiffimum
1767 1637 1830 1670 qua
1852 1629 1926 1665 (x)
1962 1626 2029 1668 ejus
2065 1638 2144 1668 prof

1139 1670 1274 1709 ponitur
1298 1668 1422 1700 vomica
1445 1668 1477 1700 in
1496 1668 1631 1709 pec‘lorz's
1653 1669 1794 1709 dextram
1817 1671 1988 1705 cavitatem
2011 1668 2141 1711 aperta.

1139 1712 1285 1744 Utinam
1309 1710 1534 1745 solertiffimus
1557 1710 1786 1749 Richertzius‚
1811 1723 1844 1745 ut
1869 1725 1940 1756 quae
1965 1717 1997 1747 in
2011 1723 2143 1747 mortuo

1137 1755 1266 1787 :invenit
1290 1779 1299 1794 ,
1339 1754 1511 1796 diligenter
1535 1754 1721 1796 descripsit,
1745 1757 1864 1797 pariter
1897 1769 1969 1799 quae
2004 1767 2144 1791 mortem

1138 1796 1383 1840 praecesserant,
1407 1797 1546 1831 indicare
1570 1797 1743 1839 potuisset.
1770 1798 1856 1832 Nam
1881 1811 1964 1834 certe
1989 1803 2144 1835 memine-

1137 1842 1208 1878 ris,
1233 1852 1308 1874 cum
1331 1841 1537 1879 rariffimarn,
1563 1844 1593 1873 &
1617 1840 1746 1874 fortasse
1770 1846 1907 1884 primam
1932 1844 2144 1886 ejusdemmo-

1138 1884 1175 1917 di
1209 1885 1296 1918 casus
1330 1884 1603 1919 Observationern
1641 1884 1801 1919 Valsalvae
1835 1886 1872 1920 ad
1905 1896 1938 1921 te
1972 1888 2143 1922 scriberem

1138 1930 1230 1968 (y),
1256 1927 1310 1960 etsi
1336 1939 1399 1960 non
1424 1939 1521 1970 pauca
1544 1940 1616 1969 quae
1640 1929 1673 1961 in
1698 1939 1780 1971 aegra
1805 1929 1954 1968 fuerant,
1979 1944 2042 1966 non
2058 1933 2144 1966 omi-

1137 1971 1179 2003 iic
1195 1993 1203 2008 ,
1231 1983 1280 2004 me
1304 1980 1408 2005 tamen
1433 1971 1523 2013 plura
1545 1971 1748 2006 desiderasse.
1782 1973 1882 2016 Qod
1917 1986 2009 2010 tanto
2042 1977 2143 2018 magis

1137 2013 1226 2047 {acio
1250 2016 1283 2047 in
1308 2013 1367 2047 hac
1392 2015 1513 2055 altera,
1535 2025 1659 2058 quanto
1683 2016 1807 2051 diutius
1841 2018 1970 2052 videtur
2001 2031 2039 2053 ex
2073 2020 2145 2059 pul-

1137 2059 1246 2104 anonis
1269 2057 1416 2096 dexteri,
1442 2060 1471 2090 &
1496 2060 1611 2100 pleurae
1634 2058 1775 2101 ejusdem
1807 2060 1914 2103 lateris
1946 2062 2146 2105 inspectione

1137 2101 1180 2133 ab
1205 2101 1361 2143 ejusmodi
1383 2101 1550 2144 *singularis
1574 2105 1700 2144 generis
1716 2114 1917 2145 empyemate
1928 2115 2051 2148 aegrum
2065 2104 2146 2140 fuis-

1135 2142 1169 2176 se
1191 2153 1341 2177 vexatum
1358 2168 1366 2181 ,
1391 2157 1429 2178 ex
1455 2146 1676 2186 magnitudine
1701 2157 1807 2181 autem
1832 2148 2008 2190 jecinoris,
2032 2154 2062 2183 &
2085 2162 2145 2192 pu*

1130 2188 1269 2220 railentae
1294 2189 1325 2219 in
1354 2188 1415 2221 hoc
1439 2200 1542 2222 caveae
1572 2189 1766 2231 graviffimas
1800 2192 1847 2224 ibi
1879 2205 2009 2236 quoque
2043 2194 2145 2233 moie-

1128 2229 1205 2262 siias
1231 2231 1415 2272 pertulisse.
1440 2232 1516 2270 Ibi,
1540 2232 1699 2274 inquam5
1724 2235 1862 2269 Lutetiae
1887 2238 1973 2270 euim
2007 2237 2145 2271 Parisior-

1129 2284 1205 2306 mm
1230 2274 1372 2322 accidit,
1397 2284 1433 2309 ut
1458 2286 1531 2309 cum
1555 2287 1695 2318 aegrotus
1718 2278 1849 2320 quidam
1874 2283 1946 2323 (z)
1969 2282 2004 2313 de
2021 2281 2146 2324 summo

1130 2316 1238 2350 dolore
1261 2328 1293 2350 m
1317 2319 1425 2351 dextro
1446 2318 1672 2361 hypochondrio
1706 2323 1896 2364 conquestus
1928 2323 2003 2357 esset
2028 2348 2036 2363 ,
2071 2337 2143 2366 per-

1128 2370 1270 2401 negante
1294 2361 1462 2404 Chirurgo
1485 2372 1597 2395 contra
1622 2375 1657 2396 ac
1683 2365 1828 2399 Medicus
1841 2365 1997 2400 statuebat
2013 2389 2022 2404 ‚
2045 2369 2142 2401 dolo-

1125 2414 1198 2448 rem
1209 2404 1299 2437 illum
1314 2405 1371 2437 effe
1384 2404 1493 2447 hepati
1506 2404 1767 2446 adscribendum
1794 2410 1826 2442 in
1839 2411 1993 2444 cadavere
2007 2410 2139 2446 taudem

1126 2445 1482 2496 hepar-inflammatum
1505 2448 1793 2491 deprehenderetur
1813 2478 1820 2486 .
1860 2454 1963 2496 Quod
1998 2455 2019 2488 si
2055 2456 2140 2490 forte

1126 2490 1174 2539 ob
1195 2489 1320 2532 aliquod
1342 2491 1521 2533 adjunctum
1540 2503 1596 2534 per
1618 2494 1787 2529 intervalla
1810 2496 1976 2536 delirium,
1990 2500 2140 2541 contigui

1124 2533 1381 2582 diaphragmacis
1417 2534 1674 2570 inflammationi
1693 2549 1703 2575 5
1749 2551 1847 2581 quam
1883 2551 1990 2575 tamen
2037 2555 2138 2578 neque

1123 2576 1336 2626 Chirurgus,
1362 2589 1464 2621 neque
1489 2580 1542 2612 Cl.
1568 2581 1694 2614 Aufftor
1719 2581 1848 2616 fuissent
1874 2578 2135 2626 tacituri‚·ma1-

1125 2620 1169 2653 les
1193 2620 1257 2660 ipse
1282 2623 1315 2654 in
1340 2622 1393 2654 illa
1418 2622 1541 2656 doloris
1562 2623 1688 2658 causam
1713 2624 1864 2668 suspicari
1885 2642 1896 2665 ;
1933 2630 2011 2662 alias
2045 2634 2136 2672 prius

1125 2663 1302 2698 consideres
1325 2663 1581 2699 Observationes
1604 2678 1758 2709 oportet,·
1780 2674 1809 2704 δέ
1833 2673 1866 2704 in
1899 2670 1950 2705 his
1985 2674 2136 2715 quasdam

1124 2706 1164 2740 ad
1192 2706 1372 2749 susceptum
1397 2709 1573 2743 sermonem
1597 2713 1786 2746 attinentes.
1815 2714 1932 2757 Neque
1956 2728 2041 2749 enim
2076 2719 2135 2752 clu-

1122 2751 1221 2790 bito,
1245 2753 1322 2793 quin
1347 2752 1501 2785 molestiis
1525 2755 1682 2794 gravibus
1705 2757 1737 2786 in
1752 2755 2007 2798 hypochondrio
2019 2761 2133 2797 eodem

1117 2795 1177 2826 ,illa
1204 2805 1332 2836 quoque
1358 2794 1475 2828 mulier
1502 2797 1689 2842 conflifflata
1712 2796 1772 2836 fit,
1797 2802 1829 2833 in
1855 2806 2061 2846 quaingens,
2077 2818 2132 2840 nec

1113 2836 1360 2885 inflammatum
1377 2847 1588 2884 'tamenjecur
1601 2840 1723 2874 ibidem
1746 2846 1808 2882 (a)
1834 2845 1932 2879 videri
1958 2859 2049 2888 potes
2074 2850 2130 2882 de-

1116 2884 1279 2923 scriptum
1295 2904 1306 2920 ,
1328 2892 1420 2922 cujus
1444 2883 1565 2916 utinam
1590 2885 1623 2915 in
1650 2886 1775 2919 vivente
1800 2887 2019 2930 symptomata
2043 2894 2131 2925 indi-

1117 2928 1188 2958 cari
1216 2924 1406 2964 potuissent.
1434 2926 1477 2957 At
1502 2937 1587 2959 certe
1613 2926 1698 2967 scio,
1723 2930 1754 2960 iu
1792 2931 2019 2972 Disputatione
2054 2938 2126 2970 Cel,

1124 2968 1295 3006 Rudolphi
1316 2968 1386 3011 Jac.
1412 2968 1617 3009 Camerarfi,
1650 2975 1679 3003 δι
1710 2972 1801 3014 Jonae
1839 2976 1995 3010 Erunneri
2032 2979 2126 3012 exhi-

1119 3017 1213 3046 bente
1238 3012 1389 3050 Hrpacite
1412 3010 1625 3053 defimffiomm
1647 3015 1821 3057 Exctspz'cia
1848 3018 1910 3062 (b)
1949 3022 2124 3056 adolescen-

1118 3056 1180 3088 tuli
1207 3077 1215 3091 ‚
1262 3055 1404 3095 itemque
1442 3056 1585 3088 mulieris
1624 3058 1730 3091 casum
1766 3062 1900 3101 produci
1926 3087 1935 3102 ,
1984 3078 2126 3108 quorum

1117 3109 1154 3131 ut
1177 3097 1255 3131 huic
1279 3098 1416 3130 maxima
1436 3105 1509 3144 ,erat
1530 3100 1565 3132 de
1589 3099 1812 3141 livpochondrio
1835 3106 1945 3140 dextro
1969 3110 2089 3151 querela
2111 3132 2124 3149 ,

1116 3143 1164 3175 illi
1182 3150 1290 3188 autem
1313 3140 1398 3172 dolor
1415 3140 1486 3181 fere
1509 3142 1717 3177 intolerabiles
1739 3146 1860 3181 ibidem
1883 3148 2008 3188 fueram
2035 3154 2057 3184 si
2081 3152 2125 3192 je.

1116 3197 1173 3219 cur
1200 3193 1330 3225 utrique
1355 3187 1540 3224 praegraude
1564 3196 1649 3223 erat,
1676 3191 1733 3221 &a
1749 3191 1903 3224 calculosa
1920 3198 2051 3227 materia
2062 3195 2124 3229 du-

1118 3240 1212 3267 rum,
1238 3227 1365 3275 mulieri
1388 3228 1515 3268 insuper
1541 3241 1554 3261 a
1579 3232 1700 3272 triplici
1728 3234 1855 3266 auc'tum
1889 3236 2087 3271 atheromate
2114 3265 2123 3273 .‚

1117 3273 1210 3318 Num
1234 3282 1313 3311 ergo
1340 3281 1371 3301 m
1383 3269 1432 3303 his
1446 3273 1565 3316 pariter
1589 3274 1732 3307 dolorem
1758 3289 1884 3310 omnem
1911 3282 2030 3314 tribues
2064 3283 2122 3316 ad·-

1113 3315 1296 3359 Jacentibus
1310 3316 1452 3361 partibus
1465 3338 1476 3354 ,
1490 3327 1567 3356 quas
1579 3326 1686 3349 tumor
1700 3340 1707 3353 ‚
1722 3319 1753 3352 8<
1766 3321 1888 3360 pondus
1901 3321 2020 3359 hepatis
2034 3338 2121 3359 com-

1116 3360 1270 3400 primerer
1286 3381 1293 3394 ‚
1308 3369 1341 3388 ac
1358 3356 1543 3391 distraheret
1557 3364 1566 3390 ἓ
1584 3360 1678 3398 Quod
1695 3360 1715 3393 si
1732 3372 1822 3395 tanto
1836 3363 1962 3401 facilius
1976 3381 1989 3400 a
2004 3379 2033 3400 tc
2049 3369 2119 3402 sieri

1117 3401 1221 3441 posse,
1248 3400 1445 3437 credideris,
1470 3404 1545 3441 quia
1579 3404 1731 3436 calculosa
1771 3412 1899 3441 materia
1934 3411 2118 3445 indurando

1116 3445 1202 3487 jecur
1220 3469 1229 3482 ,
1254 3446 1347 3485 hujus
1380 3445 1636 3488 qualemcunque
1670 3447 1791 3481 sinsum
1826 3450 1994 3486 hebetasset
2018 3466 2028 3491 5
2053 3468 2120 3488 nou

1119 3489 1200 3521 ultra
1225 3486 1416 3521 adversabor
1441 3487 1523 3526 tibi,
1549 3501 1622 3521 nam
1657 3502 1849 3536 quocunque
1884 3497 2011 3529 tandem
2049 3511 2120 3531 mo-

1116 3531 1159 3563 do
1196 3532 1335 3573 explices
1359 3543 1370 3569 5
1416 3532 1536 3572 semper
1570 3544 1647 3574 quas
1683 3533 1735 3567 hic
1772 3539 1833 3569 tibi
1869 3539 1972 3572 addidi
2003 3567 2008 3579 ,
2044 3542 2120 3574 Ob-

1116 3574 1304 3607 servationes
1338 3574 1374 3607 ad
1410 3574 1547 3608 Dolores
1570 3598 1581 3614 ,
1625 3578 1850 3622 Tumor-esque
1894 3582 2015 3615 dexteri
2056 3585 2119 3627 hy-

1116 3617 1309 3659 pochondrii
1341 3640 1353 3657 ‚
1408 3629 1443 3651 ut
1490 3619 1557 3655 sum
1606 3620 1772 3661 pollicitus
1805 3648 1816 3664 ,
1871 3624 2057 3668 spectabunt
2105 3651 2116 3667 ‚

1542 3663 1575 3695 H
1600 3663 1619 3695 h
1644 3662 1663 3695 h
1709 3676 1726 3697 2
1961 3682 2076 3711 quem-

1183 3793 1196 3820 (
1211 3793 1250 3819 r)
1268 3795 1295 3814 A.
1319 3800 1382 3821 ¹752·
1402 3791 1461 3816 Obs.
1483 3796 1550 3818 Anat.
1571 3803 1593 3821 4.

1176 3823 1191 3851 (
1203 3829 1224 3880 42
1237 3822 1332 3882 l&E¹{i‘;s.
1353 3827 1389 3851 5⁶·
1409 3832 1431 3847 n.
1452 3832 1486 3851 ¹7·
1548 3824 1561 3854 ζ
1577 3833 1592 3849 u
1608 3824 1617 3855 2
1633 3824 1705 3854 Epist.
1721 3827 1759 3855 38.
1776 3834 1799 3850 n.
1816 3836 1865 3857 42»
1901 3854 1904 3857 Α

1236 3883 1241 3886 '
1326 3885 1392 3915 (b)
1414 3893 1433 3909 c.
1453 3892 1473 3907 1.
