2498 4075
537 187 688 253 Epist.
728 176 883 242 Anat.
918 187 1131 242 Medica
1165 184 1322 237 XuL
1357 185 1537 253 Arr.3:
1565 186 1681 249 &4

94 264 213 296 tionem
224 262 317 295 XIV.
330 262 471 306 itemque
484 272 660 297 extremum
673 264 841 299 Scholium
851 264 889 297 ad
901 265 1095 298 XVItintel-

93 306 170 347 liges
181 326 190 341 ‚
202 316 251 337 me
262 305 450 342 Willisium,
464 310 492 339 δι
507 308 686 341 Pernelium
698 307 795 349 sequi,
808 308 891 342 hunc
905 309 937 340 in
953 319 991 340 eo
1004 306 1094 350 quod

93 349 130 381 ad
143 348 363 389 praefocantem
376 349 556 383 catarrhum
567 350 662 383 simul
672 353 703 383 &
716 352 903 393 pulmonum
920 350 1091 384 izis‘arfftum

95 394 127 424 δε
145 389 360 425 defluxionem
389 395 539 435 requiro3
562 392 741 427 Willifium
763 405 874 428 autem
891 397 923 427 in
949 406 986 427 eo
1007 393 1094 436 quod

96 432 309 467 defluxionem
333 447 349 468 a
369 438 473 478 capite
494 447 558 469 non
581 436 704 472 deduco
716 461 728 477 ,
745 449 800 470 nec
813 448 917 471 tamen
930 450 943 470 a
957 435 1033 469 vasis
1047 438 1093 468 la-

95 478 217 520 ryngis,
229 480 260 510 &
272 477 398 521 reliquae
410 481 529 512 arteriae
543 479 669 522 Asperae
684 481 874 521 immediate,
885 480 933 513 sed
947 491 1000 522 per
1011 480 1098 522 glan-

97 520 188 554 dulas
199 543 211 560 ,
234 521 266 552 in
278 530 408 564 utraque
424 522 499 555 alias
512 521 683 565 descriptas
699 548 706 554 .
722 522 918 557 Suffocativo
929 534 1033 556 autem
1044 534 1096 555 ca-

97 562 207 596 tarrho
218 560 258 595 sic
270 560 429 606 eisspl‘icato
441 576 580 599 mortem
594 566 812 608 imputandam
823 565 1012 600 crediderim
1033 566 1096 599 Vi-

99 607 127 639 ri
140 608 256 649 pietate
268 630 280 647 ,
296 608 467 642 nobilitate
479 632 487 647 ‚
502 621 535 642 ac
546 608 703 652 dignitate
716 609 962 643 Eminentiffimi
980 634 986 640 .

141 661 172 693 3.
191 650 413 695 JOANNES
438 653 729 687 FRANCISCUS
756 652 1048 687 BARBADICUS
1061 652 1091 683 S.

97 693 192 727 RE.
216 692 426 737 Cardinalis,
448 699 479 729 δι
503 695 644 729 Antis'tcs
671 697 861 735 patavinus,
885 706 974 729 natus
996 706 1094 728 annos

98 735 178 770 duos
204 735 300 769 ferme
324 740 354 769 &
382 738 605 782 septuaginta,
627 750 700 772 cum
724 737 794 773 esset
817 738 969 773 catarrhis
992 738 1095 771 obno-

98 781 192 819 xius,
214 777 340 813 facilius
366 794 462 824 quam
484 784 614 822 caeteri,
637 784 670 815 in
681 793 749 817 eam
760 783 966 815 catarrhalem
979 780 1097 815 febrem

101 821 219 855 incidit
243 834 313 865 quae
339 836 450 859 omnes
473 825 705 868 propemodum
738 825 912 868 arripiebat
941 825 1098 870 Januario

102 865 206 898 mense
229 867 271 900 A.
303 877 396 910 1730.
423 869 471 902 sed
495 870 570 901 cum⁴
590 868 648 901 fibi
672 869 777 903 minus
798 878 921 902 caveret
936 879 1101 911 quamcae-

101 909 184 946 terh·
209 909 295 942 inter
318 922 437 953 paucos
459 912 532 944 illos
557 911 621 946 fuit
647 914 701 954 qui
727 924 760 944 ea
781 912 944 954 correpti,
969 911 1101 943 interie-

101 963 154 985 re.
177 953 267 985 Nam
289 965 325 986 ea
349 956 442 989 nodie
463 967 532 998 quae
555 955 617 989 diei
642 955 776 989 succeffit
801 957 859 988 XI.
882 955 954 988 Kal.
969 954 1103 986 Februa-

101 995 145 1028 rii
167 993 228 1028 illo
250 994 278 1028 se
305 998 421 1032 morbo
443 998 630 1041 prehensum
654 1008 831 1041 perceperat
853 1023 860 1029 .
887 998 1028 1030 Surrexit
1052 1005 1102 1028 ta-

78 1046 87 1052 ’·
101 1049 173 1072 men
195 1036 369 1081 postridie,
393 1051 429 1075 ut
452 1051 521 1075 erat
543 1053 659 1085 magno
681 1042 809 1081 animo,
831 1041 920 1084 seque
945 1041 1021 1072 aeris
1053 1040 1102 1071 in-

106 1082 200 1125 juriis
221 1084 372 1125 exposuit
395 1094 466 1119 tum
488 1085 608 1128 publici
621 1084 718 1118 officii
730 1085 818 1118 causa
830 1092 994 1127 permotus
1007 1107 1016 1122 ‚
1033 1092 1102 1116 tum

102 1125 222 1158 viribus
246 1127 385 1161 confisus
399 1153 406 1162 .
430 1141 498 1171 quae
513 1152 520 1165 ,
544 1137 580 1161 ut
594 1129 746 1170 >corporis
769 1128 883 1167 color,
907 1130 935 1160 δε
953 1127 1102 1165 habitus,

104 1168 270 1210 postquam
296 1181 367 1204 ante
388 1171 466 1205 duos
491 1171 606 1205 menses
630 1183 645 1203 a
668 1171 776 1211 brevi,
800 1170 850 1204 sed
874 1169 1048 1213 graviffima
1060 1168 1106 1202 fe-

103 1212 159 1244 bre
180 1210 254 1258 (b)
277 1215 504 1259 convaluerat,
528 1216 575 1247 vel
600 1214 744 1248 meliores
765 1226 860 1257 quam
873 1213 1033 1256 pristinae,
1059 1211 1106 1245 fa-

100 1255 164 1288 &ae
189 1255 246 1289 esse
268 1257 476 1291 videbantur.
503 1259 594 1300 Qin
617 1261 648 1291 &
672 1257 723 1291 die
756 1259 909 1300 proximo
940 1257 1073 1290 surrexit
1093 1279 1107 1296 ,

107 1300 140 1331 &
165 1297 286 1334 sacrum
311 1299 412 1342 fecit‚·
437 1301 485 1334 secl
508 1302 622 1335 morbo
646 1299 1029 1343 intereaingravescente,
1051 1299 1107 1332 de-

77 1366 81 1369 »
100 1344 254 1377 cumbere
277 1343 386 1378 codem
410 1344 482 1385 die,
506 1347 538 1377 &
562 1343 709 1379 Medicos
732 1354 808 1377 tunc
831 1345 968 1387 primum
981 1341 1108 1375 arcesse-

103 1392 139 1419 ire
161 1387 289 1420 coaetus
313 1388 374 1420 est.
399 1389 519 1421 Verum
541 1386 578 1421 de
601 1388 703 1421 tribus
723 1388 779 1430 qui
804 1388 837 1420 in
861 1388 966 1430 priore
993 1386 1048 1418 illa
1060 1384 1108 1418 fe-

102 1428 164 1462 bre
187 1428 376 1465 affueramus
390 1456 397 1470 ‚
422 1430 630 1465 Vallisnerius
654 1430 772 1473 septem
795 1439 864 1463 ante
887 1430 995 1463 diebus
1017 1429 1107 1462 obie-

110 1482 161 1506 rat
175 1495 184 1510 ‚
209 1484 291 1515 ego,
316 1477 348 1507 δε
362 1474 508 1509 Medicus
520 1473 585 1514 ejus
597 1472 779 1506 ordinarius
791 1485 829 1507 ex
843 1473 1007 1506 communi
1020 1483 1107 1506 mor-

108 1515 153 1549 bo
176 1515 279 1549 adhuc
303 1517 528 1560 languebamus
542 1530 551 1547 :
573 1517 660 1559 quod
684 1527 720 1548 eo
741 1515 864 1550 dietum
876 1526 950 1558 puta
964 1539 974 1555 ,
997 1526 1034 1547 ne
1045 1517 1107 1548 mi-

111 1559 214 1600 reris,
236 1558 259 1592 si
282 1561 426 1602 quaedam
450 1560 487 1593 ad
512 1561 587 1601 :egri
611 1558 813 1593 incommoda
829 1583 840 1599 ‚
872 1562 903 1592 &
939 1568 1075 1592 mortem
1096 1583 1107 1599 ‚

108 1603 219 1636 omnia
243 1611 347 1636 autem
370 1603 408 1637 ad
431 1604 550 1638 mortui
573 1602 745 1636 sec0cionem
767 1603 935 1636 attinentia
957 1614 996 1635 ex
1011 1602 1107 1642 aliis,

108 1646 218 1689 dignis
242 1645 310 1678 sane
320 1647 435 1687 quibus
446 1645 602 1679 crederem
620 1668 633 1685 ,
656 1645 827 1689 diligenter
840 1647 1045 1689 interrogatis
1056 1656 1108 1678 ac-

110 1688 224 1731 cepisse
234 1699 285 1721 me
296 1712 308 1728 ,
319 1689 434 1722 dixero
445 1713 454 1722 .
466 1690 537 1723 vix
549 1691 632 1721 enim
644 1699 717 1722 cum
732 1689 822 1722 semel
834 1712 846 1729 ,
858 1690 975 1723 iterum
986 1712 999 1729 ,
1011 1690 1111 1722 tertio

108 1734 209 1765 etiam
219 1740 311 1774 atque
323 1733 418 1765 etiam
433 1731 602 1765 advocaret·
612 1755 626 1772 ,
648 1732 752 1765 videre
766 1733 814 1765 bis
826 1734 918 1774 potui
937 1757 948 1772 ,
974 1744 1036 1765 non
1049 1731 1112 1765 sine

108 1776 219 1817 aliquo
233 1785 305 1807 meo
316 1776 457 1818 periculo
472 1775 511 1808 ad
523 1776 641 1808 Virum
654 1775 903 1818 Ampliffimum,
918 1778 949 1809 δε
960 1775 998 1810 de
1009 1777 1114 1809 omni-

111 1818 172 1852 bus
182 1820 304 1861 egregie
317 1821 468 1853 meritum
478 1819 585 1852 vedius
598 1819 739 1861 primum
763 1820 864 1852 VIII.
892 1819 966 1852 Kal.
999 1818 1113 1852 deinde

113 1863 198 1894 VII.
222 1864 254 1894 &
278 1863 382 1903 prima
407 1861 538 1906 quidem
559 1873 598 1895 ex
620 1873 688 1904 quo
720 1861 907 1895 decumbere
943 1871 1083 1905 coeperat
1102 1885 1115 1902 ,

108 1904 202 1938 noete
214 1903 374 1939 dormiisse
387 1929 396 1944 ‚
422 1906 550 1949 accepi,
574 1907 606 1938 ἃς
619 1905 720 1938 multa
733 1916 766 1937 ac
782 1905 874 1938 facile
885 1904 1093 1948 expectoraffe
1104 1929 1116 1946 ,

109 1946 199 1990 quod
222 1950 254 1980 δε
278 1958 353 1982 tunc
367 1948 501 1982 faciebat
514 1976 522 1988 ,
547 1946 639 1981 crassa
651 1970 665 1987 ,
689 1956 725 1981 ut
737 1946 828 1989 vidi,
839 1951 870 1981 ὃ(
882 1950 1022 1983 τίηέὶιπε
1036 1961 1114 1992 qua-

114 1992 189 2024 darn
211 1989 352 2033 infecta,
382 2001 417 2025 ut
440 2004 478 2025 ex
501 1991 599 2025 rubro
624 1991 773 2024 flaverent
799 2016 806 2023 .
842 1993 1010 2025 Naturalis
1046 2002 1112 2025 erat

113 2034 282 2076 aspedius,
307 2038 336 2068 ἃ
362 2035 477 2075 color,
500 2034 606 2068 facilis
630 2034 735 2074 tuliis,
760 2034 867 2068 facilis
894 2036 926 2068 in
952 2036 1113 2071 utrumli-

110 2077 197 2111 beret
221 2077 301 2110 latus
323 2078 511 2119 decubitus,
535 2078 637 2111 nullus
664 2079 698 2111 in
721 2077 851 2111 thorace
866 2078 1039 2120 ponderis,
1055 2079 1115 2112 do-

110 2121 216 2159 loris,
238 2121 355 2155 caloris
367 2121 491 2162 sensus,
512 2121 665 2154 levissitis
678 2145 689 2161 ,
713 2120 845 2155 humida
859 2123 968 2164 lingua
984 2145 995 2161 ,
1018 2132 1113 2163 atque

113 2163 186 2196 alba
201 2187 208 2194 .
231 2164 306 2196 Alvi
329 2174 542 2204 recrementa,
565 2174 602 2197 ut
625 2165 658 2196 in
682 2164 762 2197 sanis
786 2165 908 2197 solent.
936 2167 1047 2197 Urina:
1070 2165 1114 2197 ob

113 2204 333 2249 tempestatem
357 2207 510 2249 frigidam
534 2207 598 2248 jam
621 2206 782 2245 turbatae,
806 2206 882 2247 sed,
904 2206 991 2249 quod
1013 2218 1113 2240 unum

110 2248 251 2292 judicare
274 2258 443 2292 poteram,
467 2250 650 2282 decolores.
676 2249 769 2281 Mens
782 2259 956 2292 prompta,
980 2248 1030 2284 sed
1043 2261 1113 2283 ver-

111 2293 191 2325 bum
214 2300 328 2324 tamen*
346 2291 507 2334 quoddam
529 2303 602 2326 cum
624 2301 776 2334 quaereret
796 2315 807 2332 ‚
841 2304 905 2325 non
942 2295 1109 2335 provenit.

109 2334 223 2368 Pulsus
246 2346 300 2367 nec
323 2333 464 2375 debiles,
489 2346 543 2367 nec
566 2337 676 2377 parvi,
700 2337 768 2367 imo
791 2335 915 2374 validi,
938 2339 1111 2377 estmagni:

110 2388 178 2411 non
201 2377 297 2417 duri;
318 2376 368 2411 sed
392 2378 469 2411 tensi
492 2387 595 2411 tamen
609 2377 780 2417 nonnihil,
795 2379 955 2421 iidemque
967 2378 1117 2421 frequen-

112 2420 243 2454 tissimi.
269 2421 454 2463 Respiratio
476 2433 545 2463 quae
558 2421 608 2453 his
621 2420 762 2462 pulsibus
774 2423 955 2454 conveniret
967 2445 979 2460 ,
994 2424 1024 2454 δε
1037 2434 1109 2457 cum

111 2462 173 2498 hac
200 2464 292 2497 sonus
316 2463 398 2505 quasi
424 2463 588 2497 bullientis
599 2465 633 2496 in
644 2464 850 2506 pulmonibus
862 2465 1000 2497 catarrhi
1016 2489 1022 2495 .
1038 2467 1108 2498 [vla-

109 2505 260 2540 nifestum
282 2516 349 2539 erat
374 2507 545 2545 omnibus,
571 2518 635 2540 non
654 2507 793 2540 Medicis
816 2507 940 2548 modo,
969 2507 985 2540 s'
1005 2518 1107 2542 retum

110 2550 223 2592 primis
245 2548 356 2583 diebus
380 2551 525 2584 morbum
549 2549 588 2583 ab
612 2550 662 2583 sua
687 2560 799 2584 natura
811 2550 960 2594 degenera
988 2562 1107 2593 e,gra-

110 2603 241 2634 vemque
254 2618 264 2633 ‚
285 2603 319 2626 ac
332 2593 543 2635 periculosum
553 2617 564 2634 ,
584 2604 649 2626 non
660 2595 758 2627 levem
770 2593 826 2627 esse
836 2618 849 2635 ,
871 2604 908 2628 ut
930 2596 984 2628 uni
997 2607 1084 2637 aegro
1097 2621 1105 2635 ,

109 2636 198 2679 quod
212 2635 293 2670 mihi
313 2638 447 2670 minime
465 2637 611 2678 ⁴placebat
623 2661 635 2677 ,
655 2636 841 2671 videbatur.
866 2639 978 2671 Multo
1001 2649 1106 2672 autem

108 2679 212 2721 magis
224 2678 373 2722 postridie
385 2680 552 2723 displicuit
566 2680 651 2713 idem
661 2682 738 2724 aegri
750 2680 787 2714 de
801 2681 857 2715 suo
880 2681 998 2714 morbo
1020 2681 1106 2723 judi-

108 2723 197 2755 cium
209 2746 221 2763 ,
243 2733 315 2756 cum
327 2723 469 2757 audirem
481 2724 677 2763 ,insomnem
688 2724 778 2768 egisse
793 2726 918 2758 noetem
931 2750 939 2765 ‚
952 2726 1083 2764 &sputa
1094 2750 1107 2766 ,

110 2765 296 2799 meridianis
307 2766 393 2800 horis
407 2766 490 2801 fabia
504 2766 565 2809 jam
576 2778 682 2809 pauca,
694 2772 725 2801 δι
739 2769 842 2801 albida
854 2792 866 2809 ,
880 2777 955 2801 tunc
968 2766 1024 2801 esse
1034 2770 1105 2802 nnl-

109 2809 140 2841 la
153 2821 164 2848 5
184 2808 322 2842 viderem
336 2820 442 2844 autem
456 2811 695 2853 respirationem
705 2813 899 2845 crebriorem
913 2837 922 2852 ,
940 2812 1106 2845 altiorem-

110 2863 187 2894 que,
198 2851 318 2884 tametfi
331 2854 468 2895 pulvinis
479 2853 670 2894 cervicibus,
680 2855 834 2898 dorsoque
846 2855 995 2896 subjcffis
1004 2878 1016 2894 ,
1026 2866 1107 2888 non-

111 2895 194 2928 nihil
208 2896 324 2937 erigere
335 2896 510 2932 studuerant
523 2898 628 2937 ,sitim
641 2899 765 2931 auctam
776 2922 787 2937 ‚
799 2909 834 2932 ut
847 2898 1000 2940 frigidam
1010 2910 1107 2940 cupe-

109 2947 158 2971 ret
168 2938 388 2979 ,stomachum
402 2941 586 2983 languidum
598 2965 609 2980 ,
621 2950 655 2973 ut
669 2942 734 2974 vini
752 2938 930 2984 pauxillum
941 2942 1101 2984 posceret.

110 2982 269 3024 Qamvis
280 2993 381 3016 aurem
390 2993 500 3017 caetera
512 2982 606 3017 ess'ent
619 3006 627 3020 ,
652 2994 686 3016 ut
700 2985 825 3027 pridie,
847 2988 924 3028 quin
938 2985 1044 3027 pulsus
1056 2986 1104 3019 es-

95 3024 175 3059 ...sent
187 3024 299 3058 molles
311 3047 320 3064 ,
346 3026 509 3071 minusque
522 3027 702 3071 frequentes
714 3051 722 3065 ,
734 3028 894 3070 iidemque
908 3028 981 3061 satis
993 3031 1024 3061 ὃς
1036 3040 1104 3062 ma-

107 3070 186 3111 gni,
198 3071 229 3101 &c
240 3068 338 3101 validi
350 3081 361 3108 ‚·
372 3081 427 3103 nos
439 3079 542 3104 tamen
554 3071 642 3104 valde
655 3071 797 3105 solicitos
809 3071 966 3105 habebant
977 3082 1105 3114 caetera,

107 3111 255 3153 illudque
267 3113 301 3144 in
313 3112 425 3154 primis
439 3114 525 3156 quod
536 3138 547 3155 ,
560 3114 666 3147 eadem
679 3116 748 3149 tuffi
760 3115 911 3159 perstante
923 3139 936 3155 ,
951 3115 1033 3148 nihil
1050 3127 1106 3150 ex-

106 3155 325 3196 pe&oraretur
336 3158 464 3198 ‚Itaque
475 3169 548 3191 cum
559 3158 702 3200 suspenso
713 3160 821 3192 animo
830 3182 841 3199 ,
855 3169 946 3202 atque
960 3158 1036 3192 adeo
1048 3161 1104 3193 tri-

104 3195 168 3238 sti,
193 3201 224 3231 ὃς
240 3196 297 3230 nisi
320 3200 538 3241 expect-oratio
561 3202 694 3240 rediret,
722 3202 846 3245 peffima
869 3214 1001 3245 quaeque
1020 3205 1104 3237 omi-

106 3251 202 3274 nante
213 3265 226 3281 ,
250 3241 440 3275 discederem
454 3268 463 3282 ‚
475 3244 611 3278 Medicis
623 3256 694 3278 cum
709 3247 792 3287 alia,
815 3257 883 3280 tum
896 3245 976 3279 illud
992 3247 1026 3278 in
1040 3248 1104 3289 pri-

105 3285 395 3318 miscomfflessdavi
406 3309 415 3324 ,
441 3294 475 3319 ut
489 3286 566 3330 saepe
577 3287 634 3330 ipsi
644 3312 657 3328 ,
669 3292 724 3331 qui
737 3289 815 3323 bene
831 3290 970 3322 valerent
981 3311 992 3328 ,
1006 3292 1105 3323 inter-

105 3327 263 3366 viserent,
288 3331 434 3375 &prore
449 3338 542 3370 nata,
565 3341 600 3364 ut
613 3331 753 3366 solebant
769 3356 781 3373 ,
804 3337 834 3367 δι
854 3331 954 3366 modo
975 3332 1104 3376 insuper

102 3371 313 3406 constitutum
329 3374 430 3405 suerat
441 3396 453 3419 ,
469 3373 652 3415 adjuvarent
664 3400 671 3407 .
687 3376 796 3410 Rediit
808 3388 846 3410 ex
857 3377 923 3409 illis
935 3387 1014 3410 unus
1028 3387 1104 3418 pau-

67 3438 69 3440 -
104 3414 226 3464 lopost,
239 3428 339 3459 neque
352 3418 386 3448 in
400 3427 485 3459 pejus
497 3416 704 3459 deprehendit
716 3420 911 3464 quidquam.
926 3419 1104 3453 Redierunt

105 3457 161 3491 alii
175 3457 240 3492 duo
251 3460 335 3492 inter
349 3463 487 3501 primam
502 3482 514 3500 ,
535 3470 627 3502 atque
641 3463 773 3497 alteram
784 3466 887 3498 noetis
910 3461 1023 3496 horam
1040 3489 1048 3502 ‚
1070 3467 1103 3497 &

103 3500 212 3544 pulsus
226 3503 273 3535 vel
289 3504 460 3543 meliores,
473 3502 561 3544 sputa
575 3514 677 3538 autern
696 3507 801 3550 aliqua
813 3507 888 3549 ejici
904 3529 912 3545 ‚
936 3508 1080 3540 invenere
1094 3533 1102 3539 .

104 3546 178 3577 Una
189 3557 227 3579 ex
239 3558 305 3589 quo
316 3545 373 3588 ipfi
386 3546 542 3587 abierant,
554 3545 630 3579 hora
644 3559 707 3582 non
717 3560 797 3590 erat,
808 3561 873 3584 non
887 3551 986 3584 multa
999 3561 1104 3585 autem

100 3591 256 3631 temporis
267 3590 382 3632 puneta
394 3614 406 3630 ,
416 3602 455 3623 ex
465 3601 531 3633 quo
542 3591 602 3628 viri
615 3591 681 3629 alii,
695 3604 759 3626 non
771 3594 893 3628 Medici
906 3594 1034 3637 quidem
1046 3596 1108 3635 illi,

102 3630 153 3665 sed
171 3633 253 3674 apud
268 3645 370 3676 aegros
383 3642 487 3667 tamen
499 3633 554 3666 diu
565 3642 745 3679 attenteque
755 3638 866 3670 versari
898 3638 983 3670 soliti
998 3662 1008 3677 ,
1032 3651 1105 3673 cum

102 3676 391 3709 animadverterent
415 3676 498 3710 nihil
523 3678 623 3717 novi,
659 3679 691 3711 in
716 3681 899 3721 proximum
922 3681 1106 3716 cubiculum

103 3717 283 3753 secesserant
300 3743 306 3756 ,
330 3731 402 3753 cum
427 3720 548 3763 aegerse
563 3721 718 3755 inclinans
732 3747 744 3762 ,
767 3734 801 3756 ut
814 3725 917 3757 nescio
929 3725 1006 3767 quid
1019 3725 1105 3768 quod

190 3766 355 3806 Morfagm'
365 3765 400 3798 de
410 3766 475 3796 scd.
489 3764 531 3797 Θ
543 3765 633 3807 caus.
645 3766 746 3798 Morb.
760 3768 859 3800 Toni.
877 3771 903 3801 I.

164 3828 175 3851 (
191 3827 204 3852 b
219 3828 232 3857 3
248 3828 304 3853 vid.
321 3828 393 3856 Epist.
408 3837 448 3859 49.
465 3838 487 3854 n.
508 3838 545 3860 30.
607 3829 621 3858 ζ
636 3838 648 3854 c
666 3829 714 3858 )n.
731 3837 754 3853 2.

163 3859 178 3888 ί
190 3859 207 3888 J
219 3861 228 3889 )
242 3859 298 3886 AR.
312 3859 385 3885 modo
400 3861 497 3889 citatur.
515 3859 571 3886 voi.
587 3868 614 3889 4-
629 3862 657 3887 in
671 3860 782 3891 Appeud,
798 3869 822 3886 n.
842 3863 886 3893 lv,
905 3862 928 3891 §.
946 3871 970 3890 7.

815 3831 857 3861 (d
871 3831 885 3859 )
901 3831 963 3856 Hist.
980 3815 1040 3856 vide*
1050 3832 1074 3856 in
1092 3835 1202 3862 append.
1220 3836 1275 3860 Vol.
1293 3844 1315 3862 7.
1335 3835 1387 3858 Ast.
1405 3836 1439 3858 Ν.
1458 3836 1487 3858 Ο.
1506 3842 1529 3858 n.
1549 3836 1578 3857 X.

2005 201 2065 250 97

1145 275 1160 296 e
1171 263 1256 295 leeto
1268 261 1425 295 exciderat
1436 273 1498 303 ,ex
1512 261 1612 295 humo
1621 260 1751 294 tolleret
1764 283 1776 300 ,
1788 269 1885 304 neque
1896 260 1931 293 id
1952 259 2102 297 assecutus
2124 286 2136 302 ,

1145 306 1299 339 famulum
1323 316 1339 336 a
1359 304 1512 338 cubiculo
1534 305 1684 337 vocavit.
1713 304 1782 340 Qui
1806 314 2071 342 accurrens,cum
2083 305 2138 338 he-

1149 360 1219 381 rum
1232 350 1265 381 in
1279 346 1442 389 pristinum
1455 347 1550 381 situm
1566 345 1747 390 reposuisset
1759 371 1769 386 ,
1792 345 1843 379 hic
1856 358 1961 380 autem
1977 350 2007 379 in
2022 359 2059 379 eo
2069 358 2138 389 per-

1149 391 1248 425 sistere
1272 392 1300 424 se
1325 389 1433 432 posse,
1457 400 1605 433 negaret,
1627 389 1677 423 sed
1699 391 1778 431 erigi
1803 390 1917 426 vellet,
1941 400 1976 423 ut
1991 390 2139 431 respirare

1150 435 1261 467 melius
1283 432 1380 475 posset
1391 456 1403 472 ,
1428 434 1515 467 sensit
1529 445 1656 476 uterque
1672 435 1837 465 imminere
1849 444 1984 466 mortem
1996 458 2003 464 .
2017 434 2140 475 Qam-

1146 478 1255 511 obrem
1280 477 1422 515 famulo,
1446 479 1501 520 qui
1526 486 1671 519 poterat,
1696 477 1759 508 alta
1782 486 1858 508 voce
1884 477 2041 511 auxilium
2076 476 2139 509 im-

1148 522 1315 564 plorante,
1340 519 1487 552 Sacerdos
1510 521 1602 553 illico
1624 517 1740 559 affuit,
1762 519 1819 561 qui
1842 516 2029 553 morien'tem
2054 519 2142 551 inve-

1147 566 1197 597 nit
1221 565 1335 596 mentis
1358 562 1460 596 adhuc
1483 574 1688 606 compotem,
1713 561 1792 600 fibi,
1817 570 1852 594 ut
1875 571 1998 603 poterat
2020 586 2031 602 ,
2062 562 2141 596 defi-

1146 610 1247 640 ciente
1267 607 1515 639 manuincrucis
1526 605 1664 639 formam
1686 605 1781 639 dueta
1805 605 1910 646 peetus
1931 614 2113 648 tangentem
2128 628 2142 644 ‚

1148 655 1178 684 δε
1203 652 1258 693 pio
1271 660 1427 683 murmure
1440 649 1537 682 sacras
1551 649 1680 683 subinde
1691 648 2060 688 vocesinterjicienrem.
2086 649 2140 681 Ad

1145 695 1229 728 hunc
1240 693 1373 726 modum
1383 691 1575 732 confestim,
1598 701 1632 726 ut
1646 693 1839 734 summopere
1850 701 2012 733 optaverat
2030 716 2038 728 ‚
2060 693 2144 723 inter

1147 737 1212 780 ejus
1237 747 1344 771 manus
1367 736 1468 768 vivere
1491 734 1583 769 desiit
1608 735 1759 768 Pontifex
1783 735 1888 767 multo
1911 734 2086 775 longiffima
2096 735 2146 766 vi-

1148 790 1178 813 ta
1203 781 1341 823 dignus,
1363 779 1477 812 exacto
1500 780 1555 813 vix
1576 789 1715 821 quarto,
1738 790 1776 810 ex
1798 789 1864 819 quo
1878 777 2145 819 morbusincepe-

1151 832 1222 865 rat,
1247 824 1314 856 die.
1449 823 1711 857 CADAVER-F.
1736 820 1771 854 ad
1783 821 1982 854 condituram
1994 820 2149 859 diffeeto,

1151 877 1205 899 nec
1230 866 1290 900 sinc
1315 865 1505 909 pinguedine
1529 866 1688 904 invento,
1713 864 1821 898 sanum
1845 864 2019 897 Cerebrum
2041 886 2049 899 ‚
2074 863 2146 896 sana

1151 912 1259 944 omnia
1284 911 1416 944 Ventris
1438 910 1554 943 viscera
1577 908 1744 951 conspecta
1771 908 1861 944 sunt,
1888 906 1943 939 nifi
1969 907 2054 948 quod
2065 906 2151 949 jecut
2175 913 2177 917 '

1152 952 1349 997 praegrande,
1360 953 1554 991 subfuscum,
1573 955 1603 984 δέ
1617 951 1833 985 duriusculum
1842 950 1944 983 visum
1957 951 2021 991 est;
2039 949 2089 984 sed
2101 949 2152 984 fa-

1152 997 1212 1029 cile
1237 1009 1251 1028 a
1276 1006 1482 1036 natura,cum
1495 995 1650 1038 peculiare
1662 994 1845 1036 vitiatiejus
1856 992 1982 1027 visceris
1995 992 2152 1028 indicium

1154 1051 1251 1082 neque
1264 1050 1349 1072 antea
1360 1063 1373 1080 ,
1398 1050 1497 1081 neque
1512 1039 1543 1070 in
1556 1038 1617 1070 hoc
1642 1037 1755 1070 morbo
1778 1036 1883 1070 fuisset
1897 1038 1998 1070 ullum
2012 1062 2019 1068 .

1154 1085 1250 1116 Certe
1274 1091 1380 1115 autem
1404 1081 1685 1126 Thoracis-Spina
1710 1080 1748 1112 ad
1772 1080 1902 1113 modum
1928 1079 2152 1123 litteraeSJ'am

1154 1126 1227 1159 inde
1239 1137 1254 1157 a
1269 1137 1366 1167 puero
1376 1134 1535 1163 contorta,
1545 1125 1681 1157 alterum
1695 1123 1781 1155 illius
1794 1134 1904 1156 cavum
1917 1124 2024 1156 multo
2035 1125 2155 1157 arctius

1155 1170 1313 1209 faciebat,
1328 1168 1496 1210 multoque
1508 1169 1663 1200 minorem
1682 1166 1869 1199 continebat
1889 1167 2070 1208 pulmonem
2085 1191 2092 1198 .
2118 1169 2158 1199 In

1156 1222 1303 1246 neutrum
1314 1222 1420 1244 tamen
1430 1222 1542 1244 cavum
1555 1209 1701 1243 humoris
1713 1209 1889 1252 quidquam
1911 1219 1977 1242 erat
2001 1208 2134 1244 effusum
2148 1233 2157 1241 .

1157 1256 1255 1290 Nihil
1272 1252 1420 1298 polypofi
1442 1255 1474 1286 in
1489 1253 1600 1287 corde.
1616 1252 1788 1287 Pulmones
1798 1264 1898 1296 neque
1909 1253 1947 1286 ad
1959 1253 2059 1287 costas
2070 1276 2084 1294 ,
2106 1263 2161 1285 ne-

1157 1312 1217 1343 que
1228 1299 1266 1331 ad
1280 1298 1514 1340 diaphragma,
1537 1295 1626 1340 quod
1639 1295 1745 1341 sanum
1766 1305 1832 1329 erat
1845 1318 1853 1332 ‚
1877 1308 1974 1339 neque
1997 1298 2101 1330 ullam
2121 1296 2160 1328 ad

1157 1352 1280 1386 partem
1292 1340 1487 1384 superficiem
1499 1340 1669 1383 alligabant
1683 1342 1765 1373 suam
1778 1363 1786 1370 .
1800 1339 1879 1372 Haec
1891 1350 1993 1373 autem
2005 1349 2070 1373 erat
2081 1339 2162 1372 albi-

1157 1386 1197 1419 da
1210 1410 1222 1426 ,
1245 1396 1280 1420 ut
1290 1386 1426 1428 speciem
1439 1384 1589 1427 praeberet
1601 1382 1687 1426 quafi
1698 1383 1809 1415 oblitae
1836 1385 1959 1417 vernia-e
1978 1410 1985 1422 ‚
2010 1394 2044 1418 ut
2067 1393 2163 1416 voca-

1159 1441 1228 1463 mus
1244 1454 1255 1470 ,
1279 1427 1413 1472 quadam
1424 1440 1493 1471 quae
1505 1427 1542 1461 ad
1555 1427 1691 1460 lacteum
1703 1425 1842 1459 colorem
1855 1437 1996 1468 vergeret
2009 1451 2016 1458 .
2037 1427 2162 1460 Graves

1156 1483 1243 1505 erant
1257 1472 1314 1516 ipsi
1325 1472 1491 1514 pulmones
1504 1495 1515 1511 ,
1531 1469 1582 1504 sed
1594 1482 1609 1503 a
1620 1469 1792 1503 catarrhali
1807 1492 1819 1509 ,
1831 1481 1929 1513 quarn
1940 1470 2161 1508 continebant,

1157 1511 1424 1556 marei-saeuitum
1437 1514 1542 1557 pasiim
1555 1526 1569 1546 e
1579 1513 1742 1546 bronchiis
1754 1538 1762 1551 ‚
1785 1524 1970 1555 quacunque
1984 1512 2138 1546 incideres
2152 1537 2165 1552 ,

1158 1568 1343 1602 erumpente
1358 1582 1365 1590 .
1378 1560 1474 1591 Certe
1484 1568 1592 1590 eorum
1605 1557 1711 1590 omnis
1722 1554 1893 1589 substantia
1917 1556 2050 1590 flaccida
2066 1580 2077 1597 ,
2099 1566 2166 1589 non

1158 1603 1256 1637 modo
1278 1613 1342 1635 non
1362 1601 1475 1641 densa,
1497 1609 1550 1634 aut
1571 1600 1737 1642 commista
1752 1621 1761 1637 ,
1787 1610 1906 1641 reperta
1929 1600 1990 1634 est.
2090 1605 2097 1612 '

1202 1659 1234 1691 4.
1258 1645 1441 1678 Historiam
1465 1644 1546 1677 hanc
1570 1642 1592 1675 si
1615 1654 1688 1676 curn
1712 1644 1752 1675 iis
1775 1644 1949 1677 contuleris
1972 1656 2042 1687 quae
2054 1643 2092 1678 de
2102 1646 2168 1678 Ca-

1162 1689 1274 1724 tarrho
1286 1686 1483 1722 Praefocante
1496 1686 1637 1728 superius
1662 1688 1724 1730 (c)
1738 1687 1906 1728 attigimus
1919 1700 1930 1726 3
1943 1686 2035 1721 facile
2048 1700 2086 1721 ex
2099 1687 2166 1720 sen-

1163 1734 1265 1767 tentia
1288 1732 1463 1773 explicabis
1488 1742 1575 1762 mea.
1603 1730 1710 1763 Multa
1732 1729 1816 1773 jam,
1839 1731 1889 1763 uti
1919 1730 2017 1765 secftio
2049 1731 2170 1764 confir-

1165 1779 1267 1811 mavit
1283 1798 1291 1812 ,
1315 1777 1348 1806 in
1372 1774 1520 1808 omnibus
1545 1773 1734 1815 pulmonum
1747 1773 1911 1808 bronchiis
1924 1784 1989 1807 erat
2004 1773 2168 1808 catarrha-

1163 1822 1204 1854 lis
1228 1819 1379 1855 materia,
1405 1828 1507 1861 utper
1519 1828 1643 1850 tenuem
1656 1816 1830 1859 superficiei
1841 1818 2057 1851 membranam
2068 1827 2170 1856 trans-

1166 1865 1295 1902 lucens,
1321 1861 1401 1894 hanc
1428 1870 1619 1904 propterea,
1644 1870 1680 1894 ut
1705 1861 1845 1903 opinor,
1867 1859 1954 1904 quasi
1979 1861 2086 1895 albida
2097 1872 2168 1895 ver-

1165 1909 1233 1942 nice
1255 1906 1391 1940 oblitam
1416 1904 1664 1947 repraesentaret.
1692 1903 1791 1938 Nihil
1814 1903 1878 1946 jam
1903 1903 1968 1947 ejus
1992 1905 2065 1947 ejici
2077 1914 2170 1947 pote-

1165 1960 1215 1983 rat
1238 1958 1384 1984 extremo
1408 1948 1458 1982 die
1481 1961 1496 1981 e
1521 1947 1725 1990 pulmonibus
1749 1947 1878 1990 quidem
1891 1950 1993 1992 magis
2007 1947 2171 1992 magisque

1166 1992 1446 2027 flaccescentibus.
1475 1993 1551 2025 Huc
1576 1990 1619 2024 ob
1642 1993 1824 2033 repentinos
1848 1993 2085 2035 &incongruos
2100 2003 2170 2024 mo-

1165 2047 1217 2071 tus
1242 2037 1303 2069 alia
1328 2036 1365 2069 de
1389 2034 1571 2078 improviso
1594 2034 1737 2074 accessit,
1763 2034 1825 2068 sive
1851 2035 2050 2080 ablarynge,
2076 2035 2173 2069 &su-

1165 2079 1346 2123 perioribus
1368 2078 1495 2121 Asperae
1519 2079 1642 2111 arteriae
1666 2078 1810 2122 partibus
1833 2078 2172 2121 decidua,s1veetiam

1165 2124 1208 2156 ob
1231 2123 1474 2156 inclinationem
1497 2121 1586 2154 illam
1611 2125 1754 2165 corporis
1776 2122 1814 2156 ab
1838 2123 1938 2157 altero
1948 2124 2092 2167 pleniore
2105 2122 2172 2166 jam

1165 2165 1314 2205 fortasse,
1336 2164 1471 2208 ideoque
1493 2165 1603 2198 inutili
1632 2166 1783 2208 pulmone
1807 2168 1840 2199 in
1865 2167 1999 2201 alterum
2023 2167 2174 2210 semiple-

1165 2221 1240 2244 num
1264 2220 1319 2251 per
1340 2220 1435 2250 quem
1457 2207 1626 2250 respiratio
1648 2209 1753 2243 adhuc
1778 2210 1973 2252 servaretur,
1994 2210 2171 2252 devoluta,

1164 2255 1221 2296 qui
1245 2252 1267 2285 fi
1293 2252 1379 2285 forte
1404 2250 1468 2285 fuit
1492 2251 1547 2284 ille
1570 2252 1677 2285 multo
1701 2255 1832 2292 minor-3
1857 2255 1955 2295 probe
1985 2255 2169 2296 intelligis,

1164 2307 1262 2339 quam
1285 2295 1402 2336 facile,
1425 2298 1457 2327 ὃ(
1482 2305 1577 2337 quam
1601 2296 1671 2328 cito
1695 2307 1710 2328 a
1736 2298 1866 2329 materia
1890 2299 1939 2331 vel
1971 2309 2068 2340 panca
2094 2294 2169 2341 quae

1167 2341 1288 2382 partim
1312 2338 1374 2372 hoc
1396 2337 1496 2371 modo
1518 2336 1679 2372 incidisset
1705 2349 1833 2382 repente
1854 2365 1863 2380 ‚
1889 2342 2007 2383 partim
2037 2341 2170 2385 superne

1166 2382 1301 2417 defluere
1324 2391 1479 2425 pergeret,
1491 2380 1555 2423 ipse
1566 2384 1831 2424 quoqueinutilis
1845 2386 1987 2426 potuerit
2001 2384 2068 2418 fieri
2080 2410 2087 2417 .
2115 2388 2168 2417 Sic

1165 2427 1365 2468 repentinum
1390 2426 1763 2467 explicabisimeritum:
1787 2439 1881 2470 quem
1892 2439 2030 2471 repetere
2043 2429 2080 2462 ab
2092 2440 2169 2471 apo-

1163 2470 1269 2512 plexia
1286 2492 1298 2509 ,
1323 2478 1359 2502 ut
1381 2467 1540 2500 malebant
1566 2469 1665 2511 aliqui
1690 2470 1724 2501 in
1751 2472 1897 2513 Principe
1920 2472 2059 2514 quodam
2082 2473 2166 2505 Sere-

1161 2512 1285 2545 niliimo
1307 2513 1392 2551 (d),
1419 2521 1509 2544 tanto
1532 2512 1636 2545 minus
1661 2511 1714 2544 hic
1741 2514 1816 2546 licet
1831 2537 1843 2554 ,
1866 2516 1942 2557 quia
1966 2526 2081 2558 praeter
2099 2515 2167 2559 sal-

1157 2566 1214 2588 ros
1237 2557 1276 2589 ad
1298 2563 1468 2590 extremum
1493 2554 1584 2597 usque
1606 2554 1762 2595 halitum,
1781 2557 1890 2600 sensus
1914 2559 1956 2592 ξφ
1979 2568 2083 2593 motus
2106 2570 2162 2592 νο·-

1158 2599 1314 2633 luntarios
1327 2622 1340 2639 ,
1363 2609 1422 2632 una
1446 2608 1515 2642 cum
1539 2598 1682 2641 loquela,
1706 2599 1817 2641 quibus
1828 2624 1842 2641 ,
1865 2610 2014 2644 tanquam
2038 2602 2163 2646 certiffi-

1154 2644 1219 2675 mis
1242 2642 1421 2675 catarrhum
1438 2638 1665 2685 filffocativum
1690 2642 1727 2675 ab
1751 2644 1916 2685 apoplexia
1947 2646 2161 2689 distinguenti-

1157 2684 1216 2718 bus
1233 2685 1354 2728 signis,
1375 2686 1493 2718 Medici
1514 2685 1672 2727 adsensum
1692 2687 1828 2727 praebcnc
1838 2700 1964 2729 onum,-
1988 2692 2022 2722 in
2034 2688 2165 2723 cerebro

1159 2728 1243 2761 nihil
1267 2728 1332 2762 fuit
1354 2728 1442 2772 quod
1463 2729 1622 2770 culpares.
1648 2731 1728 2762 Erat
1752 2732 1785 2763 in
1797 2742 1848 2776 ⁴³eo
1871 2743 2000 2776 quoque
2015 2734 2162 2776 Principe

1151 2771 1245 2813 spina
1269 2772 1346 2815 dorsi
1365 2772 1482 2818 *litteris
1507 2775 1527 2803 S
1543 2771 1681 2813 similis,
1704 2775 1736 2805 δε
1759 2785 1797 2806 ex
1822 2774 1924 2808 incisis
1952 2777 2160 2819 pulmonibus

1158 2814 1309 2858 prodibat
1330 2815 1439 2856 hamar
1458 2814 1629 2859 pirititofits
1654 2817 1695 2848 Θ·
1710 2815 1917 2858 subalbidus:
1943 2831 2008 2862 quo
2041 2819 2162 2862 {pesta-

1159 2869 1216 2898 ιο,
1240 2860 1297 2891 alii
1320 2860 1374 2901 qui
1392 2859 1508 2891 rectius
1523 2858 1695 2890 sentiebant
1709 2883 1717 2896 ,
1731 2858 1852 2893 Medici
1866 2861 2053 2896 sententiam
2070 2865 2160 2898 Heu-

1156 2903 1245 2934 cheri
1269 2901 1465 2935 referebant:
1486 2902 1650 2944 figili'atim
1675 2902 1708 2935 bi
1731 2904 1873 2937 catarrho
1879 2904 2028 2948 suffocati
2037 2908 2162 2948 censen-

1155 2946 1187 2978 di
1201 2946 1299 2987 firm,
1324 2944 1436 2988 quihus
1451 2944 1577 2986 seram,
1593 2944 1650 2986 seu
1675 2944 1798 2988 lympha
1814 2946 1999 2991 fiznguinis,
2022 2961 2156 2992 quacun-

1155 2999 1212 3030 que
1234 2990 1269 3022 de
1292 2989 1381 3030 causti
1392 3012 1404 3028 ,
1427 2989 1566 3025 vitiata,
1590 2988 1738 3031 copiosius
1762 2990 1974 3033 respirationis
1985 3005 2099 3037 organa
2110 3005 2159 3027 oc-

1156 3039 1273 3074 cupat,
1305 3033 1346 3065 (φ
1368 3033 1399 3064 in
1421 3031 1577 3064 branchiis
1599 3031 1797 3075 veficulisque
1815 3035 1997 3075 pulmonum
2014 3038 2158 3079 pertina-

1156 3074 1266 3117 ciffime
1291 3075 1458 3118 restagnat.
1586 3075 1706 3108 Cordis
1730 3087 1837 3110 autem
1863 3079 1999 3122 polypus
2020 3104 2032 3120 ,
2063 3079 2155 3122 quem

1160 3130 1234 3151 cum
1258 3118 1329 3152 aliis
1341 3120 1421 3151 olim
1439 3117 1623 3158 accusasses,
1636 3120 1666 3151 in
1679 3119 1784 3153 nostro
1796 3120 1947 3164 nusquam
1960 3123 2023 3156 fuit
2037 3134 2045 3155 .·
2057 3134 2158 3165 quan-

1160 3174 1257 3207 quam
1280 3162 1318 3195 de
1331 3163 1458 3204 polypis
1467 3164 1571 3195 cordis
1584 3163 1662 3205 quid
1674 3162 1806 3196 sentiam
1821 3188 1833 3204 ,
1844 3166 1988 3208 alias(e)
2000 3166 2133 3199 scribam
2147 3190 2157 3205 ,

1157 3208 1189 3238 δε
1203 3207 1317 3238 latisin
1330 3206 1490 3247 praesentia
1502 3205 1572 3238 ess'ct
1588 3206 1687 3240 Docti
1703 3208 1775 3240 Viri
1787 3210 1848 3251 (s)
1860 3210 1915 3251 qui
1927 3220 1978 3242 eos
1991 3210 2132 3252 agnoscit
2144 3235 2157 3251 ,

1155 3247 1323 3282 dissensum
1334 3247 1477 3292 proferre
1490 3248 1601 3282 abillis
1612 3251 1666 3292 qui
1681 3250 1752 3283 inde
1763 3251 1925 3285 catarrhos
1949 3251 2155 3288 suffocativos

1153 3292 1333 3326 deducunt.
1358 3292 1525 3326 Evidenter
1542 3292 1624 3335 satis
1637 3303 1669 3325 m
1689 3294 1846 3326 catarrhis
1856 3294 2077 3339 suffbcativis,
2104 3299 2153 3330 in-

1156 3337 1228 3378 quit
1242 3359 1250 3373 ,
1278 3335 1369 3376 causa
1392 3336 1528 3368 exterius
1539 3339 1648 3368 auditu
1667 3339 1860 3377 percipitur,
1884 3340 1958 3372 dum
1982 3340 2101 3379 mycedo
2121 3341 2153 3373 in

1155 3378 1300 3412 bronchia
1308 3378 1488 3420 pulmonum
1502 3379 1616 3421 zopiosc
1627 3380 1728 3412 delata
1738 3380 1968 3421 respirationem
1979 3384 2080 3416 reddit
2095 3383 2149 3425 so·-

1155 3432 1262 3455 noram
1285 3424 1332 3454 ita
1354 3430 1391 3454 ut
1400 3420 1483 3463 quast
1494 3422 1527 3454 in
1540 3422 1606 3455 illis
1620 3424 1709 3463 coqui
1717 3423 1850 3456 materia
1861 3426 2023 3458 videatur.
2038 3426 2153 3460 Deinde

1148 3463 1240 3507 fasta
1260 3463 1323 3507 post
1346 3473 1475 3498 mortem
1492 3464 1647 3506 [εῐέὶοηες
1670 3465 1759 3506 causa
1769 3467 2095 3511 catarrhisuffbcativi
2118 3469 2152 3502 in

1155 3518 1265 3541 manus
1278 3509 1320 3540 Θ
1333 3507 1434 3541 oculos
1446 3508 1600 3545 incurrit,
1622 3508 1694 3540 dum
1716 3509 1861 3542 bronchia
1865 3508 1935 3552 fere
1946 3512 1977 3544 in
1988 3518 2091 3544 totum
2101 3513 2160 3549 νὶ-,

1151 3551 1274 3593 scedine
1297 3551 1412 3593 repleta
1436 3552 1647 3593 reperiuntur.
1673 3553 1902 3594 Fuitigiturin
1915 3553 2047 3587 Praesule
2058 3555 2154 3588 Emi-

1158 3594 1338 3628 nentiffimo
1348 3593 1510 3628 catarrhus
1522 3592 1816 3638 sustbcativus‚pene
1826 3595 1895 3630 dixi
1907 3598 2007 3639 qualis
2021 3598 2075 3631 ille
2087 3597 2152 3631 fuit

1158 3639 1194 3671 de
1218 3650 1283 3681 quo
1305 3638 1357 3671 Cl.
1376 3639 1432 3682 JO-
1456 3638 1523 3670 Seb.
1547 3637 1740 3672 Albrechtus
1763 3642 1830 3680 (g)
1855 3642 1886 3671 in
1911 3641 1972 3673 alia
1984 3640 2155 3683 Epidemia

1157 3681 1339 3716 Catarrhali
1353 3681 1389 3714 de
1398 3681 1592 3724 sexagenaria
1604 3681 1735 3714 foemina
1747 3682 1839 3715 verba
1851 3682 1967 3717 faciens
1978 3708 1990 3724 ,
2000 3684 2065 3717 haec
2079 3685 2154 3718 scri-

1158 3725 1242 3768 psit,
1265 3725 1407 3759 catarrho
1423 3725 1631 3770 suffocativo‚
1648 3723 1736 3767 febri
1755 3727 2027 3768 peripneumonicae
2043 3728 2154 3770 super-

1980 3781 2107 3804 vemen-

1641 3835 1656 3864 (
1669 3843 1680 3858 e
1696 3835 1794 3868 )'Epish
1813 3843 1850 3864 ²4·

1031 3862 1078 3894 (8
1099 3867 1108 3893 i
1124 3867 1264 3891 commeta.
1280 3868 1375 3893 Litter.
1391 3866 1421 3890 A.
1439 3872 1505 3895 1743,
1523 3866 1594 3892 hebi.
1613 3872 1650 3894 14.
1668 3873 1693 3889 n.
1712 3872 1732 3890 1·.
1749 3872 1775 3889 in
1792 3865 1834 3890 fin.
1872 3881 1873 3884 =
