2498 4075
562 252 715 327 Epist.
752 250 914 303 Anat.
951 248 1168 303 Medica
1203 245 1407 299 XXIII.
1445 240 1578 299 Artss
1618 264 1659 297 1.

60 330 62 332 ’
110 340 151 363 ex
171 330 263 363 oriza
285 352 298 370 ,
331 339 386 364 aut
406 328 504 364 avena
534 339 607 363 cum
638 325 815 370 amygdalis
845 327 1080 362 conficiebatur
1103 352 1111 360 .

112 373 210 406 Potio
232 374 265 405 in
289 374 392 407 mensa
416 385 503 416 aquae
527 374 665 414 semper,
687 370 790 404 radice
813 371 937 409 chinae‚
962 374 994 404 ὃς
1012 370 1113 405 corti-

113 426 146 448 ce
169 414 307 450 sassafras
329 428 427 460 quam
451 416 597 449 leviffime
621 413 805 452 medicatae3
828 424 918 449 extra
942 414 1080 447 mensam
1105 439 1116 455 ‚

112 470 201 501 aquae
226 460 417 500 Brandulae,
439 471 509 502 quae
532 458 640 492 aestivo
662 458 767 490 calore
788 482 796 496 ‚
820 461 851 491 δε
874 456 925 490 fiti
948 466 1079 500 urgente
1102 480 1115 497 ,

112 502 209 544 paulo
231 505 328 536 etiam
351 504 469 545 largius
493 500 720 544 propinabatur
742 526 750 533 .
783 501 855 534 Hac
877 501 1043 535 curatione
1064 500 1115 534 fa-

58 550 60 552 ’
110 545 201 578 &um
225 546 288 585 est,
311 555 348 580 ut
370 557 452 588 aeger
473 544 542 587 post
563 543 705 577 medium
716 545 870 579 Sextilem
894 542 993 586 posset
1016 555 1033 576 e
1057 547 1115 577 Pa-

110 589 172 621 tria
196 589 224 622 se
248 590 400 622 Venetias
420 587 564 621 conferre
584 611 593 626 ,
628 589 661 620 &
684 599 732 620 me
758 589 879 620 Patavii
904 587 959 622 sub
981 588 1115 621 initium

113 632 307 673 Septembris
328 633 516 670 convenire,
542 631 605 672 spei
628 630 759 672 plenus,
782 639 817 664 ut
839 632 895 674 qui
916 653 926 668 ‚
950 641 1004 673 per
1027 632 1114 663 litte-

109 685 160 708 ras
182 674 395 717 significatum
413 693 425 714 3.
454 675 605 708 morbum
629 672 769 707 levassem
789 697 802 714 ,
835 674 937 707 visum
962 695 971 710 ‚
1002 677 1035 707 δι
1059 685 1115 716 per

111 729 162 750 me
186 720 387 761 exploratum
408 717 595 760 depellerem
609 742 616 749 .
643 718 824 759 Perplacuit
843 741 853 757 ‚
874 718 963 760 gravi
988 718 1022 749 in
1045 728 1113 760 quo

113 760 243 802 fuerat,
266 762 365 795 metui
390 759 540 795 fiduciam
563 761 644 795 hanc
666 759 826 794 succeffiffe
849 784 855 790 .
890 761 1035 794 Homine
1056 772 1113 793 au-

110 813 177 838 tem
209 817 263 847 per
286 804 420 838 biduum
452 817 517 846 quo
542 804 595 838 hic
617 803 682 838 fuit
703 827 716 844 ,
754 803 941 846 diligentius
964 802 1112 836 observa-

109 856 147 881 to
167 872 179 888 ,
211 849 280 881 haec
303 849 399 881 etiam
422 848 564 890 placuere
583 872 597 889 ‚
625 848 767 890 primum
790 846 878 890 quod
914 847 971 880 illa
1002 847 1111 879 omnia

110 904 182 934 quae
213 893 295 926 mihi
322 892 405 933 spem
442 890 579 924 fecerant
603 915 615 932 ,
647 889 750 923 adhuc
773 890 866 932 persta
893 899 976 928 ant5
999 889 1112 922 deinde

108 934 198 979 quod
228 935 449 967 conformatio
483 934 627 967 thoracis
658 932 743 967 nihil
779 933 826 967 ost
845 934 962 966 ndebat
986 955 996 970 ‚
1034 932 1115 966 unde

110 975 229 1020 possem
251 978 441 1019 dispositum
465 978 503 1010 ad
528 975 685 1020 phthifim
705 976 864 1019 conjicere
885 989 895 1015 3
928 977 1002 1010 talis
1025 978 1114 1009 enim

108 1029 197 1060 erat,
219 1031 256 1055 ut
279 1022 340 1054 lata
365 1021 560 1064 scapularum
582 1019 644 1055 ossa
669 1022 815 1062 proxime
832 1021 1025 1061 attingeret,
1049 1030 1113 1052 non

107 1073 144 1099 ut
168 1065 206 1096 ab
229 1066 269 1098 iis
289 1065 457 1105 recedens,
481 1065 595 1098 faceret
615 1089 623 1103 ‚
645 1072 681 1097 ut
704 1063 761 1097 illa
782 1065 817 1096 in
839 1063 957 1096 alarum
980 1061 1113 1096 modurn

108 1109 326 1150 prominerent
347 1121 357 1147 3
389 1119 459 1142 tum
481 1108 569 1151 quod
600 1107 706 1141 nullus
729 1115 796 1139 erat
820 1105 965 1140 beriticus
988 1109 1077 1141 color
1100 1129 1113 1146 ‚

108 1150 195 1185 nulla
229 1151 377 1194 pulsuum
409 1150 588 1194 frequentia
619 1175 633 1192 ,
675 1150 763 1185 nulla
794 1148 862 1183 fitis
882 1173 895 1190 ,
928 1151 1015 1183 nulla
1048 1149 1112 1191 spi-

106 1195 198 1228 randi
231 1194 403 1229 difficultas
436 1207 473 1228 ne
506 1207 560 1236 per
596 1193 729 1228 acclivia
761 1193 891 1235 quidem
923 1193 1112 1236 gradienti3

105 1237 234 1272 tandem
268 1239 357 1281 quod
389 1238 539 1272 diuturna
571 1238 627 1271 ill-a
651 1261 659 1274 ‚
697 1240 729 1271 δε
764 1236 1006 1279 pertinaciffima
1042 1247 1114 1269 rau-

104 1279 185 1315 cedo
218 1283 352 1315 omnino
384 1280 457 1316 effet
490 1294 506 1314 a
540 1282 687 1325 plurimis
719 1281 783 1323 jam
817 1280 925 1314 diebus
957 1280 1078 1314 sublata
1104 1303 1111 1310 .

106 1325 228 1359 Adhuc
261 1334 368 1359 tamen
399 1326 483 1359 tuliis
507 1348 517 1363 ‚
552 1325 640 1367 sputa
667 1347 679 1364 ,
711 1324 827 1357 macies
865 1335 913 1356 me
945 1323 1110 1356 solicitum

104 1368 267 1403 habebant
291 1393 299 1399 .
332 1370 442 1412 Magis
465 1371 551 1401 enim
575 1367 782 1401 macilentum
805 1366 953 1400 videbam
978 1390 989 1406 ,
1013 1377 1111 1409 quam

105 1424 144 1446 ex
179 1412 299 1446 litteris
331 1411 530 1447 credidissem
550 1437 557 1444 .
582 1413 680 1454 Sputa
712 1419 815 1445 autem
838 1434 851 1450 ,
881 1410 938 1443 etfi
971 1421 1009 1443 ex
1044 1421 1111 1452 quo

101 1461 236 1490 cruenta
259 1456 315 1488 illa
334 1480 344 1496 ,
378 1459 411 1489 &
442 1463 593 1498 corrupta
625 1455 880 1496 expectoraverat
904 1477 916 1493 ‚
947 1464 1111 1496 nunquam

105 1498 334 1542 ejusdemmodi
371 1508 610 1543 apparuerant3
641 1507 746 1531 tamen
778 1497 927 1531 nondum
957 1520 968 1535 ,
1001 1506 1110 1530 matu-

103 1545 173 1576 tina
207 1542 382 1586 praesertim
414 1567 427 1584 ,
466 1543 607 1575 colorem
654 1553 692 1575 ex
734 1540 875 1575 subflavo
916 1542 1078 1573 cinereum
1101 1563 1115 1580 ,

103 1586 249 1628 saporem·
279 1595 384 1620 autem
416 1584 589 1620 s'u-bsalsum
631 1584 798 1617 amiserant
831 1608 839 1613 .
886 1584 991 1617 Tuffis
1022 1582 1114 1616 deni-

103 1641 165 1672 que
188 1653 201 1670 ,
232 1631 379 1672 quam-vis
403 1630 510 1663 multo
533 1629 633 1661 rarior
657 1626 743 1661 fasta
769 1638 826 1669 per·
846 1625 942 1660 horas
964 1635 1114 1666 caeteras,

103 1671 233 1706 molesta
256 1671 358 1706 adhuc
391 1681 455 1706 erat
478 1670 664 1713 vespertinis
684 1694 693 1707 ,
727 1673 760 1704 &
784 1671 954 1704 matutinis
971 1694 985 1712 ,
1016 1681 1114 1712 eaque

103 1718 197 1750 oriri,
218 1726 257 1748 ex
290 1717 493 1748 irritamento
539 1717 624 1747 intra
656 1713 822 1748 thoracem
856 1738 867 1754 ,
909 1716 1113 1757 quantumvis

103 1759 261 1793 summum
281 1782 294 1798 ,
325 1758 496 1792 videbatur
528 1782 537 1789 .
571 1758 721 1799 Augebat
757 1757 1002 1791 solicitudinem
1031 1758 1115 1790 vici-

105 1813 184 1836 num
204 1800 271 1845 jam
292 1811 420 1844 tempus
441 1814 506 1845 quo
529 1801 661 1835 morbus
683 1810 824 1844 coeperat
838 1825 851 1841 ,
873 1801 959 1844 quod
982 1812 1046 1834 non
1070 1800 1115 1833 se-

103 1857 159 1880 cus
185 1855 278 1888 atque
302 1846 472 1888 hyemem,
495 1856 559 1878 non
581 1855 643 1879 una
666 1855 714 1879 res
735 1855 856 1888 aegtum
879 1845 1017 1887 cogebat
1048 1853 1116 1877 tra-

106 1888 222 1923 ducere
245 1889 280 1920 in
304 1890 431 1922 Patria.
457 1888 510 1922 Ibi
537 1897 642 1922 autem
652 1899 750 1933 quam
772 1896 919 1929 matura,
941 1888 1116 1929 diuturna,

2005 259 2034 295 2
2044 259 2097 312 35

1166 325 1249 359 acria
1271 323 1333 358 fint
1357 324 1498 368 frigora,
1521 323 1825 361 cumillius÷sedes‚›
1844 335 1878 357 ac
1889 323 1964 357 situs
1988 322 2164 357 docebant»

1165 378 1235 403 tum
1258 370 1426 411 antiquum
1448 379 1570 401 carmen
1591 391 1604 407 ,
1625 365 1713 411 quod
1735 368 1868 407 Caesaris
1889 366 2028 401 creditur
2050 389 2062 407 ,
2092 372 2169 399 con·

1165 411 1311 446 firmabat
1326 436 1335 451 ,
1773 436 1781 444 .,

1252 454 1372 488 Feltria
1391 462 1538 497 perpetuo
1561 454 1685 488 nivium
1707 453 1853 496 damnata
1878 453 1974 496 rigori
1995 455 2010 491 (
2020 456 2093 495 p);

1164 498 1293 541 quando
1321 507 1434 531 contra
1456 521 1469 537 ,
1501 500 1534 530 in
1567 496 1759 540 ejuscemodi
1794 496 1915 530 morbis
1939 520 1949 535 ,
1983 494 2068 529 Celsi
2099 497 2166 537 (q)

1164 550 1258 575 aetate
1281 564 1293 581 ,
1324 540 1557 575 Alexandriam
1587 551 1624 574 ex
1654 540 1751 574 Italia
1786 538 1895 573 ibatur
1919 563 1926 570 .
1961 538 2039 577 Quo
2063 539 2165 580 magis

1164 586 1263 617 etiam
1296 593 1404 628 atque·¹
1424 584 1519 617 etiam
1551 584 1744 623 inculcavi,
1779 591 1897 626 quanta
1932 581 1959 615 se
1993 582 2041 615 ibi
2072 581 2168 615 debe-

1167 639 1212 660 ret
1245 640 1319 661 cura
1341 650 1354 667 ‚
1392 630 1425 660 δε
1456 625 1624 668 diligentia
1656 629 1775 667 tueri,
1806 628 1839 659 δε
1869 635 1985 668 quanta
2021 624 2169 658 remediis

1165 673 1213 704 uti
1246 683 1316 714 quae
1349 678 1426 705 tunc
1457 669 1716 703 commendarem
1740 695 1749 704 .
1783 669 1867 711 Qae
1900 670 1982 700 inter
2013 679 2087 701 cum
2121 668 2168 700 lac

1164 717 1362 757 praecipuum
1394 712 1467 747 esset
1502 714 1643 755 primum
1673 711 1829 746 asininum
1865 735 1877 752 ,
1919 710 2029 745 deinde
2064 712 2170 744 vacci-

1163 769 1276 796 num3
1308 757 1373 799 ipse
1405 756 1538 790 domum
1570 756 1668 790 redux
1695 781 1704 795 ‚
1737 756 1797 788 illo
1829 755 1867 789 ad
1902 754 2038 789 mensem
2069 753 2169 792 usus,

1165 800 1256 843 sputa
1277 800 1362 833 vidit
1386 800 1465 834 adeo
1486 801 1521 832 in
1544 800 1657 833 melius
1680 808 1803 833 mutata
1825 823 1834 838 ‚
1858 807 1893 832 ut
1916 798 2009 840 copia
2032 823 2042 838 ‚
2078 798 2171 830 colo-

1164 855 1196 876 re
1220 867 1230 881 ,
1261 844 1445 888 caeterisque
1482 843 1632 877 omnibus
1663 841 1907 876 conditionibus
1938 840 2003 884 jam
2044 849 2174 875 natura-

1167 888 1231 921 lem
1264 899 1362 929 prope
1406 887 1564 921 servarent
1600 886 1735 921 modum
1767 898 1778 924 3
1820 894 1892 918 tum
1927 884 1965 918 ad
2001 885 2170 917 vaccinum

1165 932 1213 964 lac
1245 929 1394 964 transiens
1416 954 1430 971 ,
1462 933 1494 964 &
1526 931 1558 962 in
1591 942 1630 963 eo
1651 930 1808 968 diutius3
1840 937 1877 962 ut
1910 930 2137 971 imperaveram
2162 949 2173 964 ‚

1165 973 1187 1007 fi
1212 974 1285 1007 satis
1308 972 1447 1017 prodesse
1482 974 1675 1012 videretur3
1709 971 1870 1016 persistens
1901 970 1942 1005 fic
1974 980 2010 1005 ut
2045 970 2085 1004 ad
2119 981 2174 1003 ex-

1166 1027 1305 1051 tremum
1337 1017 1434 1059 usque
1467 1016 1676 1050 Decembrem
1710 1015 1791 1050 illud
1827 1015 1994 1058 sumpserit
2026 1038 2038 1055 ,
2070 1014 2172 1058 sputis

1164 1061 1271 1103 qualia
1305 1059 1477 1093 secundum
1510 1069 1655 1093 naturam
1692 1057 1749 1093 effe
1780 1058 1920 1098 debent,
1943 1060 2078 1091 omnino
2111 1055 2175 1098 jam

1166 1102 1301 1137 redditis
1321 1126 1330 1141 ,
1365 1104 1455 1136 omni
1480 1103 1683 1136 irritamento
1707 1126 1718 1142 ,
1750 1102 1893 1144 malaque
1918 1100 2083 1135 affectione
2114 1098 2176 1133 five

1165 1147 1332 1186 thoracis,
1355 1144 1415 1178 five
1438 1144 1581 1180 faucium
1613 1145 1744 1179 sublatis
1767 1169 1779 1185 ,
1812 1144 1981 1188 pristinum
2014 1147 2045 1178 &
2077 1142 2172 1176 faciei

1165 1191 1310 1224 colorem
1334 1213 1346 1229 ,
1382 1192 1415 1222 δε
1452 1190 1569 1233 reliqui
1593 1190 1741 1230 corporis
1765 1197 1835 1221 tum
1858 1188 1955 1221 robur
1978 1211 1988 1226 ,
2020 1196 2089 1220 tum
2115 1185 2174 1219 ha-

1165 1235 1273 1268 bitum
1297 1233 1512 1275 recuperavit,
1533 1234 1717 1276 integraque
1741 1230 1855 1265 deinde
1880 1230 2064 1265 valetudine
2087 1228 2177 1269 fuit,

1166 1287 1294 1321 eratque
1316 1276 1422 1311 adhuc
1445 1288 1518 1309 cum
1542 1275 1610 1310 haec
1635 1274 1843 1315 recenserem,
1866 1285 1951 1308 anno
1963 1286 2000 1307 ex
2022 1284 2177 1315 quocon-

1164 1322 1290 1360 valuit‚
1316 1319 1604 1362 duodevigesimo.-
1628 1321 1802 1353 tantnmin
1826 1317 1952 1351 adverso
1967 1321 1999 1351 ἃ
2023 1317 2120 1356 loco,
2144 1319 2176 1348 &

1164 1366 1238 1399 anni
1261 1373 1404 1407 tempore
1418 1387 1431 1403 ,
1454 1363 1606 1406 fingulari
1629 1363 1694 1396 Dei
1717 1363 1938 1404 benignitate,
1963 1372 2061 1395 unum
2080 1371 2179 1392 reme-

1163 1408 1210 1442 dii
1234 1419 1354 1450 genus,
1379 1407 1450 1445 lae,
1474 1407 1585 1449 potuit
1609 1431 1619 1447 ‚
1650 1405 1818 1449 adjuvante
1844 1405 1962 1439 summa
1987 1405 2064 1446 aegri
2090 1405 2124 1436 in
2149 1403 2178 1436 se

1163 1451 1371 1485 custodiendo
1394 1449 1564 1493 diligentia
1583 1473 1596 1490 ,
1624 1451 1657 1484 &
1682 1451 1751 1491 pari
1772 1451 1806 1482 in
1830 1459 1964 1492 utraque
1997 1448 2180 1481 curationis

1168 1505 1259 1538 parte
1283 1506 1321 1528 ex
1354 1495 1453 1527 animi
1478 1495 1540 1526 mei
1564 1493 1719 1527 sententia
1752 1490 2002 1526 administranda
2035 1490 2141 1524 studio
2163 1512 2177 1529 ,

1169 1551 1202 1570 ae
1228 1538 1397 1578 vigilantia
1422 1537 1583 1571 Ludovici
1607 1536 1760 1575 Alberti,
1781 1535 1904 1570 Medici
1924 1534 2012 1576 apud
2025 1534 2183 1567 Feltrien-

1168 1582 1213 1615 ses
1234 1580 1425 1615 solertissimi
1449 1604 1461 1621 ‚
1484 1583 1515 1613 &
1540 1579 1646 1613 multo
1669 1580 1817 1621 longiore
1840 1580 1908 1612 vita
1930 1577 2021 1620 digni
2047 1603 2056 1619 ,
2091 1575 2182 1619 cujus

1167 1626 1285 1659 litterae
1308 1626 1409 1658 VIII.
1435 1623 1512 1658 Idus
1539 1623 1688 1669 Januarii
1720 1624 1763 1655 A.
1792 1633 1884 1665 1740.
1910 1621 1949 1655 ad
1983 1632 2032 1654 me
2055 1620 2183 1662 scriptae

1168 1680 1293 1708 raram,
1316 1668 1423 1702 minus
1448 1679 1464 1699 a
1488 1666 1646 1710 plerisque
1670 1665 1785 1709 sperati
1805 1690 1815 1705 ,
1841 1674 1970 1699 eventus
1993 1664 2184 1697 felicitatem

1170 1714 1382 1746 nunciarunt.
1407 1712 1516 1750 Quam
1537 1720 1608 1743 vere
1633 1710 1787 1752 proximo
1808 1707 1903 1752 ipfius
1926 1709 1982 1752 qui
2005 1717 2185 1750 :egrotave-

1171 1765 1244 1794 rat‚
1269 1756 1325 1788 vix
1347 1767 1363 1787 a
1389 1766 1437 1787 me
1461 1754 1623 1797 amplius,
1647 1753 1704 1786 nisi
1729 1752 1757 1786 se
1780 1751 1949 1787 indicasset
1973 1776 1983 1791 ,
2007 1751 2180 1795 agnoscen-

1170 1800 1228 1838 di,
1261 1798 1446 1841 conspeetus
1481 1796 1671 1840 gratissimus
1704 1795 1906 1830 confirmavit
1930 1820 1937 1828 .
2071 1795 2179 1829 Habes

1169 1843 1260 1886 quod
1285 1841 1513 1886 promiseram.
1539 1840 1639 1874 Vale,

103 2086 642 2151 EPISTO-LA
691 2047 1879 2148 A'NAToivtlco-MEDICA
1927 2080 2180 2144 XXuL

485 2221 684 2288 Agitur
719 2221 785 2273 de
820 2218 1209 2283 Palpitatione2
1243 2221 1298 2273 &
1329 2218 1532 2272 Dolore
1568 2218 1789 2273 CordiS.

237 2365 302 2399 UI
333 2364 489 2408 proximis
521 2360 657 2397 Litteris
687 2374 762 2397 cum
797 2362 953 2395 Valsalvae
986 2361 1110 2403 aliquot

249 2407 489 2443 diffec'tionibus
512 2409 566 2440 vix
591 2418 685 2440 unam
708 2417 809 2439 meam
832 2404 1001 2446 accepisti,
1024 2414 1108 2437 nunc

251 2461 362 2484 contra
382 2475 394 2490 ,
423 2462 508 2484 meas
531 2449 663 2492 quidem
697 2450 822 2492 aliquot
843 2472 856 2488 ,
889 2448 977 2481 illius
1002 2455 1108 2480 autem

102 2495 224 2528 nullam
248 2495 402 2531 habebi53,
422 2504 485 2526 non
509 2492 596 2536 quod
622 2493 726 2536 plures
749 2495 781 2525 in
807 2492 872 2533 ejus
897 2490 1017 2525 schedis
1042 2502 1106 2523 non

100 2547 209 2570 extent
231 2550 302 2581 quae
323 2538 361 2570 ad
383 2535 502 2570 Cordis
527 2536 793 2577 Palpita-tionem,
819 2538 850 2568 <Sc
873 2535 1032 2569 Dolorem
1054 2544 1104 2566 at-

99 2582 244 2618 tineant,
268 2579 317 2614 sed
343 2580 430 2624 quod
467 2581 560 2613 locus-
580 2578 712 2621 singulis
744 2580 851 2622 aptior
874 2579 908 2611 in
931 2578 1004 2611 aliis
1026 2588 1103 2620 quas

103 2632 159 2658 aut
184 2623 273 2664 mili,
297 2633 352 2657 aut
376 2621 524 2657 missurus
548 2622 635 2664 sum,
659 2622 817 2665 Epistolis
840 2620 897 2655 effe
919 2621 1008 2654 visus
1027 2620 1069 2654 est
1093 2646 1102 2653 .

99 2667 188 2700 Nam
210 2666 270 2700 five
293 2678 326 2700 ea
348 2667 455 2700 cordis
469 2665 672 2700 incommoda
697 2665 802 2700 causas
823 2664 941 2699 habent
963 2665 1104 2708 procula

98 2710 218 2748 corde,
242 2709 303 2743 five
325 2712 359 2743 in
382 2709 475 2753 ipso,
498 2720 552 2744 aut
576 2721 675 2752 prope
699 2708 804 2752 ipsum
825 2721 836 2748 ;
870 2719 945 2742 tunc
969 2708 1103 2751 quidem

99 2753 165 2787 fere
188 2753 306 2786 accidit
321 2777 334 2794 ,
357 2762 393 2787 ut
416 2754 491 2787 alibi
514 2752 606 2787 simul
631 2754 691 2786 alia
713 2778 725 2792 ,
758 2755 790 2786 δε
813 2752 892 2795 saepe
922 2752 1067 2795 graviora
1095 2775 1106 2791 ‚

101 2797 183 2830 mala
207 2796 235 2828 se
258 2796 415 2838 prodant;
439 2808 522 2832 nunc
547 2806 651 2830 autem
674 2807 746 2829 raro
768 2795 806 2829 fit
833 2818 843 2835 ‚
879 2804 912 2829 ut
936 2794 1000 2828 fine
1031 2795 1102 2827 aliis

100 2839 279 2882 majoribus
292 2841 383 2875 noxis
406 2852 461 2874 cor
473 2841 683 2883 palpitatione
696 2841 837 2882 agitetur
851 2864 859 2870 .
884 2838 1103 2877 Quamobrem

99 2884 212 2917 nostrae
234 2895 305 2926 quae
331 2895 406 2918 mox
418 2883 641 2927 proferentur,
664 2884 910 2917 Observationes
933 2882 1007 2924 ipsae
1019 2893 1103 2925 quo-

99 2939 160 2970 que
182 2938 221 2959 ex
243 2936 330 2969 parte
352 2928 456 2970 aliqua
480 2929 545 2960 alio
560 2927 699 2969 speetare
721 2926 1004 2960 videbuntur·non
1018 2926 1102 2958 secus

98 2982 134 3004 ac
158 2970 262 3012 plures
285 2970 318 3002 in
342 2982 376 3003 ea
400 2983 468 3014 quae
492 2971 554 3004 huc
578 2970 744 3012 respondet
769 2971 913 3003 Seecione
936 2969 1102 3001 vume-

100 3012 261 3056 pulchreti
276 3036 286 3052 ‚
310 3024 407 3056 neque
430 3014 494 3047 illae
517 3023 643 3047 tantum
667 3013 706 3047 de
728 3014 843 3057 quibus
867 3012 986 3046 fatetur
998 3013 1102 3044 Bone-

100 3067 176 3096 ms,
198 3067 272 3090 cum
294 3056 408 3089 diserte
430 3056 580 3090 adscribit
600 3081 612 3097 ,
635 3058 750 3099 quibus
763 3066 913 3100 praeterea
935 3058 969 3089 in
980 3056 1103 3089 Sectio-

101 3101 196 3133 nibus
205 3099 304 3133 fufius
317 3099 378 3133 fint
391 3100 430 3134 ab
442 3099 470 3134 se
482 3110 569 3133 antea
582 3100 754 3143 propofitae
765 3123 774 3138 ,
801 3109 854 3134 aut
867 3099 969 3142 postea
981 3109 1101 3141 propo-

101 3143 212 3178 nendae
224 3155 238 3183 ,τ
259 3142 309 3176 sed
324 3146 355 3176 δε
369 3143 437 3177 aliae
455 3166 464 3180 ,
487 3156 591 3188 eaeque
604 3145 637 3177 in
651 3145 788 3186 primis,
798 3155 931 3186 quarum
942 3142 1103 3176 Auditores

103 3196 156 3221 aut
168 3187 293 3220 nullum
305 3186 431 3228 prorsus
443 3198 507 3229 quo
531 3189 826 3229 aegrivexarentur,
852 3185 1023 3225 affeetum,
1046 3194 1101 3219 aut

101 3232 203 3264 alium
224 3241 322 3273 quam
342 3230 467 3267 cordis,
491 3230 690 3265 indicarunt.
715 3230 770 3264 Ad
788 3230 850 3264 hoc
870 3242 966 3272 genus
990 3228 1101 3262 referes

103 3273 374 3308 Observationem
399 3274 499 3306 VIII.
510 3274 612 3315 inqua
636 3278 705 3315 (uz)
728 3274 843 3308 scabies
854 3274 1044 3312 dumtaxat,
1067 3276 1101 3305 δε

102 3317 247 3360 hydrops
274 3325 514 3354 memoranturi.
539 3317 711 3359 palpitatio
730 3328 836 3352 autem
856 3317 896 3351 sic
920 3320 952 3350 in
964 3314 1101 3350 Scholio

101 3362 311 3401 nominatur,
335 3369 371 3394 ut
385 3384 399 3400 ,
421 3359 444 3393 si
467 3360 607 3394 animum
630 3360 773 3395 attendas
795 3386 807 3402 ,
830 3361 928 3395 fuerit
943 3383 952 3399 ‚
973 3371 1014 3394 an
1037 3370 1102 3392 non

103 3404 249 3439 fueritin
272 3412 468 3446 aegrotan-te‚
493 3414 553 3444 pro
565 3413 652 3436 certo
675 3405 811 3438 nescias.
842 3406 936 3439 Illius
948 3415 1024 3437 vero
1046 3415 1103 3445 ge-

103 3447 440 3481 nerisObservationes
450 3445 506 3481 esse
517 3447 556 3478 X.
571 3450 602 3480 ὃς
615 3449 708 3482 XVI.
725 3460 762 3481 ne
784 3449 848 3490 ipse
857 3448 988 3492 quidem
1008 3455 1102 3482 negat

103 3492 273 3529 Bonetuffi
291 3494 371 3534 quin
393 3489 640 3531 ultroagnoscit
664 3494 701 3526 in
711 3491 851 3526 Scholiis
873 3494 1003 3535 utrique
1016 3489 1101 3531 adie-

102 3535 188 3575 ctis,
211 3536 272 3568 alia
293 3546 327 3567 ac
351 3533 390 3567 de
412 3534 527 3578 quibus
549 3533 598 3566 ibi.
616 3535 682 3576 agit
701 3558 711 3573 ,
748 3536 830 3569 mala
854 3535 911 3569 else
942 3535 1098 3578 potuisse.

103 3577 289 3620 Utrobique
313 3587 440 3618 tamen,
462 3579 610 3622 quamvis
619 3588 682 3611 non
704 3578 897 3621 conjetffflrae
908 3578 1018 3612 dandae
1033 3579 1101 3612 fue·

102 3631 196 3663 rant,
219 3621 269 3655 sed
282 3621 554 3661 Observationes,
577 3622 675 3654 levius
686 3621 815 3655 fortasse
834 3623 867 3656 id
878 3623 983 3664 feras,
1005 3632 1100 3665 quam

186 3666 352 3708 Morgagni
362 3666 397 3699 de
410 3666 477 3699 Sed.
493 3666 533 3699 (φ
543 3667 565 3697 C
566 3664 629 3707 aus.
641 3663 743 3698 Morb.
757 3667 854 3699 Tom.
869 3668 896 3699 Ι.

929 3836 943 3865 (
958 3845 973 3866 q
988 3836 1003 3865 )
1020 3838 1054 3860 De
1071 3837 1161 3862 Medic.
1179 3839 1195 3862 1..
1215 3846 1236 3868 3.
1252 3846 1272 3862 c,
1292 3847 1328 3863 υ.

1166 2363 1223 2396 ubi
1246 2374 1317 2406 quae
1339 2364 1374 2397 in
1399 2362 1543 2396 Sectione
1567 2362 1624 2397 hac
1649 2374 1712 2397 non
1728 2364 1905 2408 longiffima
1927 2362 1992 2408 jam
2008 2362 2101 2396 semel
2127 2370 2175 2395 at-

1165 2406 1308 2447 tulerat,
1332 2408 1365 2440 in
1387 2405 1494 2439 eadem
1518 2408 1635 2440 iterum
1660 2407 1700 2440 ab
1719 2408 1747 2442 se
1773 2408 1939 2451 proferri,
1962 2418 2025 2440 non
2050 2405 2140 2439 sensit
2166 2431 2174 2438 .

1165 2450 1255 2483 Idem
1279 2452 1364 2483 enim
1389 2449 1430 2482 est
1452 2449 1540 2492 quod
1565 2451 1702 2492 legimus
1726 2451 1808 2485 Obs.
1821 2451 1962 2492 V11[.§.
1977 2462 2005 2494 3.
2024 2461 2059 2483 ac
2083 2449 2172 2493 quod.

1161 2492 1253 2527 versu
1263 2492 1334 2539 ipso
1358 2494 1465 2535 primo
1476 2492 1556 2525 Obs.
1569 2495 1594 2526 1.
1610 2495 1643 2525 in
1667 2505 1728 2536 qua
1740 2497 1846 2529 caeteri
1859 2507 1921 2538 qua
1934 2494 2106 2536 diligentia
2118 2494 2174 2527 dea

1162 2536 1271 2577 scripti
1284 2537 1344 2568 {int
1357 2559 1369 2575 ,
1390 2534 1520 2575 nosce5‚
1546 2535 1601 2569 ubi
1620 2548 1694 2570 cum
1706 2538 1849 2572 Hollerii
1866 2538 1961 2579 ipsius
1973 2537 2171 2572 Scholioad

1159 2581 1297 2628 citatum
1312 2588 1408 2621 caput
1423 2604 1432 2618 ‚
1455 2578 1587 2621 quodin
1610 2578 1676 2622 ejus
1695 2580 1780 2614 libro
1805 2585 1833 2616 I.
1854 2581 1918 2621 est,
1942 2579 2085 2614 conferre
2113 2593 2170 2612 vo-

1159 2624 1273 2669 lueris.
1301 2624 1401 2656 Porro
1412 2621 1496 2656 idem
1520 2623 1561 2656 est
1579 2623 1667 2665 quod
1690 2625 1918 2659 Observationi
1939 2626 2014 2658 XV.
2028 2626 2169 2667 primum

1158 2666 1351 2706 subjicitur,
1378 2678 1411 2699 ac
1459 2666 1524 2700 uod
1549 2670 1689 2709 primum
1723 2668 1765 2702 est
1788 2670 1821 2702 in
1844 2671 1886 2703 V.
1913 2667 2001 2702 Idem
2023 2668 2112 2711 quod
2134 2669 2168 2701 in

1157 2711 1291 2760 XVIH?
1304 2721 1338 2742 ac
1366 2678 1455 2753 quod
1469 2711 1502 2742 in
1521 2720 1659 2743 extrema
1672 2713 1699 2744 I.
1714 2712 1805 2745 Idem
1823 2712 1911 2755 quod
1924 2713 2009 2745 circa
2031 2713 2169 2756 initium

1158 2752 1284 2786 Scholn
1309 2751 1347 2786 ad
1358 2755 1385 2793 §.
1397 2756 1427 2786 6.
1440 2752 1522 2787 Obs.
1535 2755 1623 2786 XXI.
1641 2765 1675 2786 ac
1685 2755 1772 2797 quod
1795 2758 1828 2788 in
1841 2756 1902 2789 fine
1922 2755 1963 2788 est
1975 2753 2100 2787 Scholii
2127 2755 2168 2789 ad

1157 2797 1199 2829 X.
1215 2797 1361 2839 Denique
1373 2797 1477 2840 puella
1489 2797 1651 2839 proposita
1662 2799 1689 2837 §.
1707 2809 1735 2830 2.
1749 2798 1831 2832 obs.
1844 2801 1937 2832 X1V.
1951 2797 2037 2832 haud
2050 2800 2110 2831 alia
2123 2798 2167 2832 est

1157 2851 1193 2872 ac
1209 2852 1279 2882 quae
1291 2842 1318 2880 ς.
1336 2851 1348 2872 1
1359 2851 1384 2873 1.
1401 2840 1483 2873 Obs.
1497 2842 1586 2886 XXI.
1599 2843 1631 2873 δε
1642 2862 1650 2877 ,
1663 2840 1750 2883 quod
1763 2841 1858 2876 facile
1871 2852 1936 2874 non
1947 2840 2056 2875 credas
2069 2865 2078 2880 ‚
2104 2841 2164 2875 nili

1157 2894 1213 2925 per
1225 2893 1255 2916 te
1268 2883 1334 2926 ipse
1347 2884 1550 2925 recognoscas
1561 2906 1573 2922 ,
1586 2883 1726 2926 inhujus
1739 2886 1862 2919 ultimae
1876 2884 2122 2919 observationis
2134 2887 2162 2926 ἕ,

1157 2927 1187 2959 8.
1202 2938 1281 2960 unus
1292 2927 1438 2968 idemque
1450 2927 1573 2968 puellus
1583 2926 1689 2969 estqui
1701 2930 1857 2963 continuo
1868 2929 1989 2962 ibidem
2000 2930 2164 2971 reponitur

1158 2972 1186 3010 ἕ.
1200 2984 1231 3011 9.
1245 2972 1316 3016 Nec
1327 2981 1400 3002 vero
1412 2971 1446 3002 in
1457 2968 1698 3004 Additamentis
1708 2971 1745 3006 ad
1769 2972 1850 3006 hanc
1863 2973 2041 3006 sefflonem
2059 2970 2162 3006 minus

1157 3013 1315 3047 obliviose
1337 3024 1384 3046 res
1408 3013 1475 3046 afta
1498 3012 1540 3046 est
1560 3037 1568 3044 .
1603 3015 1656 3046 Ex
1675 3015 1741 3049 illis
1762 3018 1848 3050 enim
1872 3015 2162 3050 observationibus

1155 3068 1227 3099 quae
1251 3059 1285 3089 in
1297 3068 1391 3090 unam
1406 3058 1468 3089 III.
1480 3066 1716 3099 congeruntur,
1738 3058 1760 3092 fi
1773 3060 1849 3094 duas
1873 3059 1944 3093 illas
1955 3071 2091 3102 quarum
2115 3060 2162 3092 al-

1155 3102 1356 3148 tera—Civem
1379 3099 1535 3149 quendam
1554 3103 1862 3145 quinquagenarium
1886 3126 1895 3141 ‚
1921 3105 2018 3137 altera
2042 3105 2161 3137 Virum

1157 3144 1300 3177 nobilem
1324 3152 1500 3185 proponit,
1523 3154 1597 3176 curn
1611 3146 1676 3178 illis
1687 3157 1849 3190 compares
1862 3159 1937 3188 quas
1950 3147 2040 3190 supra
2053 3147 2158 3181 Bone-

1157 3196 1208 3221 tus
1222 3187 1277 3220 sub
1289 3198 1374 3220 num.
1387 3187 1475 3235 XXI.
1489 3188 1517 3226 §.
1530 3198 1558 3228 ς.
1576 3190 1607 3220 ἃς
1623 3187 1680 3221 sub
1692 3201 1778 3224 num.
1793 3192 1887 3224 XIV.
1902 3191 2061 3233 initioque
2073 3189 2160 3232 adje-

1156 3231 1201 3264 c‘ti
1213 3231 1289 3264 huic
1304 3229 1447 3269 Schohi,
1471 3229 1535 3263 suis
1545 3230 1697 3266 indicatis
1707 3233 1907 3268 Auetoribus
1920 3257 1931 3272 ‚
1954 3234 2157 3276 protulerat,

1155 3273 1274 3308 easdem
1287 3273 1392 3306 statim
1406 3271 1463 3307 esse
1484 3274 1652 3316 cognosces
1664 3300 1675 3316 ,
1700 3276 1779 3310 hane
1791 3278 1916 3311 Riverii
1935 3297 1946 3313 ,
1970 3277 2060 3310 illam
2078 3277 2159 3310 Hil-

1154 3317 1251 3350 dani.
1276 3318 1391 3360 Neque
1411 3319 1498 3349 enim
1510 3318 1724 3354 Blanchardus
1742 3345 1754 3360 ,
1778 3321 1836 3363 qui
1861 3321 1893 3352 in
1905 3321 2084 3354 Anatomia
2103 3320 2156 3354 sua

1155 3360 1301 3394 ‘Praaeflc'ca
1312 3369 1464 3403 tanquam
1478 3360 1543 3394 suas
1556 3388 1564 3400 ,
1591 3372 1645 3395 aut
1658 3374 1696 3397 ex
1714 3365 1846 3396 aliorum
1860 3362 1960 3396 relatu
1972 3366 1986 3402 ζ
1997 3362 2036 3402 b)
2051 3363 2155 3396 ambas

1154 3408 1191 3443 (c
1202 3405 1352 3444 >dederat
1363 3415 1480 3437 novum
1492 3405 1522 3436 in
1537 3406 1668 3439 modum
1682 3406 1858 3449 personatas
1870 3429 1884 3446 ,-
1893 3406 2010 3440 omiffis
2021 3406 2155 3450 quibus-

1153 3448 1250 3486 dam,
1274 3450 1342 3481 imo
1360 3449 1456 3480 etiam
1471 3447 1588 3482 additis
1600 3450 1762 3482 nonnullis
1775 3461 1845 3492 quae
1860 3451 1895 3482 in
1916 3448 2066 3482 cadavere
2078 3451 2158 3483 Hil-

1154 3491 1253 3525 danus
1263 3503 1329 3524 non
1341 3501 1569 3524 memoraverat
1583 3516 1595 3532 ,
1610 3493 1718 3527 fucum
1727 3493 1787 3526 tibi
1801 3494 1921 3536 poterit
1934 3491 2046 3532 facere,
2061 3503 2156 3527 tanto

1152 3536 1257 3568 minus
1267 3534 1432 3568 credituro
1445 3557 1454 3571 ‚
1466 3536 1541 3577 quia
1553 3537 1601 3568 vel
1611 3537 1644 3568 in
1658 3548 1691 3569 ea
1702 3536 1935 3570 Observatione
1945 3548 2015 3579 quae
2037 3538 2108 3571 illas
2120 3538 2156 3570 in

1152 3579 1359 3620 Sepulchreto
1371 3579 1517 3620 proxime
1529 3578 1679 3621 praecedit
1693 3603 1707 3619 ,
1719 3579 1938 3622 Ruyschium‚
1948 3589 2111 3625 tanquam,
2122 3580 2152 3614 se

1149 3620 1694 3700 diffecante‚praefhntem‚nomirgss
1707 3624 1762 3666 qni
1775 3623 1802 3656 se
1813 3623 1895 3657 illud
1907 3624 2011 3666 ipsum
2023 3625 2155 3711 capsaver

1652 3669 1656 3675 ’
1682 3679 1703 3709 g
1749 3677 1766 3699 2
2031 3668 2062 3701 di
2086 3679 2115 3702 e-

1391 3839 1407 3867 ζ
1421 3838 1464 3868 a)
1482 3839 1504 3868 §.
1525 3847 1545 3864 ι.
1609 3838 1651 3868 (b
1669 3838 1680 3867 )
1698 3836 1754 3863 vicl.
1772 3837 1825 3865 ejus
1842 3838 1937 3864 P'raefat.
