<?xml version="1.0" encoding="UTF-8"?>
<!DOCTYPE html PUBLIC "-//W3C//DTD XHTML 1.0 Transitional//EN"
    "http://www.w3.org/TR/xhtml1/DTD/xhtml1-transitional.dtd">
<html xmlns="http://www.w3.org/1999/xhtml" xml:lang="en" lang="en">
 <head>
  <title>
</title>
<meta http-equiv="Content-Type" content="text/html;charset=utf-8" />
  <meta name='ocr-system' content='tesseract 3.04.00' />
  <meta name='ocr-capabilities' content='ocr_page ocr_carea ocr_par ocr_line ocrx_word'/>
</head>
<body>
  <div class='ocr_page' id='page_1' title='image "./desedibusetcausi00morg_0715.png"; bbox 0 0 2498 4075; ppageno 0'>
   <div class='ocr_carea' id='block_1_1' title="bbox 232 184 1910 253">
    <p class='ocr_par' dir='ltr' id='par_1_1' title="bbox 232 184 1910 253">
     <span class='ocr_line' id='line_1_1' title="bbox 232 184 1910 253; baseline 0 -17"><span class='ocrx_word' id='word_1_1' title='bbox 232 188 386 253; x_wconf 77' lang='lat' dir='ltr'>Epist.</span> <span class='ocrx_word' id='word_1_2' title='bbox 429 184 583 239; x_wconf 79' lang='lat' dir='ltr'>Anat.</span> <span class='ocrx_word' id='word_1_3' title='bbox 618 188 826 240; x_wconf 69' lang='lat' dir='ltr'>Medica.</span> <span class='ocrx_word' id='word_1_4' title='bbox 863 184 1011 237; x_wconf 47' lang='grc' dir='ltr'>ΕΗΒ</span> <span class='ocrx_word' id='word_1_5' title='bbox 1048 186 1165 238; x_wconf 84' lang='lat' dir='ltr'>Art.</span> <span class='ocrx_word' id='word_1_6' title='bbox 1206 202 1275 248; x_wconf 89' lang='lat'>17.</span> <span class='ocrx_word' id='word_1_7' title='bbox 1311 186 1382 238; x_wconf 72' lang='lat'>18.</span> <span class='ocrx_word' id='word_1_8' title='bbox 1421 201 1493 251; x_wconf 88' lang='lat'>19.</span> <span class='ocrx_word' id='word_1_9' title='bbox 1530 187 1604 238; x_wconf 69' lang='lat' dir='ltr'>zei.</span> <span class='ocrx_word' id='word_1_10' title='bbox 1642 200 1711 236; x_wconf 87' lang='lat'>21.</span> <span class='ocrx_word' id='word_1_11' title='bbox 1744 184 1800 236; x_wconf 83' lang='lat'>&amp;</span> <span class='ocrx_word' id='word_1_12' title='bbox 1836 200 1910 236; x_wconf 80' lang='lat'>22.</span> 
     </span>
    </p>
   </div>
   <div class='ocr_carea' id='block_1_2' title="bbox 94 256 1110 428">
    <p class='ocr_par' dir='ltr' id='par_1_2' title="bbox 94 256 1110 428">
     <span class='ocr_line' id='line_1_2' title="bbox 97 256 1109 302; baseline 0.003 -13"><span class='ocrx_word' id='word_1_13' title='bbox 97 256 290 300; x_wconf 77' lang='lat' dir='ltr'>cunihujus</span> <span class='ocrx_word' id='word_1_14' title='bbox 314 258 463 302; x_wconf 86' lang='lat' dir='ltr'>suprema·</span> <span class='ocrx_word' id='word_1_15' title='bbox 478 258 630 291; x_wconf 85' lang='lat' dir='ltr'>anteriore</span> <span class='ocrx_word' id='word_1_16' title='bbox 665 267 751 299; x_wconf 79' lang='lat' dir='ltr'>parte</span> <span class='ocrx_word' id='word_1_17' title='bbox 775 258 956 293; x_wconf 46' lang='lat' dir='ltr'>nectebatur</span> <span class='ocrx_word' id='word_1_18' title='bbox 979 284 987 299; x_wconf 86' lang='lat'><em>‚</em></span> <span class='ocrx_word' id='word_1_19' title='bbox 1023 259 1109 301; x_wconf 84' lang='lat' dir='ltr'>quasi</span> 
     </span>
     <span class='ocr_line' id='line_1_3' title="bbox 99 300 1109 343; baseline 0.002 -11"><span class='ocrx_word' id='word_1_20' title='bbox 99 300 181 332; x_wconf 81' lang='lat' dir='ltr'>sanie</span> <span class='ocrx_word' id='word_1_21' title='bbox 205 300 338 334; x_wconf 76' lang='lat' dir='ltr'>madida:</span> <span class='ocrx_word' id='word_1_22' title='bbox 364 303 436 335; x_wconf 76' lang='lat' dir='ltr'>visae</span> <span class='ocrx_word' id='word_1_23' title='bbox 462 302 554 337; x_wconf 87' lang='lat' dir='ltr'>sunt:</span> <span class='ocrx_word' id='word_1_24' title='bbox 590 302 731 342; x_wconf 77' lang='lat' dir='ltr'>itemque</span> <span class='ocrx_word' id='word_1_25' title='bbox 766 301 934 343; x_wconf 83' lang='lat' dir='ltr'>peculiaris</span> <span class='ocrx_word' id='word_1_26' title='bbox 971 302 1109 336; x_wconf 68' lang='lat' dir='ltr'>adhaefio</span> 
     </span>
     <span class='ocr_line' id='line_1_4' title="bbox 94 343 1110 388; baseline 0.004 -14"><span class='ocrx_word' id='word_1_27' title='bbox 94 343 152 375; x_wconf 75' lang='lat' dir='ltr'>illa</span> <span class='ocrx_word' id='word_1_28' title='bbox 174 344 239 375; x_wconf 92' lang='lat' dir='ltr'>visa</span> <span class='ocrx_word' id='word_1_29' title='bbox 261 344 323 381; x_wconf 80' lang='lat' dir='ltr'>est,</span> <span class='ocrx_word' id='word_1_30' title='bbox 348 357 409 388; x_wconf 82' lang='lat' dir='ltr'>qua</span> <span class='ocrx_word' id='word_1_31' title='bbox 433 345 518 378; x_wconf 88' lang='lat' dir='ltr'>idem</span> <span class='ocrx_word' id='word_1_32' title='bbox 542 344 653 386; x_wconf 81' lang='lat' dir='ltr'>pulmo</span> <span class='ocrx_word' id='word_1_33' title='bbox 675 355 747 377; x_wconf 88' lang='lat' dir='ltr'>cum</span> <span class='ocrx_word' id='word_1_34' title='bbox 772 344 877 384; x_wconf 80' lang='lat' dir='ltr'>pleura</span> <span class='ocrx_word' id='word_1_35' title='bbox 900 346 946 377; x_wconf 88' lang='lat' dir='ltr'>ibi</span> <span class='ocrx_word' id='word_1_36' title='bbox 958 347 1110 378; x_wconf 89' lang='lat' dir='ltr'>commit-</span> 
     </span>
     <span class='ocr_line' id='line_1_5' title="bbox 99 386 1110 428; baseline 0.004 -10"><span class='ocrx_word' id='word_1_37' title='bbox 99 386 249 425; x_wconf 70' lang='lat' dir='ltr'>rebatur,</span> <span class='ocrx_word' id='word_1_38' title='bbox 274 387 327 420; x_wconf 84' lang='lat' dir='ltr'>ubi</span> <span class='ocrx_word' id='word_1_39' title='bbox 352 389 472 421; x_wconf 87' lang='lat' dir='ltr'>vulneri</span> <span class='ocrx_word' id='word_1_40' title='bbox 500 386 836 428; x_wconf 78' lang='lat' dir='ltr'>respondebat‚utfine</span> <span class='ocrx_word' id='word_1_41' title='bbox 861 388 1053 422; x_wconf 72' lang='lat' dir='ltr'>laceratione</span> <span class='ocrx_word' id='word_1_42' title='bbox 1065 389 1110 421; x_wconf 88' lang='lat' dir='ltr'>se-</span> 
     </span>
    </p>
   </div>
   <div class='ocr_carea' id='block_1_3' title="bbox 94 429 1148 474">
    <p class='ocr_par' dir='ltr' id='par_1_3' title="bbox 94 429 1148 474">
     <span class='ocr_line' id='line_1_6' title="bbox 94 429 1148 474; baseline 0.003 -13"><span class='ocrx_word' id='word_1_43' title='bbox 94 433 197 471; x_wconf 76' lang='lat' dir='ltr'>parari</span> <span class='ocrx_word' id='word_1_44' title='bbox 211 441 273 462; x_wconf 90' lang='lat' dir='ltr'>nou</span> <span class='ocrx_word' id='word_1_45' title='bbox 286 429 383 471; x_wconf 80' lang='lat' dir='ltr'>posset</span> <span class='ocrx_word' id='word_1_46' title='bbox 399 456 407 464; x_wconf 89' lang='lat'>.</span> <span class='ocrx_word' id='word_1_47' title='bbox 431 431 557 464; x_wconf 87' lang='lat' dir='ltr'>Vulnus</span> <span class='ocrx_word' id='word_1_48' title='bbox 570 441 643 463; x_wconf 85' lang='lat' dir='ltr'>vero</span> <span class='ocrx_word' id='word_1_49' title='bbox 654 429 707 461; x_wconf 89' lang='lat' dir='ltr'>etsi</span> <span class='ocrx_word' id='word_1_50' title='bbox 720 430 802 461; x_wconf 87' lang='lat' dir='ltr'>inter</span> <span class='ocrx_word' id='word_1_51' title='bbox 812 432 915 472; x_wconf 76' lang='lat' dir='ltr'>Spinoe</span> <span class='ocrx_word' id='word_1_52' title='bbox 928 431 1105 474; x_wconf 77' lang='lat' dir='ltr'>adjacentes</span> <span class='ocrx_word' id='word_1_53' title='bbox 1146 455 1148 458; x_wconf 91' lang='lat'>-</span> 
     </span>
    </p>
   </div>
   <div class='ocr_carea' id='block_1_4' title="bbox 60 471 1106 3106">
    <p class='ocr_par' dir='ltr' id='par_1_4' title="bbox 86 471 1106 850">
     <span class='ocr_line' id='line_1_7' title="bbox 92 471 1106 515; baseline 0.005 -11"><span class='ocrx_word' id='word_1_54' title='bbox 92 471 254 506; x_wconf 76' lang='lat' dir='ltr'>musculos</span> <span class='ocrx_word' id='word_1_55' title='bbox 280 473 317 505; x_wconf 84' lang='lat' dir='ltr'>ad</span> <span class='ocrx_word' id='word_1_56' title='bbox 342 475 481 515; x_wconf 87' lang='lat' dir='ltr'>pleuram</span> <span class='ocrx_word' id='word_1_57' title='bbox 504 473 604 515; x_wconf 80' lang='lat' dir='ltr'>ipsam</span> <span class='ocrx_word' id='word_1_58' title='bbox 634 472 833 513; x_wconf 81' lang='lat' dir='ltr'>perveniebat</span> <span class='ocrx_word' id='word_1_59' title='bbox 860 484 871 510; x_wconf 77' lang='lat'>5</span> <span class='ocrx_word' id='word_1_60' title='bbox 896 472 974 506; x_wconf 82' lang='lat' dir='ltr'>hanc</span> <span class='ocrx_word' id='word_1_61' title='bbox 1000 484 1106 509; x_wconf 84' lang='lat' dir='ltr'>tamen</span> 
     </span>
     <span class='ocr_line' id='line_1_8' title="bbox 92 514 1103 557; baseline 0.003 -11"><span class='ocrx_word' id='word_1_62' title='bbox 92 514 281 555; x_wconf 75' lang='lat' dir='ltr'>perforasse.</span> <span class='ocrx_word' id='word_1_63' title='bbox 305 527 377 548; x_wconf 86' lang='lat' dir='ltr'>non.</span> <span class='ocrx_word' id='word_1_64' title='bbox 391 517 556 551; x_wconf 84' lang='lat' dir='ltr'>constitit.</span> <span class='ocrx_word' id='word_1_65' title='bbox 581 518 733 550; x_wconf 86' lang='lat' dir='ltr'>Ceterum</span> <span class='ocrx_word' id='word_1_66' title='bbox 759 515 923 557; x_wconf 78' lang='lat' dir='ltr'>pulmones</span> <span class='ocrx_word' id='word_1_67' title='bbox 946 519 1055 552; x_wconf 82' lang='lat' dir='ltr'>multis</span> <span class='ocrx_word' id='word_1_68' title='bbox 1071 519 1103 550; x_wconf 92' lang='lat' dir='ltr'>in</span> 
     </span>
     <span class='ocr_line' id='line_1_9' title="bbox 94 558 1102 603; baseline 0.005 -14"><span class='ocrx_word' id='word_1_69' title='bbox 94 559 175 591; x_wconf 85' lang='lat' dir='ltr'>locis</span> <span class='ocrx_word' id='word_1_70' title='bbox 210 559 383 594; x_wconf 80' lang='lat' dir='ltr'>tuberculis</span> <span class='ocrx_word' id='word_1_71' title='bbox 408 560 565 593; x_wconf 71' lang='lat' dir='ltr'>scatebant</span> <span class='ocrx_word' id='word_1_72' title='bbox 589 558 767 601; x_wconf 76' lang='lat' dir='ltr'>maj-oribus</span> <span class='ocrx_word' id='word_1_73' title='bbox 784 580 791 593; x_wconf 85' lang='lat'>,</span> <span class='ocrx_word' id='word_1_74' title='bbox 829 560 1069 603; x_wconf 79' lang='lat' dir='ltr'>minoribusque</span> <span class='ocrx_word' id='word_1_75' title='bbox 1094 572 1102 593; x_wconf 68' lang='grc' dir='ltr'><em>τ</em></span> 
     </span>
     <span class='ocr_line' id='line_1_10' title="bbox 88 600 1103 645; baseline 0.003 -12"><span class='ocrx_word' id='word_1_76' title='bbox 88 613 228 643; x_wconf 72' lang='lat' dir='ltr'>quorum</span> <span class='ocrx_word' id='word_1_77' title='bbox 263 603 376 644; x_wconf 82' lang='lat' dir='ltr'>plura,</span> <span class='ocrx_word' id='word_1_78' title='bbox 397 602 462 645; x_wconf 82' lang='lat' dir='ltr'>jam</span> <span class='ocrx_word' id='word_1_79' title='bbox 488 603 678 644; x_wconf 80' lang='lat' dir='ltr'>suppurata,</span> <span class='ocrx_word' id='word_1_80' title='bbox 712 600 830 633; x_wconf 87' lang='lat' dir='ltr'>saniem</span> <span class='ocrx_word' id='word_1_81' title='bbox 854 602 951 639; x_wconf 80' lang='lat' dir='ltr'>incisa</span> <span class='ocrx_word' id='word_1_82' title='bbox 974 606 1103 636; x_wconf 81' lang='lat' dir='ltr'>emitte-</span> 
     </span>
     <span class='ocr_line' id='line_1_11' title="bbox 91 644 1102 688; baseline 0.004 -13"><span class='ocrx_word' id='word_1_83' title='bbox 91 645 187 681; x_wconf 84' lang='lat' dir='ltr'>bant,</span> <span class='ocrx_word' id='word_1_84' title='bbox 212 645 272 677; x_wconf 86' lang='lat' dir='ltr'>alia</span> <span class='ocrx_word' id='word_1_85' title='bbox 295 645 399 679; x_wconf 75' lang='lat' dir='ltr'>illaesae</span> <span class='ocrx_word' id='word_1_86' title='bbox 423 645 581 688; x_wconf 71' lang='lat' dir='ltr'>glaadulae</span> <span class='ocrx_word' id='word_1_87' title='bbox 605 644 848 678; x_wconf 75' lang='lat' dir='ltr'>fimilitudinem</span> <span class='ocrx_word' id='word_1_88' title='bbox 872 645 976 680; x_wconf 84' lang='lat' dir='ltr'>adhuc</span> <span class='ocrx_word' id='word_1_89' title='bbox 1001 646 1102 679; x_wconf 86' lang='lat' dir='ltr'>serva-</span> 
     </span>
     <span class='ocr_line' id='line_1_12' title="bbox 88 685 1099 731; baseline 0.002 -13"><span class='ocrx_word' id='word_1_90' title='bbox 88 687 185 719; x_wconf 77' lang='lat' dir='ltr'>bant.</span> <span class='ocrx_word' id='word_1_91' title='bbox 211 690 248 720; x_wconf 93' lang='lat' dir='ltr'>In</span> <span class='ocrx_word' id='word_1_92' title='bbox 274 688 453 728; x_wconf 80' lang='lat' dir='ltr'>pericardio</span> <span class='ocrx_word' id='word_1_93' title='bbox 479 689 642 730; x_wconf 86' lang='lat' dir='ltr'>paululum</span> <span class='ocrx_word' id='word_1_94' title='bbox 666 688 745 721; x_wconf 87' lang='lat' dir='ltr'>seri.</span> <span class='ocrx_word' id='word_1_95' title='bbox 781 690 819 720; x_wconf 88' lang='lat' dir='ltr'>In</span> <span class='ocrx_word' id='word_1_96' title='bbox 842 685 970 731; x_wconf 76' lang='lat' dir='ltr'>singulis</span> <span class='ocrx_word' id='word_1_97' title='bbox 993 689 1099 722; x_wconf 86' lang='lat' dir='ltr'>cordis</span> 
     </span>
     <span class='ocr_line' id='line_1_13' title="bbox 89 730 1100 774; baseline -0.001 -14"><span class='ocrx_word' id='word_1_98' title='bbox 89 731 276 763; x_wconf 77' lang='lat' dir='ltr'>ventriculis</span> <span class='ocrx_word' id='word_1_99' title='bbox 299 731 427 773; x_wconf 66' lang='lat' dir='ltr'>singulae</span> <span class='ocrx_word' id='word_1_100' title='bbox 449 730 610 774; x_wconf 77' lang='lat' dir='ltr'>polyposae</span> <span class='ocrx_word' id='word_1_101' title='bbox 637 733 878 766; x_wconf 76' lang='lat' dir='ltr'>concretiones,</span> <span class='ocrx_word' id='word_1_102' title='bbox 902 732 973 765; x_wconf 85' lang='lat' dir='ltr'>inde</span> <span class='ocrx_word' id='word_1_103' title='bbox 998 734 1030 764; x_wconf 88' lang='lat' dir='ltr'>in</span> <span class='ocrx_word' id='word_1_104' title='bbox 1045 745 1100 766; x_wconf 80' lang='lat' dir='ltr'>au-</span> 
     </span>
     <span class='ocr_line' id='line_1_14' title="bbox 86 772 1104 816; baseline 0.005 -12"><span class='ocrx_word' id='word_1_105' title='bbox 86 774 224 814; x_wconf 78' lang='lat' dir='ltr'>riculas,</span> <span class='ocrx_word' id='word_1_106' title='bbox 248 773 439 816; x_wconf 73' lang='lat' dir='ltr'>annexasque</span> <span class='ocrx_word' id='word_1_107' title='bbox 462 785 552 807; x_wconf 83' lang='lat' dir='ltr'>venas</span> <span class='ocrx_word' id='word_1_108' title='bbox 578 774 767 816; x_wconf 72' lang='lat' dir='ltr'>produetae;</span> <span class='ocrx_word' id='word_1_109' title='bbox 790 772 892 814; x_wconf 78' lang='lat' dir='ltr'>major</span> <span class='ocrx_word' id='word_1_110' title='bbox 914 776 947 808; x_wconf 86' lang='lat' dir='ltr'>in</span> <span class='ocrx_word' id='word_1_111' title='bbox 959 776 1104 816; x_wconf 84' lang='lat' dir='ltr'>dextero,</span> 
     </span>
     <span class='ocr_line' id='line_1_15' title="bbox 90 817 415 850; baseline 0.003 -2"><span class='ocrx_word' id='word_1_112' title='bbox 90 820 196 850; x_wconf 85' lang='lat' dir='ltr'>minor</span> <span class='ocrx_word' id='word_1_113' title='bbox 219 819 251 849; x_wconf 89' lang='lat' dir='ltr'>in</span> <span class='ocrx_word' id='word_1_114' title='bbox 275 817 415 850; x_wconf 84' lang='lat' dir='ltr'>sinistro.</span> 
     </span>
    </p>

    <p class='ocr_par' dir='ltr' id='par_1_5' title="bbox 86 858 1094 1119">
     <span class='ocr_line' id='line_1_16' title="bbox 136 858 1094 905; baseline 0.002 -13"><span class='ocrx_word' id='word_1_115' title='bbox 136 870 184 897; x_wconf 72' lang='lat'>17.</span> <span class='ocrx_word' id='word_1_116' title='bbox 205 861 272 893; x_wconf 86' lang='lat' dir='ltr'>Hic</span> <span class='ocrx_word' id='word_1_117' title='bbox 292 861 426 905; x_wconf 84' lang='lat' dir='ltr'>Juvenis</span> <span class='ocrx_word' id='word_1_118' title='bbox 449 871 576 904; x_wconf 87' lang='lat' dir='ltr'>quoque</span> <span class='ocrx_word' id='word_1_119' title='bbox 600 884 612 900; x_wconf 83' lang='lat'><em>‚</em></span> <span class='ocrx_word' id='word_1_120' title='bbox 649 858 706 892; x_wconf 87' lang='lat' dir='ltr'>nisi</span> <span class='ocrx_word' id='word_1_121' title='bbox 738 859 883 894; x_wconf 86' lang='lat' dir='ltr'>accedens</span> <span class='ocrx_word' id='word_1_122' title='bbox 907 860 946 893; x_wconf 86' lang='lat' dir='ltr'>ad</span> <span class='ocrx_word' id='word_1_123' title='bbox 968 870 1094 897; x_wconf 83' lang='lat' dir='ltr'>caeteras</span> 
     </span>
     <span class='ocr_line' id='line_1_17' title="bbox 89 901 1094 946; baseline 0.003 -12"><span class='ocrx_word' id='word_1_124' title='bbox 89 912 206 939; x_wconf 81' lang='lat' dir='ltr'>noxas,</span> <span class='ocrx_word' id='word_1_125' title='bbox 229 904 354 935; x_wconf 83' lang='lat' dir='ltr'>interna</span> <span class='ocrx_word' id='word_1_126' title='bbox 377 902 506 936; x_wconf 88' lang='lat' dir='ltr'>fortasse</span> <span class='ocrx_word' id='word_1_127' title='bbox 532 904 639 946; x_wconf 83' lang='lat' dir='ltr'>aliqua</span> <span class='ocrx_word' id='word_1_128' title='bbox 662 901 846 942; x_wconf 85' lang='lat' dir='ltr'>convulsio,</span> <span class='ocrx_word' id='word_1_129' title='bbox 869 904 1094 938; x_wconf 84' lang='lat' dir='ltr'>cuicircasto-</span> 
     </span>
     <span class='ocr_line' id='line_1_18' title="bbox 86 944 1092 987; baseline 0.004 -11"><span class='ocrx_word' id='word_1_130' title='bbox 86 944 237 979; x_wconf 71' lang='lat' dir='ltr'>inachum</span> <span class='ocrx_word' id='word_1_131' title='bbox 261 945 374 984; x_wconf 83' lang='lat' dir='ltr'>dolor,</span> <span class='ocrx_word' id='word_1_132' title='bbox 398 947 623 980; x_wconf 85' lang='lat' dir='ltr'>intestinorum</span> <span class='ocrx_word' id='word_1_133' title='bbox 647 946 684 978; x_wconf 86' lang='lat' dir='ltr'>ab</span> <span class='ocrx_word' id='word_1_134' title='bbox 708 954 831 979; x_wconf 83' lang='lat' dir='ltr'>retento</span> <span class='ocrx_word' id='word_1_135' title='bbox 843 957 907 979; x_wconf 89' lang='lat' dir='ltr'>aere</span> <span class='ocrx_word' id='word_1_136' title='bbox 918 948 1092 987; x_wconf 83' lang='lat' dir='ltr'>distentio,</span> 
     </span>
     <span class='ocr_line' id='line_1_19' title="bbox 87 989 1091 1032; baseline 0.003 -12"><span class='ocrx_word' id='word_1_137' title='bbox 87 990 120 1020; x_wconf 63' lang='grc' dir='ltr'>ὅ(</span> <span class='ocrx_word' id='word_1_138' title='bbox 144 989 291 1021; x_wconf 71' lang='grc' dir='ltr'>ἰᾶετίευς</span> <span class='ocrx_word' id='word_1_139' title='bbox 315 991 417 1023; x_wconf 85' lang='lat' dir='ltr'>totius</span> <span class='ocrx_word' id='word_1_140' title='bbox 440 990 893 1032; x_wconf 83' lang='lat' dir='ltr'>corporiscolorimputentur</span> <span class='ocrx_word' id='word_1_141' title='bbox 908 1017 915 1030; x_wconf 87' lang='lat'><strong>‚</strong></span> <span class='ocrx_word' id='word_1_142' title='bbox 940 993 1091 1024; x_wconf 75' lang='lat' dir='ltr'>citiorem</span> 
     </span>
     <span class='ocr_line' id='line_1_20' title="bbox 88 1030 1092 1074; baseline 0.005 -12"><span class='ocrx_word' id='word_1_143' title='bbox 88 1030 239 1064; x_wconf 74' lang='lat' dir='ltr'>attulisset</span> <span class='ocrx_word' id='word_1_144' title='bbox 262 1032 454 1071; x_wconf 83' lang='lat' dir='ltr'>interitum3</span> <span class='ocrx_word' id='word_1_145' title='bbox 479 1032 572 1066; x_wconf 85' lang='lat' dir='ltr'>facile</span> <span class='ocrx_word' id='word_1_146' title='bbox 596 1032 746 1074; x_wconf 77' lang='lat' dir='ltr'>disruptis</span> <span class='ocrx_word' id='word_1_147' title='bbox 772 1033 963 1074; x_wconf 85' lang='lat' dir='ltr'>pulmonum</span> <span class='ocrx_word' id='word_1_148' title='bbox 984 1033 1092 1069; x_wconf 84' lang='lat' dir='ltr'>tuber-</span> 
     </span>
     <span class='ocr_line' id='line_1_21' title="bbox 87 1073 1092 1119; baseline 0.004 -13"><span class='ocrx_word' id='word_1_149' title='bbox 87 1074 168 1107; x_wconf 82' lang='lat' dir='ltr'>culis</span> <span class='ocrx_word' id='word_1_150' title='bbox 193 1074 339 1116; x_wconf 78' lang='lat' dir='ltr'>sanguine</span> <span class='ocrx_word' id='word_1_151' title='bbox 354 1100 365 1115; x_wconf 94' lang='lat'>,</span> <span class='ocrx_word' id='word_1_152' title='bbox 387 1079 419 1109; x_wconf 75' lang='grc' dir='ltr'>δε</span> <span class='ocrx_word' id='word_1_153' title='bbox 443 1087 500 1117; x_wconf 85' lang='lat' dir='ltr'>pus</span> <span class='ocrx_word' id='word_1_154' title='bbox 523 1073 747 1116; x_wconf 69' lang='lat' dir='ltr'>expectorasset</span> <span class='ocrx_word' id='word_1_155' title='bbox 767 1096 776 1111; x_wconf 82' lang='lat'>‚</span> <span class='ocrx_word' id='word_1_156' title='bbox 810 1087 880 1117; x_wconf 82' lang='lat' dir='ltr'>quae</span> <span class='ocrx_word' id='word_1_157' title='bbox 914 1079 1092 1119; x_wconf 81' lang='lat' dir='ltr'>penetranti</span> 
     </span>
    </p>

    <p class='ocr_par' dir='ltr' id='par_1_6' title="bbox 61 1116 1095 1377">
     <span class='ocr_line' id='line_1_22' title="bbox 61 1116 1092 1153; baseline 0.003 -4"><span class='ocrx_word' id='word_1_158' title='bbox 61 1121 63 1125; x_wconf 91' lang='grc'><strong>’</strong></span> <span class='ocrx_word' id='word_1_159' title='bbox 88 1118 123 1149; x_wconf 83' lang='lat' dir='ltr'>in</span> <span class='ocrx_word' id='word_1_160' title='bbox 146 1119 311 1152; x_wconf 79' lang='lat' dir='ltr'>thoracem</span> <span class='ocrx_word' id='word_1_161' title='bbox 334 1120 459 1152; x_wconf 88' lang='lat' dir='ltr'>vulneri</span> <span class='ocrx_word' id='word_1_162' title='bbox 485 1119 548 1152; x_wconf 89' lang='lat' dir='ltr'>visa</span> <span class='ocrx_word' id='word_1_163' title='bbox 573 1116 667 1151; x_wconf 87' lang='lat' dir='ltr'>essent</span> <span class='ocrx_word' id='word_1_164' title='bbox 692 1117 913 1153; x_wconf 81' lang='lat' dir='ltr'>adscribenda.</span> <span class='ocrx_word' id='word_1_165' title='bbox 940 1121 1032 1153; x_wconf 89' lang='lat' dir='ltr'>Num</span> <span class='ocrx_word' id='word_1_166' title='bbox 1044 1129 1092 1152; x_wconf 91' lang='lat' dir='ltr'>ta-</span> 
     </span>
     <span class='ocr_line' id='line_1_23' title="bbox 82 1161 1095 1203; baseline 0.004 -10"><span class='ocrx_word' id='word_1_167' title='bbox 82 1171 159 1194; x_wconf 87' lang='lat' dir='ltr'>men</span> <span class='ocrx_word' id='word_1_168' title='bbox 182 1172 220 1195; x_wconf 85' lang='lat' dir='ltr'>ex</span> <span class='ocrx_word' id='word_1_169' title='bbox 244 1162 404 1203; x_wconf 86' lang='lat' dir='ltr'>profundo</span> <span class='ocrx_word' id='word_1_170' title='bbox 427 1163 551 1195; x_wconf 86' lang='lat' dir='ltr'>vulnere</span> <span class='ocrx_word' id='word_1_171' title='bbox 575 1172 632 1203; x_wconf 87' lang='lat' dir='ltr'>pus</span> <span class='ocrx_word' id='word_1_172' title='bbox 656 1163 688 1193; x_wconf 92' lang='lat' dir='ltr'>in</span> <span class='ocrx_word' id='word_1_173' title='bbox 714 1161 888 1202; x_wconf 76' lang='lat' dir='ltr'>sanguifera</span> <span class='ocrx_word' id='word_1_174' title='bbox 911 1162 979 1195; x_wconf 81' lang='lat' dir='ltr'>vasa</span> <span class='ocrx_word' id='word_1_175' title='bbox 1002 1174 1095 1197; x_wconf 86' lang='lat' dir='ltr'>exce—</span> 
     </span>
     <span class='ocr_line' id='line_1_24' title="bbox 87 1204 1093 1250; baseline 0.002 -13"><span class='ocrx_word' id='word_1_176' title='bbox 87 1212 202 1250; x_wconf 80' lang='lat' dir='ltr'>ptum,</span> <span class='ocrx_word' id='word_1_177' title='bbox 225 1205 493 1246; x_wconf 78' lang='lat' dir='ltr'>quemadmodum</span> <span class='ocrx_word' id='word_1_178' title='bbox 516 1217 554 1238; x_wconf 81' lang='lat' dir='ltr'>ex</span> <span class='ocrx_word' id='word_1_179' title='bbox 576 1204 695 1237; x_wconf 79' lang='lat' dir='ltr'>cerebri</span> <span class='ocrx_word' id='word_1_180' title='bbox 721 1204 900 1238; x_wconf 80' lang='lat' dir='ltr'>vulneribus</span> <span class='ocrx_word' id='word_1_181' title='bbox 924 1207 1093 1249; x_wconf 77' lang='lat' dir='ltr'>continge-</span> 
     </span>
     <span class='ocr_line' id='line_1_25' title="bbox 86 1248 1091 1292; baseline 0 -9"><span class='ocrx_word' id='word_1_182' title='bbox 86 1255 139 1286; x_wconf 69' lang='lat' dir='ltr'>re,</span> <span class='ocrx_word' id='word_1_183' title='bbox 160 1258 259 1290; x_wconf 82' lang='lat' dir='ltr'>nuper</span> <span class='ocrx_word' id='word_1_184' title='bbox 281 1251 342 1288; x_wconf 86' lang='lat' dir='ltr'>(r)</span> <span class='ocrx_word' id='word_1_185' title='bbox 367 1248 547 1291; x_wconf 84' lang='lat' dir='ltr'>scripsimus</span> <span class='ocrx_word' id='word_1_186' title='bbox 571 1271 582 1288; x_wconf 89' lang='lat'>,</span> <span class='ocrx_word' id='word_1_187' title='bbox 605 1249 638 1280; x_wconf 91' lang='lat' dir='ltr'>in</span> <span class='ocrx_word' id='word_1_188' title='bbox 663 1248 826 1292; x_wconf 77' lang='lat' dir='ltr'>pulmones</span> <span class='ocrx_word' id='word_1_189' title='bbox 859 1249 1003 1288; x_wconf 85' lang='lat' dir='ltr'>illatum,</span> <span class='ocrx_word' id='word_1_190' title='bbox 1038 1260 1091 1283; x_wconf 89' lang='lat' dir='ltr'>tu-</span> 
     </span>
     <span class='ocr_line' id='line_1_26' title="bbox 83 1286 1088 1333; baseline 0.005 -12"><span class='ocrx_word' id='word_1_191' title='bbox 83 1286 210 1324; x_wconf 85' lang='lat' dir='ltr'>bercula</span> <span class='ocrx_word' id='word_1_192' title='bbox 234 1292 288 1324; x_wconf 87' lang='lat' dir='ltr'>illa</span> <span class='ocrx_word' id='word_1_193' title='bbox 312 1293 523 1330; x_wconf 82' lang='lat' dir='ltr'>excitaverit,</span> <span class='ocrx_word' id='word_1_194' title='bbox 547 1302 584 1323; x_wconf 88' lang='lat' dir='ltr'>au</span> <span class='ocrx_word' id='word_1_195' title='bbox 607 1301 683 1323; x_wconf 86' lang='lat' dir='ltr'>vero</span> <span class='ocrx_word' id='word_1_196' title='bbox 706 1292 771 1333; x_wconf 82' lang='lat' dir='ltr'>ipsa</span> <span class='ocrx_word' id='word_1_197' title='bbox 794 1302 857 1332; x_wconf 74' lang='lat' dir='ltr'>jam</span> <span class='ocrx_word' id='word_1_198' title='bbox 881 1302 950 1324; x_wconf 82' lang='lat' dir='ltr'>ante</span> <span class='ocrx_word' id='word_1_199' title='bbox 973 1293 1088 1326; x_wconf 88' lang='lat' dir='ltr'>vulnus</span> 
     </span>
     <span class='ocr_line' id='line_1_27' title="bbox 83 1333 1087 1377; baseline 0.004 -12"><span class='ocrx_word' id='word_1_200' title='bbox 83 1334 267 1370; x_wconf 62' lang='lat' dir='ltr'>insliRum.</span> <span class='ocrx_word' id='word_1_201' title='bbox 292 1346 347 1376; x_wconf 89' lang='lat' dir='ltr'>per</span> <span class='ocrx_word' id='word_1_202' title='bbox 370 1334 399 1368; x_wconf 86' lang='lat' dir='ltr'>se</span> <span class='ocrx_word' id='word_1_203' title='bbox 421 1334 477 1368; x_wconf 88' lang='lat' dir='ltr'>esse</span> <span class='ocrx_word' id='word_1_204' title='bbox 499 1333 681 1376; x_wconf 76' lang='lat' dir='ltr'>coepissent,</span> <span class='ocrx_word' id='word_1_205' title='bbox 707 1337 739 1367; x_wconf 88' lang='lat' dir='ltr'>in</span> <span class='ocrx_word' id='word_1_206' title='bbox 751 1334 856 1367; x_wconf 87' lang='lat' dir='ltr'>medio</span> <span class='ocrx_word' id='word_1_207' title='bbox 867 1336 1087 1377; x_wconf 83' lang='lat' dir='ltr'>relinquimus.</span> 
     </span>
    </p>

    <p class='ocr_par' dir='ltr' id='par_1_7' title="bbox 66 1376 1088 2158">
     <span class='ocr_line' id='line_1_28' title="bbox 134 1376 1083 1426; baseline -0.005 -16"><span class='ocrx_word' id='word_1_208' title='bbox 134 1378 181 1412; x_wconf 72' lang='lat'>18.</span> <span class='ocrx_word' id='word_1_209' title='bbox 204 1378 408 1426; x_wconf 84' lang='lat' dir='ltr'><strong>JUVENIS</strong></span> <span class='ocrx_word' id='word_1_210' title='bbox 432 1378 509 1411; x_wconf 84' lang='lat' dir='ltr'>alter</span> <span class='ocrx_word' id='word_1_211' title='bbox 532 1377 654 1411; x_wconf 75' lang='lat' dir='ltr'>sinistra</span> <span class='ocrx_word' id='word_1_212' title='bbox 678 1376 759 1410; x_wconf 83' lang='lat' dir='ltr'>dorsi</span> <span class='ocrx_word' id='word_1_213' title='bbox 784 1386 870 1418; x_wconf 86' lang='lat' dir='ltr'>parte</span> <span class='ocrx_word' id='word_1_214' title='bbox 902 1380 1015 1413; x_wconf 86' lang='lat' dir='ltr'>vulnus</span> <span class='ocrx_word' id='word_1_215' title='bbox 1039 1391 1083 1413; x_wconf 87' lang='lat' dir='ltr'>ac.</span> 
     </span>
     <span class='ocr_line' id='line_1_29' title="bbox 82 1419 1088 1466; baseline 0 -12"><span class='ocrx_word' id='word_1_216' title='bbox 82 1422 190 1464; x_wconf 77' lang='lat' dir='ltr'>cipit,</span> <span class='ocrx_word' id='word_1_217' title='bbox 215 1419 303 1463; x_wconf 87' lang='lat' dir='ltr'>quod</span> <span class='ocrx_word' id='word_1_218' title='bbox 327 1420 473 1455; x_wconf 84' lang='lat' dir='ltr'>deorsum</span> <span class='ocrx_word' id='word_1_219' title='bbox 495 1421 623 1463; x_wconf 81' lang='lat' dir='ltr'>oblique</span> <span class='ocrx_word' id='word_1_220' title='bbox 647 1423 679 1454; x_wconf 61' lang='grc' dir='ltr'>δι’</span> <span class='ocrx_word' id='word_1_221' title='bbox 702 1420 901 1466; x_wconf 79' lang='lat' dir='ltr'>dextrorsum</span> <span class='ocrx_word' id='word_1_222' title='bbox 933 1433 1088 1465; x_wconf 72' lang='lat' dir='ltr'>pergens,</span> 
     </span>
     <span class='ocr_line' id='line_1_30' title="bbox 82 1463 1085 1507; baseline 0.001 -11"><span class='ocrx_word' id='word_1_223' title='bbox 82 1464 243 1497; x_wconf 79' lang='lat' dir='ltr'>vertebras</span> <span class='ocrx_word' id='word_1_224' title='bbox 266 1463 426 1504; x_wconf 79' lang='lat' dir='ltr'>radendo,</span> <span class='ocrx_word' id='word_1_225' title='bbox 448 1465 582 1506; x_wconf 87' lang='lat' dir='ltr'>denique</span> <span class='ocrx_word' id='word_1_226' title='bbox 605 1465 687 1496; x_wconf 86' lang='lat' dir='ltr'>inter</span> <span class='ocrx_word' id='word_1_227' title='bbox 711 1466 829 1496; x_wconf 77' lang='lat' dir='ltr'>sextam</span> <span class='ocrx_word' id='word_1_228' title='bbox 863 1467 895 1497; x_wconf 87' lang='lat'>&amp;</span> <span class='ocrx_word' id='word_1_229' title='bbox 919 1465 1085 1507; x_wconf 78' lang='lat' dir='ltr'>septimam</span> 
     </span>
     <span class='ocr_line' id='line_1_31' title="bbox 82 1506 1086 1548; baseline 0.003 -9"><span class='ocrx_word' id='word_1_230' title='bbox 82 1508 199 1541; x_wconf 85' lang='lat' dir='ltr'>costam</span> <span class='ocrx_word' id='word_1_231' title='bbox 226 1508 389 1541; x_wconf 78' lang='lat' dir='ltr'>dexterum</span> <span class='ocrx_word' id='word_1_232' title='bbox 412 1509 670 1541; x_wconf 73' lang='lat' dir='ltr'>thoraciscavurn</span> <span class='ocrx_word' id='word_1_233' title='bbox 695 1506 894 1548; x_wconf 77' lang='lat' dir='ltr'>ingreditur.</span> <span class='ocrx_word' id='word_1_234' title='bbox 923 1510 952 1540; x_wconf 93' lang='lat' dir='ltr'>A</span> <span class='ocrx_word' id='word_1_235' title='bbox 977 1511 1086 1542; x_wconf 88' lang='lat' dir='ltr'>vulne-</span> 
     </span>
     <span class='ocr_line' id='line_1_32' title="bbox 80 1548 1085 1594; baseline 0 -10"><span class='ocrx_word' id='word_1_236' title='bbox 80 1562 113 1584; x_wconf 88' lang='lat' dir='ltr'>re</span> <span class='ocrx_word' id='word_1_237' title='bbox 137 1563 192 1594; x_wconf 87' lang='lat' dir='ltr'>per</span> <span class='ocrx_word' id='word_1_238' title='bbox 213 1550 279 1583; x_wconf 86' lang='lat' dir='ltr'>dies</span> <span class='ocrx_word' id='word_1_239' title='bbox 302 1552 427 1593; x_wconf 83' lang='lat' dir='ltr'>aliquot</span> <span class='ocrx_word' id='word_1_240' title='bbox 451 1552 550 1583; x_wconf 85' lang='lat' dir='ltr'>levem</span> <span class='ocrx_word' id='word_1_241' title='bbox 574 1549 714 1592; x_wconf 89' lang='lat' dir='ltr'>spirandi</span> <span class='ocrx_word' id='word_1_242' title='bbox 746 1548 967 1584; x_wconf 83' lang='lat' dir='ltr'>difficultatem</span> <span class='ocrx_word' id='word_1_243' title='bbox 1001 1554 1085 1594; x_wconf 87' lang='lat' dir='ltr'>pati-</span> 
     </span>
     <span class='ocr_line' id='line_1_33' title="bbox 78 1592 1083 1636; baseline 0 -9"><span class='ocrx_word' id='word_1_244' title='bbox 78 1603 157 1634; x_wconf 83' lang='lat' dir='ltr'>tur,</span> <span class='ocrx_word' id='word_1_245' title='bbox 180 1598 212 1628; x_wconf 70' lang='grc' dir='ltr'>δε</span> <span class='ocrx_word' id='word_1_246' title='bbox 235 1594 377 1627; x_wconf 84' lang='lat' dir='ltr'>dolorem</span> <span class='ocrx_word' id='word_1_247' title='bbox 402 1594 580 1636; x_wconf 79' lang='lat' dir='ltr'>quendam,</span> <span class='ocrx_word' id='word_1_248' title='bbox 604 1592 844 1634; x_wconf 77' lang='lat' dir='ltr'>respondentem</span> <span class='ocrx_word' id='word_1_249' title='bbox 868 1595 901 1626; x_wconf 91' lang='lat' dir='ltr'>in</span> <span class='ocrx_word' id='word_1_250' title='bbox 925 1597 1083 1627; x_wconf 87' lang='lat' dir='ltr'>anteriore</span> 
     </span>
     <span class='ocr_line' id='line_1_34' title="bbox 76 1634 1082 1680; baseline 0.001 -10"><span class='ocrx_word' id='word_1_251' title='bbox 76 1640 224 1680; x_wconf 75' lang='lat' dir='ltr'>corporis</span> <span class='ocrx_word' id='word_1_252' title='bbox 247 1647 357 1679; x_wconf 83' lang='lat' dir='ltr'>parte:</span> <span class='ocrx_word' id='word_1_253' title='bbox 379 1637 468 1670; x_wconf 88' lang='lat' dir='ltr'>dolet</span> <span class='ocrx_word' id='word_1_254' title='bbox 492 1647 620 1679; x_wconf 84' lang='lat' dir='ltr'>quoque</span> <span class='ocrx_word' id='word_1_255' title='bbox 644 1634 874 1672; x_wconf 34' lang='lat' dir='ltr'>dumah-uno</span> <span class='ocrx_word' id='word_1_256' title='bbox 891 1638 1082 1679; x_wconf 5' lang='lat' dir='ltr'>inpaloerum</span> 
     </span>
     <span class='ocr_line' id='line_1_35' title="bbox 75 1678 1083 1719; baseline 0 -6"><span class='ocrx_word' id='word_1_257' title='bbox 75 1682 159 1715; x_wconf 73' lang='lat' dir='ltr'>iatus</span> <span class='ocrx_word' id='word_1_258' title='bbox 184 1681 211 1714; x_wconf 93' lang='lat' dir='ltr'>se</span> <span class='ocrx_word' id='word_1_259' title='bbox 233 1681 414 1713; x_wconf 85' lang='lat' dir='ltr'>convertit.</span> <span class='ocrx_word' id='word_1_260' title='bbox 441 1682 569 1713; x_wconf 84' lang='lat' dir='ltr'>Pruritu</span> <span class='ocrx_word' id='word_1_261' title='bbox 581 1681 678 1712; x_wconf 79' lang='lat' dir='ltr'>etiam</span> <span class='ocrx_word' id='word_1_262' title='bbox 701 1678 839 1719; x_wconf 85' lang='lat' dir='ltr'>quodam</span> <span class='ocrx_word' id='word_1_263' title='bbox 853 1679 994 1715; x_wconf 87' lang='lat' dir='ltr'>modoin</span> <span class='ocrx_word' id='word_1_264' title='bbox 1006 1679 1083 1719; x_wconf 89' lang='lat' dir='ltr'>hoc,</span> 
     </span>
     <span class='ocr_line' id='line_1_36' title="bbox 76 1722 1084 1766; baseline 0.002 -10"><span class='ocrx_word' id='word_1_265' title='bbox 76 1725 177 1757; x_wconf 86' lang='lat' dir='ltr'>modo</span> <span class='ocrx_word' id='word_1_266' title='bbox 200 1726 234 1756; x_wconf 88' lang='lat' dir='ltr'>in</span> <span class='ocrx_word' id='word_1_267' title='bbox 258 1724 316 1755; x_wconf 92' lang='lat' dir='ltr'>illo</span> <span class='ocrx_word' id='word_1_268' title='bbox 339 1723 414 1755; x_wconf 88' lang='lat' dir='ltr'>loco</span> <span class='ocrx_word' id='word_1_269' title='bbox 437 1733 588 1756; x_wconf 82' lang='lat' dir='ltr'>vexatur.</span> <span class='ocrx_word' id='word_1_270' title='bbox 618 1723 683 1756; x_wconf 79' lang='lat' dir='ltr'>His</span> <span class='ocrx_word' id='word_1_271' title='bbox 708 1722 759 1754; x_wconf 91' lang='lat' dir='ltr'>die</span> <span class='ocrx_word' id='word_1_272' title='bbox 794 1724 929 1766; x_wconf 65' lang='lat' dir='ltr'>quiuc‘to</span> <span class='ocrx_word' id='word_1_273' title='bbox 962 1724 1084 1758; x_wconf 87' lang='lat' dir='ltr'>accedit</span> 
     </span>
     <span class='ocr_line' id='line_1_37' title="bbox 72 1764 1084 1809; baseline 0.002 -10"><span class='ocrx_word' id='word_1_274' title='bbox 72 1767 161 1801; x_wconf 77' lang='lat' dir='ltr'>tuliis</span> <span class='ocrx_word' id='word_1_275' title='bbox 185 1778 257 1800; x_wconf 88' lang='lat' dir='ltr'>cum</span> <span class='ocrx_word' id='word_1_276' title='bbox 281 1766 373 1805; x_wconf 86' lang='lat' dir='ltr'>sputo</span> <span class='ocrx_word' id='word_1_277' title='bbox 395 1766 575 1809; x_wconf 74' lang='lat' dir='ltr'>sanguiniS,</span> <span class='ocrx_word' id='word_1_278' title='bbox 598 1775 669 1800; x_wconf 87' lang='lat' dir='ltr'>tum</span> <span class='ocrx_word' id='word_1_279' title='bbox 691 1764 867 1808; x_wconf 84' lang='lat' dir='ltr'>quidamin</span> <span class='ocrx_word' id='word_1_280' title='bbox 891 1767 1084 1803; x_wconf 86' lang='lat' dir='ltr'>artubusin-</span> 
     </span>
     <span class='ocr_line' id='line_1_38' title="bbox 78 1809 1081 1852; baseline -0.001 -8"><span class='ocrx_word' id='word_1_281' title='bbox 78 1812 252 1844; x_wconf 80' lang='lat' dir='ltr'>ferioribus</span> <span class='ocrx_word' id='word_1_282' title='bbox 276 1809 402 1851; x_wconf 78' lang='lat' dir='ltr'>stupor:</span> <span class='ocrx_word' id='word_1_283' title='bbox 425 1821 519 1852; x_wconf 88' lang='lat' dir='ltr'>quern</span> <span class='ocrx_word' id='word_1_284' title='bbox 542 1811 668 1851; x_wconf 77' lang='lat' dir='ltr'>excepit</span> <span class='ocrx_word' id='word_1_285' title='bbox 703 1809 852 1852; x_wconf 83' lang='lat' dir='ltr'>paralysis</span> <span class='ocrx_word' id='word_1_286' title='bbox 886 1820 903 1842; x_wconf 86' lang='lat' dir='ltr'>a</span> <span class='ocrx_word' id='word_1_287' title='bbox 938 1813 1081 1852; x_wconf 89' lang='lat' dir='ltr'>corporis</span> 
     </span>
     <span class='ocr_line' id='line_1_39' title="bbox 70 1852 1081 1894; baseline 0 -8"><span class='ocrx_word' id='word_1_288' title='bbox 70 1855 180 1887; x_wconf 84' lang='lat' dir='ltr'>:medio</span> <span class='ocrx_word' id='word_1_289' title='bbox 203 1854 242 1887; x_wconf 88' lang='lat' dir='ltr'>ad</span> <span class='ocrx_word' id='word_1_290' title='bbox 266 1853 357 1894; x_wconf 85' lang='lat' dir='ltr'>pedes</span> <span class='ocrx_word' id='word_1_291' title='bbox 378 1862 536 1889; x_wconf 79' lang='lat' dir='ltr'>extremos</span> <span class='ocrx_word' id='word_1_292' title='bbox 561 1852 678 1894; x_wconf 89' lang='lat' dir='ltr'>usque,</span> <span class='ocrx_word' id='word_1_293' title='bbox 701 1862 736 1885; x_wconf 92' lang='lat' dir='ltr'>ut</span> <span class='ocrx_word' id='word_1_294' title='bbox 749 1852 899 1886; x_wconf 79' lang='lat' dir='ltr'>movendi</span> <span class='ocrx_word' id='word_1_295' title='bbox 914 1874 922 1889; x_wconf 85' lang='lat'>‚</span> <span class='ocrx_word' id='word_1_296' title='bbox 948 1852 1081 1888; x_wconf 84' lang='lat' dir='ltr'>sentien-</span> 
     </span>
     <span class='ocr_line' id='line_1_40' title="bbox 69 1895 1081 1941; baseline 0 -11"><span class='ocrx_word' id='word_1_297' title='bbox 69 1898 169 1941; x_wconf 80' lang='lat' dir='ltr'>dique</span> <span class='ocrx_word' id='word_1_298' title='bbox 191 1896 325 1930; x_wconf 76' lang='lat' dir='ltr'>facultas</span> <span class='ocrx_word' id='word_1_299' title='bbox 349 1907 412 1929; x_wconf 91' lang='lat' dir='ltr'>non</span> <span class='ocrx_word' id='word_1_300' title='bbox 437 1895 494 1929; x_wconf 83' lang='lat' dir='ltr'>nisi</span> <span class='ocrx_word' id='word_1_301' title='bbox 518 1895 693 1928; x_wconf 86' lang='lat' dir='ltr'>inthorace</span> <span class='ocrx_word' id='word_1_302' title='bbox 708 1920 716 1933; x_wconf 85' lang='lat'>,</span> <span class='ocrx_word' id='word_1_303' title='bbox 743 1895 1000 1938; x_wconf 82' lang='lat' dir='ltr'>&amp;superioribus</span> <span class='ocrx_word' id='word_1_304' title='bbox 1010 1908 1081 1940; x_wconf 87' lang='lat' dir='ltr'>par-</span> 
     </span>
     <span class='ocr_line' id='line_1_41' title="bbox 69 1937 1080 1981; baseline 0.002 -8"><span class='ocrx_word' id='word_1_305' title='bbox 69 1942 159 1974; x_wconf 78' lang='lat' dir='ltr'>tibus</span> <span class='ocrx_word' id='word_1_306' title='bbox 183 1949 376 1979; x_wconf 85' lang='lat' dir='ltr'>remaneret3</span> <span class='ocrx_word' id='word_1_307' title='bbox 399 1939 491 1973; x_wconf 82' lang='lat' dir='ltr'>simul</span> <span class='ocrx_word' id='word_1_308' title='bbox 516 1940 642 1981; x_wconf 74' lang='lat' dir='ltr'>ingruit</span> <span class='ocrx_word' id='word_1_309' title='bbox 668 1937 850 1973; x_wconf 83' lang='lat' dir='ltr'>abdominis</span> <span class='ocrx_word' id='word_1_310' title='bbox 874 1949 983 1974; x_wconf 87' lang='lat' dir='ltr'>tumor</span> <span class='ocrx_word' id='word_1_311' title='bbox 1007 1965 1016 1980; x_wconf 89' lang='lat'><em>‚</em></span> <span class='ocrx_word' id='word_1_312' title='bbox 1047 1943 1080 1975; x_wconf 87' lang='lat'>&amp;</span> 
     </span>
     <span class='ocr_line' id='line_1_42' title="bbox 69 1982 1079 2025; baseline 0.001 -9"><span class='ocrx_word' id='word_1_313' title='bbox 69 1984 192 2024; x_wconf 80' lang='lat' dir='ltr'>tensio,</span> <span class='ocrx_word' id='word_1_314' title='bbox 217 1984 354 2025; x_wconf 86' lang='lat' dir='ltr'>lotiique</span> <span class='ocrx_word' id='word_1_315' title='bbox 370 2007 378 2021; x_wconf 94' lang='lat'>,</span> <span class='ocrx_word' id='word_1_316' title='bbox 401 1985 433 2016; x_wconf 84' lang='lat'>&amp;</span> <span class='ocrx_word' id='word_1_317' title='bbox 457 1983 516 2015; x_wconf 87' lang='lat' dir='ltr'>alvi</span> <span class='ocrx_word' id='word_1_318' title='bbox 530 1982 1079 2024; x_wconf 77' lang='lat' dir='ltr'>recrementorumsuppreffio.1³0st</span> 
     </span>
     <span class='ocr_line' id='line_1_43' title="bbox 70 2025 1083 2070; baseline -0.001 -10"><span class='ocrx_word' id='word_1_319' title='bbox 70 2027 170 2070; x_wconf 77' lang='lat' dir='ltr'>hujus</span> <span class='ocrx_word' id='word_1_320' title='bbox 192 2026 340 2070; x_wconf 83' lang='lat' dir='ltr'>paralysis</span> <span class='ocrx_word' id='word_1_321' title='bbox 364 2026 554 2062; x_wconf 82' lang='lat' dir='ltr'>adventum,</span> <span class='ocrx_word' id='word_1_322' title='bbox 580 2036 662 2067; x_wconf 74' lang='lat' dir='ltr'>aeger</span> <span class='ocrx_word' id='word_1_323' title='bbox 684 2026 795 2060; x_wconf 85' lang='lat' dir='ltr'>melius</span> <span class='ocrx_word' id='word_1_324' title='bbox 819 2025 875 2058; x_wconf 89' lang='lat' dir='ltr'>sibi</span> <span class='ocrx_word' id='word_1_325' title='bbox 894 2025 1008 2059; x_wconf 83' lang='lat' dir='ltr'>habere</span> <span class='ocrx_word' id='word_1_326' title='bbox 1032 2028 1083 2070; x_wconf 49' lang='lat' dir='ltr'>&#39;li</span> 
     </span>
     <span class='ocr_line' id='line_1_44' title="bbox 68 2067 1079 2113; baseline -0.001 -9"><span class='ocrx_word' id='word_1_327' title='bbox 68 2072 185 2104; x_wconf 82' lang='lat' dir='ltr'>detur.</span> <span class='ocrx_word' id='word_1_328' title='bbox 210 2070 325 2103; x_wconf 86' lang='lat' dir='ltr'>Animi</span> <span class='ocrx_word' id='word_1_329' title='bbox 351 2079 457 2102; x_wconf 88' lang='lat' dir='ltr'>tamen</span> <span class='ocrx_word' id='word_1_330' title='bbox 479 2067 713 2103; x_wconf 62' lang='lat' dir='ltr'>defectionibus</span> <span class='ocrx_word' id='word_1_331' title='bbox 738 2070 908 2111; x_wconf 76' lang='lat' dir='ltr'>aliquoties</span> <span class='ocrx_word' id='word_1_332' title='bbox 940 2071 1079 2113; x_wconf 85' lang='lat' dir='ltr'>corripi-</span> 
     </span>
     <span class='ocr_line' id='line_1_45' title="bbox 66 2112 1076 2158; baseline -0.003 -10"><span class='ocrx_word' id='word_1_333' title='bbox 66 2125 146 2148; x_wconf 83' lang='lat' dir='ltr'>tur:</span> <span class='ocrx_word' id='word_1_334' title='bbox 169 2114 204 2146; x_wconf 88' lang='lat' dir='ltr'>in</span> <span class='ocrx_word' id='word_1_335' title='bbox 225 2124 360 2158; x_wconf 84' lang='lat' dir='ltr'>quarum</span> <span class='ocrx_word' id='word_1_336' title='bbox 383 2124 444 2145; x_wconf 88' lang='lat' dir='ltr'>una</span> <span class='ocrx_word' id='word_1_337' title='bbox 468 2135 479 2152; x_wconf 89' lang='lat'>‚</span> <span class='ocrx_word' id='word_1_338' title='bbox 503 2112 619 2147; x_wconf 68' lang='lat' dir='ltr'>ostavo</span> <span class='ocrx_word' id='word_1_339' title='bbox 642 2113 770 2145; x_wconf 86' lang='lat' dir='ltr'>ineunte</span> <span class='ocrx_word' id='word_1_340' title='bbox 793 2112 845 2145; x_wconf 89' lang='lat' dir='ltr'>die</span> <span class='ocrx_word' id='word_1_341' title='bbox 868 2136 880 2153; x_wconf 85' lang='grc'>,</span> <span class='ocrx_word' id='word_1_342' title='bbox 903 2115 1044 2147; x_wconf 87' lang='lat' dir='ltr'>moritur</span> <span class='ocrx_word' id='word_1_343' title='bbox 1067 2137 1076 2145; x_wconf 94' lang='lat'>.</span> 
     </span>
    </p>

    <p class='ocr_par' dir='ltr' id='par_1_8' title="bbox 62 2155 1083 2634">
     <span class='ocr_line' id='line_1_46' title="bbox 201 2155 1083 2198; baseline 0 -9"><span class='ocrx_word' id='word_1_344' title='bbox 201 2157 428 2190; x_wconf 78' lang='lat' dir='ltr'>CADAVER</span> <span class='ocrx_word' id='word_1_345' title='bbox 451 2155 529 2190; x_wconf 86' lang='lat' dir='ltr'>dum</span> <span class='ocrx_word' id='word_1_346' title='bbox 554 2163 704 2194; x_wconf 83' lang='lat' dir='ltr'>movent,</span> <span class='ocrx_word' id='word_1_347' title='bbox 729 2156 841 2197; x_wconf 81' lang='lat' dir='ltr'>ingens</span> <span class='ocrx_word' id='word_1_348' title='bbox 853 2158 945 2198; x_wconf 90' lang='lat' dir='ltr'>copia</span> <span class='ocrx_word' id='word_1_349' title='bbox 957 2156 1083 2198; x_wconf 58' lang='lat' dir='ltr'>sanguis</span> 
     </span>
     <span class='ocr_line' id='line_1_47' title="bbox 66 2197 1081 2241; baseline -0.001 -7"><span class='ocrx_word' id='word_1_350' title='bbox 66 2202 120 2234; x_wconf 86' lang='lat' dir='ltr'>nis</span> <span class='ocrx_word' id='word_1_351' title='bbox 143 2201 285 2241; x_wconf 80' lang='lat' dir='ltr'>erumpit</span> <span class='ocrx_word' id='word_1_352' title='bbox 308 2211 324 2232; x_wconf 89' lang='lat' dir='ltr'>e</span> <span class='ocrx_word' id='word_1_353' title='bbox 348 2199 494 2232; x_wconf 83' lang='lat' dir='ltr'>vulnere.</span> <span class='ocrx_word' id='word_1_354' title='bbox 519 2199 592 2231; x_wconf 86' lang='lat' dir='ltr'>Hoc</span> <span class='ocrx_word' id='word_1_355' title='bbox 614 2198 696 2230; x_wconf 89' lang='lat' dir='ltr'>inter</span> <span class='ocrx_word' id='word_1_356' title='bbox 719 2197 796 2232; x_wconf 79' lang='lat' dir='ltr'>duas</span> <span class='ocrx_word' id='word_1_357' title='bbox 819 2210 895 2241; x_wconf 84' lang='lat' dir='ltr'>quas</span> <span class='ocrx_word' id='word_1_358' title='bbox 919 2199 1081 2236; x_wconf 77' lang='lat' dir='ltr'>diximus,</span> 
     </span>
     <span class='ocr_line' id='line_1_48' title="bbox 71 2241 1081 2285; baseline -0.002 -8"><span class='ocrx_word' id='word_1_359' title='bbox 71 2243 175 2277; x_wconf 81' lang='lat' dir='ltr'>costas</span> <span class='ocrx_word' id='word_1_360' title='bbox 200 2254 298 2285; x_wconf 86' lang='lat' dir='ltr'>prope</span> <span class='ocrx_word' id='word_1_361' title='bbox 322 2243 481 2276; x_wconf 85' lang='lat' dir='ltr'>vertebras</span> <span class='ocrx_word' id='word_1_362' title='bbox 505 2241 669 2275; x_wconf 81' lang='lat' dir='ltr'>dexterum</span> <span class='ocrx_word' id='word_1_363' title='bbox 694 2241 836 2276; x_wconf 79' lang='lat' dir='ltr'>thoracis</span> <span class='ocrx_word' id='word_1_364' title='bbox 859 2254 972 2276; x_wconf 86' lang='lat' dir='ltr'>cavum</span> <span class='ocrx_word' id='word_1_365' title='bbox 995 2242 1081 2277; x_wconf 86' lang='lat' dir='ltr'>subi-</span> 
     </span>
     <span class='ocr_line' id='line_1_49' title="bbox 66 2284 1082 2327; baseline -0.002 -7"><span class='ocrx_word' id='word_1_366' title='bbox 66 2287 146 2327; x_wconf 89' lang='lat' dir='ltr'>bat;</span> <span class='ocrx_word' id='word_1_367' title='bbox 166 2296 202 2319; x_wconf 89' lang='lat' dir='ltr'>ut</span> <span class='ocrx_word' id='word_1_368' title='bbox 227 2287 368 2319; x_wconf 77' lang='lat' dir='ltr'>laceratis</span> <span class='ocrx_word' id='word_1_369' title='bbox 392 2284 486 2319; x_wconf 84' lang='lat' dir='ltr'>facile</span> <span class='ocrx_word' id='word_1_370' title='bbox 509 2284 765 2318; x_wconf 81' lang='lat' dir='ltr'>Intercostalibus</span> <span class='ocrx_word' id='word_1_371' title='bbox 791 2284 889 2323; x_wconf 80' lang='lat' dir='ltr'>vasis,</span> <span class='ocrx_word' id='word_1_372' title='bbox 913 2286 989 2319; x_wconf 88' lang='lat' dir='ltr'>hinc</span> <span class='ocrx_word' id='word_1_373' title='bbox 1012 2296 1082 2320; x_wconf 72' lang='lat' dir='ltr'>tan.</span> 
     </span>
     <span class='ocr_line' id='line_1_50' title="bbox 67 2328 1082 2373; baseline 0 -10"><span class='ocrx_word' id='word_1_374' title='bbox 67 2340 139 2364; x_wconf 87' lang='lat' dir='ltr'>tum</span> <span class='ocrx_word' id='word_1_375' title='bbox 164 2329 322 2372; x_wconf 73' lang='lat' dir='ltr'>sanguinis</span> <span class='ocrx_word' id='word_1_376' title='bbox 354 2328 446 2363; x_wconf 82' lang='lat' dir='ltr'>exisse</span> <span class='ocrx_word' id='word_1_377' title='bbox 469 2328 632 2364; x_wconf 83' lang='lat' dir='ltr'>videatur.</span> <span class='ocrx_word' id='word_1_378' title='bbox 660 2329 774 2361; x_wconf 76' lang='lat' dir='ltr'>Pulmo</span> <span class='ocrx_word' id='word_1_379' title='bbox 796 2328 904 2362; x_wconf 78' lang='lat' dir='ltr'>dexter</span> <span class='ocrx_word' id='word_1_380' title='bbox 927 2341 988 2372; x_wconf 86' lang='lat' dir='ltr'>qua</span> <span class='ocrx_word' id='word_1_381' title='bbox 1012 2340 1082 2373; x_wconf 87' lang='lat' dir='ltr'>par-</span> 
     </span>
     <span class='ocr_line' id='line_1_51' title="bbox 65 2370 1081 2415; baseline 0.004 -12"><span class='ocrx_word' id='word_1_382' title='bbox 65 2384 98 2407; x_wconf 80' lang='lat' dir='ltr'>te</span> <span class='ocrx_word' id='word_1_383' title='bbox 121 2373 242 2408; x_wconf 83' lang='lat' dir='ltr'>vulneri</span> <span class='ocrx_word' id='word_1_384' title='bbox 267 2372 469 2415; x_wconf 87' lang='lat' dir='ltr'>respondebat</span> <span class='ocrx_word' id='word_1_385' title='bbox 490 2395 499 2411; x_wconf 90' lang='lat'>,</span> <span class='ocrx_word' id='word_1_386' title='bbox 521 2371 603 2404; x_wconf 86' lang='lat' dir='ltr'>nihil</span> <span class='ocrx_word' id='word_1_387' title='bbox 629 2372 675 2404; x_wconf 89' lang='lat' dir='ltr'>ibi</span> <span class='ocrx_word' id='word_1_388' title='bbox 700 2370 786 2414; x_wconf 89' lang='lat' dir='ltr'>quod</span> <span class='ocrx_word' id='word_1_389' title='bbox 809 2371 865 2406; x_wconf 88' lang='lat' dir='ltr'>sub</span> <span class='ocrx_word' id='word_1_390' title='bbox 887 2372 1006 2407; x_wconf 86' lang='lat' dir='ltr'>sensum</span> <span class='ocrx_word' id='word_1_391' title='bbox 1028 2385 1081 2407; x_wconf 85' lang='lat' dir='ltr'>ca-</span> 
     </span>
     <span class='ocr_line' id='line_1_52' title="bbox 66 2414 1080 2458; baseline -0.001 -7"><span class='ocrx_word' id='word_1_392' title='bbox 66 2417 155 2451; x_wconf 84' lang='lat' dir='ltr'>deret</span> <span class='ocrx_word' id='word_1_393' title='bbox 170 2441 179 2456; x_wconf 94' lang='lat'>,</span> <span class='ocrx_word' id='word_1_394' title='bbox 203 2417 369 2457; x_wconf 80' lang='lat' dir='ltr'>peculiaris</span> <span class='ocrx_word' id='word_1_395' title='bbox 391 2415 526 2449; x_wconf 86' lang='lat' dir='ltr'>laesionis</span> <span class='ocrx_word' id='word_1_396' title='bbox 549 2414 685 2448; x_wconf 81' lang='lat' dir='ltr'>ostendit</span> <span class='ocrx_word' id='word_1_397' title='bbox 710 2425 917 2458; x_wconf 83' lang='lat' dir='ltr'>praeterquam</span> <span class='ocrx_word' id='word_1_398' title='bbox 940 2417 974 2449; x_wconf 86' lang='lat' dir='ltr'>in</span> <span class='ocrx_word' id='word_1_399' title='bbox 995 2418 1080 2450; x_wconf 76' lang='lat' dir='ltr'>exti-</span> 
     </span>
     <span class='ocr_line' id='line_1_53' title="bbox 62 2458 1079 2496; baseline 0.002 -4"><span class='ocrx_word' id='word_1_400' title='bbox 62 2472 115 2494; x_wconf 86' lang='lat' dir='ltr'>ma</span> <span class='ocrx_word' id='word_1_401' title='bbox 139 2461 247 2493; x_wconf 88' lang='lat' dir='ltr'>tunica</span> <span class='ocrx_word' id='word_1_402' title='bbox 269 2458 419 2493; x_wconf 86' lang='lat' dir='ltr'>nonnihil</span> <span class='ocrx_word' id='word_1_403' title='bbox 444 2458 530 2491; x_wconf 86' lang='lat' dir='ltr'>erosa</span> <span class='ocrx_word' id='word_1_404' title='bbox 556 2471 566 2490; x_wconf 90' lang='lat'>:</span> <span class='ocrx_word' id='word_1_405' title='bbox 599 2459 708 2492; x_wconf 86' lang='lat' dir='ltr'>Totus</span> <span class='ocrx_word' id='word_1_406' title='bbox 734 2468 839 2493; x_wconf 88' lang='lat' dir='ltr'>tamen</span> <span class='ocrx_word' id='word_1_407' title='bbox 863 2459 976 2493; x_wconf 86' lang='lat' dir='ltr'>rubens</span> <span class='ocrx_word' id='word_1_408' title='bbox 1003 2482 1012 2496; x_wconf 84' lang='lat'><strong>.</strong></span> <span class='ocrx_word' id='word_1_409' title='bbox 1046 2463 1079 2494; x_wconf 87' lang='lat'>&amp;</span> 
     </span>
     <span class='ocr_line' id='line_1_54' title="bbox 64 2501 1078 2544; baseline 0 -7"><span class='ocrx_word' id='word_1_410' title='bbox 64 2503 209 2537; x_wconf 80' lang='lat' dir='ltr'>tumidus</span> <span class='ocrx_word' id='word_1_411' title='bbox 232 2512 300 2535; x_wconf 88' lang='lat' dir='ltr'>erat</span> <span class='ocrx_word' id='word_1_412' title='bbox 327 2527 335 2534; x_wconf 87' lang='lat'>.</span> <span class='ocrx_word' id='word_1_413' title='bbox 363 2501 577 2535; x_wconf 87' lang='lat' dir='ltr'>Pericardium</span> <span class='ocrx_word' id='word_1_414' title='bbox 604 2501 663 2534; x_wconf 85' lang='lat' dir='ltr'>seri</span> <span class='ocrx_word' id='word_1_415' title='bbox 686 2502 813 2544; x_wconf 87' lang='lat' dir='ltr'>plenum</span> <span class='ocrx_word' id='word_1_416' title='bbox 838 2527 846 2534; x_wconf 92' lang='lat'>.</span> <span class='ocrx_word' id='word_1_417' title='bbox 881 2504 911 2535; x_wconf 83' lang='lat' dir='ltr'>E</span> <span class='ocrx_word' id='word_1_418' title='bbox 943 2501 1078 2537; x_wconf 70' lang='lat' dir='ltr'>disse6io</span> 
     </span>
     <span class='ocr_line' id='line_1_55' title="bbox 63 2544 1078 2589; baseline -0.002 -9"><span class='ocrx_word' id='word_1_419' title='bbox 63 2546 161 2580; x_wconf 89' lang='lat' dir='ltr'>corde</span> <span class='ocrx_word' id='word_1_420' title='bbox 184 2546 348 2589; x_wconf 85' lang='lat' dir='ltr'>spumosus</span> <span class='ocrx_word' id='word_1_421' title='bbox 373 2546 518 2588; x_wconf 86' lang='lat' dir='ltr'>sanguis,</span> <span class='ocrx_word' id='word_1_422' title='bbox 543 2548 574 2578; x_wconf 86' lang='lat'>&amp;</span> <span class='ocrx_word' id='word_1_423' title='bbox 601 2544 718 2579; x_wconf 86' lang='lat' dir='ltr'>fluidus</span> <span class='ocrx_word' id='word_1_424' title='bbox 740 2546 947 2588; x_wconf 77' lang='lat' dir='ltr'>erumpebat3</span> <span class='ocrx_word' id='word_1_425' title='bbox 978 2547 1012 2579; x_wconf 88' lang='lat' dir='ltr'>in</span> <span class='ocrx_word' id='word_1_426' title='bbox 1045 2558 1078 2578; x_wconf 89' lang='lat' dir='ltr'>e-</span> 
     </span>
     <span class='ocr_line' id='line_1_56' title="bbox 70 2588 1077 2634; baseline -0.003 -9"><span class='ocrx_word' id='word_1_427' title='bbox 70 2589 180 2634; x_wconf 76' lang='lat' dir='ltr'>jusque</span> <span class='ocrx_word' id='word_1_428' title='bbox 193 2589 513 2623; x_wconf 85' lang='lat' dir='ltr'>ventriculodextero</span> <span class='ocrx_word' id='word_1_429' title='bbox 529 2588 683 2630; x_wconf 80' lang='lat' dir='ltr'>polyposa</span> <span class='ocrx_word' id='word_1_430' title='bbox 693 2591 856 2623; x_wconf 86' lang='lat' dir='ltr'>concretio</span> <span class='ocrx_word' id='word_1_431' title='bbox 870 2598 993 2632; x_wconf 86' lang='lat' dir='ltr'>reperta</span> <span class='ocrx_word' id='word_1_432' title='bbox 1014 2589 1077 2623; x_wconf 86' lang='lat' dir='ltr'>est.</span> 
     </span>
    </p>

    <p class='ocr_par' dir='ltr' id='par_1_9' title="bbox 62 2631 1079 2765">
     <span class='ocr_line' id='line_1_57' title="bbox 191 2631 1079 2675; baseline 0.001 -11"><span class='ocrx_word' id='word_1_433' title='bbox 191 2634 316 2666; x_wconf 88' lang='lat' dir='ltr'>Ventre</span> <span class='ocrx_word' id='word_1_434' title='bbox 348 2641 458 2674; x_wconf 87' lang='lat' dir='ltr'>aperto</span> <span class='ocrx_word' id='word_1_435' title='bbox 469 2656 480 2672; x_wconf 83' lang='lat'>,</span> <span class='ocrx_word' id='word_1_436' title='bbox 505 2631 653 2665; x_wconf 85' lang='lat' dir='ltr'>intestina</span> <span class='ocrx_word' id='word_1_437' title='bbox 665 2633 772 2665; x_wconf 85' lang='lat' dir='ltr'>omnia</span> <span class='ocrx_word' id='word_1_438' title='bbox 786 2644 853 2665; x_wconf 83' lang='lat' dir='ltr'>aere</span> <span class='ocrx_word' id='word_1_439' title='bbox 867 2633 997 2675; x_wconf 72' lang='lat' dir='ltr'>turgida</span> <span class='ocrx_word' id='word_1_440' title='bbox 1010 2657 1022 2673; x_wconf 86' lang='lat'>,</span> <span class='ocrx_word' id='word_1_441' title='bbox 1044 2636 1079 2666; x_wconf 91' lang='lat' dir='ltr'>in</span> 
     </span>
     <span class='ocr_line' id='line_1_58' title="bbox 68 2675 1079 2719; baseline 0 -10"><span class='ocrx_word' id='word_1_442' title='bbox 68 2676 172 2719; x_wconf 75' lang='lat' dir='ltr'>iisque</span> <span class='ocrx_word' id='word_1_443' title='bbox 185 2675 302 2709; x_wconf 88' lang='lat' dir='ltr'>humor</span> <span class='ocrx_word' id='word_1_444' title='bbox 311 2675 441 2719; x_wconf 76' lang='lat' dir='ltr'>quidam</span> <span class='ocrx_word' id='word_1_445' title='bbox 453 2684 521 2708; x_wconf 87' lang='lat' dir='ltr'>atro</span> <span class='ocrx_word' id='word_1_446' title='bbox 534 2675 642 2708; x_wconf 89' lang='lat' dir='ltr'>colore</span> <span class='ocrx_word' id='word_1_447' title='bbox 653 2676 773 2709; x_wconf 60' lang='lat' dir='ltr'>tinffiius</span> <span class='ocrx_word' id='word_1_448' title='bbox 785 2700 792 2707; x_wconf 95' lang='lat'>.</span> <span class='ocrx_word' id='word_1_449' title='bbox 807 2675 919 2709; x_wconf 87' lang='lat' dir='ltr'>Vesica</span> <span class='ocrx_word' id='word_1_450' title='bbox 928 2677 1012 2709; x_wconf 89' lang='lat' dir='ltr'>lotio</span> <span class='ocrx_word' id='word_1_451' title='bbox 1020 2687 1079 2719; x_wconf 90' lang='lat' dir='ltr'>op-</span> 
     </span>
     <span class='ocr_line' id='line_1_59' title="bbox 62 2718 1073 2765; baseline 0 -12"><span class='ocrx_word' id='word_1_452' title='bbox 62 2722 149 2765; x_wconf 77' lang='lat' dir='ltr'>pleta</span> <span class='ocrx_word' id='word_1_453' title='bbox 171 2729 254 2752; x_wconf 88' lang='lat' dir='ltr'>erat.</span> <span class='ocrx_word' id='word_1_454' title='bbox 279 2721 316 2752; x_wconf 88' lang='lat' dir='ltr'>In</span> <span class='ocrx_word' id='word_1_455' title='bbox 328 2721 445 2751; x_wconf 84' lang='lat' dir='ltr'>ventris</span> <span class='ocrx_word' id='word_1_456' title='bbox 457 2730 536 2752; x_wconf 91' lang='lat' dir='ltr'>cavo</span> <span class='ocrx_word' id='word_1_457' title='bbox 560 2718 649 2751; x_wconf 77' lang='lat' dir='ltr'>librae</span> <span class='ocrx_word' id='word_1_458' title='bbox 665 2719 788 2760; x_wconf 83' lang='lat' dir='ltr'>aliquot</span> <span class='ocrx_word' id='word_1_459' title='bbox 802 2719 858 2752; x_wconf 88' lang='lat' dir='ltr'>seri</span> <span class='ocrx_word' id='word_1_460' title='bbox 874 2719 1073 2758; x_wconf 70' lang='lat' dir='ltr'>stagnabant.</span> 
     </span>
    </p>

    <p class='ocr_par' dir='ltr' id='par_1_10' title="bbox 60 2760 1078 3106">
     <span class='ocr_line' id='line_1_60' title="bbox 111 2760 1074 2803; baseline 0.001 -8"><span class='ocrx_word' id='word_1_461' title='bbox 111 2773 158 2803; x_wconf 88' lang='lat'>19.</span> <span class='ocrx_word' id='word_1_462' title='bbox 182 2763 232 2795; x_wconf 89' lang='lat' dir='ltr'>Ut</span> <span class='ocrx_word' id='word_1_463' title='bbox 255 2763 336 2795; x_wconf 68' lang='lat' dir='ltr'>reete</span> <span class='ocrx_word' id='word_1_464' title='bbox 359 2762 505 2794; x_wconf 86' lang='lat' dir='ltr'>Valsalva</span> <span class='ocrx_word' id='word_1_465' title='bbox 529 2761 691 2802; x_wconf 74' lang='lat' dir='ltr'>sanguinis</span> <span class='ocrx_word' id='word_1_466' title='bbox 713 2761 804 2795; x_wconf 89' lang='lat' dir='ltr'>illam</span> <span class='ocrx_word' id='word_1_467' title='bbox 842 2760 1023 2796; x_wconf 86' lang='lat' dir='ltr'>effusionem</span> <span class='ocrx_word' id='word_1_468' title='bbox 1058 2774 1074 2796; x_wconf 88' lang='lat' dir='ltr'>a</span> 
     </span>
     <span class='ocr_line' id='line_1_61' title="bbox 62 2803 1073 2848; baseline 0 -9"><span class='ocrx_word' id='word_1_469' title='bbox 62 2806 211 2839; x_wconf 83' lang='lat' dir='ltr'>laceratis</span> <span class='ocrx_word' id='word_1_470' title='bbox 226 2828 238 2845; x_wconf 82' lang='lat'>,</span> <span class='ocrx_word' id='word_1_471' title='bbox 258 2803 387 2838; x_wconf 84' lang='lat' dir='ltr'>erosisve</span> <span class='ocrx_word' id='word_1_472' title='bbox 411 2803 668 2838; x_wconf 84' lang='lat' dir='ltr'>Intercostalibus</span> <span class='ocrx_word' id='word_1_473' title='bbox 691 2803 767 2838; x_wconf 86' lang='lat' dir='ltr'>vasis</span> <span class='ocrx_word' id='word_1_474' title='bbox 789 2829 801 2845; x_wconf 89' lang='lat'>,</span> <span class='ocrx_word' id='word_1_475' title='bbox 832 2806 878 2838; x_wconf 90' lang='lat' dir='ltr'>ita</span> <span class='ocrx_word' id='word_1_476' title='bbox 901 2804 1073 2848; x_wconf 78' lang='lat' dir='ltr'>paralysim</span> 
     </span>
     <span class='ocr_line' id='line_1_62' title="bbox 64 2847 1074 2889; baseline 0.001 -8"><span class='ocrx_word' id='word_1_477' title='bbox 64 2862 83 2883; x_wconf 85' lang='lat' dir='ltr'>a</span> <span class='ocrx_word' id='word_1_478' title='bbox 106 2849 304 2889; x_wconf 68' lang='lat' dir='ltr'>compunc‘to</span> <span class='ocrx_word' id='word_1_479' title='bbox 319 2872 327 2885; x_wconf 80' lang='grc'><em>,</em></span> <span class='ocrx_word' id='word_1_480' title='bbox 351 2856 404 2882; x_wconf 82' lang='lat' dir='ltr'>aut</span> <span class='ocrx_word' id='word_1_481' title='bbox 428 2847 465 2880; x_wconf 89' lang='lat' dir='ltr'>ab</span> <span class='ocrx_word' id='word_1_482' title='bbox 489 2848 551 2880; x_wconf 89' lang='lat' dir='ltr'>acri</span> <span class='ocrx_word' id='word_1_483' title='bbox 575 2847 659 2881; x_wconf 80' lang='lat' dir='ltr'>sanie</span> <span class='ocrx_word' id='word_1_484' title='bbox 672 2849 806 2882; x_wconf 89' lang='lat' dir='ltr'>irritato</span> <span class='ocrx_word' id='word_1_485' title='bbox 839 2859 950 2882; x_wconf 87' lang='lat' dir='ltr'>eorum</span> <span class='ocrx_word' id='word_1_486' title='bbox 985 2848 1074 2882; x_wconf 85' lang='lat' dir='ltr'>socio</span> 
     </span>
     <span class='ocr_line' id='line_1_63' title="bbox 60 2889 1075 2933; baseline 0 -8"><span class='ocrx_word' id='word_1_487' title='bbox 60 2903 160 2926; x_wconf 82' lang='lat' dir='ltr'>nervo</span> <span class='ocrx_word' id='word_1_488' title='bbox 183 2891 267 2925; x_wconf 87' lang='lat' dir='ltr'>haud</span> <span class='ocrx_word' id='word_1_489' title='bbox 291 2902 453 2933; x_wconf 88' lang='lat' dir='ltr'>perperam</span> <span class='ocrx_word' id='word_1_490' title='bbox 476 2889 604 2924; x_wconf 87' lang='lat' dir='ltr'>fortasse</span> <span class='ocrx_word' id='word_1_491' title='bbox 627 2899 765 2933; x_wconf 83' lang='lat' dir='ltr'>repetes.</span> <span class='ocrx_word' id='word_1_492' title='bbox 788 2892 866 2925; x_wconf 89' lang='lat' dir='ltr'>Inde</span> <span class='ocrx_word' id='word_1_493' title='bbox 889 2894 976 2926; x_wconf 87' lang='lat' dir='ltr'>enim</span> <span class='ocrx_word' id='word_1_494' title='bbox 997 2904 1075 2925; x_wconf 90' lang='lat' dir='ltr'>con-</span> 
     </span>
     <span class='ocr_line' id='line_1_64' title="bbox 60 2933 1076 2976; baseline 0.002 -8"><span class='ocrx_word' id='word_1_495' title='bbox 60 2936 165 2969; x_wconf 86' lang='lat' dir='ltr'>vulsio</span> <span class='ocrx_word' id='word_1_496' title='bbox 181 2958 193 2974; x_wconf 85' lang='lat'>,</span> <span class='ocrx_word' id='word_1_497' title='bbox 205 2935 244 2967; x_wconf 87' lang='lat' dir='ltr'>ab</span> <span class='ocrx_word' id='word_1_498' title='bbox 256 2934 317 2966; x_wconf 90' lang='lat' dir='ltr'>hoc</span> <span class='ocrx_word' id='word_1_499' title='bbox 326 2942 430 2967; x_wconf 87' lang='lat' dir='ltr'>autem</span> <span class='ocrx_word' id='word_1_500' title='bbox 440 2933 647 2967; x_wconf 72' lang='lat' dir='ltr'>constriffio:</span> <span class='ocrx_word' id='word_1_501' title='bbox 664 2933 744 2967; x_wconf 89' lang='lat' dir='ltr'>uncle</span> <span class='ocrx_word' id='word_1_502' title='bbox 758 2934 1076 2976; x_wconf 87' lang='lat' dir='ltr'>resolutio,quemad-</span> 
     </span>
     <span class='ocr_line' id='line_1_65' title="bbox 61 2976 1078 3021; baseline 0 -9"><span class='ocrx_word' id='word_1_503' title='bbox 61 2978 197 3012; x_wconf 82' lang='lat' dir='ltr'>modum</span> <span class='ocrx_word' id='word_1_504' title='bbox 221 2977 298 3011; x_wconf 84' lang='lat' dir='ltr'>alias</span> <span class='ocrx_word' id='word_1_505' title='bbox 317 2976 376 3020; x_wconf 89' lang='lat' dir='ltr'>(s)</span> <span class='ocrx_word' id='word_1_506' title='bbox 397 2977 646 3020; x_wconf 77' lang='lat' dir='ltr'>explicavimus,</span> <span class='ocrx_word' id='word_1_507' title='bbox 669 2976 737 3011; x_wconf 84' lang='lat' dir='ltr'>fieri</span> <span class='ocrx_word' id='word_1_508' title='bbox 759 2978 997 3020; x_wconf 84' lang='lat' dir='ltr'>tantoamplior</span> <span class='ocrx_word' id='word_1_509' title='bbox 1019 2990 1078 3021; x_wconf 89' lang='lat' dir='ltr'>po-</span> 
     </span>
     <span class='ocr_line' id='line_1_66' title="bbox 60 3019 1076 3064; baseline 0 -9"><span class='ocrx_word' id='word_1_510' title='bbox 60 3024 152 3059; x_wconf 82' lang='lat' dir='ltr'>tuit,</span> <span class='ocrx_word' id='word_1_511' title='bbox 195 3021 283 3064; x_wconf 73' lang='lat' dir='ltr'>quod</span> <span class='ocrx_word' id='word_1_512' title='bbox 305 3031 377 3053; x_wconf 87' lang='lat' dir='ltr'>cum</span> <span class='ocrx_word' id='word_1_513' title='bbox 401 3019 578 3062; x_wconf 77' lang='lat' dir='ltr'>longissimo</span> <span class='ocrx_word' id='word_1_514' title='bbox 599 3021 660 3052; x_wconf 90' lang='lat' dir='ltr'>illo</span> <span class='ocrx_word' id='word_1_515' title='bbox 681 3031 778 3053; x_wconf 88' lang='lat' dir='ltr'>nervo</span> <span class='ocrx_word' id='word_1_516' title='bbox 802 3032 895 3063; x_wconf 83' lang='lat' dir='ltr'>quem</span> <span class='ocrx_word' id='word_1_517' title='bbox 930 3023 1076 3055; x_wconf 67' lang='lat' dir='ltr'>Interce-</span> 
     </span>
     <span class='ocr_line' id='line_1_67' title="bbox 61 3062 1076 3106; baseline 0.001 -8"><span class='ocrx_word' id='word_1_518' title='bbox 61 3065 171 3099; x_wconf 81' lang='lat' dir='ltr'>stalem</span> <span class='ocrx_word' id='word_1_519' title='bbox 193 3073 307 3097; x_wconf 90' lang='lat' dir='ltr'>vocant</span> <span class='ocrx_word' id='word_1_520' title='bbox 323 3086 335 3102; x_wconf 86' lang='lat'>,</span> <span class='ocrx_word' id='word_1_521' title='bbox 356 3062 495 3096; x_wconf 81' lang='lat' dir='ltr'>Costalis</span> <span class='ocrx_word' id='word_1_522' title='bbox 518 3063 647 3105; x_wconf 87' lang='lat' dir='ltr'>quisque</span> <span class='ocrx_word' id='word_1_523' title='bbox 658 3064 852 3106; x_wconf 82' lang='lat' dir='ltr'>colligatur.</span> <span class='ocrx_word' id='word_1_524' title='bbox 875 3066 1076 3106; x_wconf 76' lang='lat' dir='ltr'>Compunffl</span> 
     </span>
    </p>
   </div>
   <div class='ocr_carea' id='block_1_5' title="bbox 60 3105 1089 3151">
    <p class='ocr_par' dir='ltr' id='par_1_11' title="bbox 60 3105 1089 3151">
     <span class='ocr_line' id='line_1_68' title="bbox 60 3105 1089 3151; baseline 0 -9"><span class='ocrx_word' id='word_1_525' title='bbox 60 3118 168 3142; x_wconf 75' lang='lat' dir='ltr'>autem</span> <span class='ocrx_word' id='word_1_526' title='bbox 192 3108 281 3141; x_wconf 86' lang='lat' dir='ltr'>nervi</span> <span class='ocrx_word' id='word_1_527' title='bbox 303 3106 441 3140; x_wconf 84' lang='lat' dir='ltr'>Costalis</span> <span class='ocrx_word' id='word_1_528' title='bbox 466 3105 624 3140; x_wconf 85' lang='lat' dir='ltr'>indicium</span> <span class='ocrx_word' id='word_1_529' title='bbox 648 3106 741 3140; x_wconf 83' lang='lat' dir='ltr'>habes</span> <span class='ocrx_word' id='word_1_530' title='bbox 765 3107 924 3141; x_wconf 82' lang='lat' dir='ltr'>exdolore</span> <span class='ocrx_word' id='word_1_531' title='bbox 948 3109 1089 3151; x_wconf 55' lang='lat' dir='ltr'>illoqui⁴</span> 
     </span>
    </p>
   </div>
   <div class='ocr_carea' id='block_1_6' title="bbox 51 3151 1071 3581">
    <p class='ocr_par' dir='ltr' id='par_1_12' title="bbox 57 3151 1071 3322">
     <span class='ocr_line' id='line_1_69' title="bbox 61 3151 1071 3192; baseline 0 -8"><span class='ocrx_word' id='word_1_532' title='bbox 61 3153 98 3184; x_wconf 81' lang='lat' dir='ltr'>:in</span> <span class='ocrx_word' id='word_1_533' title='bbox 123 3152 277 3184; x_wconf 85' lang='lat' dir='ltr'>anteriore</span> <span class='ocrx_word' id='word_1_534' title='bbox 301 3151 447 3190; x_wconf 86' lang='lat' dir='ltr'>corporis</span> <span class='ocrx_word' id='word_1_535' title='bbox 470 3158 558 3192; x_wconf 87' lang='lat' dir='ltr'>parte</span> <span class='ocrx_word' id='word_1_536' title='bbox 572 3174 581 3189; x_wconf 86' lang='lat'>‚</span> <span class='ocrx_word' id='word_1_537' title='bbox 602 3162 668 3192; x_wconf 92' lang='lat' dir='ltr'>quo</span> <span class='ocrx_word' id='word_1_538' title='bbox 693 3152 720 3184; x_wconf 87' lang='lat' dir='ltr'>is</span> <span class='ocrx_word' id='word_1_539' title='bbox 742 3151 911 3184; x_wconf 85' lang='lat' dir='ltr'>contendit</span> <span class='ocrx_word' id='word_1_540' title='bbox 935 3161 1071 3192; x_wconf 83' lang='lat' dir='ltr'>nervus,</span> 
     </span>
     <span class='ocr_line' id='line_1_70' title="bbox 58 3192 1071 3238; baseline -0.001 -10"><span class='ocrx_word' id='word_1_541' title='bbox 58 3192 267 3238; x_wconf 76' lang='lat' dir='ltr'>respondebat</span> <span class='ocrx_word' id='word_1_542' title='bbox 282 3218 289 3225; x_wconf 89' lang='lat'>.</span> <span class='ocrx_word' id='word_1_543' title='bbox 316 3192 374 3225; x_wconf 85' lang='lat' dir='ltr'>Sed</span> <span class='ocrx_word' id='word_1_544' title='bbox 395 3204 576 3235; x_wconf 85' lang='lat' dir='ltr'>quanquam</span> <span class='ocrx_word' id='word_1_545' title='bbox 598 3192 651 3227; x_wconf 79' lang='lat' dir='ltr'>his</span> <span class='ocrx_word' id='word_1_546' title='bbox 673 3193 783 3235; x_wconf 85' lang='lat' dir='ltr'>positis</span> <span class='ocrx_word' id='word_1_547' title='bbox 808 3215 817 3231; x_wconf 93' lang='lat'><em>‚</em></span> <span class='ocrx_word' id='word_1_548' title='bbox 849 3205 915 3227; x_wconf 83' lang='lat' dir='ltr'>non</span> <span class='ocrx_word' id='word_1_549' title='bbox 938 3193 1071 3228; x_wconf 87' lang='lat' dir='ltr'>difficile</span> 
     </span>
     <span class='ocr_line' id='line_1_71' title="bbox 58 3235 1070 3278; baseline -0.001 -7"><span class='ocrx_word' id='word_1_550' title='bbox 58 3238 102 3271; x_wconf 88' lang='lat' dir='ltr'>est</span> <span class='ocrx_word' id='word_1_551' title='bbox 125 3237 287 3271; x_wconf 86' lang='lat' dir='ltr'>historiam</span> <span class='ocrx_word' id='word_1_552' title='bbox 311 3235 400 3269; x_wconf 87' lang='lat' dir='ltr'>istam</span> <span class='ocrx_word' id='word_1_553' title='bbox 423 3237 603 3278; x_wconf 83' lang='lat' dir='ltr'>explicare3</span> <span class='ocrx_word' id='word_1_554' title='bbox 627 3235 893 3270; x_wconf 86' lang='lat' dir='ltr'>tamensimelior</span> <span class='ocrx_word' id='word_1_555' title='bbox 904 3237 965 3270; x_wconf 86' lang='lat' dir='ltr'>tibi</span> <span class='ocrx_word' id='word_1_556' title='bbox 985 3239 1070 3271; x_wconf 88' lang='lat' dir='ltr'>ratio</span> 
     </span>
     <span class='ocr_line' id='line_1_72' title="bbox 57 3278 1035 3322; baseline -0.001 -9"><span class='ocrx_word' id='word_1_557' title='bbox 57 3282 203 3314; x_wconf 85' lang='lat' dir='ltr'>occurrit</span> <span class='ocrx_word' id='word_1_558' title='bbox 226 3292 287 3322; x_wconf 86' lang='lat' dir='ltr'>qua</span> <span class='ocrx_word' id='word_1_559' title='bbox 310 3290 376 3312; x_wconf 87' lang='lat' dir='ltr'>rem</span> <span class='ocrx_word' id='word_1_560' title='bbox 398 3278 614 3321; x_wconf 76' lang='lat' dir='ltr'>assequamur,</span> <span class='ocrx_word' id='word_1_561' title='bbox 636 3291 700 3313; x_wconf 91' lang='lat' dir='ltr'>non</span> <span class='ocrx_word' id='word_1_562' title='bbox 723 3281 847 3314; x_wconf 82' lang='lat' dir='ltr'>invitus</span> <span class='ocrx_word' id='word_1_563' title='bbox 872 3279 1035 3314; x_wconf 81' lang='lat' dir='ltr'>assentiar.</span> 
     </span>
    </p>

    <p class='ocr_par' dir='ltr' id='par_1_13' title="bbox 51 3321 1071 3531">
     <span class='ocr_line' id='line_1_73' title="bbox 102 3321 1071 3366; baseline 0.001 -10"><span class='ocrx_word' id='word_1_564' title='bbox 102 3335 155 3357; x_wconf 86' lang='lat'>20.</span> <span class='ocrx_word' id='word_1_565' title='bbox 180 3323 344 3357; x_wconf 67' lang='lat' dir='ltr'>Haetenus</span> <span class='ocrx_word' id='word_1_566' title='bbox 367 3321 522 3355; x_wconf 83' lang='lat' dir='ltr'>Valsalvae</span> <span class='ocrx_word' id='word_1_567' title='bbox 545 3322 822 3363; x_wconf 82' lang='lat' dir='ltr'>Observationes,·</span> <span class='ocrx_word' id='word_1_568' title='bbox 857 3322 920 3366; x_wconf 76' lang='lat' dir='ltr'>jam</span> <span class='ocrx_word' id='word_1_569' title='bbox 954 3322 1071 3358; x_wconf 82' lang='lat' dir='ltr'>nostras</span> 
     </span>
     <span class='ocr_line' id='line_1_74' title="bbox 55 3364 1067 3409; baseline -0.001 -8"><span class='ocrx_word' id='word_1_570' title='bbox 55 3368 182 3407; x_wconf 81' lang='lat' dir='ltr'>accipe:</span> <span class='ocrx_word' id='word_1_571' title='bbox 208 3377 287 3409; x_wconf 89' lang='lat' dir='ltr'>quas</span> <span class='ocrx_word' id='word_1_572' title='bbox 309 3364 422 3399; x_wconf 90' lang='lat' dir='ltr'>eodem</span> <span class='ocrx_word' id='word_1_573' title='bbox 443 3365 554 3398; x_wconf 88' lang='lat' dir='ltr'>ordine</span> <span class='ocrx_word' id='word_1_574' title='bbox 577 3365 811 3403; x_wconf 76' lang='lat' dir='ltr'>adscribemu53</span> <span class='ocrx_word' id='word_1_575' title='bbox 834 3378 1015 3409; x_wconf 82' lang='lat' dir='ltr'>quanquam</span> <span class='ocrx_word' id='word_1_576' title='bbox 1029 3367 1067 3400; x_wconf 86' lang='lat' dir='ltr'>de</span> 
     </span>
     <span class='ocr_line' id='line_1_75' title="bbox 51 3407 1067 3451; baseline -0.001 -6"><span class='ocrx_word' id='word_1_577' title='bbox 51 3410 172 3445; x_wconf 82' lang='lat' dir='ltr'>duabus</span> <span class='ocrx_word' id='word_1_578' title='bbox 194 3420 263 3451; x_wconf 83' lang='lat' dir='ltr'>quae</span> <span class='ocrx_word' id='word_1_579' title='bbox 286 3409 324 3442; x_wconf 91' lang='lat' dir='ltr'>ad</span> <span class='ocrx_word' id='word_1_580' title='bbox 336 3407 651 3442; x_wconf 85' lang='lat' dir='ltr'>sauciatumCollum</span> <span class='ocrx_word' id='word_1_581' title='bbox 674 3410 812 3443; x_wconf 84' lang='lat' dir='ltr'>attinent</span> <span class='ocrx_word' id='word_1_582' title='bbox 836 3411 1017 3443; x_wconf 80' lang='lat' dir='ltr'>alteratum</span> <span class='ocrx_word' id='word_1_583' title='bbox 1030 3411 1067 3445; x_wconf 84' lang='lat' dir='ltr'>ad</span> 
     </span>
     <span class='ocr_line' id='line_1_76' title="bbox 52 3449 1066 3494; baseline 0.001 -7"><span class='ocrx_word' id='word_1_584' title='bbox 52 3463 88 3487; x_wconf 86' lang='lat' dir='ltr'>te</span> <span class='ocrx_word' id='word_1_585' title='bbox 110 3453 187 3486; x_wconf 88' lang='lat' dir='ltr'>alias</span> <span class='ocrx_word' id='word_1_586' title='bbox 210 3452 270 3494; x_wconf 78' lang='lat' dir='ltr'>(t)</span> <span class='ocrx_word' id='word_1_587' title='bbox 293 3450 382 3484; x_wconf 90' lang='lat' dir='ltr'>missa</span> <span class='ocrx_word' id='word_1_588' title='bbox 404 3449 466 3491; x_wconf 86' lang='lat' dir='ltr'>sit,</span> <span class='ocrx_word' id='word_1_589' title='bbox 490 3463 553 3484; x_wconf 86' lang='lat' dir='ltr'>non</span> <span class='ocrx_word' id='word_1_590' title='bbox 576 3450 618 3484; x_wconf 88' lang='lat' dir='ltr'>est</span> <span class='ocrx_word' id='word_1_591' title='bbox 638 3464 694 3486; x_wconf 84' lang='lat' dir='ltr'>cur</span> <span class='ocrx_word' id='word_1_592' title='bbox 716 3453 834 3488; x_wconf 82' lang='lat' dir='ltr'>iterum</span> <span class='ocrx_word' id='word_1_593' title='bbox 856 3464 939 3488; x_wconf 85' lang='lat' dir='ltr'>nunc</span> <span class='ocrx_word' id='word_1_594' title='bbox 955 3454 1066 3488; x_wconf 84' lang='lat' dir='ltr'>mitta-</span> 
     </span>
     <span class='ocr_line' id='line_1_77' title="bbox 52 3493 673 3531; baseline -0.008 0"><span class='ocrx_word' id='word_1_595' title='bbox 52 3505 126 3531; x_wconf 84' lang='lat' dir='ltr'>tur.</span> <span class='ocrx_word' id='word_1_596' title='bbox 151 3496 262 3529; x_wconf 80' lang='lat' dir='ltr'>Altera</span> <span class='ocrx_word' id='word_1_597' title='bbox 286 3503 392 3528; x_wconf 86' lang='lat' dir='ltr'>autem</span> <span class='ocrx_word' id='word_1_598' title='bbox 414 3493 588 3527; x_wconf 67' lang='lat' dir='ltr'>brevissima</span> <span class='ocrx_word' id='word_1_599' title='bbox 610 3496 673 3529; x_wconf 89' lang='lat' dir='ltr'>est.</span> 
     </span>
    </p>

    <p class='ocr_par' dir='ltr' id='par_1_14' title="bbox 139 3537 871 3581">
     <span class='ocr_line' id='line_1_78' title="bbox 139 3537 871 3581; baseline 0.003 -10"><span class='ocrx_word' id='word_1_600' title='bbox 139 3538 303 3581; x_wconf 80' lang='lat' dir='ltr'>Morgagni</span> <span class='ocrx_word' id='word_1_601' title='bbox 315 3538 350 3571; x_wconf 86' lang='lat' dir='ltr'>de</span> <span class='ocrx_word' id='word_1_602' title='bbox 360 3538 427 3571; x_wconf 83' lang='lat' dir='ltr'>Sed.</span> <span class='ocrx_word' id='word_1_603' title='bbox 441 3537 483 3570; x_wconf 53' lang='grc' dir='ltr'><em>Θ</em></span> <span class='ocrx_word' id='word_1_604' title='bbox 493 3537 579 3580; x_wconf 86' lang='lat' dir='ltr'>Caus.</span> <span class='ocrx_word' id='word_1_605' title='bbox 593 3537 695 3572; x_wconf 78' lang='lat' dir='ltr'>Murb.</span> <span class='ocrx_word' id='word_1_606' title='bbox 704 3539 806 3573; x_wconf 89' lang='lat' dir='ltr'>Tom.</span> <span class='ocrx_word' id='word_1_607' title='bbox 824 3540 871 3574; x_wconf 89' lang='grc' dir='ltr'>ΙΙ.</span> 
     </span>
    </p>
   </div>
   <div class='ocr_carea' id='block_1_7' title="bbox 2021 202 2105 250">
    <p class='ocr_par' dir='ltr' id='par_1_15' title="bbox 2021 202 2105 250">
     <span class='ocr_line' id='line_1_79' title="bbox 2021 202 2105 250; baseline -0.012 0"><span class='ocrx_word' id='word_1_608' title='bbox 2021 202 2105 250; x_wconf 81' lang='lat'>315</span> 
     </span>
    </p>
   </div>
   <div class='ocr_carea' id='block_1_8' title="bbox 1116 256 2172 3586">
    <p class='ocr_par' dir='ltr' id='par_1_16' title="bbox 1161 256 2172 426">
     <span class='ocr_line' id='line_1_80' title="bbox 1203 256 2172 297; baseline 0.002 -4"><span class='ocrx_word' id='word_1_609' title='bbox 1203 272 1252 297; x_wconf 77' lang='lat'>21-</span> <span class='ocrx_word' id='word_1_610' title='bbox 1279 262 1398 295; x_wconf 67' lang='lat' dir='ltr'>VIRO</span> <span class='ocrx_word' id='word_1_611' title='bbox 1421 263 1522 295; x_wconf 90' lang='lat' dir='ltr'>imum</span> <span class='ocrx_word' id='word_1_612' title='bbox 1546 258 1668 292; x_wconf 87' lang='lat' dir='ltr'>collum</span> <span class='ocrx_word' id='word_1_613' title='bbox 1691 256 1877 291; x_wconf 76' lang='lat' dir='ltr'>transfixum</span> <span class='ocrx_word' id='word_1_614' title='bbox 1912 257 1954 290; x_wconf 90' lang='lat' dir='ltr'>esl:</span> <span class='ocrx_word' id='word_1_615' title='bbox 1977 262 2112 294; x_wconf 85' lang='lat' dir='ltr'>anterius</span> <span class='ocrx_word' id='word_1_616' title='bbox 2135 265 2172 295; x_wconf 67' lang='lat' dir='ltr'>a:</span> 
     </span>
     <span class='ocr_line' id='line_1_81' title="bbox 1162 299 2170 346; baseline 0.002 -10"><span class='ocrx_word' id='word_1_617' title='bbox 1162 304 1221 336; x_wconf 87' lang='lat' dir='ltr'>deo</span> <span class='ocrx_word' id='word_1_618' title='bbox 1243 314 1277 337; x_wconf 82' lang='lat' dir='ltr'>ut</span> <span class='ocrx_word' id='word_1_619' title='bbox 1303 303 1440 336; x_wconf 86' lang='lat' dir='ltr'>foramen</span> <span class='ocrx_word' id='word_1_620' title='bbox 1461 303 1549 346; x_wconf 86' lang='lat' dir='ltr'>quod</span> <span class='ocrx_word' id='word_1_621' title='bbox 1577 300 1697 333; x_wconf 85' lang='lat' dir='ltr'>serrum</span> <span class='ocrx_word' id='word_1_622' title='bbox 1732 299 1855 333; x_wconf 78' lang='lat' dir='ltr'>subiens</span> <span class='ocrx_word' id='word_1_623' title='bbox 1878 299 1993 334; x_wconf 83' lang='lat' dir='ltr'>fecerat</span> <span class='ocrx_word' id='word_1_624' title='bbox 2018 327 2026 340; x_wconf 86' lang='lat'>‚</span> <span class='ocrx_word' id='word_1_625' title='bbox 2062 303 2100 335; x_wconf 71' lang='lat' dir='ltr'>ab</span> <span class='ocrx_word' id='word_1_626' title='bbox 2130 317 2170 338; x_wconf 78' lang='lat' dir='ltr'>eo</span> 
     </span>
     <span class='ocr_line' id='line_1_82' title="bbox 1161 342 2172 389; baseline -0.001 -9"><span class='ocrx_word' id='word_1_627' title='bbox 1161 347 1248 389; x_wconf 91' lang='lat' dir='ltr'>quod</span> <span class='ocrx_word' id='word_1_628' title='bbox 1275 345 1390 379; x_wconf 78' lang='lat' dir='ltr'>fecerat</span> <span class='ocrx_word' id='word_1_629' title='bbox 1414 346 1573 389; x_wconf 72' lang='lat' dir='ltr'>egrediens</span> <span class='ocrx_word' id='word_1_630' title='bbox 1598 367 1609 383; x_wconf 88' lang='lat'>,</span> <span class='ocrx_word' id='word_1_631' title='bbox 1641 342 1860 388; x_wconf 46' lang='lat' dir='ltr'>vix-digitum</span> <span class='ocrx_word' id='word_1_632' title='bbox 1885 344 2032 386; x_wconf 85' lang='lat' dir='ltr'>pollicem</span> <span class='ocrx_word' id='word_1_633' title='bbox 2066 346 2172 383; x_wconf 51' lang='lat' dir='ltr'>transq</span> 
     </span>
     <span class='ocr_line' id='line_1_83' title="bbox 1161 385 2171 426; baseline 0.001 -4"><span class='ocrx_word' id='word_1_634' title='bbox 1161 390 1283 423; x_wconf 83' lang='lat' dir='ltr'>versum</span> <span class='ocrx_word' id='word_1_635' title='bbox 1307 390 1452 423; x_wconf 82' lang='lat' dir='ltr'>distaret.</span> <span class='ocrx_word' id='word_1_636' title='bbox 1481 392 1511 422; x_wconf 82' lang='lat' dir='ltr'>Is</span> <span class='ocrx_word' id='word_1_637' title='bbox 1532 389 1625 425; x_wconf 81' lang='lat' dir='ltr'>cito,</span> <span class='ocrx_word' id='word_1_638' title='bbox 1650 385 1921 426; x_wconf 66' lang='lat' dir='ltr'>suffocatiinstar,</span> <span class='ocrx_word' id='word_1_639' title='bbox 1944 389 2144 423; x_wconf 84' lang='lat' dir='ltr'>ellrnortuus</span> <span class='ocrx_word' id='word_1_640' title='bbox 2156 398 2171 422; x_wconf 71' lang='lat'>.;</span> 
     </span>
    </p>

    <p class='ocr_par' dir='ltr' id='par_1_17' title="bbox 1152 428 2167 773">
     <span class='ocr_line' id='line_1_84' title="bbox 1289 428 2167 473; baseline 0.005 -12"><span class='ocrx_word' id='word_1_641' title='bbox 1289 433 1535 467; x_wconf 73' lang='lat' dir='ltr'>CADAVER,</span> <span class='ocrx_word' id='word_1_642' title='bbox 1558 428 1616 462; x_wconf 81' lang='lat' dir='ltr'>etsi</span> <span class='ocrx_word' id='word_1_643' title='bbox 1641 439 1703 461; x_wconf 87' lang='lat' dir='ltr'>non</span> <span class='ocrx_word' id='word_1_644' title='bbox 1727 428 1770 461; x_wconf 89' lang='lat' dir='ltr'>ob</span> <span class='ocrx_word' id='word_1_645' title='bbox 1793 430 1931 469; x_wconf 79' lang='lat' dir='ltr'>vulnus,</span> <span class='ocrx_word' id='word_1_646' title='bbox 1967 430 2018 464; x_wconf 86' lang='lat' dir='ltr'>sed</span> <span class='ocrx_word' id='word_1_647' title='bbox 2055 441 2090 464; x_wconf 91' lang='lat' dir='ltr'>ut</span> <span class='ocrx_word' id='word_1_648' title='bbox 2114 444 2167 473; x_wconf 87' lang='lat' dir='ltr'>pe-</span> 
     </span>
     <span class='ocr_line' id='line_1_85' title="bbox 1159 473 2166 514; baseline -0.005 -6"><span class='ocrx_word' id='word_1_649' title='bbox 1159 476 1301 509; x_wconf 86' lang='lat' dir='ltr'>tentibus</span> <span class='ocrx_word' id='word_1_650' title='bbox 1323 478 1447 508; x_wconf 84' lang='lat' dir='ltr'>Amicis</span> <span class='ocrx_word' id='word_1_651' title='bbox 1470 474 1593 510; x_wconf 86' lang='lat' dir='ltr'>multa,</span> <span class='ocrx_word' id='word_1_652' title='bbox 1615 475 1649 505; x_wconf 71' lang='grc' dir='ltr'>δι</span> <span class='ocrx_word' id='word_1_653' title='bbox 1672 473 1757 504; x_wconf 80' lang='lat' dir='ltr'>vai-ia</span> <span class='ocrx_word' id='word_1_654' title='bbox 1781 473 1996 514; x_wconf 76' lang='lat' dir='ltr'>ostenderem,</span> <span class='ocrx_word' id='word_1_655' title='bbox 2022 473 2058 507; x_wconf 89' lang='lat' dir='ltr'>ad</span> <span class='ocrx_word' id='word_1_656' title='bbox 2072 483 2166 508; x_wconf 84' lang='lat' dir='ltr'>natu..</span> 
     </span>
     <span class='ocr_line' id='line_1_86' title="bbox 1159 515 2165 556; baseline 0.007 -12"><span class='ocrx_word' id='word_1_657' title='bbox 1159 519 1235 551; x_wconf 53' lang='grc' dir='ltr'>Υἱῆες</span> <span class='ocrx_word' id='word_1_658' title='bbox 1261 521 1402 552; x_wconf 62' lang='lat' dir='ltr'>Panium</span> <span class='ocrx_word' id='word_1_659' title='bbox 1426 518 1593 551; x_wconf 53' lang='lat' dir='ltr'>stuicriffl‘fis</span> <span class='ocrx_word' id='word_1_660' title='bbox 1618 515 1814 556; x_wconf 82' lang='lat' dir='ltr'>attinentia,</span> <span class='ocrx_word' id='word_1_661' title='bbox 1837 529 1852 548; x_wconf 79' lang='lat' dir='ltr'>a</span> <span class='ocrx_word' id='word_1_662' title='bbox 1877 528 1926 549; x_wconf 72' lang='lat' dir='ltr'>me</span> <span class='ocrx_word' id='word_1_663' title='bbox 1952 518 2165 551; x_wconf 62' lang='lat' dir='ltr'>VenetslSlUb</span> 
     </span>
     <span class='ocr_line' id='line_1_87' title="bbox 1155 558 2162 604; baseline -0.001 -9"><span class='ocrx_word' id='word_1_664' title='bbox 1155 562 1289 595; x_wconf 86' lang='lat' dir='ltr'>initium</span> <span class='ocrx_word' id='word_1_665' title='bbox 1317 564 1355 594; x_wconf 84' lang='lat' dir='ltr'>A.</span> <span class='ocrx_word' id='word_1_666' title='bbox 1384 573 1475 604; x_wconf 83' lang='lat'>1707.</span> <span class='ocrx_word' id='word_1_667' title='bbox 1501 560 1670 593; x_wconf 67' lang='lat' dir='ltr'>dissedium</span> <span class='ocrx_word' id='word_1_668' title='bbox 1684 558 1749 597; x_wconf 82' lang='lat' dir='ltr'>est3</span> <span class='ocrx_word' id='word_1_669' title='bbox 1773 558 1982 593; x_wconf 72' lang='lat' dir='ltr'>fimultamcn</span> <span class='ocrx_word' id='word_1_670' title='bbox 1995 559 2162 594; x_wconf 87' lang='lat' dir='ltr'>hominem</span> 
     </span>
     <span class='ocr_line' id='line_1_88' title="bbox 1155 600 2163 645; baseline 0.001 -9"><span class='ocrx_word' id='word_1_671' title='bbox 1155 616 1193 638; x_wconf 79' lang='lat' dir='ltr'>ex</span> <span class='ocrx_word' id='word_1_672' title='bbox 1218 604 1422 638; x_wconf 74' lang='lat' dir='ltr'>suffocatione</span> <span class='ocrx_word' id='word_1_673' title='bbox 1446 601 1568 644; x_wconf 83' lang='lat' dir='ltr'>periisse</span> <span class='ocrx_word' id='word_1_674' title='bbox 1585 625 1597 642; x_wconf 90' lang='lat'><em>‚</em></span> <span class='ocrx_word' id='word_1_675' title='bbox 1619 600 1842 635; x_wconf 84' lang='lat' dir='ltr'>confirmavit.</span> <span class='ocrx_word' id='word_1_676' title='bbox 1869 603 2041 637; x_wconf 79' lang='lat' dir='ltr'>Nimirum</span> <span class='ocrx_word' id='word_1_677' title='bbox 2065 603 2163 645; x_wconf 82' lang='lat' dir='ltr'>Aspe-</span> 
     </span>
     <span class='ocr_line' id='line_1_89' title="bbox 1153 644 2163 688; baseline 0 -8"><span class='ocrx_word' id='word_1_678' title='bbox 1153 659 1195 681; x_wconf 84' lang='lat' dir='ltr'>rae</span> <span class='ocrx_word' id='word_1_679' title='bbox 1219 650 1339 682; x_wconf 80' lang='lat' dir='ltr'>arteriae</span> <span class='ocrx_word' id='word_1_680' title='bbox 1363 648 1495 680; x_wconf 80' lang='lat' dir='ltr'>annulus</span> <span class='ocrx_word' id='word_1_681' title='bbox 1520 646 1558 678; x_wconf 88' lang='lat' dir='ltr'>ab</span> <span class='ocrx_word' id='word_1_682' title='bbox 1582 645 1700 679; x_wconf 78' lang='lat' dir='ltr'>annulo</span> <span class='ocrx_word' id='word_1_683' title='bbox 1721 644 1862 684; x_wconf 78' lang='lat' dir='ltr'>divisus,</span> <span class='ocrx_word' id='word_1_684' title='bbox 1890 646 2013 680; x_wconf 85' lang='lat' dir='ltr'>aditum</span> <span class='ocrx_word' id='word_1_685' title='bbox 2036 647 2163 688; x_wconf 74' lang='lat' dir='ltr'>sangui-</span> 
     </span>
     <span class='ocr_line' id='line_1_90' title="bbox 1152 687 2160 733; baseline 0.001 -11"><span class='ocrx_word' id='word_1_686' title='bbox 1152 693 1184 723; x_wconf 88' lang='lat' dir='ltr'>ni</span> <span class='ocrx_word' id='word_1_687' title='bbox 1200 715 1209 730; x_wconf 92' lang='lat'>,</span> <span class='ocrx_word' id='word_1_688' title='bbox 1232 703 1270 724; x_wconf 72' lang='lat' dir='ltr'>ex</span> <span class='ocrx_word' id='word_1_689' title='bbox 1295 689 1400 724; x_wconf 83' lang='lat' dir='ltr'>incisis</span> <span class='ocrx_word' id='word_1_690' title='bbox 1425 688 1500 725; x_wconf 77' lang='lat' dir='ltr'>vasis</span> <span class='ocrx_word' id='word_1_691' title='bbox 1523 687 1719 730; x_wconf 81' lang='lat' dir='ltr'>prodeunti,</span> <span class='ocrx_word' id='word_1_692' title='bbox 1751 687 1962 729; x_wconf 85' lang='lat' dir='ltr'>patefecerat,</span> <span class='ocrx_word' id='word_1_693' title='bbox 1985 700 2040 732; x_wconf 88' lang='lat' dir='ltr'>per</span> <span class='ocrx_word' id='word_1_694' title='bbox 2063 701 2160 733; x_wconf 74' lang='lat' dir='ltr'>quem</span> 
     </span>
     <span class='ocr_line' id='line_1_91' title="bbox 1154 729 1918 773; baseline -0.003 -7"><span class='ocrx_word' id='word_1_695' title='bbox 1154 736 1188 766; x_wconf 87' lang='lat' dir='ltr'>in</span> <span class='ocrx_word' id='word_1_696' title='bbox 1213 736 1360 767; x_wconf 80' lang='lat' dir='ltr'>arteriam</span> <span class='ocrx_word' id='word_1_697' title='bbox 1383 734 1494 773; x_wconf 84' lang='lat' dir='ltr'>illam,</span> <span class='ocrx_word' id='word_1_698' title='bbox 1519 729 1742 773; x_wconf 87' lang='lat' dir='ltr'>pulmonesque</span> <span class='ocrx_word' id='word_1_699' title='bbox 1765 731 1918 764; x_wconf 85' lang='lat' dir='ltr'>irrueret.</span> 
     </span>
    </p>

    <p class='ocr_par' dir='ltr' id='par_1_18' title="bbox 1116 773 2160 3579">
     <span class='ocr_line' id='line_1_92' title="bbox 1200 773 2159 819; baseline 0.003 -12"><span class='ocrx_word' id='word_1_700' title='bbox 1200 788 1249 812; x_wconf 78' lang='lat'>:2-</span> <span class='ocrx_word' id='word_1_701' title='bbox 1276 779 1372 819; x_wconf 84' lang='lat' dir='ltr'>Super</span> <span class='ocrx_word' id='word_1_702' title='bbox 1396 774 1563 818; x_wconf 82' lang='lat' dir='ltr'>profundis</span> <span class='ocrx_word' id='word_1_703' title='bbox 1585 773 1660 806; x_wconf 90' lang='lat' dir='ltr'>colli</span> <span class='ocrx_word' id='word_1_704' title='bbox 1685 773 1864 807; x_wconf 88' lang='lat' dir='ltr'>vulneribus</span> <span class='ocrx_word' id='word_1_705' title='bbox 1887 774 1952 808; x_wconf 88' lang='lat' dir='ltr'>duo</span> <span class='ocrx_word' id='word_1_706' title='bbox 1965 777 2159 817; x_wconf 76' lang='lat' dir='ltr'>potissimum</span> 
     </span>
     <span class='ocr_line' id='line_1_93' title="bbox 1154 817 2159 862; baseline 0.002 -9"><span class='ocrx_word' id='word_1_707' title='bbox 1154 831 1170 853; x_wconf 84' lang='lat' dir='ltr'>a</span> <span class='ocrx_word' id='word_1_708' title='bbox 1193 831 1243 853; x_wconf 88' lang='lat' dir='ltr'>me</span> <span class='ocrx_word' id='word_1_709' title='bbox 1266 819 1393 862; x_wconf 71' lang='lat' dir='ltr'>quaesita</span> <span class='ocrx_word' id='word_1_710' title='bbox 1416 818 1490 857; x_wconf 82' lang='lat' dir='ltr'>esse.</span> <span class='ocrx_word' id='word_1_711' title='bbox 1516 818 1646 852; x_wconf 83' lang='lat' dir='ltr'>memini</span> <span class='ocrx_word' id='word_1_712' title='bbox 1663 839 1670 847; x_wconf 87' lang='lat'>-</span> <span class='ocrx_word' id='word_1_713' title='bbox 1698 817 1861 854; x_wconf 77' lang='lat' dir='ltr'>Primum,</span> <span class='ocrx_word' id='word_1_714' title='bbox 1897 819 2035 852; x_wconf 87' lang='lat' dir='ltr'>sauciato</span> <span class='ocrx_word' id='word_1_715' title='bbox 2071 822 2159 855; x_wconf 79' lang='lat' dir='ltr'>vaso-</span> 
     </span>
     <span class='ocr_line' id='line_1_94' title="bbox 1148 859 2160 905; baseline 0.002 -10"><span class='ocrx_word' id='word_1_716' title='bbox 1148 874 1220 897; x_wconf 88' lang='lat' dir='ltr'>rum</span> <span class='ocrx_word' id='word_1_717' title='bbox 1253 861 1502 905; x_wconf 80' lang='lat' dir='ltr'>sanguiferorum</span> <span class='ocrx_word' id='word_1_718' title='bbox 1540 870 1654 894; x_wconf 90' lang='lat' dir='ltr'>trunco</span> <span class='ocrx_word' id='word_1_719' title='bbox 1686 859 1796 902; x_wconf 88' lang='lat' dir='ltr'>aliquo</span> <span class='ocrx_word' id='word_1_720' title='bbox 1812 885 1821 899; x_wconf 92' lang='lat'><em>‚</em></span> <span class='ocrx_word' id='word_1_721' title='bbox 1846 871 1897 893; x_wconf 86' lang='lat' dir='ltr'>aut</span> <span class='ocrx_word' id='word_1_722' title='bbox 1922 873 2011 894; x_wconf 87' lang='lat' dir='ltr'>ramo</span> <span class='ocrx_word' id='word_1_723' title='bbox 2034 873 2096 896; x_wconf 91' lang='lat' dir='ltr'>non</span> <span class='ocrx_word' id='word_1_724' title='bbox 2120 875 2160 898; x_wconf 81' lang='lat' dir='ltr'>ex</span> 
     </span>
     <span class='ocr_line' id='line_1_95' title="bbox 1146 900 2159 948; baseline 0.003 -10"><span class='ocrx_word' id='word_1_725' title='bbox 1146 907 1187 938; x_wconf 86' lang='lat' dir='ltr'>iis</span> <span class='ocrx_word' id='word_1_726' title='bbox 1210 907 1343 940; x_wconf 88' lang='lat' dir='ltr'>minutis</span> <span class='ocrx_word' id='word_1_727' title='bbox 1366 917 1447 948; x_wconf 89' lang='lat' dir='ltr'>quos</span> <span class='ocrx_word' id='word_1_728' title='bbox 1471 903 1617 938; x_wconf 80' lang='lat' dir='ltr'>remediis</span> <span class='ocrx_word' id='word_1_729' title='bbox 1641 900 1757 937; x_wconf 88' lang='lat' dir='ltr'>inditis</span> <span class='ocrx_word' id='word_1_730' title='bbox 1790 902 1978 947; x_wconf 70' lang='lat' dir='ltr'>adstringere</span> <span class='ocrx_word' id='word_1_731' title='bbox 2013 905 2088 940; x_wconf 85' lang='lat' dir='ltr'>satis</span> <span class='ocrx_word' id='word_1_732' title='bbox 2119 907 2159 941; x_wconf 78' lang='lat' dir='ltr'>li-</span> 
     </span>
     <span class='ocr_line' id='line_1_96' title="bbox 1143 946 2158 992; baseline 0.002 -12"><span class='ocrx_word' id='word_1_733' title='bbox 1143 958 1233 984; x_wconf 88' lang='lat' dir='ltr'>ceat,</span> <span class='ocrx_word' id='word_1_734' title='bbox 1257 960 1392 991; x_wconf 86' lang='lat' dir='ltr'>quanam</span> <span class='ocrx_word' id='word_1_735' title='bbox 1418 958 1482 981; x_wconf 84' lang='lat' dir='ltr'>arte</span> <span class='ocrx_word' id='word_1_736' title='bbox 1507 946 1675 990; x_wconf 84' lang='lat' dir='ltr'>prohibere</span> <span class='ocrx_word' id='word_1_737' title='bbox 1699 946 1856 989; x_wconf 76' lang='lat' dir='ltr'>Chirurgi</span> <span class='ocrx_word' id='word_1_738' title='bbox 1882 949 2046 991; x_wconf 79' lang='lat' dir='ltr'>sanguinis</span> <span class='ocrx_word' id='word_1_739' title='bbox 2081 961 2158 992; x_wconf 88' lang='lat' dir='ltr'>pro..</span> 
     </span>
     <span class='ocr_line' id='line_1_97' title="bbox 1144 990 2154 1035; baseline -0.001 -11"><span class='ocrx_word' id='word_1_740' title='bbox 1144 993 1276 1026; x_wconf 84' lang='lat' dir='ltr'>fluvium</span> <span class='ocrx_word' id='word_1_741' title='bbox 1300 990 1436 1035; x_wconf 79' lang='lat' dir='ltr'>possint?</span> <span class='ocrx_word' id='word_1_742' title='bbox 1459 990 1646 1031; x_wconf 82' lang='lat' dir='ltr'>Respondi,</span> <span class='ocrx_word' id='word_1_743' title='bbox 1670 1000 1734 1022; x_wconf 90' lang='lat' dir='ltr'>non</span> <span class='ocrx_word' id='word_1_744' title='bbox 1758 1001 1817 1023; x_wconf 85' lang='lat' dir='ltr'>una</span> <span class='ocrx_word' id='word_1_745' title='bbox 1842 992 1948 1032; x_wconf 88' lang='lat' dir='ltr'>posse,</span> <span class='ocrx_word' id='word_1_746' title='bbox 1975 991 1996 1024; x_wconf 89' lang='lat' dir='ltr'>si</span> <span class='ocrx_word' id='word_1_747' title='bbox 2022 994 2057 1026; x_wconf 90' lang='lat' dir='ltr'>ad</span> <span class='ocrx_word' id='word_1_748' title='bbox 2072 1001 2154 1028; x_wconf 74' lang='lat' dir='ltr'>tem-</span> 
     </span>
     <span class='ocr_line' id='line_1_98' title="bbox 1145 1031 2158 1078; baseline -0.001 -11"><span class='ocrx_word' id='word_1_749' title='bbox 1145 1045 1202 1078; x_wconf 86' lang='lat' dir='ltr'>pus</span> <span class='ocrx_word' id='word_1_750' title='bbox 1225 1035 1375 1078; x_wconf 74' lang='lat' dir='ltr'>aliquod·‚</span> <span class='ocrx_word' id='word_1_751' title='bbox 1399 1034 1483 1068; x_wconf 87' lang='lat' dir='ltr'>nulla</span> <span class='ocrx_word' id='word_1_752' title='bbox 1507 1033 1630 1071; x_wconf 86' lang='lat' dir='ltr'>ferme,</span> <span class='ocrx_word' id='word_1_753' title='bbox 1664 1031 1687 1066; x_wconf 88' lang='lat' dir='ltr'>fi</span> <span class='ocrx_word' id='word_1_754' title='bbox 1710 1032 1747 1065; x_wconf 93' lang='lat' dir='ltr'>de</span> <span class='ocrx_word' id='word_1_755' title='bbox 1770 1043 1856 1076; x_wconf 59' lang='lat' dir='ltr'>&amp;gro</span> <span class='ocrx_word' id='word_1_756' title='bbox 1889 1035 2058 1069; x_wconf 74' lang='lat' dir='ltr'>diutissime</span> <span class='ocrx_word' id='word_1_757' title='bbox 2095 1037 2158 1070; x_wconf 85' lang='lat' dir='ltr'>ser.</span> 
     </span>
     <span class='ocr_line' id='line_1_99' title="bbox 1145 1075 2152 1123; baseline 0 -13"><span class='ocrx_word' id='word_1_758' title='bbox 1145 1077 1249 1111; x_wconf 84' lang='lat' dir='ltr'>vando</span> <span class='ocrx_word' id='word_1_759' title='bbox 1273 1087 1401 1120; x_wconf 77' lang='lat' dir='ltr'>agatur.</span> <span class='ocrx_word' id='word_1_760' title='bbox 1430 1076 1513 1110; x_wconf 91' lang='lat' dir='ltr'>Illud</span> <span class='ocrx_word' id='word_1_761' title='bbox 1537 1078 1642 1111; x_wconf 77' lang='lat' dir='ltr'>enim,</span> <span class='ocrx_word' id='word_1_762' title='bbox 1668 1075 1772 1109; x_wconf 75' lang='lat' dir='ltr'>incisae</span> <span class='ocrx_word' id='word_1_763' title='bbox 1798 1076 1855 1118; x_wconf 83' lang='lat' dir='ltr'>ipsi</span> <span class='ocrx_word' id='word_1_764' title='bbox 1880 1088 1966 1113; x_wconf 82' lang='lat' dir='ltr'>venae</span> <span class='ocrx_word' id='word_1_765' title='bbox 1999 1080 2152 1123; x_wconf 61' lang='lat' dir='ltr'>Jugulari</span> 
     </span>
     <span class='ocr_line' id='line_1_100' title="bbox 1146 1116 2157 1158; baseline 0.003 -4"><span class='ocrx_word' id='word_1_766' title='bbox 1146 1123 1282 1154; x_wconf 75' lang='lat' dir='ltr'>Internae</span> <span class='ocrx_word' id='word_1_767' title='bbox 1305 1120 1407 1155; x_wconf 85' lang='lat' dir='ltr'>crusta</span> <span class='ocrx_word' id='word_1_768' title='bbox 1433 1131 1485 1158; x_wconf 87' lang='lat' dir='ltr'>per</span> <span class='ocrx_word' id='word_1_769' title='bbox 1509 1119 1645 1151; x_wconf 84' lang='lat' dir='ltr'>candens</span> <span class='ocrx_word' id='word_1_770' title='bbox 1667 1116 1786 1152; x_wconf 87' lang='lat' dir='ltr'>ferrum</span> <span class='ocrx_word' id='word_1_771' title='bbox 1811 1120 1958 1157; x_wconf 61' lang='lat' dir='ltr'>inducta,</span> <span class='ocrx_word' id='word_1_772' title='bbox 1993 1118 2157 1157; x_wconf 71' lang='lat' dir='ltr'>consecuti</span> 
     </span>
     <span class='ocr_line' id='line_1_101' title="bbox 1146 1161 2155 1208; baseline 0.003 -12"><span class='ocrx_word' id='word_1_773' title='bbox 1146 1163 1215 1197; x_wconf 84' lang='lat' dir='ltr'>sunt</span> <span class='ocrx_word' id='word_1_774' title='bbox 1238 1163 1340 1197; x_wconf 89' lang='lat' dir='ltr'>donec</span> <span class='ocrx_word' id='word_1_775' title='bbox 1364 1163 1467 1195; x_wconf 85' lang='lat' dir='ltr'>crusta</span> <span class='ocrx_word' id='word_1_776' title='bbox 1490 1161 1647 1195; x_wconf 76' lang='lat' dir='ltr'>excideret</span> <span class='ocrx_word' id='word_1_777' title='bbox 1662 1184 1674 1200; x_wconf 85' lang='lat'>,</span> <span class='ocrx_word' id='word_1_778' title='bbox 1698 1171 1730 1195; x_wconf 90' lang='lat' dir='ltr'>ut</span> <span class='ocrx_word' id='word_1_779' title='bbox 1747 1161 1790 1195; x_wconf 83' lang='lat' dir='ltr'>est</span> <span class='ocrx_word' id='word_1_780' title='bbox 1815 1163 1896 1204; x_wconf 87' lang='lat' dir='ltr'>apud</span> <span class='ocrx_word' id='word_1_781' title='bbox 1916 1165 1971 1208; x_wconf 91' lang='lat' dir='ltr'>Jo.</span> <span class='ocrx_word' id='word_1_782' title='bbox 1989 1166 2155 1201; x_wconf 74' lang='lat' dir='ltr'>Bohniiam</span> 
     </span>
     <span class='ocr_line' id='line_1_102' title="bbox 1145 1204 2155 1251; baseline 0.009 -17"><span class='ocrx_word' id='word_1_783' title='bbox 1145 1210 1188 1245; x_wconf 71' lang='lat' dir='ltr'>(u</span> <span class='ocrx_word' id='word_1_784' title='bbox 1203 1211 1238 1246; x_wconf 81' lang='lat'>):</span> <span class='ocrx_word' id='word_1_785' title='bbox 1262 1219 1299 1241; x_wconf 76' lang='lat' dir='ltr'>ex</span> <span class='ocrx_word' id='word_1_786' title='bbox 1323 1218 1388 1250; x_wconf 80' lang='lat' dir='ltr'>quo</span> <span class='ocrx_word' id='word_1_787' title='bbox 1411 1217 1473 1238; x_wconf 92' lang='lat' dir='ltr'>non</span> <span class='ocrx_word' id='word_1_788' title='bbox 1498 1204 1564 1249; x_wconf 78' lang='lat' dir='ltr'>haec</span> <span class='ocrx_word' id='word_1_789' title='bbox 1592 1204 1709 1244; x_wconf 82' lang='lat' dir='ltr'>modo,</span> <span class='ocrx_word' id='word_1_790' title='bbox 1743 1204 1791 1237; x_wconf 91' lang='lat' dir='ltr'>sed</span> <span class='ocrx_word' id='word_1_791' title='bbox 1817 1207 1921 1247; x_wconf 86' lang='lat' dir='ltr'>plures</span> <span class='ocrx_word' id='word_1_792' title='bbox 1944 1207 2017 1241; x_wconf 86' lang='lat' dir='ltr'>addi</span> <span class='ocrx_word' id='word_1_793' title='bbox 2043 1210 2155 1251; x_wconf 86' lang='lat' dir='ltr'>Sepul-</span> 
     </span>
     <span class='ocr_line' id='line_1_103' title="bbox 1145 1247 2153 1292; baseline 0.002 -9"><span class='ocrx_word' id='word_1_794' title='bbox 1145 1250 1259 1284; x_wconf 71' lang='lat' dir='ltr'>chi-eto</span> <span class='ocrx_word' id='word_1_795' title='bbox 1294 1259 1440 1292; x_wconf 87' lang='lat' dir='ltr'>poterant</span> <span class='ocrx_word' id='word_1_796' title='bbox 1476 1247 1728 1281; x_wconf 82' lang='lat' dir='ltr'>Observationes</span> <span class='ocrx_word' id='word_1_797' title='bbox 1762 1249 1933 1289; x_wconf 78' lang='lat' dir='ltr'>peculiares</span> <span class='ocrx_word' id='word_1_798' title='bbox 1966 1250 2153 1287; x_wconf 77' lang='lat' dir='ltr'>cadaverum</span> 
     </span>
     <span class='ocr_line' id='line_1_104' title="bbox 1145 1290 2153 1334; baseline 0.007 -10"><span class='ocrx_word' id='word_1_799' title='bbox 1145 1305 1253 1327; x_wconf 83' lang='lat' dir='ltr'>eorum</span> <span class='ocrx_word' id='word_1_800' title='bbox 1278 1294 1333 1334; x_wconf 88' lang='lat' dir='ltr'>qui</span> <span class='ocrx_word' id='word_1_801' title='bbox 1356 1305 1394 1327; x_wconf 85' lang='lat' dir='ltr'>ex</span> <span class='ocrx_word' id='word_1_802' title='bbox 1416 1291 1599 1325; x_wconf 81' lang='lat' dir='ltr'>vulneribus</span> <span class='ocrx_word' id='word_1_803' title='bbox 1621 1290 1785 1324; x_wconf 88' lang='lat' dir='ltr'>obierunt.</span> <span class='ocrx_word' id='word_1_804' title='bbox 1810 1293 2037 1334; x_wconf 76' lang='lat' dir='ltr'>Experimenta</span> <span class='ocrx_word' id='word_1_805' title='bbox 2048 1304 2153 1331; x_wconf 85' lang='lat' dir='ltr'>autem</span> 
     </span>
     <span class='ocr_line' id='line_1_105' title="bbox 1144 1333 2154 1380; baseline 0.005 -12"><span class='ocrx_word' id='word_1_806' title='bbox 1144 1350 1214 1380; x_wconf 84' lang='lat' dir='ltr'>quae</span> <span class='ocrx_word' id='word_1_807' title='bbox 1239 1336 1301 1369; x_wconf 90' lang='lat' dir='ltr'>tibi</span> <span class='ocrx_word' id='word_1_808' title='bbox 1326 1335 1471 1378; x_wconf 80' lang='lat' dir='ltr'>Epistola</span> <span class='ocrx_word' id='word_1_809' title='bbox 1495 1335 1584 1368; x_wconf 86' lang='lat' dir='ltr'>XIX.</span> <span class='ocrx_word' id='word_1_810' title='bbox 1610 1333 1846 1375; x_wconf 82' lang='lat' dir='ltr'>recensuimus,</span> <span class='ocrx_word' id='word_1_811' title='bbox 1871 1335 2065 1372; x_wconf 85' lang='lat' dir='ltr'>ostendentia</span> <span class='ocrx_word' id='word_1_812' title='bbox 2087 1342 2154 1374; x_wconf 82' lang='lat' dir='ltr'>Ca-</span> 
     </span>
     <span class='ocr_line' id='line_1_106' title="bbox 1139 1378 2150 1422; baseline 0 -9"><span class='ocrx_word' id='word_1_813' title='bbox 1139 1380 1300 1413; x_wconf 85' lang='lat' dir='ltr'>rotidibus</span> <span class='ocrx_word' id='word_1_814' title='bbox 1324 1379 1468 1418; x_wconf 74' lang='lat' dir='ltr'>arteriis,</span> <span class='ocrx_word' id='word_1_815' title='bbox 1492 1387 1545 1411; x_wconf 89' lang='lat' dir='ltr'>aut</span> <span class='ocrx_word' id='word_1_816' title='bbox 1571 1378 1709 1411; x_wconf 87' lang='lat' dir='ltr'>Internis</span> <span class='ocrx_word' id='word_1_817' title='bbox 1732 1381 1817 1412; x_wconf 89' lang='lat' dir='ltr'>venis</span> <span class='ocrx_word' id='word_1_818' title='bbox 1845 1378 2053 1422; x_wconf 83' lang='lat' dir='ltr'>Jugularibus</span> <span class='ocrx_word' id='word_1_819' title='bbox 2076 1384 2150 1417; x_wconf 86' lang='lat' dir='ltr'>vin.</span> 
     </span>
     <span class='ocr_line' id='line_1_107' title="bbox 1138 1421 2151 1464; baseline 0.003 -8"><span class='ocrx_word' id='word_1_820' title='bbox 1138 1425 1214 1459; x_wconf 78' lang='lat' dir='ltr'>&lt;ulo</span> <span class='ocrx_word' id='word_1_821' title='bbox 1244 1422 1447 1462; x_wconf 58' lang='lat' dir='ltr'>considetis,</span> <span class='ocrx_word' id='word_1_822' title='bbox 1470 1432 1533 1454; x_wconf 87' lang='lat' dir='ltr'>non</span> <span class='ocrx_word' id='word_1_823' title='bbox 1558 1432 1590 1455; x_wconf 80' lang='lat' dir='ltr'>ea</span> <span class='ocrx_word' id='word_1_824' title='bbox 1614 1421 1682 1453; x_wconf 89' lang='lat' dir='ltr'>cito</span> <span class='ocrx_word' id='word_1_825' title='bbox 1704 1422 1871 1464; x_wconf 80' lang='lat' dir='ltr'>contigisse</span> <span class='ocrx_word' id='word_1_826' title='bbox 1894 1434 1965 1464; x_wconf 85' lang='lat' dir='ltr'>quae</span> <span class='ocrx_word' id='word_1_827' title='bbox 1989 1425 2069 1459; x_wconf 90' lang='lat' dir='ltr'>olim</span> <span class='ocrx_word' id='word_1_828' title='bbox 2082 1437 2151 1459; x_wconf 87' lang='lat' dir='ltr'>me-</span> 
     </span>
     <span class='ocr_line' id='line_1_108' title="bbox 1138 1463 2149 1508; baseline -0.001 -9"><span class='ocrx_word' id='word_1_829' title='bbox 1138 1467 1329 1504; x_wconf 80' lang='lat' dir='ltr'>tuebantur,</span> <span class='ocrx_word' id='word_1_830' title='bbox 1355 1465 1465 1498; x_wconf 85' lang='lat' dir='ltr'>addere</span> <span class='ocrx_word' id='word_1_831' title='bbox 1489 1465 1632 1498; x_wconf 86' lang='lat' dir='ltr'>animum</span> <span class='ocrx_word' id='word_1_832' title='bbox 1654 1463 1820 1507; x_wconf 78' lang='lat' dir='ltr'>Chirurgo</span> <span class='ocrx_word' id='word_1_833' title='bbox 1844 1465 1971 1508; x_wconf 80' lang='lat' dir='ltr'>possunt</span> <span class='ocrx_word' id='word_1_834' title='bbox 1995 1468 2033 1501; x_wconf 83' lang='lat' dir='ltr'>ad</span> <span class='ocrx_word' id='word_1_835' title='bbox 2068 1469 2149 1503; x_wconf 76' lang='lat' dir='ltr'>alte-</span> 
     </span>
     <span class='ocr_line' id='line_1_109' title="bbox 1137 1506 2142 1555; baseline 0.001 -12"><span class='ocrx_word' id='word_1_836' title='bbox 1137 1521 1258 1543; x_wconf 84' lang='lat' dir='ltr'>rutram</span> <span class='ocrx_word' id='word_1_837' title='bbox 1284 1510 1438 1542; x_wconf 86' lang='lat' dir='ltr'>alterutro</span> <span class='ocrx_word' id='word_1_838' title='bbox 1461 1508 1494 1540; x_wconf 90' lang='lat' dir='ltr'>in</span> <span class='ocrx_word' id='word_1_839' title='bbox 1520 1508 1616 1541; x_wconf 72' lang='lat' dir='ltr'>latere</span> <span class='ocrx_word' id='word_1_840' title='bbox 1641 1506 1847 1549; x_wconf 74' lang='lat' dir='ltr'>obligandam</span> <span class='ocrx_word' id='word_1_841' title='bbox 1862 1533 1871 1548; x_wconf 82' lang='lat'>,</span> <span class='ocrx_word' id='word_1_842' title='bbox 1894 1518 1930 1543; x_wconf 90' lang='lat' dir='ltr'>ut</span> <span class='ocrx_word' id='word_1_843' title='bbox 1954 1510 1992 1543; x_wconf 89' lang='lat' dir='ltr'>ad</span> <span class='ocrx_word' id='word_1_844' title='bbox 2016 1519 2142 1555; x_wconf 79' lang='lat' dir='ltr'>tempus</span> 
     </span>
     <span class='ocr_line' id='line_1_110' title="bbox 1138 1548 2150 1595; baseline 0 -11"><span class='ocrx_word' id='word_1_845' title='bbox 1138 1552 1268 1595; x_wconf 82' lang='lat' dir='ltr'>aliquod</span> <span class='ocrx_word' id='word_1_846' title='bbox 1290 1551 1451 1593; x_wconf 81' lang='lat' dir='ltr'>sanguinis</span> <span class='ocrx_word' id='word_1_847' title='bbox 1475 1549 1579 1587; x_wconf 76' lang='lat' dir='ltr'>fluxus</span> <span class='ocrx_word' id='word_1_848' title='bbox 1602 1548 1810 1586; x_wconf 71' lang='lat' dir='ltr'>cohibeatur.</span> <span class='ocrx_word' id='word_1_849' title='bbox 1837 1554 1884 1587; x_wconf 87' lang='lat' dir='ltr'>At</span> <span class='ocrx_word' id='word_1_850' title='bbox 1908 1552 2081 1590; x_wconf 72' lang='lat' dir='ltr'>diutissime</span> <span class='ocrx_word' id='word_1_851' title='bbox 2092 1567 2150 1589; x_wconf 82' lang='lat' dir='ltr'>co-</span> 
     </span>
     <span class='ocr_line' id='line_1_111' title="bbox 1137 1593 2150 1638; baseline 0.001 -8"><span class='ocrx_word' id='word_1_852' title='bbox 1137 1596 1240 1631; x_wconf 88' lang='lat' dir='ltr'>hiberi</span> <span class='ocrx_word' id='word_1_853' title='bbox 1263 1607 1326 1628; x_wconf 86' lang='lat' dir='ltr'>non</span> <span class='ocrx_word' id='word_1_854' title='bbox 1351 1593 1448 1627; x_wconf 90' lang='lat' dir='ltr'>modo</span> <span class='ocrx_word' id='word_1_855' title='bbox 1471 1603 1524 1635; x_wconf 83' lang='lat' dir='ltr'>per</span> <span class='ocrx_word' id='word_1_856' title='bbox 1548 1602 1582 1627; x_wconf 83' lang='lat' dir='ltr'>ea</span> <span class='ocrx_word' id='word_1_857' title='bbox 1604 1603 1673 1632; x_wconf 75' lang='lat' dir='ltr'>quae</span> <span class='ocrx_word' id='word_1_858' title='bbox 1707 1593 1840 1630; x_wconf 87' lang='lat' dir='ltr'>crustam</span> <span class='ocrx_word' id='word_1_859' title='bbox 1861 1594 2017 1629; x_wconf 87' lang='lat' dir='ltr'>inducunt</span> <span class='ocrx_word' id='word_1_860' title='bbox 2041 1624 2050 1638; x_wconf 93' lang='lat'>,</span> <span class='ocrx_word' id='word_1_861' title='bbox 2084 1609 2150 1633; x_wconf 84' lang='lat' dir='ltr'>non</span> 
     </span>
     <span class='ocr_line' id='line_1_112' title="bbox 1135 1633 2149 1682; baseline 0.004 -10"><span class='ocrx_word' id='word_1_862' title='bbox 1135 1638 1239 1682; x_wconf 88' lang='lat' dir='ltr'>posse,</span> <span class='ocrx_word' id='word_1_863' title='bbox 1259 1636 1460 1673; x_wconf 85' lang='lat' dir='ltr'>manifestum</span> <span class='ocrx_word' id='word_1_864' title='bbox 1483 1635 1550 1674; x_wconf 78' lang='lat' dir='ltr'>est5</span> <span class='ocrx_word' id='word_1_865' title='bbox 1574 1633 1624 1667; x_wconf 79' lang='lat' dir='ltr'>sed</span> <span class='ocrx_word' id='word_1_866' title='bbox 1648 1645 1746 1677; x_wconf 87' lang='lat' dir='ltr'>neque</span> <span class='ocrx_word' id='word_1_867' title='bbox 1769 1638 1837 1678; x_wconf 89' lang='lat' dir='ltr'>post</span> <span class='ocrx_word' id='word_1_868' title='bbox 1859 1639 1984 1673; x_wconf 88' lang='lat' dir='ltr'>vincula</span> <span class='ocrx_word' id='word_1_869' title='bbox 2008 1642 2048 1674; x_wconf 89' lang='lat' dir='ltr'>iis</span> <span class='ocrx_word' id='word_1_870' title='bbox 2060 1650 2149 1676; x_wconf 81' lang='lat' dir='ltr'>trun-</span> 
     </span>
     <span class='ocr_line' id='line_1_113' title="bbox 1134 1676 2151 1725; baseline -0.003 -9"><span class='ocrx_word' id='word_1_871' title='bbox 1134 1685 1179 1716; x_wconf 89' lang='lat' dir='ltr'>cis</span> <span class='ocrx_word' id='word_1_872' title='bbox 1202 1681 1337 1724; x_wconf 59' lang='lat' dir='ltr'>injerffha,</span> <span class='ocrx_word' id='word_1_873' title='bbox 1363 1679 1455 1713; x_wconf 87' lang='lat' dir='ltr'>facile</span> <span class='ocrx_word' id='word_1_874' title='bbox 1480 1676 1665 1721; x_wconf 82' lang='lat' dir='ltr'>sperandum</span> <span class='ocrx_word' id='word_1_875' title='bbox 1689 1679 1752 1720; x_wconf 87' lang='lat' dir='ltr'>est,</span> <span class='ocrx_word' id='word_1_876' title='bbox 1775 1691 1838 1713; x_wconf 92' lang='lat' dir='ltr'>non</span> <span class='ocrx_word' id='word_1_877' title='bbox 1863 1692 1912 1715; x_wconf 80' lang='lat' dir='ltr'>eas</span> <span class='ocrx_word' id='word_1_878' title='bbox 1933 1684 2055 1725; x_wconf 80' lang='lat' dir='ltr'>citius,</span> <span class='ocrx_word' id='word_1_879' title='bbox 2086 1695 2151 1719; x_wconf 64' lang='lat' dir='ltr'>tar..</span> 
     </span>
     <span class='ocr_line' id='line_1_114' title="bbox 1135 1721 2149 1771; baseline 0.003 -12"><span class='ocrx_word' id='word_1_880' title='bbox 1135 1725 1241 1760; x_wconf 86' lang='lat' dir='ltr'>diusve</span> <span class='ocrx_word' id='word_1_881' title='bbox 1266 1735 1363 1757; x_wconf 83' lang='lat' dir='ltr'>noxas</span> <span class='ocrx_word' id='word_1_882' title='bbox 1386 1721 1442 1756; x_wconf 86' lang='lat' dir='ltr'>esse</span> <span class='ocrx_word' id='word_1_883' title='bbox 1465 1722 1631 1757; x_wconf 87' lang='lat' dir='ltr'>accessuras</span> <span class='ocrx_word' id='word_1_884' title='bbox 1660 1733 1731 1764; x_wconf 77' lang='lat' dir='ltr'>quae</span> <span class='ocrx_word' id='word_1_885' title='bbox 1767 1734 1904 1758; x_wconf 86' lang='lat' dir='ltr'>mortem</span> <span class='ocrx_word' id='word_1_886' title='bbox 1936 1737 1991 1768; x_wconf 89' lang='lat' dir='ltr'>per</span> <span class='ocrx_word' id='word_1_887' title='bbox 2023 1728 2051 1761; x_wconf 89' lang='lat' dir='ltr'>se</span> <span class='ocrx_word' id='word_1_888' title='bbox 2073 1729 2149 1771; x_wconf 76' lang='lat' dir='ltr'>ipsae</span> 
     </span>
     <span class='ocr_line' id='line_1_115' title="bbox 1134 1763 2147 1811; baseline 0.004 -9"><span class='ocrx_word' id='word_1_889' title='bbox 1134 1769 1269 1811; x_wconf 87' lang='lat' dir='ltr'>denique</span> <span class='ocrx_word' id='word_1_890' title='bbox 1294 1766 1442 1805; x_wconf 81' lang='lat' dir='ltr'>afferant,</span> <span class='ocrx_word' id='word_1_891' title='bbox 1463 1763 1587 1811; x_wconf 70' lang='lat' dir='ltr'>tametsi</span> <span class='ocrx_word' id='word_1_892' title='bbox 1612 1766 1645 1796; x_wconf 89' lang='lat' dir='ltr'>in</span> <span class='ocrx_word' id='word_1_893' title='bbox 1668 1767 1806 1800; x_wconf 88' lang='lat' dir='ltr'>vinculis</span> <span class='ocrx_word' id='word_1_894' title='bbox 1828 1767 2011 1810; x_wconf 71' lang='lat' dir='ltr'>injiciendis</span> <span class='ocrx_word' id='word_1_895' title='bbox 2035 1771 2147 1806; x_wconf 82' lang='lat' dir='ltr'>nihila</span> 
     </span>
     <span class='ocr_line' id='line_1_116' title="bbox 1136 1808 2147 1853; baseline -0.002 -8"><span class='ocrx_word' id='word_1_896' title='bbox 1136 1812 1306 1853; x_wconf 80' lang='lat' dir='ltr'>Chirurgo</span> <span class='ocrx_word' id='word_1_897' title='bbox 1330 1817 1496 1852; x_wconf 84' lang='lat' dir='ltr'>peccatum</span> <span class='ocrx_word' id='word_1_898' title='bbox 1519 1808 1614 1847; x_wconf 86' lang='lat' dir='ltr'>eslet,</span> <span class='ocrx_word' id='word_1_899' title='bbox 1639 1817 1692 1842; x_wconf 88' lang='lat' dir='ltr'>aut</span> <span class='ocrx_word' id='word_1_900' title='bbox 1716 1810 1957 1851; x_wconf 79' lang='lat' dir='ltr'>praetermissum</span> <span class='ocrx_word' id='word_1_901' title='bbox 1972 1839 1979 1846; x_wconf 94' lang='lat'>.</span> <span class='ocrx_word' id='word_1_902' title='bbox 2004 1816 2089 1848; x_wconf 91' lang='lat' dir='ltr'>Cum</span> <span class='ocrx_word' id='word_1_903' title='bbox 2113 1827 2147 1848; x_wconf 84' lang='lat' dir='ltr'>e-</span> 
     </span>
     <span class='ocr_line' id='line_1_117' title="bbox 1134 1849 2148 1895; baseline 0.002 -7"><span class='ocrx_word' id='word_1_904' title='bbox 1134 1857 1202 1888; x_wconf 79' lang='lat' dir='ltr'>nim</span> <span class='ocrx_word' id='word_1_905' title='bbox 1226 1854 1330 1887; x_wconf 85' lang='lat' dir='ltr'>trunci</span> <span class='ocrx_word' id='word_1_906' title='bbox 1355 1852 1404 1885; x_wconf 89' lang='lat' dir='ltr'>illi</span> <span class='ocrx_word' id='word_1_907' title='bbox 1428 1851 1522 1885; x_wconf 89' lang='lat' dir='ltr'>ambo</span> <span class='ocrx_word' id='word_1_908' title='bbox 1543 1849 1604 1884; x_wconf 81' lang='lat' dir='ltr'>sint</span> <span class='ocrx_word' id='word_1_909' title='bbox 1628 1863 1701 1886; x_wconf 87' lang='lat' dir='ltr'>cum</span> <span class='ocrx_word' id='word_1_910' title='bbox 1726 1853 1849 1895; x_wconf 75' lang='lat' dir='ltr'>vagis,</span> <span class='ocrx_word' id='word_1_911' title='bbox 1875 1857 1907 1887; x_wconf 83' lang='lat'>&amp;</span> <span class='ocrx_word' id='word_1_912' title='bbox 1931 1858 2148 1893; x_wconf 74' lang='lat' dir='ltr'>Inter-costali-</span> 
     </span>
     <span class='ocr_line' id='line_1_118' title="bbox 1132 1894 2146 1940; baseline -0.001 -9"><span class='ocrx_word' id='word_1_913' title='bbox 1132 1899 1191 1933; x_wconf 79' lang='lat' dir='ltr'>bus</span> <span class='ocrx_word' id='word_1_914' title='bbox 1213 1899 1315 1931; x_wconf 86' lang='lat' dir='ltr'>nervis</span> <span class='ocrx_word' id='word_1_915' title='bbox 1339 1896 1426 1929; x_wconf 84' lang='lat' dir='ltr'>intra</span> <span class='ocrx_word' id='word_1_916' title='bbox 1449 1894 1678 1929; x_wconf 86' lang='lat' dir='ltr'>membraneam</span> <span class='ocrx_word' id='word_1_917' title='bbox 1693 1918 1702 1932; x_wconf 89' lang='lat'>,</span> <span class='ocrx_word' id='word_1_918' title='bbox 1725 1896 1797 1936; x_wconf 87' lang='lat' dir='ltr'>vel,</span> <span class='ocrx_word' id='word_1_919' title='bbox 1820 1897 1840 1930; x_wconf 88' lang='lat' dir='ltr'>si</span> <span class='ocrx_word' id='word_1_920' title='bbox 1866 1900 1966 1933; x_wconf 84' lang='lat' dir='ltr'>mavis</span> <span class='ocrx_word' id='word_1_921' title='bbox 1981 1924 1991 1940; x_wconf 84' lang='lat'>,</span> <span class='ocrx_word' id='word_1_922' title='bbox 2013 1902 2146 1937; x_wconf 77' lang='lat' dir='ltr'>cellulo-</span> 
     </span>
     <span class='ocr_line' id='line_1_119' title="bbox 1134 1938 2146 1988; baseline 0.002 -14"><span class='ocrx_word' id='word_1_923' title='bbox 1134 1942 1197 1975; x_wconf 86' lang='lat' dir='ltr'>sam</span> <span class='ocrx_word' id='word_1_924' title='bbox 1221 1938 1307 1984; x_wconf 77' lang='lat' dir='ltr'>quasi</span> <span class='ocrx_word' id='word_1_925' title='bbox 1331 1940 1479 1981; x_wconf 78' lang='lat' dir='ltr'>vaginam</span> <span class='ocrx_word' id='word_1_926' title='bbox 1502 1938 1664 1977; x_wconf 83' lang='lat' dir='ltr'>conclusi3</span> <span class='ocrx_word' id='word_1_927' title='bbox 1688 1938 1873 1982; x_wconf 81' lang='lat' dir='ltr'>perdifficile</span> <span class='ocrx_word' id='word_1_928' title='bbox 1897 1941 1939 1976; x_wconf 83' lang='lat' dir='ltr'>est</span> <span class='ocrx_word' id='word_1_929' title='bbox 1962 1944 1994 1975; x_wconf 88' lang='lat' dir='ltr'>in</span> <span class='ocrx_word' id='word_1_930' title='bbox 2010 1946 2146 1988; x_wconf 83' lang='lat' dir='ltr'>profun-</span> 
     </span>
     <span class='ocr_line' id='line_1_120' title="bbox 1131 1982 2145 2030; baseline 0.006 -13"><span class='ocrx_word' id='word_1_931' title='bbox 1131 1985 1196 2025; x_wconf 86' lang='lat' dir='ltr'>do,</span> <span class='ocrx_word' id='word_1_932' title='bbox 1219 1987 1251 2018; x_wconf 74' lang='grc' dir='ltr'>δε</span> <span class='ocrx_word' id='word_1_933' title='bbox 1276 1996 1292 2016; x_wconf 87' lang='lat' dir='ltr'>a</span> <span class='ocrx_word' id='word_1_934' title='bbox 1316 1982 1492 2026; x_wconf 78' lang='lat' dir='ltr'>profluente</span> <span class='ocrx_word' id='word_1_935' title='bbox 1505 1982 1651 2030; x_wconf 75' lang='lat' dir='ltr'>sanguine</span> <span class='ocrx_word' id='word_1_936' title='bbox 1675 1993 1789 2026; x_wconf 89' lang='lat' dir='ltr'>operto</span> <span class='ocrx_word' id='word_1_937' title='bbox 1800 1984 1876 2018; x_wconf 85' lang='lat' dir='ltr'>loco</span> <span class='ocrx_word' id='word_1_938' title='bbox 1899 1986 2084 2023; x_wconf 81' lang='lat' dir='ltr'>alterutrum</span> <span class='ocrx_word' id='word_1_939' title='bbox 2099 1991 2145 2023; x_wconf 78' lang='lat' dir='ltr'>ita</span> 
     </span>
     <span class='ocr_line' id='line_1_121' title="bbox 1131 2026 2144 2070; baseline 0.002 -9"><span class='ocrx_word' id='word_1_940' title='bbox 1131 2028 1358 2070; x_wconf 77' lang='lat' dir='ltr'>constringere,</span> <span class='ocrx_word' id='word_1_941' title='bbox 1381 2037 1416 2060; x_wconf 90' lang='lat' dir='ltr'>ut</span> <span class='ocrx_word' id='word_1_942' title='bbox 1441 2038 1505 2060; x_wconf 85' lang='lat' dir='ltr'>non</span> <span class='ocrx_word' id='word_1_943' title='bbox 1528 2026 1620 2060; x_wconf 83' lang='lat' dir='ltr'>simul</span> <span class='ocrx_word' id='word_1_944' title='bbox 1645 2035 1698 2059; x_wconf 86' lang='lat' dir='ltr'>aut</span> <span class='ocrx_word' id='word_1_945' title='bbox 1722 2028 1817 2067; x_wconf 85' lang='lat' dir='ltr'>alter,</span> <span class='ocrx_word' id='word_1_946' title='bbox 1846 2038 1900 2063; x_wconf 85' lang='lat' dir='ltr'>aut</span> <span class='ocrx_word' id='word_1_947' title='bbox 1923 2042 1961 2065; x_wconf 76' lang='lat' dir='ltr'>ex</span> <span class='ocrx_word' id='word_1_948' title='bbox 1987 2033 2026 2065; x_wconf 84' lang='lat' dir='ltr'>iis</span> <span class='ocrx_word' id='word_1_949' title='bbox 2040 2034 2144 2067; x_wconf 78' lang='lat' dir='ltr'>nervis</span> 
     </span>
     <span class='ocr_line' id='line_1_122' title="bbox 1131 2069 2145 2117; baseline 0.004 -11"><span class='ocrx_word' id='word_1_950' title='bbox 1131 2074 1281 2106; x_wconf 83' lang='lat' dir='ltr'>alteruter</span> <span class='ocrx_word' id='word_1_951' title='bbox 1304 2082 1364 2104; x_wconf 88' lang='lat' dir='ltr'>una</span> <span class='ocrx_word' id='word_1_952' title='bbox 1385 2069 1639 2112; x_wconf 83' lang='lat' dir='ltr'>constringatur,</span> <span class='ocrx_word' id='word_1_953' title='bbox 1666 2079 1720 2104; x_wconf 85' lang='lat' dir='ltr'>aut</span> <span class='ocrx_word' id='word_1_954' title='bbox 1744 2082 1798 2106; x_wconf 88' lang='lat' dir='ltr'>acu</span> <span class='ocrx_word' id='word_1_955' title='bbox 1823 2072 1924 2106; x_wconf 87' lang='lat' dir='ltr'>subter</span> <span class='ocrx_word' id='word_1_956' title='bbox 1939 2074 2068 2117; x_wconf 67' lang='lat' dir='ltr'>traicaefta</span> <span class='ocrx_word' id='word_1_957' title='bbox 2091 2078 2145 2110; x_wconf 80' lang='lat' dir='ltr'>lae·-</span> 
     </span>
     <span class='ocr_line' id='line_1_123' title="bbox 1131 2113 2144 2158; baseline 0.006 -10"><span class='ocrx_word' id='word_1_958' title='bbox 1131 2117 1245 2150; x_wconf 81' lang='lat' dir='ltr'>datur.</span> <span class='ocrx_word' id='word_1_959' title='bbox 1268 2116 1407 2155; x_wconf 89' lang='lat' dir='ltr'>Neque,</span> <span class='ocrx_word' id='word_1_960' title='bbox 1431 2113 1452 2147; x_wconf 86' lang='lat' dir='ltr'>fi</span> <span class='ocrx_word' id='word_1_961' title='bbox 1477 2113 1645 2158; x_wconf 80' lang='lat' dir='ltr'>obliganda</span> <span class='ocrx_word' id='word_1_962' title='bbox 1669 2115 1781 2148; x_wconf 85' lang='lat' dir='ltr'>arteria</span> <span class='ocrx_word' id='word_1_963' title='bbox 1804 2114 1864 2156; x_wconf 77' lang='lat' dir='ltr'>sit3</span> <span class='ocrx_word' id='word_1_964' title='bbox 1897 2120 2026 2154; x_wconf 88' lang='lat' dir='ltr'>vinculo</span> <span class='ocrx_word' id='word_1_965' title='bbox 2060 2120 2144 2154; x_wconf 85' lang='lat' dir='ltr'>infra</span> 
     </span>
     <span class='ocr_line' id='line_1_124' title="bbox 1132 2156 2138 2205; baseline 0.007 -14"><span class='ocrx_word' id='word_1_966' title='bbox 1132 2159 1248 2193; x_wconf 77' lang='lat' dir='ltr'>vulnus</span> <span class='ocrx_word' id='word_1_967' title='bbox 1271 2156 1390 2200; x_wconf 73' lang='lat' dir='ltr'>injeeto</span> <span class='ocrx_word' id='word_1_968' title='bbox 1413 2156 1599 2201; x_wconf 82' lang='lat' dir='ltr'>adstringere</span> <span class='ocrx_word' id='word_1_969' title='bbox 1622 2157 1696 2190; x_wconf 90' lang='lat' dir='ltr'>satis</span> <span class='ocrx_word' id='word_1_970' title='bbox 1719 2157 1780 2196; x_wconf 75' lang='lat' dir='ltr'>est,</span> <span class='ocrx_word' id='word_1_971' title='bbox 1808 2169 1842 2193; x_wconf 89' lang='lat' dir='ltr'>ut</span> <span class='ocrx_word' id='word_1_972' title='bbox 1867 2161 1921 2194; x_wconf 90' lang='lat' dir='ltr'>illa</span> <span class='ocrx_word' id='word_1_973' title='bbox 1944 2162 2138 2205; x_wconf 83' lang='lat' dir='ltr'>ostendunt,</span> 
     </span>
     <span class='ocr_line' id='line_1_125' title="bbox 1133 2200 2143 2251; baseline 0.006 -16"><span class='ocrx_word' id='word_1_974' title='bbox 1133 2214 1203 2246; x_wconf 80' lang='lat' dir='ltr'>quae</span> <span class='ocrx_word' id='word_1_975' title='bbox 1214 2200 1310 2234; x_wconf 90' lang='lat' dir='ltr'>modo</span> <span class='ocrx_word' id='word_1_976' title='bbox 1320 2203 1623 2241; x_wconf 83' lang='lat' dir='ltr'>commemorabam,</span> <span class='ocrx_word' id='word_1_977' title='bbox 1632 2203 1865 2244; x_wconf 82' lang='lat' dir='ltr'>experimenta,·</span> <span class='ocrx_word' id='word_1_978' title='bbox 1875 2204 1923 2237; x_wconf 89' lang='lat' dir='ltr'>sed</span> <span class='ocrx_word' id='word_1_979' title='bbox 1939 2207 2041 2240; x_wconf 89' lang='lat' dir='ltr'>altero</span> <span class='ocrx_word' id='word_1_980' title='bbox 2053 2212 2143 2251; x_wconf 87' lang='lat' dir='ltr'>supra</span> 
     </span>
     <span class='ocr_line' id='line_1_126' title="bbox 1133 2244 2143 2287; baseline 0.007 -10"><span class='ocrx_word' id='word_1_981' title='bbox 1133 2246 1246 2279; x_wconf 87' lang='lat' dir='ltr'>vulnus</span> <span class='ocrx_word' id='word_1_982' title='bbox 1269 2255 1349 2286; x_wconf 86' lang='lat' dir='ltr'>opus</span> <span class='ocrx_word' id='word_1_983' title='bbox 1372 2244 1435 2277; x_wconf 86' lang='lat' dir='ltr'>est.</span> <span class='ocrx_word' id='word_1_984' title='bbox 1457 2245 1572 2287; x_wconf 85' lang='lat' dir='ltr'>Neque</span> <span class='ocrx_word' id='word_1_985' title='bbox 1595 2254 1630 2278; x_wconf 91' lang='lat' dir='ltr'>ut</span> <span class='ocrx_word' id='word_1_986' title='bbox 1654 2245 1689 2277; x_wconf 79' lang='lat' dir='ltr'>in</span> <span class='ocrx_word' id='word_1_987' title='bbox 1712 2248 1864 2285; x_wconf 82' lang='lat' dir='ltr'>artubus,</span> <span class='ocrx_word' id='word_1_988' title='bbox 1887 2249 1930 2281; x_wconf 85' lang='lat' dir='ltr'>ita</span> <span class='ocrx_word' id='word_1_989' title='bbox 1946 2251 1978 2283; x_wconf 88' lang='lat' dir='ltr'>in</span> <span class='ocrx_word' id='word_1_990' title='bbox 2003 2251 2086 2284; x_wconf 84' lang='lat' dir='ltr'>collo</span> <span class='ocrx_word' id='word_1_991' title='bbox 2100 2252 2143 2286; x_wconf 75' lang='lat' dir='ltr'>est</span> 
     </span>
     <span class='ocr_line' id='line_1_127' title="bbox 1132 2287 2141 2331; baseline 0.006 -9"><span class='ocrx_word' id='word_1_992' title='bbox 1132 2290 1184 2322; x_wconf 84' lang='lat' dir='ltr'>illi</span> <span class='ocrx_word' id='word_1_993' title='bbox 1207 2287 1427 2329; x_wconf 75' lang='lat' dir='ltr'>compi-effioni</span> <span class='ocrx_word' id='word_1_994' title='bbox 1449 2288 1562 2328; x_wconf 85' lang='lat' dir='ltr'>locus,</span> <span class='ocrx_word' id='word_1_995' title='bbox 1585 2299 1655 2330; x_wconf 86' lang='lat' dir='ltr'>quae</span> <span class='ocrx_word' id='word_1_996' title='bbox 1679 2299 1733 2330; x_wconf 83' lang='lat' dir='ltr'>per</span> <span class='ocrx_word' id='word_1_997' title='bbox 1756 2287 1885 2323; x_wconf 81' lang='lat' dir='ltr'>fasciam</span> <span class='ocrx_word' id='word_1_998' title='bbox 1910 2292 1967 2331; x_wconf 84' lang='lat' dir='ltr'>fit,</span> <span class='ocrx_word' id='word_1_999' title='bbox 2003 2295 2141 2329; x_wconf 72' lang='lat' dir='ltr'>torcular</span> 
     </span>
     <span class='ocr_line' id='line_1_128' title="bbox 1131 2329 2141 2374; baseline 0.007 -10"><span class='ocrx_word' id='word_1_1000' title='bbox 1131 2333 1333 2371; x_wconf 88' lang='lat' dir='ltr'>vocitatam,</span> <span class='ocrx_word' id='word_1_1001' title='bbox 1357 2330 1395 2363; x_wconf 89' lang='lat' dir='ltr'>ad</span> <span class='ocrx_word' id='word_1_1002' title='bbox 1422 2330 1581 2374; x_wconf 72' lang='lat' dir='ltr'>sanguinis</span> <span class='ocrx_word' id='word_1_1003' title='bbox 1603 2329 1664 2364; x_wconf 89' lang='lat' dir='ltr'>sive</span> <span class='ocrx_word' id='word_1_1004' title='bbox 1686 2332 1719 2364; x_wconf 88' lang='lat' dir='ltr'>in</span> <span class='ocrx_word' id='word_1_1005' title='bbox 1753 2333 1958 2374; x_wconf 61' lang='lat' dir='ltr'>constrictam</span> <span class='ocrx_word' id='word_1_1006' title='bbox 1992 2339 2141 2373; x_wconf 84' lang='lat' dir='ltr'>arteriam</span> 
     </span>
     <span class='ocr_line' id='line_1_129' title="bbox 1131 2373 2140 2418; baseline 0.009 -12"><span class='ocrx_word' id='word_1_1007' title='bbox 1131 2377 1291 2418; x_wconf 81' lang='lat' dir='ltr'>impetum</span> <span class='ocrx_word' id='word_1_1008' title='bbox 1314 2373 1544 2415; x_wconf 85' lang='lat' dir='ltr'>minuendum,</span> <span class='ocrx_word' id='word_1_1009' title='bbox 1565 2373 1626 2407; x_wconf 89' lang='lat' dir='ltr'>sive</span> <span class='ocrx_word' id='word_1_1010' title='bbox 1650 2375 1864 2417; x_wconf 89' lang='lat' dir='ltr'>profluvium,</span> <span class='ocrx_word' id='word_1_1011' title='bbox 1900 2379 1976 2415; x_wconf 88' lang='lat' dir='ltr'>dum</span> <span class='ocrx_word' id='word_1_1012' title='bbox 2001 2380 2140 2415; x_wconf 89' lang='lat' dir='ltr'>Chirur-</span> 
     </span>
     <span class='ocr_line' id='line_1_130' title="bbox 1129 2418 2144 2463; baseline 0.007 -11"><span class='ocrx_word' id='word_1_1013' title='bbox 1129 2431 1187 2463; x_wconf 81' lang='lat' dir='ltr'>gus</span> <span class='ocrx_word' id='word_1_1014' title='bbox 1211 2419 1279 2461; x_wconf 82' lang='lat' dir='ltr'>agit</span> <span class='ocrx_word' id='word_1_1015' title='bbox 1301 2442 1310 2458; x_wconf 92' lang='lat'>‚</span> <span class='ocrx_word' id='word_1_1016' title='bbox 1333 2419 1446 2451; x_wconf 82' lang='lat' dir='ltr'>interci</span> <span class='ocrx_word' id='word_1_1017' title='bbox 1473 2418 1599 2453; x_wconf 83' lang='lat' dir='ltr'>iendum</span> <span class='ocrx_word' id='word_1_1018' title='bbox 1623 2441 1631 2449; x_wconf 86' lang='lat'><strong>·</strong></span> <span class='ocrx_word' id='word_1_1019' title='bbox 1666 2419 1825 2455; x_wconf 80' lang='lat' dir='ltr'>Universo</span> <span class='ocrx_word' id='word_1_1020' title='bbox 1846 2423 1930 2456; x_wconf 84' lang='lat' dir='ltr'>enim</span> <span class='ocrx_word' id='word_1_1021' title='bbox 1953 2424 2040 2457; x_wconf 86' lang='lat' dir='ltr'>collo</span> <span class='ocrx_word' id='word_1_1022' title='bbox 2073 2437 2144 2460; x_wconf 83' lang='lat' dir='ltr'>eam-</span> 
     </span>
     <span class='ocr_line' id='line_1_131' title="bbox 1130 2461 2141 2511; baseline 0.006 -15"><span class='ocrx_word' id='word_1_1023' title='bbox 1130 2461 1388 2506; x_wconf 82' lang='lat' dir='ltr'>compressionem</span> <span class='ocrx_word' id='word_1_1024' title='bbox 1412 2461 1447 2495; x_wconf 86' lang='lat' dir='ltr'>ad</span> <span class='ocrx_word' id='word_1_1025' title='bbox 1477 2462 1582 2502; x_wconf 84' lang='lat' dir='ltr'>iberi,</span> <span class='ocrx_word' id='word_1_1026' title='bbox 1604 2470 1674 2494; x_wconf 87' lang='lat' dir='ltr'>tum</span> <span class='ocrx_word' id='word_1_1027' title='bbox 1697 2464 1814 2498; x_wconf 82' lang='lat' dir='ltr'>arteria</span> <span class='ocrx_word' id='word_1_1028' title='bbox 1835 2466 1953 2508; x_wconf 78' lang='lat' dir='ltr'>Aspera</span> <span class='ocrx_word' id='word_1_1029' title='bbox 1977 2468 2141 2511; x_wconf 86' lang='lat' dir='ltr'>prohibet,</span> 
     </span>
     <span class='ocr_line' id='line_1_132' title="bbox 1131 2504 2140 2548; baseline 0.006 -8"><span class='ocrx_word' id='word_1_1030' title='bbox 1131 2517 1200 2540; x_wconf 87' lang='lat' dir='ltr'>tum</span> <span class='ocrx_word' id='word_1_1031' title='bbox 1223 2504 1292 2537; x_wconf 85' lang='lat' dir='ltr'>vasa</span> <span class='ocrx_word' id='word_1_1032' title='bbox 1315 2514 1426 2538; x_wconf 84' lang='lat' dir='ltr'>caetera</span> <span class='ocrx_word' id='word_1_1033' title='bbox 1450 2516 1513 2538; x_wconf 90' lang='lat' dir='ltr'>non</span> <span class='ocrx_word' id='word_1_1034' title='bbox 1536 2505 1662 2544; x_wconf 81' lang='lat' dir='ltr'>sinunt,</span> <span class='ocrx_word' id='word_1_1035' title='bbox 1685 2517 1755 2548; x_wconf 78' lang='lat' dir='ltr'>quae</span> <span class='ocrx_word' id='word_1_1036' title='bbox 1780 2508 1911 2543; x_wconf 87' lang='lat' dir='ltr'>minime</span> <span class='ocrx_word' id='word_1_1037' title='bbox 1945 2510 2016 2544; x_wconf 85' lang='lat' dir='ltr'>sunt</span> <span class='ocrx_word' id='word_1_1038' title='bbox 2048 2524 2140 2546; x_wconf 86' lang='lat' dir='ltr'>com-</span> 
     </span>
     <span class='ocr_line' id='line_1_133' title="bbox 1130 2548 2139 2592; baseline 0.008 -11"><span class='ocrx_word' id='word_1_1039' title='bbox 1130 2548 1319 2592; x_wconf 82' lang='lat' dir='ltr'>primenda.</span> <span class='ocrx_word' id='word_1_1040' title='bbox 1345 2551 1434 2582; x_wconf 87' lang='lat' dir='ltr'>Inter</span> <span class='ocrx_word' id='word_1_1041' title='bbox 1458 2560 1525 2582; x_wconf 89' lang='lat' dir='ltr'>eam</span> <span class='ocrx_word' id='word_1_1042' title='bbox 1547 2557 1655 2582; x_wconf 87' lang='lat' dir='ltr'>autem</span> <span class='ocrx_word' id='word_1_1043' title='bbox 1678 2548 1806 2584; x_wconf 83' lang='lat' dir='ltr'>fasciam</span> <span class='ocrx_word' id='word_1_1044' title='bbox 1829 2575 1840 2592; x_wconf 87' lang='lat'>‚</span> <span class='ocrx_word' id='word_1_1045' title='bbox 1875 2556 1907 2586; x_wconf 72' lang='grc' dir='ltr'>δε</span> <span class='ocrx_word' id='word_1_1046' title='bbox 1938 2564 2037 2588; x_wconf 86' lang='lat' dir='ltr'>certas</span> <span class='ocrx_word' id='word_1_1047' title='bbox 2061 2556 2139 2591; x_wconf 84' lang='lat' dir='ltr'>alias</span> 
     </span>
     <span class='ocr_line' id='line_1_134' title="bbox 1129 2592 2137 2641; baseline 0.008 -16"><span class='ocrx_word' id='word_1_1048' title='bbox 1129 2593 1205 2625; x_wconf 88' lang='lat' dir='ltr'>colli</span> <span class='ocrx_word' id='word_1_1049' title='bbox 1230 2603 1354 2635; x_wconf 87' lang='lat' dir='ltr'>partes,</span> <span class='ocrx_word' id='word_1_1050' title='bbox 1378 2603 1508 2635; x_wconf 84' lang='lat' dir='ltr'>eamque</span> <span class='ocrx_word' id='word_1_1051' title='bbox 1532 2592 1704 2635; x_wconf 71' lang='lat' dir='ltr'>praesertim</span> <span class='ocrx_word' id='word_1_1052' title='bbox 1728 2605 1797 2636; x_wconf 81' lang='lat' dir='ltr'>quae</span> <span class='ocrx_word' id='word_1_1053' title='bbox 1820 2598 2060 2639; x_wconf 84' lang='lat' dir='ltr'>comprimenda</span> <span class='ocrx_word' id='word_1_1054' title='bbox 2071 2600 2137 2641; x_wconf 78' lang='lat' dir='ltr'>est,</span> 
     </span>
     <span class='ocr_line' id='line_1_135' title="bbox 1130 2634 2138 2684; baseline 0.007 -15"><span class='ocrx_word' id='word_1_1055' title='bbox 1130 2634 1185 2669; x_wconf 89' lang='lat' dir='ltr'>etsi</span> <span class='ocrx_word' id='word_1_1056' title='bbox 1210 2636 1371 2681; x_wconf 80' lang='lat' dir='ltr'>excogites</span> <span class='ocrx_word' id='word_1_1057' title='bbox 1394 2647 1464 2678; x_wconf 85' lang='lat' dir='ltr'>quae</span> <span class='ocrx_word' id='word_1_1058' title='bbox 1486 2635 1526 2669; x_wconf 84' lang='lat' dir='ltr'>sic</span> <span class='ocrx_word' id='word_1_1059' title='bbox 1541 2634 1738 2678; x_wconf 83' lang='lat' dir='ltr'>interjicias,</span> <span class='ocrx_word' id='word_1_1060' title='bbox 1762 2647 1797 2672; x_wconf 87' lang='lat' dir='ltr'>ut</span> <span class='ocrx_word' id='word_1_1061' title='bbox 1822 2638 1935 2674; x_wconf 82' lang='lat' dir='ltr'>horum</span> <span class='ocrx_word' id='word_1_1062' title='bbox 1949 2644 2138 2684; x_wconf 81' lang='lat' dir='ltr'>prominen-</span> 
     </span>
     <span class='ocr_line' id='line_1_136' title="bbox 1129 2678 2135 2727; baseline 0.004 -15"><span class='ocrx_word' id='word_1_1063' title='bbox 1129 2681 1177 2712; x_wconf 86' lang='lat' dir='ltr'>tia</span> <span class='ocrx_word' id='word_1_1064' title='bbox 1200 2678 1329 2712; x_wconf 87' lang='lat' dir='ltr'>fasciam</span> <span class='ocrx_word' id='word_1_1065' title='bbox 1354 2679 1391 2712; x_wconf 90' lang='lat' dir='ltr'>ab</span> <span class='ocrx_word' id='word_1_1066' title='bbox 1415 2680 1455 2712; x_wconf 86' lang='lat' dir='ltr'>iis</span> <span class='ocrx_word' id='word_1_1067' title='bbox 1479 2680 1558 2713; x_wconf 91' lang='lat' dir='ltr'>locis</span> <span class='ocrx_word' id='word_1_1068' title='bbox 1581 2689 1681 2717; x_wconf 82' lang='lat' dir='ltr'>arceat</span> <span class='ocrx_word' id='word_1_1069' title='bbox 1704 2692 1776 2723; x_wconf 87' lang='lat' dir='ltr'>quae</span> <span class='ocrx_word' id='word_1_1070' title='bbox 1800 2684 1933 2718; x_wconf 84' lang='lat' dir='ltr'>minime</span> <span class='ocrx_word' id='word_1_1071' title='bbox 1967 2686 2135 2727; x_wconf 68' lang='lat' dir='ltr'>premenda</span> 
     </span>
     <span class='ocr_line' id='line_1_137' title="bbox 1129 2723 2135 2766; baseline 0.004 -10"><span class='ocrx_word' id='word_1_1072' title='bbox 1129 2723 1200 2757; x_wconf 85' lang='lat' dir='ltr'>sunt</span> <span class='ocrx_word' id='word_1_1073' title='bbox 1216 2745 1225 2760; x_wconf 90' lang='lat'>‚</span> <span class='ocrx_word' id='word_1_1074' title='bbox 1249 2732 1355 2755; x_wconf 83' lang='lat' dir='ltr'>tamen</span> <span class='ocrx_word' id='word_1_1075' title='bbox 1377 2724 1404 2756; x_wconf 86' lang='lat' dir='ltr'>is</span> <span class='ocrx_word' id='word_1_1076' title='bbox 1426 2724 1483 2766; x_wconf 90' lang='lat' dir='ltr'>qui</span> <span class='ocrx_word' id='word_1_1077' title='bbox 1506 2723 1642 2756; x_wconf 83' lang='lat' dir='ltr'>maxime</span> <span class='ocrx_word' id='word_1_1078' title='bbox 1665 2723 1851 2765; x_wconf 85' lang='lat' dir='ltr'>premendus</span> <span class='ocrx_word' id='word_1_1079' title='bbox 1863 2727 1923 2763; x_wconf 87' lang='lat' dir='ltr'>est,</span> <span class='ocrx_word' id='word_1_1080' title='bbox 1968 2740 2078 2762; x_wconf 87' lang='lat' dir='ltr'>uanam</span> <span class='ocrx_word' id='word_1_1081' title='bbox 2090 2742 2135 2764; x_wconf 79' lang='lat' dir='ltr'>ra..</span> 
     </span>
     <span class='ocr_line' id='line_1_138' title="bbox 1125 2765 2134 2816; baseline 0.008 -18"><span class='ocrx_word' id='word_1_1082' title='bbox 1125 2768 1213 2799; x_wconf 84' lang='lat' dir='ltr'>tione</span> <span class='ocrx_word' id='word_1_1083' title='bbox 1238 2767 1337 2808; x_wconf 84' lang='lat' dir='ltr'>premi</span> <span class='ocrx_word' id='word_1_1084' title='bbox 1359 2768 1480 2809; x_wconf 85' lang='lat' dir='ltr'>poterit</span> <span class='ocrx_word' id='word_1_1085' title='bbox 1504 2768 1581 2808; x_wconf 88' lang='lat' dir='ltr'>quin</span> <span class='ocrx_word' id='word_1_1086' title='bbox 1609 2765 1698 2799; x_wconf 85' lang='lat' dir='ltr'>simul</span> <span class='ocrx_word' id='word_1_1087' title='bbox 1723 2777 1794 2801; x_wconf 87' lang='lat' dir='ltr'>cum</span> <span class='ocrx_word' id='word_1_1088' title='bbox 1818 2781 1940 2810; x_wconf 85' lang='lat' dir='ltr'>premen</span> <span class='ocrx_word' id='word_1_1089' title='bbox 1967 2783 1982 2803; x_wconf 87' lang='lat' dir='ltr'>a</span> <span class='ocrx_word' id='word_1_1090' title='bbox 2006 2775 2134 2816; x_wconf 85' lang='lat' dir='ltr'>arteria,</span> 
     </span>
     <span class='ocr_line' id='line_1_139' title="bbox 1124 2808 2133 2853; baseline 0.005 -12"><span class='ocrx_word' id='word_1_1091' title='bbox 1124 2820 1201 2842; x_wconf 79' lang='lat' dir='ltr'>vena</span> <span class='ocrx_word' id='word_1_1092' title='bbox 1223 2820 1372 2852; x_wconf 86' lang='lat' dir='ltr'>quoque,</span> <span class='ocrx_word' id='word_1_1093' title='bbox 1395 2812 1427 2842; x_wconf 68' lang='grc' dir='ltr'>δε</span> <span class='ocrx_word' id='word_1_1094' title='bbox 1451 2811 1538 2842; x_wconf 87' lang='lat' dir='ltr'>nervi</span> <span class='ocrx_word' id='word_1_1095' title='bbox 1562 2819 1640 2851; x_wconf 83' lang='lat' dir='ltr'>quos</span> <span class='ocrx_word' id='word_1_1096' title='bbox 1663 2820 1722 2842; x_wconf 91' lang='lat' dir='ltr'>una</span> <span class='ocrx_word' id='word_1_1097' title='bbox 1735 2808 1813 2844; x_wconf 89' lang='lat' dir='ltr'>ferri</span> <span class='ocrx_word' id='word_1_1098' title='bbox 1828 2834 1835 2846; x_wconf 84' lang='lat'>,</span> <span class='ocrx_word' id='word_1_1099' title='bbox 1859 2813 2017 2853; x_wconf 84' lang='lat' dir='ltr'>diximus,</span> <span class='ocrx_word' id='word_1_1100' title='bbox 2043 2828 2133 2850; x_wconf 67' lang='lat' dir='ltr'>com-</span> 
     </span>
     <span class='ocr_line' id='line_1_140' title="bbox 1125 2851 2134 2895; baseline 0.005 -10"><span class='ocrx_word' id='word_1_1101' title='bbox 1125 2851 1329 2895; x_wconf 85' lang='lat' dir='ltr'>primantur?</span> <span class='ocrx_word' id='word_1_1102' title='bbox 1352 2855 1466 2894; x_wconf 90' lang='lat' dir='ltr'>ltaque</span> <span class='ocrx_word' id='word_1_1103' title='bbox 1489 2864 1526 2885; x_wconf 76' lang='lat' dir='ltr'>tx</span> <span class='ocrx_word' id='word_1_1104' title='bbox 1549 2851 1599 2885; x_wconf 88' lang='lat' dir='ltr'>his</span> <span class='ocrx_word' id='word_1_1105' title='bbox 1622 2852 1779 2895; x_wconf 83' lang='lat' dir='ltr'>intelligis</span> <span class='ocrx_word' id='word_1_1106' title='bbox 1803 2854 1955 2890; x_wconf 87' lang='lat' dir='ltr'>summam</span> <span class='ocrx_word' id='word_1_1107' title='bbox 1980 2860 2024 2891; x_wconf 88' lang='lat' dir='ltr'>rei</span> <span class='ocrx_word' id='word_1_1108' title='bbox 2047 2859 2134 2894; x_wconf 75' lang='lat' dir='ltr'>diffi-</span> 
     </span>
     <span class='ocr_line' id='line_1_141' title="bbox 1124 2894 2132 2943; baseline 0.004 -15"><span class='ocrx_word' id='word_1_1109' title='bbox 1124 2896 1296 2929; x_wconf 84' lang='lat' dir='ltr'>cultatem.</span> <span class='ocrx_word' id='word_1_1110' title='bbox 1320 2896 1371 2928; x_wconf 84' lang='lat' dir='ltr'>Ex</span> <span class='ocrx_word' id='word_1_1111' title='bbox 1394 2894 1610 2937; x_wconf 87' lang='lat' dir='ltr'>superioribus</span> <span class='ocrx_word' id='word_1_1112' title='bbox 1625 2905 1728 2929; x_wconf 83' lang='lat' dir='ltr'>autem</span> <span class='ocrx_word' id='word_1_1113' title='bbox 1751 2895 1826 2930; x_wconf 85' lang='lat' dir='ltr'>satis</span> <span class='ocrx_word' id='word_1_1114' title='bbox 1838 2899 2002 2943; x_wconf 87' lang='lat' dir='ltr'>perspicis,</span> <span class='ocrx_word' id='word_1_1115' title='bbox 2029 2901 2132 2937; x_wconf 81' lang='lat' dir='ltr'>sidif.</span> 
     </span>
     <span class='ocr_line' id='line_1_142' title="bbox 1128 2938 2129 2987; baseline 0.005 -15"><span class='ocrx_word' id='word_1_1116' title='bbox 1128 2939 1211 2972; x_wconf 79' lang='lat' dir='ltr'>sicile</span> <span class='ocrx_word' id='word_1_1117' title='bbox 1236 2938 1278 2971; x_wconf 88' lang='lat' dir='ltr'>est</span> <span class='ocrx_word' id='word_1_1118' title='bbox 1300 2946 1449 2972; x_wconf 87' lang='lat' dir='ltr'>truncum</span> <span class='ocrx_word' id='word_1_1119' title='bbox 1473 2939 1611 2982; x_wconf 85' lang='lat' dir='ltr'>aliquem</span> <span class='ocrx_word' id='word_1_1120' title='bbox 1634 2939 1680 2971; x_wconf 86' lang='lat' dir='ltr'>ita</span> <span class='ocrx_word' id='word_1_1121' title='bbox 1713 2939 1834 2973; x_wconf 90' lang='lat' dir='ltr'>vincire</span> <span class='ocrx_word' id='word_1_1122' title='bbox 1856 2965 1869 2983; x_wconf 85' lang='lat'>,</span> <span class='ocrx_word' id='word_1_1123' title='bbox 1901 2954 1938 2977; x_wconf 86' lang='lat' dir='ltr'>ne</span> <span class='ocrx_word' id='word_1_1124' title='bbox 1972 2947 2129 2987; x_wconf 62' lang='lat' dir='ltr'>proximae</span> 
     </span>
     <span class='ocr_line' id='line_1_143' title="bbox 1130 2982 2130 3031; baseline 0.008 -16"><span class='ocrx_word' id='word_1_1125' title='bbox 1130 2983 1221 3016; x_wconf 81' lang='lat' dir='ltr'>alteri</span> <span class='ocrx_word' id='word_1_1126' title='bbox 1247 2982 1330 3024; x_wconf 86' lang='lat' dir='ltr'>parti</span> <span class='ocrx_word' id='word_1_1127' title='bbox 1353 2992 1491 3022; x_wconf 86' lang='lat' dir='ltr'>noceas,</span> <span class='ocrx_word' id='word_1_1128' title='bbox 1523 2982 1600 3016; x_wconf 87' lang='lat' dir='ltr'>dum</span> <span class='ocrx_word' id='word_1_1129' title='bbox 1623 2982 1657 3014; x_wconf 89' lang='lat' dir='ltr'>in</span> <span class='ocrx_word' id='word_1_1130' title='bbox 1687 2983 1849 3024; x_wconf 83' lang='lat' dir='ltr'>profundo</span> <span class='ocrx_word' id='word_1_1131' title='bbox 1872 3009 1881 3024; x_wconf 89' lang='lat'><em>‚</em></span> <span class='ocrx_word' id='word_1_1132' title='bbox 1915 2991 1946 3020; x_wconf 89' lang='lat'><strong>&amp;</strong></span> <span class='ocrx_word' id='word_1_1133' title='bbox 1982 2988 2130 3031; x_wconf 79' lang='lat' dir='ltr'>sanguine</span> 
     </span>
     <span class='ocr_line' id='line_1_144' title="bbox 1124 3025 2130 3075; baseline 0.008 -17"><span class='ocrx_word' id='word_1_1134' title='bbox 1124 3027 1259 3061; x_wconf 84' lang='lat' dir='ltr'>scatente</span> <span class='ocrx_word' id='word_1_1135' title='bbox 1283 3026 1354 3057; x_wconf 90' lang='lat' dir='ltr'>loco</span> <span class='ocrx_word' id='word_1_1136' title='bbox 1378 3036 1424 3058; x_wconf 84' lang='lat' dir='ltr'>res</span> <span class='ocrx_word' id='word_1_1137' title='bbox 1448 3026 1554 3066; x_wconf 79' lang='lat' dir='ltr'>agitur</span> <span class='ocrx_word' id='word_1_1138' title='bbox 1578 3039 1586 3062; x_wconf 83' lang='lat'><em>3</em></span> <span class='ocrx_word' id='word_1_1139' title='bbox 1621 3025 1694 3060; x_wconf 84' lang='lat' dir='ltr'>satis</span> <span class='ocrx_word' id='word_1_1140' title='bbox 1717 3049 1733 3066; x_wconf 74' lang='grc'>,</span> <span class='ocrx_word' id='word_1_1141' title='bbox 1751 3028 1881 3070; x_wconf 86' lang='lat' dir='ltr'>inquam</span> <span class='ocrx_word' id='word_1_1142' title='bbox 1905 3054 1915 3067; x_wconf 86' lang='lat'>,</span> <span class='ocrx_word' id='word_1_1143' title='bbox 1942 3027 2096 3075; x_wconf 86' lang='lat' dir='ltr'>perspicis</span> <span class='ocrx_word' id='word_1_1144' title='bbox 2114 3057 2130 3074; x_wconf 79' lang='lat'>‚</span> 
     </span>
     <span class='ocr_line' id='line_1_145' title="bbox 1123 3067 2127 3115; baseline 0.011 -15"><span class='ocrx_word' id='word_1_1145' title='bbox 1123 3078 1244 3113; x_wconf 83' lang='lat' dir='ltr'>quanto</span> <span class='ocrx_word' id='word_1_1146' title='bbox 1267 3067 1432 3102; x_wconf 84' lang='lat' dir='ltr'>difficilius</span> <span class='ocrx_word' id='word_1_1147' title='bbox 1454 3068 1491 3101; x_wconf 88' lang='lat' dir='ltr'>sit</span> <span class='ocrx_word' id='word_1_1148' title='bbox 1515 3080 1638 3103; x_wconf 88' lang='lat' dir='ltr'>ramum</span> <span class='ocrx_word' id='word_1_1149' title='bbox 1661 3069 1798 3112; x_wconf 85' lang='lat' dir='ltr'>aliquem</span> <span class='ocrx_word' id='word_1_1150' title='bbox 1822 3074 2127 3115; x_wconf 82' lang='lat' dir='ltr'>proximumfineeo</span> 
     </span>
     <span class='ocr_line' id='line_1_146' title="bbox 1124 3111 2126 3156; baseline 0.008 -11"><span class='ocrx_word' id='word_1_1151' title='bbox 1124 3111 1266 3156; x_wconf 86' lang='lat' dir='ltr'>periculo</span> <span class='ocrx_word' id='word_1_1152' title='bbox 1288 3111 1427 3154; x_wconf 80' lang='lat' dir='ltr'>deligare</span> <span class='ocrx_word' id='word_1_1153' title='bbox 1450 3133 1461 3149; x_wconf 88' lang='lat'>‚</span> <span class='ocrx_word' id='word_1_1154' title='bbox 1492 3123 1564 3145; x_wconf 88' lang='lat' dir='ltr'>cum</span> <span class='ocrx_word' id='word_1_1155' title='bbox 1587 3112 1624 3145; x_wconf 87' lang='lat' dir='ltr'>ad</span> <span class='ocrx_word' id='word_1_1156' title='bbox 1648 3112 1717 3146; x_wconf 83' lang='lat' dir='ltr'>illas</span> <span class='ocrx_word' id='word_1_1157' title='bbox 1748 3114 1951 3151; x_wconf 84' lang='lat' dir='ltr'>difficultates</span> <span class='ocrx_word' id='word_1_1158' title='bbox 1986 3120 2126 3155; x_wconf 79' lang='lat' dir='ltr'>tenuitas</span> 
     </span>
     <span class='ocr_line' id='line_1_147' title="bbox 1123 3154 2126 3203; baseline 0.008 -15"><span class='ocrx_word' id='word_1_1159' title='bbox 1123 3165 1252 3199; x_wconf 84' lang='lat' dir='ltr'>quoque</span> <span class='ocrx_word' id='word_1_1160' title='bbox 1274 3155 1419 3193; x_wconf 86' lang='lat' dir='ltr'>accedat,</span> <span class='ocrx_word' id='word_1_1161' title='bbox 1440 3167 1535 3197; x_wconf 85' lang='lat' dir='ltr'>quae,</span> <span class='ocrx_word' id='word_1_1162' title='bbox 1557 3154 1579 3188; x_wconf 88' lang='lat' dir='ltr'>si</span> <span class='ocrx_word' id='word_1_1163' title='bbox 1604 3155 1685 3189; x_wconf 80' lang='lat' dir='ltr'>nihil</span> <span class='ocrx_word' id='word_1_1164' title='bbox 1711 3156 1914 3195; x_wconf 70' lang='lat' dir='ltr'>a&#39;liud,certe</span> <span class='ocrx_word' id='word_1_1165' title='bbox 1928 3161 2126 3203; x_wconf 83' lang='lat' dir='ltr'>pervidendi,</span> 
     </span>
     <span class='ocr_line' id='line_1_148' title="bbox 1146 3199 2125 3241; baseline 0.007 -11"><span class='ocrx_word' id='word_1_1166' title='bbox 1146 3200 1194 3233; x_wconf 84' lang='lat' dir='ltr'>uis</span> <span class='ocrx_word' id='word_1_1167' title='bbox 1218 3199 1255 3230; x_wconf 89' lang='lat' dir='ltr'>de</span> <span class='ocrx_word' id='word_1_1168' title='bbox 1278 3200 1376 3231; x_wconf 88' lang='lat' dir='ltr'>ramis</span> <span class='ocrx_word' id='word_1_1169' title='bbox 1397 3199 1512 3232; x_wconf 86' lang='lat' dir='ltr'>vicinis</span> <span class='ocrx_word' id='word_1_1170' title='bbox 1536 3199 1679 3241; x_wconf 81' lang='lat' dir='ltr'>pluribus</span> <span class='ocrx_word' id='word_1_1171' title='bbox 1700 3199 1856 3235; x_wconf 83' lang='lat' dir='ltr'>sauciatus</span> <span class='ocrx_word' id='word_1_1172' title='bbox 1877 3202 1916 3236; x_wconf 85' lang='lat' dir='ltr'>sit</span> <span class='ocrx_word' id='word_1_1173' title='bbox 1937 3225 1945 3239; x_wconf 89' lang='lat'>,</span> <span class='ocrx_word' id='word_1_1174' title='bbox 1981 3213 2034 3238; x_wconf 86' lang='lat' dir='ltr'>aut</span> <span class='ocrx_word' id='word_1_1175' title='bbox 2067 3205 2125 3240; x_wconf 84' lang='lat' dir='ltr'>ubi</span> 
     </span>
     <span class='ocr_line' id='line_1_149' title="bbox 1121 3211 2124 3287; baseline 0.005 -12"><span class='ocrx_word' id='word_1_1176' title='bbox 1121 3211 1299 3279; x_wconf 61' lang='lat' dir='ltr'>sitiremus,</span> <span class='ocrx_word' id='word_1_1177' title='bbox 1322 3241 1506 3275; x_wconf 84' lang='lat' dir='ltr'>facultatem</span> <span class='ocrx_word' id='word_1_1178' title='bbox 1528 3243 1705 3284; x_wconf 85' lang='lat' dir='ltr'>plurimum</span> <span class='ocrx_word' id='word_1_1179' title='bbox 1725 3245 1862 3278; x_wconf 88' lang='lat' dir='ltr'>minuit.</span> <span class='ocrx_word' id='word_1_1180' title='bbox 1897 3247 1980 3287; x_wconf 82' lang='lat' dir='ltr'>Qae</span> <span class='ocrx_word' id='word_1_1181' title='bbox 2013 3250 2124 3284; x_wconf 66' lang='lat' dir='ltr'>omnia</span> 
     </span>
     <span class='ocr_line' id='line_1_150' title="bbox 1119 3283 2125 3326; baseline 0.007 -8"><span class='ocrx_word' id='word_1_1182' title='bbox 1119 3283 1174 3318; x_wconf 89' lang='lat' dir='ltr'>etsi</span> <span class='ocrx_word' id='word_1_1183' title='bbox 1198 3286 1247 3318; x_wconf 83' lang='lat' dir='ltr'>uti</span> <span class='ocrx_word' id='word_1_1184' title='bbox 1269 3285 1360 3325; x_wconf 83' lang='lat' dir='ltr'>dixi,</span> <span class='ocrx_word' id='word_1_1185' title='bbox 1381 3287 1424 3317; x_wconf 90' lang='lat' dir='ltr'>ita</span> <span class='ocrx_word' id='word_1_1186' title='bbox 1448 3283 1505 3318; x_wconf 92' lang='lat' dir='ltr'>esse</span> <span class='ocrx_word' id='word_1_1187' title='bbox 1526 3284 1635 3318; x_wconf 85' lang='lat' dir='ltr'>debere</span> <span class='ocrx_word' id='word_1_1188' title='bbox 1657 3284 1848 3326; x_wconf 83' lang='lat' dir='ltr'>videantur;</span> <span class='ocrx_word' id='word_1_1189' title='bbox 1871 3297 1975 3322; x_wconf 84' lang='lat' dir='ltr'>tamen</span> <span class='ocrx_word' id='word_1_1190' title='bbox 1999 3288 2084 3325; x_wconf 88' lang='lat' dir='ltr'>haud</span> <span class='ocrx_word' id='word_1_1191' title='bbox 2094 3294 2125 3325; x_wconf 85' lang='lat' dir='ltr'>i-</span> 
     </span>
     <span class='ocr_line' id='line_1_151' title="bbox 1117 3326 2126 3375; baseline 0.005 -14"><span class='ocrx_word' id='word_1_1192' title='bbox 1117 3339 1250 3371; x_wconf 81' lang='lat' dir='ltr'>gnarus,</span> <span class='ocrx_word' id='word_1_1193' title='bbox 1272 3339 1495 3370; x_wconf 85' lang='lat' dir='ltr'>nonnunquam</span> <span class='ocrx_word' id='word_1_1194' title='bbox 1523 3327 1684 3362; x_wconf 88' lang='lat' dir='ltr'>succedere</span> <span class='ocrx_word' id='word_1_1195' title='bbox 1717 3328 1804 3372; x_wconf 87' lang='lat' dir='ltr'>posse</span> <span class='ocrx_word' id='word_1_1196' title='bbox 1826 3342 1895 3373; x_wconf 84' lang='lat' dir='ltr'>quae</span> <span class='ocrx_word' id='word_1_1197' title='bbox 1920 3334 2038 3375; x_wconf 86' lang='lat' dir='ltr'>sperare</span> <span class='ocrx_word' id='word_1_1198' title='bbox 2060 3326 2126 3369; x_wconf 66' lang='lat' dir='ltr'>rui-3</span> 
     </span>
     <span class='ocr_line' id='line_1_152' title="bbox 1118 3370 2122 3417; baseline 0.005 -13"><span class='ocrx_word' id='word_1_1199' title='bbox 1118 3382 1175 3405; x_wconf 86' lang='lat' dir='ltr'>nus</span> <span class='ocrx_word' id='word_1_1200' title='bbox 1199 3370 1345 3410; x_wconf 79' lang='lat' dir='ltr'>audere53</span> <span class='ocrx_word' id='word_1_1201' title='bbox 1368 3371 1490 3404; x_wconf 87' lang='lat' dir='ltr'>idcirco</span> <span class='ocrx_word' id='word_1_1202' title='bbox 1512 3370 1741 3413; x_wconf 86' lang='lat' dir='ltr'>responsionem</span> <span class='ocrx_word' id='word_1_1203' title='bbox 1769 3383 1868 3407; x_wconf 83' lang='lat' dir='ltr'>meam</span> <span class='ocrx_word' id='word_1_1204' title='bbox 1890 3377 2062 3417; x_wconf 83' lang='lat' dir='ltr'>contraxi,</span> <span class='ocrx_word' id='word_1_1205' title='bbox 2083 3389 2122 3416; x_wconf 74' lang='lat' dir='ltr'>ut</span> 
     </span>
     <span class='ocr_line' id='line_1_153' title="bbox 1117 3412 2120 3457; baseline 0.007 -10"><span class='ocrx_word' id='word_1_1206' title='bbox 1117 3413 1203 3448; x_wconf 83' lang='lat' dir='ltr'>nulla</span> <span class='ocrx_word' id='word_1_1207' title='bbox 1218 3412 1322 3457; x_wconf 81' lang='lat' dir='ltr'>ferme</span> <span class='ocrx_word' id='word_1_1208' title='bbox 1344 3422 1412 3448; x_wconf 85' lang='lat' dir='ltr'>arte</span> <span class='ocrx_word' id='word_1_1209' title='bbox 1434 3424 1500 3447; x_wconf 89' lang='lat' dir='ltr'>rem</span> <span class='ocrx_word' id='word_1_1210' title='bbox 1521 3414 1671 3457; x_wconf 88' lang='lat' dir='ltr'>consequi</span> <span class='ocrx_word' id='word_1_1211' title='bbox 1694 3415 1786 3448; x_wconf 88' lang='lat' dir='ltr'>licere</span> <span class='ocrx_word' id='word_1_1212' title='bbox 1802 3438 1814 3455; x_wconf 89' lang='lat'><em>‚</em></span> <span class='ocrx_word' id='word_1_1213' title='bbox 1851 3416 2008 3452; x_wconf 87' lang='lat' dir='ltr'>dicerem.</span> <span class='ocrx_word' id='word_1_1214' title='bbox 2045 3421 2120 3457; x_wconf 85' lang='lat' dir='ltr'>Nec</span> 
     </span>
     <span class='ocr_line' id='line_1_154' title="bbox 1117 3455 2119 3503; baseline 0.006 -13"><span class='ocrx_word' id='word_1_1215' title='bbox 1117 3468 1167 3490; x_wconf 90' lang='lat' dir='ltr'>me</span> <span class='ocrx_word' id='word_1_1216' title='bbox 1190 3459 1234 3489; x_wconf 87' lang='lat' dir='ltr'>ita</span> <span class='ocrx_word' id='word_1_1217' title='bbox 1259 3455 1447 3500; x_wconf 84' lang='lat' dir='ltr'>respondisse</span> <span class='ocrx_word' id='word_1_1218' title='bbox 1470 3458 1646 3500; x_wconf 83' lang='lat' dir='ltr'>poenituit,</span> <span class='ocrx_word' id='word_1_1219' title='bbox 1676 3460 1795 3492; x_wconf 88' lang='lat' dir='ltr'>cumin</span> <span class='ocrx_word' id='word_1_1220' title='bbox 1807 3462 2003 3495; x_wconf 84' lang='lat' dir='ltr'>curationem</span> <span class='ocrx_word' id='word_1_1221' title='bbox 2016 3464 2119 3503; x_wconf 70' lang='lat' dir='ltr'>postea</span> 
     </span>
     <span class='ocr_line' id='line_1_155' title="bbox 1116 3499 2119 3579; baseline 0.006 -46"><span class='ocrx_word' id='word_1_1222' title='bbox 1116 3499 1218 3533; x_wconf 87' lang='lat' dir='ltr'>incidi</span> <span class='ocrx_word' id='word_1_1223' title='bbox 1250 3501 1392 3535; x_wconf 84' lang='lat' dir='ltr'>vulneris</span> <span class='ocrx_word' id='word_1_1224' title='bbox 1420 3523 1435 3541; x_wconf 85' lang='lat'>‚</span> <span class='ocrx_word' id='word_1_1225' title='bbox 1472 3500 1621 3545; x_wconf 81' lang='lat' dir='ltr'>Jugulari</span> <span class='ocrx_word' id='word_1_1226' title='bbox 1651 3501 1797 3579; x_wconf 55' lang='lat' dir='ltr'>l{internae</span> <span class='ocrx_word' id='word_1_1227' title='bbox 1828 3513 1912 3538; x_wconf 85' lang='lat' dir='ltr'>venae</span> <span class='ocrx_word' id='word_1_1228' title='bbox 1951 3504 2072 3540; x_wconf 76' lang='lat' dir='ltr'>inflieti</span> <span class='ocrx_word' id='word_1_1229' title='bbox 2104 3519 2119 3550; x_wconf 60' lang='lat'>‚¹</span> 
     </span>
    </p>

    <p class='ocr_par' dir='ltr' id='par_1_19' title="bbox 1684 3546 2118 3586">
     <span class='ocr_line' id='line_1_156' title="bbox 1684 3546 2118 3586; baseline 0.014 -8"><span class='ocrx_word' id='word_1_1230' title='bbox 1684 3557 1724 3586; x_wconf 22' lang='lat' dir='ltr'>,r</span> <span class='ocrx_word' id='word_1_1231' title='bbox 1768 3555 1786 3578; x_wconf 86' lang='lat'>2</span> <span class='ocrx_word' id='word_1_1232' title='bbox 1962 3559 1980 3582; x_wconf 86' lang='lat' dir='ltr'>a</span> <span class='ocrx_word' id='word_1_1233' title='bbox 2000 3549 2073 3585; x_wconf 85' lang='lat' dir='ltr'>Cel.</span> <span class='ocrx_word' id='word_1_1234' title='bbox 2114 3546 2118 3553; x_wconf 91' lang='grc'><strong><em>’</em></strong></span> 
     </span>
    </p>
   </div>
   <div class='ocr_carea' id='block_1_9' title="bbox 77 3624 2104 3655">
    <p class='ocr_par' dir='ltr' id='par_1_20' title="bbox 77 3624 2104 3655">
     <span class='ocr_line' id='line_1_157' title="bbox 77 3624 2104 3655; baseline -0.006 5"><span class='ocrx_word' id='word_1_1235' title='bbox 77 3624 2104 3655; x_wconf 47' lang='lat' dir='ltr'>ffl-mmmmm</span> 
     </span>
    </p>
   </div>
   <div class='ocr_carea' id='block_1_10' title="bbox 165 3710 512 3744">
    <p class='ocr_par' dir='ltr' id='par_1_21' title="bbox 165 3710 512 3744">
     <span class='ocr_line' id='line_1_158' title="bbox 165 3710 512 3744; baseline -0.003 -9"><span class='ocrx_word' id='word_1_1236' title='bbox 165 3712 238 3743; x_wconf 69' lang='lat' dir='ltr'>Epist.</span> <span class='ocrx_word' id='word_1_1237' title='bbox 255 3717 291 3739; x_wconf 77' lang='grc' dir='ltr'>ςι-</span> <span class='ocrx_word' id='word_1_1238' title='bbox 307 3719 334 3735; x_wconf 83' lang='lat' dir='ltr'>n.</span> <span class='ocrx_word' id='word_1_1239' title='bbox 350 3717 390 3736; x_wconf 77' lang='lat'>21.</span> <span class='ocrx_word' id='word_1_1240' title='bbox 405 3710 512 3744; x_wconf 58' lang='lat' dir='ltr'>&amp;fiss-</span> 
     </span>
    </p>
   </div>
   <div class='ocr_carea' id='block_1_11' title="bbox 80 3712 806 3805">
    <p class='ocr_par' dir='ltr' id='par_1_22' title="bbox 80 3712 806 3805">
     <span class='ocr_line' id='line_1_159' title="bbox 80 3712 806 3805; baseline 0.003 -8"><span class='ocrx_word' id='word_1_1241' title='bbox 80 3712 150 3805; x_wconf 64' lang='lat' dir='ltr'>{sl</span> <span class='ocrx_word' id='word_1_1242' title='bbox 162 3744 331 3800; x_wconf 51' lang='lat' dir='ltr'>{taatr-</span> <span class='ocrx_word' id='word_1_1243' title='bbox 343 3743 449 3800; x_wconf 60' lang='lat' dir='ltr'>itta</span> <span class='ocrx_word' id='word_1_1244' title='bbox 473 3781 486 3799; x_wconf 68' lang='lat'>2</span> <span class='ocrx_word' id='word_1_1245' title='bbox 507 3744 573 3800; x_wconf 59' lang='lat'>2²2³</span> <span class='ocrx_word' id='word_1_1246' title='bbox 589 3744 661 3775; x_wconf 64' lang='lat'>³⁹³¹*-</span> <span class='ocrx_word' id='word_1_1247' title='bbox 738 3754 765 3773; x_wconf 54' lang='grc' dir='ltr'>π·</span> <span class='ocrx_word' id='word_1_1248' title='bbox 779 3754 806 3777; x_wconf 85' lang='lat'>⁷·</span> 
     </span>
    </p>
   </div>
   <div class='ocr_carea' id='block_1_12' title="bbox 850 3790 876 3810">
    <p class='ocr_par' dir='ltr' id='par_1_23' title="bbox 850 3790 876 3810">
     <span class='ocr_line' id='line_1_160' title="bbox 850 3790 876 3810; baseline 0 -5"><span class='ocrx_word' id='word_1_1249' title='bbox 850 3790 876 3810; x_wconf 43' lang='lat' dir='ltr'>„a</span> 
     </span>
    </p>
   </div>
   <div class='ocr_carea' id='block_1_13' title="bbox 1566 3709 1581 3716">
    <p class='ocr_par' dir='ltr' id='par_1_24' title="bbox 1566 3709 1581 3716">
     <span class='ocr_line' id='line_1_161' title="bbox 1566 3709 1581 3716; baseline 0 0"><span class='ocrx_word' id='word_1_1250' title='bbox 1566 3709 1581 3716; x_wconf 60' lang='lat' dir='ltr'><em>A</em></span> 
     </span>
    </p>
   </div>
  </div>
 </body>
</html>
