2498 4075
409 194 506 263 368

337 285 446 310 autern
469 286 548 317 quas
573 277 769 319 Gagliardus
792 277 976 312 nominavit
991 298 1002 314 ,
1034 272 1256 309 affectionibus
1289 273 1352 309 esse

335 317 492 352 humores
516 320 615 353 acidis
639 321 808 362 particulis
833 320 989 357 infe&os;
1012 318 1045 351 id
1081 327 1157 351 vero
1191 329 1266 352 cum
1313 318 1352 352 ab

336 362 493 396 omnibus
517 363 648 404 probari
673 375 737 397 non
762 364 876 406 poffit3
901 374 937 397 tu
960 375 999 396 ex
1022 362 1082 394 illo
1105 369 1233 406 tantum
1266 364 1349 396 acci-

339 406 409 446 pies
432 415 591 447 quantum
617 407 774 448 placuerit
790 428 798 442 ‚
822 417 937 439 caetera
962 408 997 439 in
1020 403 1132 438 medio
1156 405 1317 446 relinques
1338 431 1348 440 .

338 450 444 481 Porro
466 449 555 489 quod
581 449 619 482 ad
642 448 755 482 offium
781 449 994 491 fragilitatem
1019 448 1140 491 {pestat
1157 471 1165 486 ,
1190 446 1270 481 hanc
1284 459 1348 482 non

335 490 463 532 semper
488 502 503 524 a
527 493 612 524 carie
636 493 771 532 induci,
795 493 848 525 Cl.
876 491 1023 525 Lovisius
1061 487 1145 533 (f)
1178 489 1314 525 ostendit
1339 515 1348 524 .

337 535 427 566 Cum
451 535 537 567 enirn
561 531 708 568 foeminae
732 535 868 570 cadaver
890 534 1073 572 incideret,
1097 544 1169 575 quae
1193 533 1256 566 levi
1281 534 1351 568 nisu

339 587 375 610 os
398 575 551 616 humeri,
576 589 654 611 mox
678 578 810 613 femoris
834 590 962 621 quoque
987 578 1149 618 fregerat,
1183 577 1248 610 osla
1293 588 1351 610 non

337 618 457 661 cariosa
474 643 482 654 .
500 619 558 661 sfd
574 620 657 662 ficca
673 644 686 660 ,
709 622 752 654 Θ
767 621 931 664 βίασὶἰὶιιξ
954 619 1121 657 medullam
1157 620 1266 653 itidem
1292 620 1352 662 fic-

332 673 402 696 cam
416 683 426 699 ‚
451 661 634 704 friabilem,
660 676 678 696 a
701 646 876 706 parretiZus
899 664 1076 697 cariturum
1098 659 1244 704 offearum
1276 663 1353 697 libe-

340 713 445 739 ratam
468 706 701 748 deprehendit.
728 709 771 741 Et
795 718 862 741 erat
888 707 1018 749 quidem
1044 718 1078 739 ea
1113 706 1230 739 mulier
1266 706 1351 740 sexa-

333 750 425 788 ginta
450 760 548 782 annos
573 760 647 783 nata
664 774 674 788 ,
700 750 752 784 sed
777 752 944 793 pinguiori
969 751 1116 792 corporis
1141 749 1279 787 habitu,
1305 752 1350 783 sa-

331 802 371 823 na
395 803 579 834 praeterea,
602 795 634 826 &
659 803 794 836 vegeta,
818 793 874 827 nifi
898 793 988 834 quod
1021 803 1238 826 mammarum
1273 805 1352 826 can-

328 845 386 867 cro
409 835 475 876 jam
504 835 544 868 ab
570 836 681 878 aliquo
707 847 855 878 tempore-
879 838 1105 870 laboraverat.
1250 837 1351 870 Nunc

327 878 464 926 alteram
491 879 626 921 accipe,
650 891 751 922 quam
775 881 983 922 promisimus
1008 903 1017 919 ,
1064 877 1226 913 Valsalvae
1250 877 1351 913 histo-

330 932 433 955 riam.

377 965 409 997 8.
437 965 800 1001 BONONIENSEM
827 967 949 999 Virum
973 965 1102 1000 dolores
1125 978 1179 1001 ex·
1199 966 1249 1000 lue
1281 966 1351 999 Ve-

326 1018 421 1041 nerea
447 1010 531 1043 male
555 1011 717 1045 habebant
734 1034 743 1049 ,
767 1009 916 1052 quotidie
951 1018 1040 1044 certa
1075 1010 1212 1051 periodo
1245 1020 1352 1043 rever·

332 1062 456 1085 tentes.
484 1053 533 1086 Hi
558 1055 597 1088 ad
623 1052 809 1097 diaphysim
835 1054 923 1087 tibiae
950 1052 1064 1093 simul,
1085 1056 1118 1086 δέ
1143 1054 1179 1087 ad
1193 1052 1259 1096 ejus
1273 1054 1353 1087 mal-

330 1095 474 1135 ieolum,
498 1096 549 1131 sed
575 1097 613 1131 ad
637 1097 724 1131 hunc
752 1097 931 1138 praesertim
949 1121 958 1136 ,
980 1095 1152 1130 saeviebant
1168 1120 1177 1134 ‚
1203 1097 1259 1130 ubi
1282 1108 1353 1139 par-

333 1149 409 1176 vus,
437 1141 467 1171 δέ
492 1139 666 1175 submollis
689 1149 800 1173 tumor
823 1140 950 1177 oculis,
975 1143 1007 1172 &
1038 1140 1154 1184 digitis
1191 1142 1347 1182 percipie-

329 1182 446 1215 batur.
473 1184 614 1218 Internis
638 1183 844 1226 externisque
869 1183 1001 1217 auxiliis
1025 1183 1140 1217 frustra
1167 1184 1347 1221 adhibitis,

331 1225 483 1259 Valsalva
510 1228 660 1270 scalpello
684 1238 779 1269 opem
803 1227 882 1260 tulit
909 1252 918 1260 .
959 1227 1047 1260 Nam
1084 1226 1225 1260 diduffis
1257 1238 1348 1261 com-

330 1269 482 1302 munibus
505 1272 761 1314 integumentis,
785 1281 861 1303 cum
894 1269 1016 1303 luteam
1059 1269 1234 1312 gelatinam
1280 1281 1346 1304 non

326 1313 481 1358 multam,
504 1325 576 1356 quae
598 1315 683 1347 inter
706 1313 764 1346 illa
788 1315 819 1346 &
842 1311 1006 1354 subjectos
1030 1313 1177 1346 tendines
1200 1315 1344 1356 interpo-

329 1358 409 1392 ΜΗ,
436 1364 598 1391 tumorem
623 1356 782 1391 efficiebat
798 1378 811 1395 ,
834 1355 1037 1398 dempsisset3
1063 1355 1216 1399 postridie
1247 1358 1344 1391 dolor

327 1400 365 1431 ad
390 1399 575 1435 malleolum
601 1411 666 1435 non
692 1400 792 1433 rediit
808 1423 816 1432 .
843 1402 1004 1436 Attamen
1029 1411 1103 1433 cum
1126 1411 1233 1442 aeger,
1258 1400 1346 1434 sivi-

325 1443 393 1475 cini
419 1443 565 1479 tendines
591 1453 810 1487 premerentur
834 1443 1033 1486 quibusdam
1077 1444 1165 1486 quasi
1212 1444 1346 1477 aciculis

329 1490 507 1530 compungi
532 1489 588 1527 se,
611 1488 758 1524 diceret3
782 1487 990 1521 intelleetum
1026 1488 1070 1520 est
1116 1485 1209 1520 facile
1232 1512 1242 1527 ‚
1288 1486 1346 1521 sub

326 1527 402 1571 ipsis
424 1542 550 1574 partem
576 1531 718 1573 aliquam
739 1529 884 1573 gelatinae
909 1530 998 1564 illius
1021 1530 1141 1564 latere.-
1184 1542 1246 1573 qua
1294 1531 1348 1564 de-

332 1584 422 1606 mum
446 1584 516 1609 tota
541 1575 697 1614 dextere,
721 1574 943 1617 paulatimque
969 1567 1007 1607 ad
1030 1585 1065 1607 os
1091 1573 1213 1616 usque,
1250 1574 1345 1607 salvis

332 1617 544 1657 tendinibus,
566 1619 727 1659 detracta,
752 1619 779 1650 is
812 1628 942 1660 quoque
1000 1617 1196 1651 acicularum
1243 1617 1345 1651 sensus

326 1661 482 1694 evanuit.
510 1662 660 1696 Restabat
685 1670 801 1703 praeter
823 1661 1011 1703 opinionem
1035 1661 1130 1694 dolor
1155 1659 1192 1693 ad
1205 1660 1345 1700 tibiam·;

327 1704 398 1738 fieri
423 1706 509 1737 enirn
534 1716 589 1747 per
611 1704 800 1739 consensum
823 1703 963 1738 creditus
988 1704 1112 1738 fuerat.
1138 1702 1254 1745 Itaque
1268 1704 1346 1738 scala

328 1747 416 1790 pello
439 1747 630 1790 periostium
656 1748 814 1782 retedhtm
838 1745 1029 1793 est,‘neque
1054 1746 1187 1790 prorsus
1235 1746 1343 1781 secun-

331 1792 412 1825 dum
436 1801 588 1826 naturam
614 1792 807 1827 inventum;
831 1800 867 1823 ut
891 1801 961 1832 ejus
985 1791 1025 1824 ab
1047 1789 1131 1825 offe,
1155 1790 1231 1823 sano
1264 1792 1343 1824 alio-

329 1837 433 1877 quin,
456 1833 554 1869 fuerit
579 1833 779 1877 procuranda
802 1832 979 1875 separatio.
1005 1835 1085 1871 Quo
1109 1831 1199 1866 fafito
1215 1858 1225 1873 ,
1250 1834 1342 1868 nullo

329 1879 468 1920 amplius
489 1879 602 1913 dolore
627 1878 796 1922 superstite
811 1898 821 1915 ‚
845 1874 941 1910 facile
965 1876 1004 1911 ad
1039 1877 1224 1910 cicatricem
1269 1888 1341 1921 per-

328 1922 436 1957 duffls
462 1923 647 1957 vulneribus
663 1944 672 1960 ‚
697 1921 870 1957 incolumis
893 1931 976 1962 aeger
999 1920 1144 1954 dimissus
1168 1919 1229 1953 est.

369 1977 400 2006 9.
427 1966 515 1999 Cum
540 1966 622 2001 hanc
647 1964 728 2000 mihi
753 1964 901 1997 Valsalva
949 1972 1090 1997 narraret
1125 1963 1341 1998 Observatio-

332 2018 429 2047 nem;
454 2021 555 2053 neque
580 2012 667 2044 enim
693 2009 842 2050 scriptam
868 2008 1024 2051 reliquit,
1050 2006 1202 2040 addidisse
1226 2009 1341 2041 memi—

329 2055 387 2091 ni,
412 2053 491 2087 alios
513 2066 644 2096 quoque
670 2064 736 2086 non
758 2051 1112 2097 dissimiles-Venerem
1135 2059 1277 2084 tumores
1300 2051 1340 2084 si-

331 2098 403 2131 mili
427 2098 556 2131 ratione
580 2098 609 2131 se
633 2096 777 2131 feliciter
800 2095 953 2128 sustulisse
977 2094 1018 2128 sic
1047 2105 1082 2127 ut
1106 2093 1210 2136 postea
1235 2105 1340 2136 neque

330 2140 412 2184 ipsi,
436 2152 538 2184 neque
560 2141 690 2175 dolores
713 2138 890 2174 redierint.
917 2137 1092 2172 Referebat
1116 2146 1221 2170 autem
1254 2138 1340 2170 inter

332 2195 522 2228 gummata,
546 2194 582 2219 ut
605 2185 789 2228 appellant,
817 2183 981 2220 Venerea,
1027 2181 1162 2215 minime
1207 2181 1340 2214 necessa-

331 2231 417 2264 rium
441 2238 608 2268 ratus‚-ut
631 2229 740 2262 omnia
767 2225 823 2259 sub
848 2225 1000 2268 periostio
1024 2227 1172 2272 oriantur
1187 2249 1195 2264 ‚
1218 2234 1273 2259 aut
1287 2236 1342 2267 pe-

337 2273 450 2308 culiari
477 2274 585 2307 tunica
611 2270 944 2315 comprehendantur.
973 2268 1070 2302 Nihil
1094 2269 1228 2303 similius
1261 2280 1338 2311 pro-

333 2316 443 2361 positae
468 2316 701 2351 Observationi
716 2341 724 2356 ,
748 2324 845 2358 quarn
891 2314 966 2347 alias
1011 2324 1141 2356 quoque
1186 2324 1202 2346 a
1248 2312 1344 2346 nobis

339 2371 594 2394 commemorata
610 2384 622 2401 ,
649 2359 787 2393 Fabricii
812 2358 851 2391 ab
877 2358 1130 2400 Aquapendente
1154 2359 1164 2394 (
1186 2366 1208 2398 g
1232 2358 1268 2396 )‚
1292 2358 1343 2388 ni-

333 2404 354 2438 si
381 2404 469 2447 quod
492 2415 557 2436 non
581 2405 617 2438 ad
640 2403 851 2441 malleolum,
875 2400 926 2435 sed
951 2402 988 2434 ad
1021 2411 1154 2442 carpum
1187 2409 1254 2431 erat
1290 2409 1344 2431 tu-

334 2460 432 2488 mor,
454 2447 602 2490 quotidie
626 2447 713 2481 statis
735 2445 927 2490 quibusdam
952 2444 1040 2477 horis
1064 2443 1193 2477 acerbos
1216 2442 1343 2475 dolores

336 2491 488 2528 afferens,
514 2490 640 2529 factus,
670 2491 762 2525 sicuti
788 2489 936 2529 scalpello
959 2486 1191 2531 deprehendit,
1218 2497 1235 2518 a
1265 2496 1345 2518 con-

334 2544 421 2570 creta
447 2546 568 2576 pauca,
593 2544 628 2569 ut
652 2544 729 2568 tunc
752 2533 968 2574 loquebantur
988 2553 997 2567 ‚
1045 2531 1163 2573 pituita
1209 2531 1310 2563 vitrea
1336 2551 1345 2566 ‚

337 2578 482 2613 tendines
527 2580 672 2611 internos
703 2578 932 2617 contingente.
961 2572 1204 2615 Ejusdemmodi
1229 2582 1344 2606 autem

337 2622 507 2657 materiam
528 2620 699 2665 designasse
713 2647 721 2660 ‚
743 2620 862 2658 eredo,
888 2618 1065 2651 Nicolaum
1091 2614 1247 2654 Massam,
1271 2626 1344 2649 cum

336 2667 371 2700 in
395 2677 507 2699 eorum
529 2667 586 2708 qui
611 2667 754 2698 viventes
802 2661 918 2695 morbo
964 2662 1113 2694 Venereo
1156 2657 1342 2708 conflictati

337 2710 490 2747 fuerant,
513 2708 747 2746 cadaveribus,
771 2706 863 2750 plura
888 2714 993 2738 autem
1018 2703 1175 2740 secuerat;
1200 2702 1342 2745 scripsit,

338 2753 613 2797 quemadmodum
638 2752 736 2786 habes
759 2753 794 2784 in
819 2747 1032 2791 Sepulchreto
1055 2746 1109 2790 (h
1127 2747 1170 2790 ),
1192 2745 1258 2778 loca
1290 2746 1343 2777 do-

339 2796 437 2839 lorosa
461 2796 619 2829 madentia
642 2793 796 2829 invenisse
819 2793 952 2825 materia
958 2790 1132 2833 pituitosa:
1158 2800 1255 2832 quam
1267 2789 1344 2821 Fra-

340 2840 494 2875 castorius
517 2839 564 2881 (i
585 2842 599 2878 )
621 2850 753 2882 quoque
777 2836 834 2871 ubi
857 2835 1009 2869 dolorum
1053 2845 1092 2867 ex
1135 2832 1245 2867 eadem
1289 2832 1343 2865 lue

341 2884 442 2919 noem
466 2881 685 2923 affligentium
708 2881 833 2916 causam
848 2875 951 2922 fabiis
983 2875 1211 2921 diffeb‘sionibus
1254 2886 1347 2924 com-

342 2935 471 2971 pertam
494 2924 691 2967 proposuit,
714 2921 843 2959 lentoris
866 2920 1047 2963 cujusdam,
1072 2920 1162 2964 super
1176 2919 1347 2958 tendines,

343 2969 568 3011 musculosque
590 2969 778 3012 conspecti,
802 2965 961 3000 vocabulo
983 2964 1142 2997 indicavit
1168 2977 1175 2995 e
1204 2973 1348 3011 gumme-

337 3013 453 3057 fitates
476 3022 584 3046 autem
606 3019 746 3045 concreto
768 3009 946 3053 phlegmate
990 3006 1152 3050 constitiffie
1174 3029 1184 3044 ,
1231 3005 1347 3039 diserte

344 3056 502 3090 tradidit.
527 3055 601 3088 Nec
624 3054 723 3088 refert
747 3053 834 3097 quod
859 3051 1028 3086 Fabricius
1052 3060 1214 3084 tumorem
1251 3049 1348 3082 illum

343 3111 442 3143 quem
466 3096 608 3133 exsecuit
621 3098 640 3136 ‚¹
654 3107 824 3132 venereum
848 3094 927 3135 esse,
963 3105 1027 3127 non
1073 3095 1228 3134 dixerit;
1274 3103 1349 3125 nam

343 3152 511 3186 gummata
527 3141 626 3184 saepe,
651 3153 715 3175 non
742 3141 862 3181 semper
879 3163 887 3178 ‚
909 3139 950 3172 ab
974 3150 1008 3171 ea
1030 3136 1122 3172 causa
1146 3135 1227 3176 esse,
1246 3146 1350 3178 ‹agno-

344 3188 449 3221 scebat
472 3189 486 3225 <
509 3185 528 3224 l<
544 3185 580 3227 ).
604 3187 769 3219 Caeterum
795 3194 871 3216 num
893 3181 961 3216 duo
983 3181 1197 3218 Anatomici,
1236 3180 1352 3212 iidem·

344 3241 407 3274 que
430 3229 587 3271 Chirurgi
612 3225 858 3271 praestantiffimi
884 3225 1076 3265 Fabricius,
1121 3226 1152 3257 &
1198 3222 1353 3257 Valsalva

345 3274 403 3317 ipsi
427 3284 558 3315 quoque
581 3281 652 3305 tum
678 3272 763 3306 forte
786 3269 909 3311 decepti
933 3270 996 3302 sint
1019 3290 1028 3305 ,
1075 3266 1220 3300 tendines
1263 3275 1352 3300 uter-

346 3329 431 3360 que,
466 3315 523 3349 hic
556 3316 655 3348 etiam
689 3314 876 3357 periostium
908 3312 972 3345 illis
1012 3312 1152 3345 cruciata
1185 3310 1352 3343 doloribus

344 3360 458 3397 fuisse,
487 3370 553 3393 non
574 3357 783 3397 dubitantes,
807 3357 917 3389 malim
942 3365 997 3397 per
1008 3364 1039 3388 te
1051 3354 1232 3391 existimes,
1254 3363 1352 3394 quam

347 3402 413 3446 ipse
436 3403 562 3436 dicere.
589 3402 771 3435 Gummata
795 3410 901 3433 autem
927 3398 1031 3432 sedern
1055 3408 1122 3431 non
1146 3396 1268 3438 semper
1301 3397 1355 3429 in-

346 3458 394 3480 ter
416 3446 625 3488 periostium‚
649 3448 680 3478 &
703 3456 739 3478 os
763 3444 904 3480 habere;
929 3441 987 3474 etsi
1021 3452 1086 3474 non
1132 3439 1271 3474 discedas
1316 3438 1356 3471 ab

349 3490 556 3531 Sepulchreti
579 3489 638 3523 hac
663 3487 837 3524 Sestione3
860 3486 955 3520 facile
979 3484 1143 3526 intelliges
1166 3494 1231 3532 non
1255 3481 1358 3515 solum

348 3544 385 3567 ex
409 3530 546 3567 Rhodio
568 3532 627 3572 (l)
650 3532 708 3575 qui
731 3532 765 3563 in
790 3531 823 3563 T
826 3528 938 3563 heatro
962 3528 1024 3562 hoc
1048 3529 1159 3562 nostro
1183 3534 1247 3560 tria
1268 3535 1365 3567 gum-

671 198 828 251 Liber
845 197 938 250 IV.
956 194 1040 251 De
1065 193 1268 248 Morbis
1285 191 1607 261 Chirurgicis
1624 230 1638 252 ,
1673 190 1730 244 δί
1756 188 2153 245 Universalibus

1404 280 1491 309 mata
1514 275 1663 311 candida,
1687 270 1812 306 recluso
1832 274 1941 305 cranio
1954 294 1966 311 ,
1987 271 2112 305 ostendi
2137 272 2220 307 vidit
2245 274 2283 309 ab
2297 273 2411 307 Anto...

1403 318 1460 351 nio
1483 317 1686 355 Molinetto,
1712 326 1774 357 quae
1797 314 1983 348 inhaerebant
2006 318 2095 348 Durae
2116 315 2319 356 membranae,
2352 323 2407 349 ve-

1404 370 1476 394 rum
1499 361 1596 394 etiam
1619 372 1657 393 ex
1680 359 1893 392 Guarinonio
1916 363 1929 398 (
1949 369 1983 393 m
2002 357 2019 399 )
2043 357 2200 393 scribente
2217 385 2227 400 ,
2248 361 2277 395 se
2298 356 2406 403 vidiffe

1401 407 1565 437 Gummata
1588 403 1671 436 diua
1693 402 1725 435 in
1746 400 1866 435 cerebro
1889 409 2048 435 concreta.
2071 403 2178 440 Quam
2204 404 2403 445 potissimum

1401 446 1505 480 sedem
1528 457 1693 484 memoro,
1719 446 1796 487 quia
1821 443 1888 478 haec
1911 444 2137 478 adscribuntur
2181 447 2218 480 ad
2264 445 2406 490 ejusdem

1400 489 1678 523 Observationern
1700 489 1734 521 in
1758 499 1820 530 qua
1844 488 1907 521 tria
1929 486 2105 530 corpuscula
2128 497 2277 531 tanquam
2317 500 2409 531 gum-

1402 540 1489 567 mata
1512 533 1649 566 virentia
1672 533 1704 564 in
1728 532 1790 564 viri
1817 531 1946 564 cerebro
1967 530 2134 572 conspeera
2157 532 2329 574 leguntur,
2351 533 2411 574 qui

1403 587 1442 608 ex
1466 575 1518 609 lue
1541 577 1579 609 de
1602 587 1666 618 qua
1690 575 1877 616 loquimur,
1900 572 2084 616 epilepsi-22,
2109 577 2139 607 δι
2183 574 2408 611 convulsioni-

1404 620 1462 653 bus
1485 619 1673 658 obnoxius,
1696 617 1836 660 denique
1866 616 2049 660 graviffimo
2076 617 2198 660 sopore
2241 618 2409 654 confectus

1404 664 1469 696 est.
1497 662 1580 700 Quae
1605 661 1716 700 causa,
1741 664 1771 693 &
1793 661 1851 701 qui
1876 661 1982 693 morbi
2006 671 2079 694 cum
2105 663 2138 693 in
2162 661 2294 697 historia
2317 663 2408 705 pari-

1404 715 1452 739 ter
1477 706 1644 747 legantur,
1669 705 1743 737 alias
1767 703 1856 749 (n.)
1879 704 1916 736 ad
1951 712 1982 735 te
2027 703 2199 747 perscripta
2226 718 2237 745 3
2282 707 2407 748 poteris

1403 759 1572 790 utramque
1595 749 1679 781 inter
1703 747 1732 780 se
1755 748 1921 784 consenc,
1946 749 1977 779 ὃ(
1999 747 2087 789 quod
2109 747 2148 781 de
2171 760 2271 791 parvo
2292 750 2414 783 &sub-.-

1403 792 1545 826 rotundo
1569 791 1628 825 illo
1651 793 1737 825 intra
1761 790 1925 823 cerebrum
1951 788 2090 823 abscessu
2115 801 2190 827 tunc
2216 794 2249 825 in
2293 793 2402 826 medio

1405 842 1414 876 (
1442 847 1458 868 o
1480 838 1494 874 )
1518 835 1728 877 reliquimus,
1751 836 1894 873 iterum,
1919 832 1940 865 si
1966 836 2034 872 vis,
2061 835 2275 877 perpendere,
2297 848 2336 870 an
2360 839 2411 871 vi-

1403 880 1518 913 delicet
1543 878 1579 911 ad
1604 884 1769 920 gummata
1793 877 2004 918 pertinuerit.
2031 878 2128 915 Quod
2152 878 2228 912 dum
2272 878 2370 913 facies
2392 903 2404 920 ,

1405 922 1497 958 simul
1521 924 1635 964 capitis
1660 930 1850 963 gummata,
1873 929 1907 953 ut
1932 920 2120 963 plerumque
2142 921 2261 962 solent,
2288 923 2344 957 sub
2356 934 2412 957 ca-

1396 967 1480 1011 ·pitis
1503 964 1876 1008 integumentisinitium
1903 962 2076 1002 habentia,
2100 967 2132 997 &
2155 968 2323 1005 cranium,
2349 965 2409 1000 nisi

1403 1019 1527 1044 mature
1552 1008 1793 1051 prospiciatur,
1819 1008 2004 1045 exedentia,
2037 1015 2073 1041 ut
2117 1006 2253 1042 historia
2299 1011 2408 1044 eadem

1404 1053 1545 1087 ostendit
1560 1075 1569 1090 ‚
1592 1053 1630 1085 ad
1656 1053 1846 1084 memoriam
1872 1051 1997 1092 rediges
2013 1075 2023 1090 ‚
2045 1051 2177 1092 quando
2221 1055 2254 1086 in
2299 1055 2410 1096 Sepul—

1406 1096 1521 1130 chreto
1544 1094 1727 1137 hujusmodi
1760 1093 2013 1128 Observationes
2058 1094 2112 1127 hic
2156 1093 2375 1131 defiderantur
2398 1119 2409 1136 ,

1404 1140 1524 1182 quibus
1550 1148 1719 1181 propterea
1745 1138 1820 1171 alias
1844 1138 2024 1178 augendum
2049 1137 2147 1177 esset,
2170 1140 2204 1171 in
2226 1140 2333 1182 iisque
2365 1141 2409 1174 il-

1400 1185 1429 1217 ia
1452 1193 1548 1224 quarn
1573 1193 1633 1215 una
1656 1193 1732 1216 cum
1753 1183 1917 1216 cadaveris
1941 1179 2129 1215 dissectione
2152 1184 2309 1224 produxit
2331 1184 2405 1218 Cel.

1400 1226 1566 1260 Heisterus
1588 1228 1602 1264 (
1622 1235 1644 1267 p
1664 1229 1696 1265 ).

1445 1281 1492 1303 ιο.
1518 1270 1692 1311 propositis
1715 1280 1786 1311 quae
1826 1268 2010 1310 supererant
2034 1290 2043 1306 ‚
2088 1267 2212 1304 duabus
2244 1270 2404 1306 Valsalvae

1397 1313 1716 1351 Observationibus,
1738 1312 1897 1348 totidem,
1921 1323 1990 1354 quae
2015 1322 2052 1344 ex
2083 1315 2160 1346 meis
2208 1313 2279 1346 sunt
2325 1317 2403 1347 reli-

1398 1368 1490 1399 quae,
1515 1355 1708 1397 subjiciam,
1731 1357 1770 1389 ab
1792 1355 1846 1388 illa
1871 1357 2051 1397 incipiens,
2075 1367 2171 1397 quam
2205 1357 2409 1399 potiffimum

1398 1401 1535 1443 requirit
1560 1398 1729 1433 inchoatus
1749 1399 1790 1432 de
1814 1400 1902 1433 carie
1927 1399 2029 1431 sermo
2046 1425 2054 1439 ,
2090 1401 2236 1437 cranium
2270 1401 2410 1435 exeden-

1398 1454 1448 1476 te.
1474 1445 1524 1476 Ut
1549 1445 1633 1477 enim
1658 1443 1726 1477 haec
1751 1443 1814 1476 late
1840 1442 2091 1484 progrediatur,
2127 1442 2184 1476 nisi
2220 1446 2409 1486 tempestive

1397 1498 1567 1527 occurras,
1592 1488 1641 1520 vel
1664 1486 1727 1520 sine
1751 1485 1913 1520 cadaveris
1927 1484 2074 1519 sectione
2098 1488 2129 1519 ἃ
2152 1487 2220 1529 ipse
2231 1488 2410 1532 conspexi,

1398 1534 1429 1564 &
1452 1540 1488 1564 tu
1513 1531 1694 1573 intelliges.

1444 1584 1489 1607 11.
1516 1573 1714 1607 VETULA
1738 1572 1950 1607 decumbebat
1973 1573 2008 1605 in
2041 1572 2239 1608 Bononiensi
2274 1577 2410 1609 Incura-

1397 1618 1514 1651 biliurn
1539 1617 1745 1651 Nosocornio
1762 1642 1772 1657 ,
1796 1619 1847 1651 cui
1873 1618 2017 1651 venerea
2052 1619 2149 1650 caries
2197 1627 2324 1654 tantum
2367 1619 2409 1653 de

1399 1662 1527 1695 sinistro
1549 1660 1612 1694 offe
1635 1659 1815 1702 fincipitis‚
1841 1663 1872 1693 δε
1897 1661 2049 1702 proximo
2072 1658 2190 1693 frontis
2221 1661 2407 1704 absumpse—

1397 1714 1444 1738 rat
1459 1727 1468 1741 ‚
1493 1713 1528 1738 ut
1553 1715 1611 1746 per-
1631 1703 1778 1737 foramen
1801 1704 1984 1745 digitorum
2023 1703 2277 1738 transversorum
2322 1717 2408 1748 quo-

1396 1746 1572 1790 quoversus
1598 1750 1700 1781 trium
1724 1747 1892 1780 cerebrum
1915 1755 2038 1789 pateret
2054 1771 2062 1785 ,
2086 1747 2260 1789 liceretque
2284 1749 2409 1790 perspi-

1392 1802 1484 1831 cere,
1506 1791 1562 1824 ubi
1587 1794 1740 1824 arteriam
1763 1790 1802 1823 ad
1826 1801 1958 1832 carpum
1982 1799 2128 1831 tangeres
2145 1812 2155 1828 ,
2182 1790 2294 1824 eodem
2319 1801 2406 1825 tem-

1393 1835 1483 1876 poris
1507 1835 1628 1875 punc'to
1651 1832 1733 1867 hanc
1748 1856 1760 1873 ,
1783 1836 1814 1866 δι
1836 1834 2005 1867 cerebrum
2029 1842 2100 1865 tum
2125 1832 2154 1866 se
2178 1833 2206 1866 se
2229 1834 2377 1868 attollere
2392 1856 2404 1871 ,

1392 1887 1465 1912 turn
1489 1876 1663 1912 subsidere.
1685 1876 1811 1916 Qod-;
1833 1888 1871 1909 ne
1894 1874 1979 1910 forte
2002 1875 2155 1914 dubitem
2189 1876 2258 1910 vidi
2292 1876 2405 1920 saepius

1392 1932 1478 1955 anno
1501 1922 1581 1960 illo,
1602 1921 1624 1953 si
1649 1922 1732 1954 recte
1755 1921 1913 1960 memini,
1937 1926 2165 1966 'moos-neque
2189 1921 2276 1954 enim
2309 1921 2403 1955 brevi

1389 1973 1536 2007 ternpore
1561 1964 1609 1998 ibi
1635 1964 1750 1997 mulier
1773 1963 1878 2000 vixit3
1902 1963 2030 1997 tametsi
2056 1963 2189 1996 erodens
2214 1965 2300 1998 virus
2324 1976 2405 1998 nec-

1390 2011 1469 2042 dum
1493 2009 1618 2049 penitus
1643 2006 1817 2040 infractum
1841 2006 1914 2040 esset
1929 2029 1940 2045 ‚
1963 2016 2065 2047 neque
2098 2006 2298 2040 exulceratio
2332 2018 2405 2050 quae

1390 2054 1512 2085 circum
1535 2062 1606 2084 oras
1630 2049 1800 2083 foraminis
1827 2050 1969 2083 exterius
1989 2057 2080 2087 erat,
2102 2051 2286 2084 cicatricem
2309 2050 2410 2084 cluce-

1390 2105 1459 2129 ret.
1483 2095 1589 2137 Ipsius
1615 2103 1723 2128 autem
1747 2093 1934 2128 membrana
1956 2092 2080 2127 cerebri
2105 2093 2232 2134 nitida,
2260 2097 2291 2127 &
2325 2106 2404 2136 pura

1391 2137 1649 2180 conspiciebatur
1664 2163 1672 2171 .

1442 2192 1489 2216 12.
1514 2181 1596 2214 Non
1622 2193 1671 2216 me
1696 2179 1811 2222 fugit,
1834 2180 1872 2214 acl
1896 2180 1994 2223 longe
2018 2180 2157 2221 amplius
2182 2179 2343 2223 spatium,
2382 2180 2408 2215 si

1393 2228 1494 2260 caries
1519 2235 1648 2268 pergat,
1674 2225 1847 2258 calvariam
1872 2224 2020 2261 absumi,
2042 2225 2122 2266 qui·,
2147 2233 2180 2257 ut
2206 2226 2287 2257 alios
2307 2228 2410 2259 omit-

1394 2280 1483 2307 tam,
1508 2269 1714 2312 Falloppium
1739 2268 1879 2302 nostrum
1905 2272 1914 2307 (
1941 2279 1959 2310 q
1987 2272 1996 2306 )
2023 2267 2373 2313 legerim-scribentem
2396 2291 2408 2306 ‚

1396 2314 1560 2355 aliquando
1581 2312 1736 2354 corrumpi
1758 2319 1859 2345 totum
1877 2311 2034 2353 fincz‘put,
2059 2311 2101 2344 Θ
2125 2310 2290 2353 alzquanao
2313 2313 2412 2346 etiam

1392 2366 1516 2398 partem
1538 2356 1682 2398 occipias
1698 2377 1706 2391 ,
1728 2356 1768 2388 Θ
1795 2363 1895 2387 totam
1931 2355 2090 2388 interdum
2124 2354 2298 2389 calvariam
2341 2366 2411 2388 cor-

1394 2400 1517 2441 rumpi,
1541 2400 1582 2432 &⁶
1605 2396 1749 2441 auferri:
1772 2399 1815 2431 &⁶
1838 2396 1892 2430 hoc
1916 2409 1967 2440 ego
1989 2398 2080 2436 vidi,
2113 2398 2223 2440 inquit
2248 2421 2258 2436 ‚
2304 2400 2409 2441 primo

1395 2445 1427 2476 in
1450 2452 1517 2476 mea
1539 2450 1731 2481 matertera,
1752 2452 1815 2483 quae
1860 2452 1878 2472 a
1902 2441 2016 2473 marito
2060 2449 2220 2482 acceperat
2266 2441 2409 2476 morbum

1392 2485 1565 2528 gallicum,
1590 2485 1630 2517 Θ
1653 2495 1705 2526 ego
1728 2485 1757 2517 ei
1781 2483 1890 2517 abstuli
1913 2492 2013 2516 totam
2035 2483 2233 2525 calvariam,
2258 2487 2408 2518 &mem-

1396 2528 1490 2561 brana
1515 2527 1596 2560 terta
1619 2527 1659 2567 esl
1681 2528 1811 2568 quadam
1831 2526 2004 2568 pellicula,
2029 2530 2070 2560 (φ
2087 2526 2210 2569 semper
2248 2529 2407 2569 percipie-

1396 2570 1489 2604 batur
1511 2578 1613 2603 motus
1636 2570 1793 2612 pulsantis
1817 2570 1991 2612 meningis.
2018 2568 2207 2611 Additque,
2233 2570 2262 2604 se
2295 2570 2407 2603 habere

1396 2616 1438 2647 (ff
1459 2614 1597 2655 plurima
1619 2615 1683 2646 alia
1707 2613 1846 2655 exempla
1870 2613 1912 2658 e?
1934 2611 2003 2651 hic,
2028 2613 2070 2645 esf
2093 2611 2194 2645 alibi.
2220 2615 2259 2646 In
2284 2614 2408 2647 Vetula

1397 2667 1505 2690 autem
1529 2657 1585 2689 illa
1608 2668 1673 2690 non
1697 2666 1764 2689 erat
1789 2655 1952 2688 manifesta
1977 2655 2124 2697 pellicula
2148 2667 2220 2697 quae
2245 2660 2412 2699 meninges

1395 2701 1588 2742 obtegeret:
1611 2701 1679 2733 imo
1702 2698 1744 2732 sic
1768 2710 1814 2732 res
1839 2698 2009 2741 apparebat
2033 2697 2120 2740 quasi
2145 2701 2329 2737 ubi‚Dura
2352 2701 2410 2734 de-

1396 2745 1524 2784 trac‘h,
1546 2744 1712 2777 cerebrum
1736 2743 1845 2775 Tenui
1868 2742 2037 2775 dumtaxat
2062 2751 2211 2783 opertum
2235 2745 2408 2786 aspicimus

1396 2787 1543 2825 rubella,
1567 2787 1671 2821 nitida
1686 2812 1694 2826 ‚
1717 2785 1914 2828 humidaque
1938 2784 2130 2828 superficie.
2177 2787 2291 2830 Itaque
2332 2787 2408 2820 satis

1398 2832 1508 2865 mirari
1533 2841 1597 2863 non
1623 2840 1790 2874 poteram,
1813 2829 1981 2872 quomodo
2004 2827 2121 2862 humor
2144 2830 2202 2870 qui
2225 2842 2261 2864 os
2294 2830 2412 2864 exede-

1397 2885 1430 2907 re
1454 2873 1625 2915 potuisset,
1651 2874 1867 2907 membranam
1892 2873 1981 2905 illam
2008 2871 2096 2904 nullo
2120 2873 2218 2906 modo
2242 2873 2412 2916 violasses,

1397 2928 1454 2951 nec
1478 2917 1594 2950 mulier
1617 2917 1848 2956 convulsione,
1873 2914 2030 2958 paralysi,
2057 2924 2111 2948 aut
2136 2915 2202 2949 alio
2222 2917 2289 2951 laesi
2315 2928 2408 2951 cere..

1397 2961 1473 3000 bri,
1496 2959 1604 3002 ejusve
1630 2962 1817 3001 meningurn
1841 2959 1969 2992 indicio
1992 2958 2174 2992 laboraret:
2221 2971 2410 3004 quanquam

1399 3015 1477 3038 num
1502 3014 1594 3037 antea
1618 3004 1806 3042 laborasset,
1831 3005 1947 3044 ignoro
1972 3026 1979 3035 .
2013 3002 2130 3043 Neque
2175 3005 2283 3037 minus
2328 3005 2411 3038 olim

1401 3047 1579 3081 mirabatur
1625 3047 1787 3081 Hildanus
1833 3051 1842 3086 (
1867 3045 1916 3087 r)
1942 3067 1951 3083 ‚
2000 3043 2133 3078 abfuisse
2156 3045 2235 3080 laesae
2258 3047 2409 3081 medullae

1402 3092 1541 3132 Spinalis
1563 3090 1652 3132 signa
1677 3092 1711 3123 in
1736 3103 1773 3124 eo
1797 3090 1853 3132 qui
1877 3087 1959 3121 hanc
1981 3088 2073 3130 plane
2107 3089 2294 3124 denudatam
2316 3114 2329 3131 ,
2369 3091 2412 3124 Θ

1402 3145 1461 3166 non
1483 3133 1539 3175 nzfi
1561 3133 1738 3168 membrana
1757 3133 1815 3176 sua
1839 3139 2012 3172 coopertam
2036 3131 2174 3165 habebat
2193 3154 2203 3170 ,
2237 3145 2311 3168 cum
2346 3136 2412 3169 tria.

1404 3178 1626 3211 vertebrarum
1652 3178 1795 3210 thoracis
1817 3186 1950 3215 corpora
1985 3173 2156 3209 abstulisset
2188 3178 2288 3210 caries
2311 3202 2321 3211 .
2366 3178 2412 3211 Et

1405 3220 1477 3254 sane
1523 3220 1727 3254 mirabiliora
1773 3220 1841 3253 haec
1865 3219 1938 3252 sunt
1969 3243 1978 3259 ,
2022 3229 2119 3260 quam
2144 3219 2317 3262 impositos
2340 3232 2413 3254 mu.

1404 3263 1530 3302 sculos,
1556 3273 1610 3297 aut
1635 3265 1859 3306 integumenta
1884 3261 2058 3305 aliquando
2081 3261 2121 3294 ab
2165 3262 2303 3298 humore
2349 3275 2415 3298 non

1404 3306 1525 3341 offendi
1570 3308 1627 3349 qui
1673 3307 1812 3347 subjeffi
1857 3305 1922 3339 ossa
1967 3315 2081 3342 extra,
2123 3305 2273 3350 intusque
2307 3318 2415 3350 perro.

1404 3350 1455 3384 dit
1478 3373 1491 3390 ,
1516 3351 1602 3384 nulla
1624 3352 1763 3383 exterius
1788 3351 1852 3383 five
1878 3357 2005 3383 tumore
2021 3371 2030 3386 ‚
2056 3347 2119 3381 sive
2143 3349 2254 3384 colore
2276 3352 2416 3393 proden-

1405 3403 1436 3427 te
1483 3393 1511 3427 se
1545 3405 1649 3428 noxa:
1698 3404 1769 3436 quae
1814 3405 1863 3427 res
1907 3395 2054 3427 incautos
2098 3402 2256 3427 amatores
2302 3395 2415 3428 misere

1408 3437 1553 3479 decipit,
1575 3436 1632 3470 sub
1664 3438 1810 3478 corporis
1857 3436 2101 3478 pulchritudine
2127 3460 2136 3476 ,
2169 3438 2330 3480 nusquam
2374 3446 2414 3470 ne

1415 3481 1529 3513 leviter
1574 3481 1705 3522 quidem
1748 3479 1927 3515 deformata
1959 3502 1969 3518 ,
2012 3481 2130 3513 cariem
2152 3481 2224 3526 ¹vel
2269 3478 2416 3523 graviffi-

1416 3534 1502 3557 mam
1545 3524 1642 3557 latere
1677 3521 1762 3565 posse
1784 3549 1793 3566 ‚
1840 3525 2059 3565 ignorantes:
2105 3523 2286 3566 cujusmodi
2311 3533 2415 3557 exem-

2280 3569 2368 3610 plum

366 3656 2404 3676 ffl-

436 3725 486 3783 {3
503 3756 565 3780 Sess.
582 3755 625 3780 hac
642 3759 682 3782 lx.
703 3755 762 3780 Obs.
778 3760 799 3779 1.
821 3754 842 3783 §.
860 3761 882 3778 1.

512 3786 537 3809 in
554 3786 632 3810 Schol.
649 3788 695 3809 ult.
711 3785 741 3809 ad
758 3784 884 3809 Ari-fitam.

515 3817 597 3842 rraet.
614 3817 643 3841 de
659 3816 743 3840 Ulcer.
760 3822 781 3840 c.
797 3822 839 3844 47-

410 3727 425 3756 t

408 3759 426 3815 ἓ

442 3786 496 3814 m)
948 3782 994 3811 (n
1013 3780 1116 3809 >Epist
1137 3789 1157 3807 9.
1176 3787 1255 3807 ηις.

422 3816 498 3848 (a)

905 3812 935 3842 (r
950 3812 965 3842 )
981 3813 1052 3837 cont.
1070 3819 1091 3841 ς.
1110 3809 1168 3835 Obs.
1185 3809 1252 3835 Chir.
1270 3811 1307 3839 56.

494 3726 551 3750 vid.
567 3726 621 3752 Αξὶ.
640 3725 717 3751 Erud.
733 3725 764 3748 A.
783 3731 851 3753 ¹75¹-
868 3724 909 3748 M.
928 3723 986 3756 Jurr.
1003 3722 1031 3744 Ρ.
1054 3729 1071 3746 ι.
1088 3719 1128 3744 ubi
1144 3719 1172 3743 de
1188 3717 1241 3745 eius
1257 3716 1453 3741 Observationib.
1515 3717 1529 3746 (

944 3752 953 3780 (
973 3759 981 3775 ι
998 3751 1012 3779 )
1030 3753 1064 3775 De
1081 3752 1165 3774 Morb.
1183 3752 1285 3777 Contag.
1304 3748 1319 3771 l.
1337 3755 1358 3771 2.
1377 3756 1395 3771 c.
1418 3755 1453 3771 12.
1516 3748 1524 3777 (

1316 3776 1484 3808 (0)n.²4.

1638 3723 1649 3739 e
1667 3715 1782 3745 Chirurg.
1804 3717 1887 3745 oper.
1905 3716 1945 3741 ubi
1963 3717 1991 3741 de
2007 3717 2140 3747 Articulor.
2159 3717 2209 3741 Usi.
2256 3715 2261 3717 “

1652 3746 1692 3770 cit.
1711 3748 1751 3771 ubi
1768 3747 1796 3770 dc
1813 3747 1966 3771 Gummatib.
2031 3749 2043 3776 ί
2059 3750 2068 3771 ί
2086 3749 2171 3775 jobs.
2190 3756 2210 3773 ι-
2229 3745 2252 3775 §.
2270 3753 2291 3774 91

1544 3724 1561 3771 Ξ
1582 3715 1598 3775 ³>
1614 3717 1635 3770 ¹1³.

1555 3777 1562 3806 (
1579 3783 1597 3807 p
1614 3776 1628 3806 )
1645 3777 1739 3802 Differt.
1757 3778 1784 3802 de
1801 3778 1849 3802 Off.
1866 3778 1994 3808 Tumotib.
2011 3786 2035 3801 n.
2054 3785 2089 3808 ¹5·
