<?xml version="1.0" encoding="UTF-8"?>
<!DOCTYPE html PUBLIC "-//W3C//DTD XHTML 1.0 Transitional//EN"
    "http://www.w3.org/TR/xhtml1/DTD/xhtml1-transitional.dtd">
<html xmlns="http://www.w3.org/1999/xhtml" xml:lang="en" lang="en">
 <head>
  <title>
</title>
<meta http-equiv="Content-Type" content="text/html;charset=utf-8" />
  <meta name='ocr-system' content='tesseract 3.04.00' />
  <meta name='ocr-capabilities' content='ocr_page ocr_carea ocr_par ocr_line ocrx_word'/>
</head>
<body>
  <div class='ocr_page' id='page_1' title='image "./desedibusetcausi00morg_0849.png"; bbox 0 0 2498 4075; ppageno 0'>
   <div class='ocr_carea' id='block_1_1' title="bbox 403 288 1834 358">
    <p class='ocr_par' dir='ltr' id='par_1_1' title="bbox 403 288 1834 358">
     <span class='ocr_line' id='line_1_1' title="bbox 403 288 1834 358; baseline 0 -14"><span class='ocrx_word' id='word_1_1' title='bbox 403 290 560 358; x_wconf 80' lang='lat' dir='ltr'>Epist.</span> <span class='ocrx_word' id='word_1_2' title='bbox 599 291 759 345; x_wconf 87' lang='lat' dir='ltr'>Anat.</span> <span class='ocrx_word' id='word_1_3' title='bbox 796 292 998 346; x_wconf 84' lang='lat' dir='ltr'>Medica</span> <span class='ocrx_word' id='word_1_4' title='bbox 1036 289 1239 345; x_wconf 86' lang='lat' dir='ltr'>LXIX.</span> <span class='ocrx_word' id='word_1_5' title='bbox 1271 288 1390 341; x_wconf 85' lang='lat' dir='ltr'>Art·</span> <span class='ocrx_word' id='word_1_6' title='bbox 1413 302 1481 344; x_wconf 84' lang='lat'>14.</span> <span class='ocrx_word' id='word_1_7' title='bbox 1503 302 1575 350; x_wconf 72' lang='grc' dir='ltr'>ις.</span> <span class='ocrx_word' id='word_1_8' title='bbox 1597 291 1670 345; x_wconf 82' lang='lat'>16.</span> <span class='ocrx_word' id='word_1_9' title='bbox 1687 293 1741 346; x_wconf 76' lang='grc' dir='ltr'>ὅ(</span> <span class='ocrx_word' id='word_1_10' title='bbox 1765 305 1834 357; x_wconf 89' lang='lat'>17.</span> 
     </span>
    </p>
   </div>
   <div class='ocr_carea' id='block_1_2' title="bbox 142 369 1136 412">
    <p class='ocr_par' dir='ltr' id='par_1_2' title="bbox 142 369 1136 412">
     <span class='ocr_line' id='line_1_2' title="bbox 142 369 1136 412; baseline 0 -9"><span class='ocrx_word' id='word_1_11' title='bbox 142 370 276 404; x_wconf 82' lang='lat' dir='ltr'>acinos:</span> <span class='ocrx_word' id='word_1_12' title='bbox 298 377 452 411; x_wconf 85' lang='lat' dir='ltr'>erantque</span> <span class='ocrx_word' id='word_1_13' title='bbox 474 370 583 402; x_wconf 85' lang='lat' dir='ltr'>omnia</span> <span class='ocrx_word' id='word_1_14' title='bbox 605 380 677 411; x_wconf 84' lang='lat' dir='ltr'>quae</span> <span class='ocrx_word' id='word_1_15' title='bbox 701 369 1136 412; x_wconf 83' lang='lat' dir='ltr'>uterqueinvenimus‚glo-</span> 
     </span>
    </p>
   </div>
   <div class='ocr_carea' id='block_1_3' title="bbox 140 409 1139 454">
    <p class='ocr_par' dir='ltr' id='par_1_3' title="bbox 140 409 1139 454">
     <span class='ocr_line' id='line_1_3' title="bbox 140 409 1139 454; baseline -0.001 -7"><span class='ocrx_word' id='word_1_16' title='bbox 140 409 423 447; x_wconf 67' lang='lat' dir='ltr'>bulorumforma</span> <span class='ocrx_word' id='word_1_17' title='bbox 448 423 457 450; x_wconf 75' lang='grc' dir='ltr'><strong><em>ς</em></strong></span> <span class='ocrx_word' id='word_1_18' title='bbox 481 422 555 445; x_wconf 87' lang='lat' dir='ltr'>cum</span> <span class='ocrx_word' id='word_1_19' title='bbox 578 412 752 454; x_wconf 80' lang='lat' dir='ltr'>Reimarus</span> <span class='ocrx_word' id='word_1_20' title='bbox 775 423 838 446; x_wconf 91' lang='lat' dir='ltr'>non</span> <span class='ocrx_word' id='word_1_21' title='bbox 863 412 926 445; x_wconf 75' lang='lat' dir='ltr'>nifi-</span> <span class='ocrx_word' id='word_1_22' title='bbox 946 419 1051 446; x_wconf 68' lang='lat' dir='ltr'>unum‘</span> <span class='ocrx_word' id='word_1_23' title='bbox 1071 423 1139 446; x_wconf 85' lang='lat' dir='ltr'>me-·</span> 
     </span>
    </p>
   </div>
   <div class='ocr_carea' id='block_1_4' title="bbox 80 453 1135 3149">
    <p class='ocr_par' dir='ltr' id='par_1_4' title="bbox 132 453 1134 1012">
     <span class='ocr_line' id='line_1_4' title="bbox 140 453 1134 496; baseline -0.001 -6"><span class='ocrx_word' id='word_1_24' title='bbox 140 464 268 492; x_wconf 76' lang='lat' dir='ltr'>moret,</span> <span class='ocrx_word' id='word_1_25' title='bbox 290 462 366 495; x_wconf 78' lang='lat' dir='ltr'>aut,</span> <span class='ocrx_word' id='word_1_26' title='bbox 393 453 553 489; x_wconf 75' lang='lat' dir='ltr'>summum</span> <span class='ocrx_word' id='word_1_27' title='bbox 566 457 686 494; x_wconf 65' lang='lat' dir='ltr'>,-=duo‚</span> <span class='ocrx_word' id='word_1_28' title='bbox 710 456 827 489; x_wconf 76' lang='lat' dir='ltr'>necde</span> <span class='ocrx_word' id='word_1_29' title='bbox 841 455 1062 496; x_wconf 73' lang='lat' dir='ltr'>magnitudine</span> <span class='ocrx_word' id='word_1_30' title='bbox 1074 465 1134 489; x_wconf 81' lang='lat' dir='ltr'>aut</span> 
     </span>
     <span class='ocr_line' id='line_1_5' title="bbox 141 497 1131 541; baseline -0.001 -9"><span class='ocrx_word' id='word_1_31' title='bbox 141 498 244 541; x_wconf 86' lang='lat' dir='ltr'>figura</span> <span class='ocrx_word' id='word_1_32' title='bbox 268 497 447 540; x_wconf 82' lang='lat' dir='ltr'>quidquam</span> <span class='ocrx_word' id='word_1_33' title='bbox 472 497 614 537; x_wconf 82' lang='lat' dir='ltr'>indicet,</span> <span class='ocrx_word' id='word_1_34' title='bbox 638 498 694 531; x_wconf 83' lang='lat' dir='ltr'>nisi</span> <span class='ocrx_word' id='word_1_35' title='bbox 719 510 819 532; x_wconf 89' lang='lat' dir='ltr'>unum</span> <span class='ocrx_word' id='word_1_36' title='bbox 841 497 933 532; x_wconf 80' lang='lat' dir='ltr'>fuisse</span> <span class='ocrx_word' id='word_1_37' title='bbox 957 498 1033 532; x_wconf 88' lang='lat' dir='ltr'>mole</span> <span class='ocrx_word' id='word_1_38' title='bbox 1044 498 1131 532; x_wconf 82' lang='lat' dir='ltr'>circi.</span> 
     </span>
     <span class='ocr_line' id='line_1_6' title="bbox 139 539 1132 584; baseline -0.002 -9"><span class='ocrx_word' id='word_1_39' title='bbox 139 549 189 575; x_wconf 84' lang='lat' dir='ltr'>ter</span> <span class='ocrx_word' id='word_1_40' title='bbox 207 540 386 584; x_wconf 84' lang='lat' dir='ltr'>phaseolum</span> <span class='ocrx_word' id='word_1_41' title='bbox 407 551 547 581; x_wconf 81' lang='lat' dir='ltr'>aequans.</span> <span class='ocrx_word' id='word_1_42' title='bbox 572 539 659 574; x_wconf 87' lang='lat' dir='ltr'>Mihi</span> <span class='ocrx_word' id='word_1_43' title='bbox 686 551 794 575; x_wconf 79' lang='lat' dir='ltr'>autem</span> <span class='ocrx_word' id='word_1_44' title='bbox 820 542 1024 584; x_wconf 74' lang='lat' dir='ltr'>peculiariter</span> <span class='ocrx_word' id='word_1_45' title='bbox 1047 542 1132 575; x_wconf 88' lang='lat' dir='ltr'>acci-</span> 
     </span>
     <span class='ocr_line' id='line_1_7' title="bbox 139 584 1131 625; baseline 0.002 -8"><span class='ocrx_word' id='word_1_46' title='bbox 139 585 211 621; x_wconf 89' lang='lat' dir='ltr'>dit,</span> <span class='ocrx_word' id='word_1_47' title='bbox 235 592 271 616; x_wconf 91' lang='lat' dir='ltr'>ut</span> <span class='ocrx_word' id='word_1_48' title='bbox 295 593 359 616; x_wconf 90' lang='lat' dir='ltr'>non</span> <span class='ocrx_word' id='word_1_49' title='bbox 383 585 492 616; x_wconf 88' lang='lat' dir='ltr'>omnia</span> <span class='ocrx_word' id='word_1_50' title='bbox 516 584 729 625; x_wconf 80' lang='lat' dir='ltr'>cartilagineo</span> <span class='ocrx_word' id='word_1_51' title='bbox 751 594 876 618; x_wconf 81' lang='lat' dir='ltr'>cortice</span> <span class='ocrx_word' id='word_1_52' title='bbox 899 584 1012 618; x_wconf 87' lang='lat' dir='ltr'>induta</span> <span class='ocrx_word' id='word_1_53' title='bbox 1036 606 1046 623; x_wconf 95' lang='lat'>,</span> <span class='ocrx_word' id='word_1_54' title='bbox 1081 584 1131 619; x_wconf 89' lang='lat' dir='ltr'>sed</span> 
     </span>
     <span class='ocr_line' id='line_1_8' title="bbox 139 624 1130 670; baseline 0.001 -10"><span class='ocrx_word' id='word_1_55' title='bbox 139 627 229 670; x_wconf 86' lang='lat' dir='ltr'>plura</span> <span class='ocrx_word' id='word_1_56' title='bbox 254 627 433 659; x_wconf 84' lang='lat' dir='ltr'>invenerim</span> <span class='ocrx_word' id='word_1_57' title='bbox 457 628 592 659; x_wconf 87' lang='lat' dir='ltr'>omnino</span> <span class='ocrx_word' id='word_1_58' title='bbox 615 624 721 666; x_wconf 73' lang='lat' dir='ltr'>ossea5</span> <span class='ocrx_word' id='word_1_59' title='bbox 744 638 774 660; x_wconf 92' lang='lat' dir='ltr'>at</span> <span class='ocrx_word' id='word_1_60' title='bbox 799 627 901 661; x_wconf 88' lang='lat' dir='ltr'>soluta</span> <span class='ocrx_word' id='word_1_61' title='bbox 925 627 1012 661; x_wconf 82' lang='lat' dir='ltr'>nul-la</span> <span class='ocrx_word' id='word_1_62' title='bbox 1036 652 1046 666; x_wconf 87' lang='lat'>,</span> <span class='ocrx_word' id='word_1_63' title='bbox 1078 627 1130 661; x_wconf 88' lang='lat' dir='ltr'>sed</span> 
     </span>
     <span class='ocr_line' id='line_1_9' title="bbox 137 668 1132 711; baseline -0.001 -8"><span class='ocrx_word' id='word_1_64' title='bbox 137 669 247 703; x_wconf 86' lang='lat' dir='ltr'>omnia</span> <span class='ocrx_word' id='word_1_65' title='bbox 267 668 536 710; x_wconf 80' lang='lat' dir='ltr'>cartilaginibus,</span> <span class='ocrx_word' id='word_1_66' title='bbox 559 670 609 701; x_wconf 90' lang='lat' dir='ltr'>vel</span> <span class='ocrx_word' id='word_1_67' title='bbox 634 670 744 709; x_wconf 89' lang='lat' dir='ltr'>potius</span> <span class='ocrx_word' id='word_1_68' title='bbox 770 669 1009 711; x_wconf 83' lang='lat' dir='ltr'>mucilaginofis</span> <span class='ocrx_word' id='word_1_69' title='bbox 1041 670 1132 711; x_wconf 83' lang='lat' dir='ltr'>glan-</span> 
     </span>
     <span class='ocr_line' id='line_1_10' title="bbox 135 711 1133 754; baseline 0.001 -9"><span class='ocrx_word' id='word_1_70' title='bbox 135 711 220 750; x_wconf 81' lang='lat' dir='ltr'>dulis</span> <span class='ocrx_word' id='word_1_71' title='bbox 245 712 437 751; x_wconf 84' lang='lat' dir='ltr'>continuata</span> <span class='ocrx_word' id='word_1_72' title='bbox 460 711 677 752; x_wconf 82' lang='lat' dir='ltr'>deprehendi:</span> <span class='ocrx_word' id='word_1_73' title='bbox 703 724 887 754; x_wconf 77' lang='lat' dir='ltr'>quanquam</span> <span class='ocrx_word' id='word_1_74' title='bbox 914 724 978 745; x_wconf 90' lang='lat' dir='ltr'>non</span> <span class='ocrx_word' id='word_1_75' title='bbox 1001 711 1133 746; x_wconf 85' lang='lat' dir='ltr'>difficile</span> 
     </span>
     <span class='ocr_line' id='line_1_11' title="bbox 135 752 1133 797; baseline -0.001 -8"><span class='ocrx_word' id='word_1_76' title='bbox 135 755 206 789; x_wconf 85' lang='lat' dir='ltr'>fieri</span> <span class='ocrx_word' id='word_1_77' title='bbox 230 752 339 796; x_wconf 89' lang='lat' dir='ltr'>posse,</span> <span class='ocrx_word' id='word_1_78' title='bbox 363 754 509 786; x_wconf 86' lang='lat' dir='ltr'>intellexi</span> <span class='ocrx_word' id='word_1_79' title='bbox 533 758 544 793; x_wconf 89' lang='lat'>(</span> <span class='ocrx_word' id='word_1_80' title='bbox 567 764 589 788; x_wconf 86' lang='lat' dir='ltr'><strong><em>x</em></strong></span> <span class='ocrx_word' id='word_1_81' title='bbox 610 758 644 794; x_wconf 64' lang='lat'>&gt;2</span> <span class='ocrx_word' id='word_1_82' title='bbox 671 763 706 787; x_wconf 90' lang='lat' dir='ltr'>ut</span> <span class='ocrx_word' id='word_1_83' title='bbox 730 756 763 788; x_wconf 91' lang='lat' dir='ltr'>in</span> <span class='ocrx_word' id='word_1_84' title='bbox 789 766 871 796; x_wconf 84' lang='lat' dir='ltr'>genu</span> <span class='ocrx_word' id='word_1_85' title='bbox 897 756 1133 797; x_wconf 80' lang='lat' dir='ltr'>agitationibus</span> 
     </span>
     <span class='ocr_line' id='line_1_12' title="bbox 135 796 1130 841; baseline 0 -10"><span class='ocrx_word' id='word_1_86' title='bbox 135 796 208 832; x_wconf 89' lang='lat' dir='ltr'>inde</span> <span class='ocrx_word' id='word_1_87' title='bbox 232 796 337 839; x_wconf 87' lang='lat' dir='ltr'>aliqua</span> <span class='ocrx_word' id='word_1_88' title='bbox 362 797 594 831; x_wconf 82' lang='lat' dir='ltr'>avellerentur.</span> <span class='ocrx_word' id='word_1_89' title='bbox 618 797 700 830; x_wconf 75' lang='lat' dir='ltr'>Haec</span> <span class='ocrx_word' id='word_1_90' title='bbox 723 798 846 838; x_wconf 81' lang='lat' dir='ltr'>igitur,</span> <span class='ocrx_word' id='word_1_91' title='bbox 871 809 943 841; x_wconf 88' lang='lat' dir='ltr'>quae</span> <span class='ocrx_word' id='word_1_92' title='bbox 968 808 1033 831; x_wconf 90' lang='lat' dir='ltr'>non</span> <span class='ocrx_word' id='word_1_93' title='bbox 1045 809 1130 840; x_wconf 83' lang='lat' dir='ltr'>repe-</span> 
     </span>
     <span class='ocr_line' id='line_1_13' title="bbox 135 837 1134 886; baseline -0.001 -11"><span class='ocrx_word' id='word_1_94' title='bbox 135 839 245 876; x_wconf 86' lang='lat' dir='ltr'>tendi,</span> <span class='ocrx_word' id='word_1_95' title='bbox 268 838 319 881; x_wconf 88' lang='lat' dir='ltr'>sed</span> <span class='ocrx_word' id='word_1_96' title='bbox 343 839 555 881; x_wconf 86' lang='lat' dir='ltr'>comparandi</span> <span class='ocrx_word' id='word_1_97' title='bbox 577 837 670 886; x_wconf 74' lang='lat' dir='ltr'>causa</span> <span class='ocrx_word' id='word_1_98' title='bbox 695 852 711 873; x_wconf 89' lang='lat' dir='ltr'>a</span> <span class='ocrx_word' id='word_1_99' title='bbox 736 851 785 873; x_wconf 90' lang='lat' dir='ltr'>me</span> <span class='ocrx_word' id='word_1_100' title='bbox 806 841 892 874; x_wconf 75' lang='lat' dir='ltr'>dic‘ta</span> <span class='ocrx_word' id='word_1_101' title='bbox 917 840 989 874; x_wconf 89' lang='lat' dir='ltr'>sunt</span> <span class='ocrx_word' id='word_1_102' title='bbox 1014 864 1026 880; x_wconf 86' lang='lat'><em>‚</em></span> <span class='ocrx_word' id='word_1_103' title='bbox 1062 841 1134 875; x_wconf 90' lang='lat' dir='ltr'>vide</span> 
     </span>
     <span class='ocr_line' id='line_1_14' title="bbox 133 881 1134 926; baseline 0 -8"><span class='ocrx_word' id='word_1_104' title='bbox 133 894 211 918; x_wconf 88' lang='lat' dir='ltr'>num</span> <span class='ocrx_word' id='word_1_105' title='bbox 232 883 380 916; x_wconf 84' lang='lat' dir='ltr'>Reimari</span> <span class='ocrx_word' id='word_1_106' title='bbox 405 883 560 924; x_wconf 86' lang='lat' dir='ltr'>exemplis</span> <span class='ocrx_word' id='word_1_107' title='bbox 582 881 752 925; x_wconf 62' lang='lat' dir='ltr'>adjuntffa,</span> <span class='ocrx_word' id='word_1_108' title='bbox 773 884 929 917; x_wconf 83' lang='lat' dir='ltr'>inservire</span> <span class='ocrx_word' id='word_1_109' title='bbox 954 884 1070 926; x_wconf 83' lang='lat' dir='ltr'>poffint</span> <span class='ocrx_word' id='word_1_110' title='bbox 1095 884 1134 918; x_wconf 87' lang='lat' dir='ltr'>ad</span> 
     </span>
     <span class='ocr_line' id='line_1_15' title="bbox 133 926 1134 970; baseline 0 -9"><span class='ocrx_word' id='word_1_111' title='bbox 133 926 302 961; x_wconf 89' lang='lat' dir='ltr'>nonnullas</span> <span class='ocrx_word' id='word_1_112' title='bbox 324 926 363 961; x_wconf 89' lang='lat' dir='ltr'>de</span> <span class='ocrx_word' id='word_1_113' title='bbox 386 926 512 967; x_wconf 83' lang='lat' dir='ltr'>origine</span> <span class='ocrx_word' id='word_1_114' title='bbox 536 926 642 959; x_wconf 84' lang='lat' dir='ltr'>morbi</span> <span class='ocrx_word' id='word_1_115' title='bbox 669 926 759 961; x_wconf 86' lang='lat' dir='ltr'>istius</span> <span class='ocrx_word' id='word_1_116' title='bbox 782 927 983 970; x_wconf 63' lang='lat' dir='ltr'>conjecturas</span> <span class='ocrx_word' id='word_1_117' title='bbox 1008 927 1057 961; x_wconf 86' lang='lat' dir='ltr'>vel</span> <span class='ocrx_word' id='word_1_118' title='bbox 1079 938 1134 961; x_wconf 88' lang='lat' dir='ltr'>ex-</span> 
     </span>
     <span class='ocr_line' id='line_1_16' title="bbox 132 969 1134 1012; baseline 0 -7"><span class='ocrx_word' id='word_1_119' title='bbox 132 969 341 1012; x_wconf 83' lang='lat' dir='ltr'>cogitandas,</span> <span class='ocrx_word' id='word_1_120' title='bbox 367 970 419 1003; x_wconf 93' lang='lat' dir='ltr'>vel</span> <span class='ocrx_word' id='word_1_121' title='bbox 443 969 679 1004; x_wconf 84' lang='lat' dir='ltr'>confirmandas</span> <span class='ocrx_word' id='word_1_122' title='bbox 694 995 704 1011; x_wconf 90' lang='lat'>‚</span> <span class='ocrx_word' id='word_1_123' title='bbox 728 969 776 1004; x_wconf 91' lang='lat' dir='ltr'>vel</span> <span class='ocrx_word' id='word_1_124' title='bbox 790 972 909 1005; x_wconf 90' lang='lat' dir='ltr'>interea</span> <span class='ocrx_word' id='word_1_125' title='bbox 924 970 1134 1012; x_wconf 85' lang='lat' dir='ltr'>seponendas.</span> 
     </span>
    </p>

    <p class='ocr_par' dir='ltr' id='par_1_5' title="bbox 80 1012 1135 2754">
     <span class='ocr_line' id='line_1_17' title="bbox 184 1012 1134 1057; baseline 0.005 -14"><span class='ocrx_word' id='word_1_126' title='bbox 184 1022 233 1055; x_wconf 74' lang='lat'>14.</span> <span class='ocrx_word' id='word_1_127' title='bbox 258 1013 376 1055; x_wconf 85' lang='lat' dir='ltr'>Neque</span> <span class='ocrx_word' id='word_1_128' title='bbox 413 1012 465 1047; x_wconf 91' lang='lat' dir='ltr'>hic</span> <span class='ocrx_word' id='word_1_129' title='bbox 499 1013 680 1047; x_wconf 82' lang='lat' dir='ltr'>omittenda</span> <span class='ocrx_word' id='word_1_130' title='bbox 712 1013 753 1047; x_wconf 89' lang='lat' dir='ltr'>est</span> <span class='ocrx_word' id='word_1_131' title='bbox 777 1015 831 1048; x_wconf 90' lang='lat' dir='ltr'>illa</span> <span class='ocrx_word' id='word_1_132' title='bbox 854 1025 952 1057; x_wconf 86' lang='lat' dir='ltr'>quam</span> <span class='ocrx_word' id='word_1_133' title='bbox 986 1013 1134 1049; x_wconf 85' lang='lat' dir='ltr'>laudatus</span> 
     </span>
     <span class='ocr_line' id='line_1_18' title="bbox 132 1056 1130 1100; baseline 0.001 -9"><span class='ocrx_word' id='word_1_134' title='bbox 132 1056 218 1091; x_wconf 88' lang='lat' dir='ltr'>idem</span> <span class='ocrx_word' id='word_1_135' title='bbox 244 1057 308 1090; x_wconf 87' lang='lat' dir='ltr'>Vir</span> <span class='ocrx_word' id='word_1_136' title='bbox 332 1057 499 1100; x_wconf 84' lang='lat' dir='ltr'>perpaucis</span> <span class='ocrx_word' id='word_1_137' title='bbox 523 1056 628 1090; x_wconf 90' lang='lat' dir='ltr'>verbis</span> <span class='ocrx_word' id='word_1_138' title='bbox 650 1056 770 1091; x_wconf 90' lang='lat' dir='ltr'>indicat</span> <span class='ocrx_word' id='word_1_139' title='bbox 800 1060 856 1099; x_wconf 88' lang='lat' dir='ltr'>(y</span> <span class='ocrx_word' id='word_1_140' title='bbox 878 1061 893 1098; x_wconf 84' lang='lat'><strong>&gt;</strong></span> <span class='ocrx_word' id='word_1_141' title='bbox 917 1080 926 1095; x_wconf 93' lang='lat'><em>‚</em></span> <span class='ocrx_word' id='word_1_142' title='bbox 958 1069 1033 1092; x_wconf 89' lang='lat' dir='ltr'>cum</span> <span class='ocrx_word' id='word_1_143' title='bbox 1057 1059 1130 1092; x_wconf 90' lang='lat' dir='ltr'>Cel.</span> 
     </span>
     <span class='ocr_line' id='line_1_19' title="bbox 133 1098 1130 1145; baseline 0.001 -11"><span class='ocrx_word' id='word_1_144' title='bbox 133 1100 269 1134; x_wconf 80' lang='lat' dir='ltr'>Gaubio</span> <span class='ocrx_word' id='word_1_145' title='bbox 293 1098 405 1134; x_wconf 79' lang='lat' dir='ltr'>habita</span> <span class='ocrx_word' id='word_1_146' title='bbox 419 1099 643 1138; x_wconf 78' lang='lat' dir='ltr'>Observati03</span> <span class='ocrx_word' id='word_1_147' title='bbox 670 1100 706 1134; x_wconf 91' lang='lat' dir='ltr'>ad</span> <span class='ocrx_word' id='word_1_148' title='bbox 718 1102 932 1136; x_wconf 83' lang='lat' dir='ltr'>articulorum</span> <span class='ocrx_word' id='word_1_149' title='bbox 946 1102 1033 1145; x_wconf 86' lang='lat' dir='ltr'>enirn</span> <span class='ocrx_word' id='word_1_150' title='bbox 1045 1113 1130 1135; x_wconf 90' lang='lat' dir='ltr'>mor-</span> 
     </span>
     <span class='ocr_line' id='line_1_20' title="bbox 127 1143 1131 1186; baseline 0.002 -8"><span class='ocrx_word' id='word_1_151' title='bbox 127 1144 217 1182; x_wconf 77' lang='lat' dir='ltr'>‘bos5</span> <span class='ocrx_word' id='word_1_152' title='bbox 242 1144 309 1176; x_wconf 86' lang='lat' dir='ltr'>imo</span> <span class='ocrx_word' id='word_1_153' title='bbox 335 1144 370 1177; x_wconf 89' lang='lat' dir='ltr'>ad</span> <span class='ocrx_word' id='word_1_154' title='bbox 406 1155 477 1178; x_wconf 86' lang='lat' dir='ltr'>eum</span> <span class='ocrx_word' id='word_1_155' title='bbox 501 1145 556 1186; x_wconf 88' lang='lat' dir='ltr'>qui</span> <span class='ocrx_word' id='word_1_156' title='bbox 582 1143 622 1177; x_wconf 88' lang='lat' dir='ltr'>ab</span> <span class='ocrx_word' id='word_1_157' title='bbox 644 1143 790 1178; x_wconf 80' lang='lat' dir='ltr'>articulis</span> <span class='ocrx_word' id='word_1_158' title='bbox 813 1146 999 1178; x_wconf 87' lang='lat' dir='ltr'>nominatur</span> <span class='ocrx_word' id='word_1_159' title='bbox 1018 1169 1028 1184; x_wconf 92' lang='lat'>,</span> <span class='ocrx_word' id='word_1_160' title='bbox 1065 1147 1131 1180; x_wconf 90' lang='lat' dir='ltr'>Ar-</span> 
     </span>
     <span class='ocr_line' id='line_1_21' title="bbox 133 1185 1130 1232; baseline 0.001 -11"><span class='ocrx_word' id='word_1_161' title='bbox 133 1185 307 1221; x_wconf 87' lang='lat' dir='ltr'>thritidem</span> <span class='ocrx_word' id='word_1_162' title='bbox 332 1187 474 1227; x_wconf 65' lang='lat' dir='ltr'>spectat.</span> <span class='ocrx_word' id='word_1_163' title='bbox 501 1187 633 1221; x_wconf 87' lang='lat' dir='ltr'>Scilicet</span> <span class='ocrx_word' id='word_1_164' title='bbox 656 1187 691 1221; x_wconf 88' lang='lat' dir='ltr'>in</span> <span class='ocrx_word' id='word_1_165' title='bbox 716 1188 853 1232; x_wconf 86' lang='lat' dir='ltr'>viroqui</span> <span class='ocrx_word' id='word_1_166' title='bbox 872 1211 882 1226; x_wconf 90' lang='lat'>,</span> <span class='ocrx_word' id='word_1_167' title='bbox 903 1199 977 1222; x_wconf 86' lang='lat' dir='ltr'>cum</span> <span class='ocrx_word' id='word_1_168' title='bbox 990 1188 1130 1231; x_wconf 84' lang='lat' dir='ltr'>podagra</span> 
     </span>
     <span class='ocr_line' id='line_1_22' title="bbox 131 1228 1131 1271; baseline -0.001 -4"><span class='ocrx_word' id='word_1_169' title='bbox 131 1228 301 1267; x_wconf 79' lang='lat' dir='ltr'>laborasset</span> <span class='ocrx_word' id='word_1_170' title='bbox 315 1256 323 1269; x_wconf 92' lang='lat'>,</span> <span class='ocrx_word' id='word_1_171' title='bbox 348 1230 406 1265; x_wconf 89' lang='lat' dir='ltr'>hac</span> <span class='ocrx_word' id='word_1_172' title='bbox 428 1230 561 1265; x_wconf 88' lang='lat' dir='ltr'>cessante</span> <span class='ocrx_word' id='word_1_173' title='bbox 584 1229 790 1265; x_wconf 85' lang='lat' dir='ltr'>asthmaticus</span> <span class='ocrx_word' id='word_1_174' title='bbox 812 1231 961 1271; x_wconf 88' lang='lat' dir='ltr'>obierat,</span> <span class='ocrx_word' id='word_1_175' title='bbox 985 1231 1039 1266; x_wconf 90' lang='lat' dir='ltr'>hic</span> <span class='ocrx_word' id='word_1_176' title='bbox 1062 1233 1131 1266; x_wconf 87' lang='lat' dir='ltr'>illic</span> 
     </span>
     <span class='ocr_line' id='line_1_23' title="bbox 131 1272 1129 1317; baseline 0.002 -10"><span class='ocrx_word' id='word_1_177' title='bbox 131 1278 218 1310; x_wconf 86' lang='lat' dir='ltr'>intra</span> <span class='ocrx_word' id='word_1_178' title='bbox 244 1273 409 1315; x_wconf 77' lang='lat' dir='ltr'>pulmones</span> <span class='ocrx_word' id='word_1_179' title='bbox 434 1275 599 1308; x_wconf 82' lang='lat' dir='ltr'>materiam</span> <span class='ocrx_word' id='word_1_180' title='bbox 621 1272 902 1317; x_wconf 85' lang='lat' dir='ltr'>deprehenderunt</span> <span class='ocrx_word' id='word_1_181' title='bbox 925 1273 1129 1317; x_wconf 77' lang='lat' dir='ltr'>albam,qui.</span> 
     </span>
     <span class='ocr_line' id='line_1_24' title="bbox 132 1314 1130 1361; baseline 0.001 -9"><span class='ocrx_word' id='word_1_182' title='bbox 132 1316 259 1360; x_wconf 81' lang='lat' dir='ltr'>busdam</span> <span class='ocrx_word' id='word_1_183' title='bbox 279 1316 426 1359; x_wconf 82' lang='lat' dir='ltr'>partibus</span> <span class='ocrx_word' id='word_1_184' title='bbox 443 1316 526 1360; x_wconf 82' lang='lat' dir='ltr'>satis</span> <span class='ocrx_word' id='word_1_185' title='bbox 541 1314 670 1360; x_wconf 74' lang='lat' dir='ltr'>spissam</span> <span class='ocrx_word' id='word_1_186' title='bbox 692 1319 735 1351; x_wconf 64' lang='lat'>(9</span> <span class='ocrx_word' id='word_1_187' title='bbox 754 1317 902 1361; x_wconf 74' lang='lat' dir='ltr'>gypseam</span> <span class='ocrx_word' id='word_1_188' title='bbox 925 1327 1072 1353; x_wconf 77' lang='lat' dir='ltr'>naturam</span> <span class='ocrx_word' id='word_1_189' title='bbox 1083 1330 1130 1354; x_wconf 82' lang='lat' dir='ltr'>re-</span> 
     </span>
     <span class='ocr_line' id='line_1_25' title="bbox 125 1360 1135 1407; baseline 0.002 -13"><span class='ocrx_word' id='word_1_190' title='bbox 125 1360 281 1407; x_wconf 80' lang='lat' dir='ltr'>ferentem</span> <span class='ocrx_word' id='word_1_191' title='bbox 296 1384 304 1391; x_wconf 89' lang='lat'>.</span> <span class='ocrx_word' id='word_1_192' title='bbox 330 1360 430 1398; x_wconf 81' lang='lat' dir='ltr'>Quod</span> <span class='ocrx_word' id='word_1_193' title='bbox 454 1369 491 1394; x_wconf 92' lang='lat' dir='ltr'>tu</span> <span class='ocrx_word' id='word_1_194' title='bbox 514 1360 643 1403; x_wconf 76' lang='lat' dir='ltr'>legens,</span> <span class='ocrx_word' id='word_1_195' title='bbox 664 1372 775 1395; x_wconf 89' lang='lat' dir='ltr'>eorum</span> <span class='ocrx_word' id='word_1_196' title='bbox 797 1360 891 1397; x_wconf 88' lang='lat' dir='ltr'>facile</span> <span class='ocrx_word' id='word_1_197' title='bbox 903 1361 1135 1405; x_wconf 84' lang='lat' dir='ltr'>recordaberis,</span> 
     </span>
     <span class='ocr_line' id='line_1_26' title="bbox 130 1403 1134 1449; baseline -0.001 -11"><span class='ocrx_word' id='word_1_198' title='bbox 130 1415 202 1448; x_wconf 62' lang='lat' dir='ltr'>qua?</span> <span class='ocrx_word' id='word_1_199' title='bbox 226 1405 264 1437; x_wconf 90' lang='lat' dir='ltr'>de</span> <span class='ocrx_word' id='word_1_200' title='bbox 289 1403 461 1440; x_wconf 86' lang='lat' dir='ltr'>arth-ritica</span> <span class='ocrx_word' id='word_1_201' title='bbox 487 1407 620 1442; x_wconf 81' lang='lat' dir='ltr'>materia</span> <span class='ocrx_word' id='word_1_202' title='bbox 643 1404 680 1438; x_wconf 87' lang='lat' dir='ltr'>ad</span> <span class='ocrx_word' id='word_1_203' title='bbox 707 1415 737 1438; x_wconf 90' lang='lat' dir='ltr'>te</span> <span class='ocrx_word' id='word_1_204' title='bbox 748 1403 929 1449; x_wconf 84' lang='lat' dir='ltr'>scripsimus</span> <span class='ocrx_word' id='word_1_205' title='bbox 949 1408 965 1445; x_wconf 89' lang='lat'><strong>(</strong></span> <span class='ocrx_word' id='word_1_206' title='bbox 988 1417 1012 1449; x_wconf 71' lang='lat' dir='ltr'><em>z</em></span> <span class='ocrx_word' id='word_1_207' title='bbox 1032 1409 1067 1446; x_wconf 87' lang='lat'>)‚</span> <span class='ocrx_word' id='word_1_208' title='bbox 1095 1407 1134 1441; x_wconf 82' lang='lat' dir='ltr'>fi-</span> 
     </span>
     <span class='ocr_line' id='line_1_27' title="bbox 130 1447 1134 1491; baseline 0.002 -9"><span class='ocrx_word' id='word_1_209' title='bbox 130 1460 168 1482; x_wconf 90' lang='lat' dir='ltr'>ve</span> <span class='ocrx_word' id='word_1_210' title='bbox 189 1458 265 1481; x_wconf 88' lang='lat' dir='ltr'>cum</span> <span class='ocrx_word' id='word_1_211' title='bbox 290 1448 442 1481; x_wconf 84' lang='lat' dir='ltr'>articulos</span> <span class='ocrx_word' id='word_1_212' title='bbox 463 1447 626 1486; x_wconf 83' lang='lat' dir='ltr'>deserens,</span> <span class='ocrx_word' id='word_1_213' title='bbox 649 1449 682 1481; x_wconf 91' lang='lat' dir='ltr'>in</span> <span class='ocrx_word' id='word_1_214' title='bbox 709 1448 783 1483; x_wconf 89' lang='lat' dir='ltr'>alias</span> <span class='ocrx_word' id='word_1_215' title='bbox 807 1459 912 1491; x_wconf 85' lang='lat' dir='ltr'>partes</span> <span class='ocrx_word' id='word_1_216' title='bbox 935 1451 1098 1484; x_wconf 89' lang='lat' dir='ltr'>incumbit</span> <span class='ocrx_word' id='word_1_217' title='bbox 1119 1473 1134 1491; x_wconf 85' lang='lat'>,</span> 
     </span>
     <span class='ocr_line' id='line_1_28' title="bbox 129 1491 1133 1535; baseline 0.003 -10"><span class='ocrx_word' id='word_1_218' title='bbox 129 1491 195 1526; x_wconf 88' lang='lat' dir='ltr'>five</span> <span class='ocrx_word' id='word_1_219' title='bbox 218 1501 330 1525; x_wconf 84' lang='lat' dir='ltr'>contra</span> <span class='ocrx_word' id='word_1_220' title='bbox 355 1502 429 1525; x_wconf 89' lang='lat' dir='ltr'>cum</span> <span class='ocrx_word' id='word_1_221' title='bbox 454 1495 635 1533; x_wconf 85' lang='lat' dir='ltr'>opportune</span> <span class='ocrx_word' id='word_1_222' title='bbox 658 1504 673 1524; x_wconf 89' lang='lat' dir='ltr'>e</span> <span class='ocrx_word' id='word_1_223' title='bbox 696 1503 832 1535; x_wconf 77' lang='lat' dir='ltr'>corpore</span> <span class='ocrx_word' id='word_1_224' title='bbox 855 1494 1043 1527; x_wconf 72' lang='lat' dir='ltr'>eliminatur</span> <span class='ocrx_word' id='word_1_225' title='bbox 1067 1517 1077 1533; x_wconf 89' lang='lat'>,</span> <span class='ocrx_word' id='word_1_226' title='bbox 1097 1503 1133 1528; x_wconf 88' lang='lat' dir='ltr'>ut</span> 
     </span>
     <span class='ocr_line' id='line_1_29' title="bbox 128 1533 1132 1584; baseline 0.002 -15"><span class='ocrx_word' id='word_1_227' title='bbox 128 1546 183 1578; x_wconf 89' lang='lat' dir='ltr'>per</span> <span class='ocrx_word' id='word_1_228' title='bbox 207 1533 381 1574; x_wconf 81' lang='lat' dir='ltr'>intestina,</span> <span class='ocrx_word' id='word_1_229' title='bbox 403 1535 678 1578; x_wconf 81' lang='lat' dir='ltr'>quemadmodum</span> <span class='ocrx_word' id='word_1_230' title='bbox 700 1535 914 1570; x_wconf 86' lang='lat' dir='ltr'>Albertinum</span> <span class='ocrx_word' id='word_1_231' title='bbox 927 1535 1058 1584; x_wconf 56' lang='lat' dir='ltr'>vidisse„</span> <span class='ocrx_word' id='word_1_232' title='bbox 1082 1548 1132 1571; x_wconf 87' lang='lat' dir='ltr'>re-</span> 
     </span>
     <span class='ocr_line' id='line_1_30' title="bbox 129 1576 1133 1624; baseline 0.002 -12"><span class='ocrx_word' id='word_1_233' title='bbox 129 1577 285 1622; x_wconf 60' lang='lat' dir='ltr'>tulimus,</span> <span class='ocrx_word' id='word_1_234' title='bbox 309 1576 394 1620; x_wconf 79' lang='lat' dir='ltr'>quasi</span> <span class='ocrx_word' id='word_1_235' title='bbox 418 1589 455 1612; x_wconf 86' lang='lat' dir='ltr'>ex</span> <span class='ocrx_word' id='word_1_236' title='bbox 478 1578 565 1612; x_wconf 71' lang='lat' dir='ltr'>calce-</span> <span class='ocrx_word' id='word_1_237' title='bbox 583 1577 657 1613; x_wconf 77' lang='lat' dir='ltr'>esset</span> <span class='ocrx_word' id='word_1_238' title='bbox 673 1602 682 1618; x_wconf 86' lang='lat'>,</span> <span class='ocrx_word' id='word_1_239' title='bbox 708 1587 766 1612; x_wconf 85' lang='lat' dir='ltr'>aut</span> <span class='ocrx_word' id='word_1_240' title='bbox 785 1578 882 1623; x_wconf 74' lang='lat' dir='ltr'>gypso</span> <span class='ocrx_word' id='word_1_241' title='bbox 906 1591 1009 1614; x_wconf 74' lang='lat' dir='ltr'>recens</span> <span class='ocrx_word' id='word_1_242' title='bbox 1042 1591 1133 1624; x_wconf 87' lang='lat' dir='ltr'>coag-</span> 
     </span>
     <span class='ocr_line' id='line_1_31' title="bbox 80 1621 1131 1666; baseline 0.002 -11"><span class='ocrx_word' id='word_1_243' title='bbox 80 1660 89 1663; x_wconf 48' lang='grc'><em>,</em></span> <span class='ocrx_word' id='word_1_244' title='bbox 127 1624 302 1661; x_wconf 79' lang='lat' dir='ltr'>mentato&#39;,</span> <span class='ocrx_word' id='word_1_245' title='bbox 338 1630 393 1654; x_wconf 92' lang='lat' dir='ltr'>aut</span> <span class='ocrx_word' id='word_1_246' title='bbox 419 1632 474 1664; x_wconf 92' lang='lat' dir='ltr'>per</span> <span class='ocrx_word' id='word_1_247' title='bbox 497 1621 573 1655; x_wconf 90' lang='lat' dir='ltr'>lotii</span> <span class='ocrx_word' id='word_1_248' title='bbox 598 1623 665 1656; x_wconf 86' lang='lat' dir='ltr'>vias</span> <span class='ocrx_word' id='word_1_249' title='bbox 686 1645 698 1662; x_wconf 87' lang='lat'>,</span> <span class='ocrx_word' id='word_1_250' title='bbox 729 1622 910 1665; x_wconf 79' lang='lat' dir='ltr'>cujusmodi</span> <span class='ocrx_word' id='word_1_251' title='bbox 945 1624 1131 1666; x_wconf 80' lang='lat' dir='ltr'>praeclaram</span> 
     </span>
     <span class='ocr_line' id='line_1_32' title="bbox 126 1662 1133 1707; baseline 0.002 -8"><span class='ocrx_word' id='word_1_252' title='bbox 126 1665 293 1700; x_wconf 84' lang='lat' dir='ltr'>historiam</span> <span class='ocrx_word' id='word_1_253' title='bbox 317 1662 433 1703; x_wconf 81' lang='lat' dir='ltr'>habes,</span> <span class='ocrx_word' id='word_1_254' title='bbox 458 1665 499 1698; x_wconf 89' lang='lat' dir='ltr'>ab</span> <span class='ocrx_word' id='word_1_255' title='bbox 521 1665 626 1707; x_wconf 85' lang='lat' dir='ltr'>Regia</span> <span class='ocrx_word' id='word_1_256' title='bbox 651 1667 866 1700; x_wconf 83' lang='lat' dir='ltr'>Scientiarum</span> <span class='ocrx_word' id='word_1_257' title='bbox 891 1666 1061 1702; x_wconf 82' lang='lat' dir='ltr'>Academia</span> <span class='ocrx_word' id='word_1_258' title='bbox 1071 1668 1133 1701; x_wconf 84' lang='lat' dir='ltr'>Pa-</span> 
     </span>
     <span class='ocr_line' id='line_1_33' title="bbox 127 1708 1132 1752; baseline 0.003 -10"><span class='ocrx_word' id='word_1_259' title='bbox 127 1708 248 1743; x_wconf 79' lang='lat' dir='ltr'>rilienli</span> <span class='ocrx_word' id='word_1_260' title='bbox 275 1708 291 1750; x_wconf 90' lang='lat'><em>(</em></span> <span class='ocrx_word' id='word_1_261' title='bbox 312 1720 329 1740; x_wconf 81' lang='lat' dir='ltr'>a</span> <span class='ocrx_word' id='word_1_262' title='bbox 354 1711 365 1746; x_wconf 88' lang='grc'><strong><em>&gt;</em></strong></span> <span class='ocrx_word' id='word_1_263' title='bbox 391 1708 512 1742; x_wconf 88' lang='lat' dir='ltr'>editam</span> <span class='ocrx_word' id='word_1_264' title='bbox 536 1732 547 1748; x_wconf 95' lang='lat'>,</span> <span class='ocrx_word' id='word_1_265' title='bbox 583 1710 645 1743; x_wconf 82' lang='lat' dir='ltr'>viri</span> <span class='ocrx_word' id='word_1_266' title='bbox 667 1720 766 1752; x_wconf 90' lang='lat' dir='ltr'>quem</span> <span class='ocrx_word' id='word_1_267' title='bbox 790 1710 916 1744; x_wconf 83' lang='lat' dir='ltr'>levibus</span> <span class='ocrx_word' id='word_1_268' title='bbox 953 1711 1132 1745; x_wconf 86' lang='lat' dir='ltr'>arthriticis</span> 
     </span>
     <span class='ocr_line' id='line_1_34' title="bbox 130 1751 1134 1796; baseline 0.003 -10"><span class='ocrx_word' id='word_1_269' title='bbox 130 1751 310 1787; x_wconf 82' lang='lat' dir='ltr'>insultibus</span> <span class='ocrx_word' id='word_1_270' title='bbox 334 1763 391 1793; x_wconf 84' lang='lat' dir='ltr'>per</span> <span class='ocrx_word' id='word_1_271' title='bbox 416 1752 583 1786; x_wconf 82' lang='lat' dir='ltr'>intervalla</span> <span class='ocrx_word' id='word_1_272' title='bbox 607 1753 728 1786; x_wconf 86' lang='lat' dir='ltr'>tentari</span> <span class='ocrx_word' id='word_1_273' title='bbox 752 1755 965 1796; x_wconf 86' lang='lat' dir='ltr'>incipientem</span> <span class='ocrx_word' id='word_1_274' title='bbox 980 1780 989 1794; x_wconf 85' lang='lat'>‚</span> <span class='ocrx_word' id='word_1_275' title='bbox 1015 1755 1055 1789; x_wconf 88' lang='lat' dir='ltr'>ab</span> <span class='ocrx_word' id='word_1_276' title='bbox 1077 1766 1134 1789; x_wconf 86' lang='lat' dir='ltr'>eo·</span> 
     </span>
     <span class='ocr_line' id='line_1_35' title="bbox 130 1795 1135 1840; baseline 0.002 -10"><span class='ocrx_word' id='word_1_277' title='bbox 130 1806 204 1830; x_wconf 89' lang='lat' dir='ltr'>rum</span> <span class='ocrx_word' id='word_1_278' title='bbox 230 1795 362 1833; x_wconf 88' lang='lat' dir='ltr'>reditu,</span> <span class='ocrx_word' id='word_1_279' title='bbox 387 1797 515 1832; x_wconf 84' lang='lat' dir='ltr'>multo,</span> <span class='ocrx_word' id='word_1_280' title='bbox 539 1805 575 1828; x_wconf 92' lang='lat' dir='ltr'>ut</span> <span class='ocrx_word' id='word_1_281' title='bbox 598 1796 756 1830; x_wconf 88' lang='lat' dir='ltr'>credibile</span> <span class='ocrx_word' id='word_1_282' title='bbox 780 1796 848 1838; x_wconf 85' lang='lat' dir='ltr'>est,</span> <span class='ocrx_word' id='word_1_283' title='bbox 872 1800 1022 1840; x_wconf 86' lang='lat' dir='ltr'>graviore</span> <span class='ocrx_word' id='word_1_284' title='bbox 1045 1797 1135 1832; x_wconf 90' lang='lat' dir='ltr'>futu-</span> 
     </span>
     <span class='ocr_line' id='line_1_36' title="bbox 128 1836 1135 1883; baseline 0.001 -10"><span class='ocrx_word' id='word_1_285' title='bbox 128 1851 186 1879; x_wconf 91' lang='lat' dir='ltr'>ro,</span> <span class='ocrx_word' id='word_1_286' title='bbox 208 1837 351 1872; x_wconf 88' lang='lat' dir='ltr'>liberum</span> <span class='ocrx_word' id='word_1_287' title='bbox 376 1836 523 1872; x_wconf 91' lang='lat' dir='ltr'>fecerunt</span> <span class='ocrx_word' id='word_1_288' title='bbox 548 1841 673 1880; x_wconf 83' lang='lat' dir='ltr'>urinae,</span> <span class='ocrx_word' id='word_1_289' title='bbox 697 1851 775 1883; x_wconf 86' lang='lat' dir='ltr'>quas</span> <span class='ocrx_word' id='word_1_290' title='bbox 803 1852 858 1883; x_wconf 90' lang='lat' dir='ltr'>per</span> <span class='ocrx_word' id='word_1_291' title='bbox 883 1852 1002 1875; x_wconf 89' lang='lat' dir='ltr'>novem</span> <span class='ocrx_word' id='word_1_292' title='bbox 1033 1844 1135 1876; x_wconf 91' lang='lat' dir='ltr'>circi-</span> 
     </span>
     <span class='ocr_line' id='line_1_37' title="bbox 128 1880 1133 1927; baseline 0.003 -11"><span class='ocrx_word' id='word_1_293' title='bbox 128 1893 179 1916; x_wconf 89' lang='lat' dir='ltr'>ter</span> <span class='ocrx_word' id='word_1_294' title='bbox 203 1880 326 1915; x_wconf 86' lang='lat' dir='ltr'>menses</span> <span class='ocrx_word' id='word_1_295' title='bbox 350 1880 468 1916; x_wconf 67' lang='lat' dir='ltr'>la&amp;eas</span> <span class='ocrx_word' id='word_1_296' title='bbox 492 1882 660 1923; x_wconf 89' lang='lat' dir='ltr'>reddidit,</span> <span class='ocrx_word' id='word_1_297' title='bbox 684 1882 864 1918; x_wconf 82' lang='lat' dir='ltr'>subsidente</span> <span class='ocrx_word' id='word_1_298' title='bbox 901 1895 978 1919; x_wconf 88' lang='lat' dir='ltr'>mox</span> <span class='ocrx_word' id='word_1_299' title='bbox 1002 1885 1133 1927; x_wconf 80' lang='lat' dir='ltr'>argilla-</span> 
     </span>
     <span class='ocr_line' id='line_1_38' title="bbox 133 1926 1133 1968; baseline 0.001 -7"><span class='ocrx_word' id='word_1_300' title='bbox 133 1937 189 1964; x_wconf 86' lang='lat' dir='ltr'>cea</span> <span class='ocrx_word' id='word_1_301' title='bbox 212 1926 347 1959; x_wconf 78' lang='lat' dir='ltr'>materia</span> <span class='ocrx_word' id='word_1_302' title='bbox 370 1936 443 1968; x_wconf 84' lang='lat' dir='ltr'>quae</span> <span class='ocrx_word' id='word_1_303' title='bbox 466 1926 550 1960; x_wconf 89' lang='lat' dir='ltr'>intra</span> <span class='ocrx_word' id='word_1_304' title='bbox 574 1938 692 1967; x_wconf 83' lang='lat' dir='ltr'>unam,</span> <span class='ocrx_word' id='word_1_305' title='bbox 715 1937 769 1961; x_wconf 85' lang='lat' dir='ltr'>aut</span> <span class='ocrx_word' id='word_1_306' title='bbox 794 1928 929 1962; x_wconf 89' lang='lat' dir='ltr'>alteram</span> <span class='ocrx_word' id='word_1_307' title='bbox 955 1926 1068 1963; x_wconf 89' lang='lat' dir='ltr'>horam</span> <span class='ocrx_word' id='word_1_308' title='bbox 1095 1929 1133 1963; x_wconf 90' lang='lat' dir='ltr'>ad</span> 
     </span>
     <span class='ocr_line' id='line_1_39' title="bbox 126 1968 1134 2013; baseline 0.002 -9"><span class='ocrx_word' id='word_1_309' title='bbox 126 1970 223 2013; x_wconf 80' lang='lat' dir='ltr'>gypsi</span> <span class='ocrx_word' id='word_1_310' title='bbox 247 1969 455 2012; x_wconf 84' lang='lat' dir='ltr'>perveniebat</span> <span class='ocrx_word' id='word_1_311' title='bbox 480 1968 656 2004; x_wconf 88' lang='lat' dir='ltr'>duritiem.</span> <span class='ocrx_word' id='word_1_312' title='bbox 684 1972 729 2005; x_wconf 89' lang='lat' dir='ltr'>At</span> <span class='ocrx_word' id='word_1_313' title='bbox 754 1971 776 2004; x_wconf 84' lang='lat' dir='ltr'>si</span> <span class='ocrx_word' id='word_1_314' title='bbox 801 1983 866 2005; x_wconf 91' lang='lat' dir='ltr'>non</span> <span class='ocrx_word' id='word_1_315' title='bbox 891 1981 1004 2011; x_wconf 87' lang='lat' dir='ltr'>exeat,</span> <span class='ocrx_word' id='word_1_316' title='bbox 1029 1973 1062 2005; x_wconf 92' lang='lat' dir='ltr'>in</span> <span class='ocrx_word' id='word_1_317' title='bbox 1085 1983 1134 2006; x_wconf 90' lang='lat' dir='ltr'>ar-</span> 
     </span>
     <span class='ocr_line' id='line_1_40' title="bbox 130 2013 1134 2059; baseline 0.004 -12"><span class='ocrx_word' id='word_1_318' title='bbox 130 2013 248 2047; x_wconf 89' lang='lat' dir='ltr'>ticulos</span> <span class='ocrx_word' id='word_1_319' title='bbox 270 2020 375 2046; x_wconf 89' lang='lat' dir='ltr'>autem</span> <span class='ocrx_word' id='word_1_320' title='bbox 400 2015 522 2047; x_wconf 90' lang='lat' dir='ltr'>irruere</span> <span class='ocrx_word' id='word_1_321' title='bbox 545 2023 706 2057; x_wconf 89' lang='lat' dir='ltr'>nequeat,</span> <span class='ocrx_word' id='word_1_322' title='bbox 733 2023 788 2049; x_wconf 89' lang='lat' dir='ltr'>aut</span> <span class='ocrx_word' id='word_1_323' title='bbox 812 2026 877 2050; x_wconf 92' lang='lat' dir='ltr'>non</span> <span class='ocrx_word' id='word_1_324' title='bbox 900 2025 1010 2059; x_wconf 86' lang='lat' dir='ltr'>pergat</span> <span class='ocrx_word' id='word_1_325' title='bbox 1033 2016 1134 2051; x_wconf 89' lang='lat' dir='ltr'>irrue-</span> 
     </span>
     <span class='ocr_line' id='line_1_41' title="bbox 134 2055 1134 2102; baseline 0.002 -11"><span class='ocrx_word' id='word_1_326' title='bbox 134 2069 168 2091; x_wconf 87' lang='lat' dir='ltr'>re</span> <span class='ocrx_word' id='word_1_327' title='bbox 193 2070 203 2094; x_wconf 88' lang='lat'>;</span> <span class='ocrx_word' id='word_1_328' title='bbox 235 2066 333 2099; x_wconf 84' lang='lat' dir='ltr'>quam</span> <span class='ocrx_word' id='word_1_329' title='bbox 358 2055 486 2091; x_wconf 87' lang='lat' dir='ltr'>funesta</span> <span class='ocrx_word' id='word_1_330' title='bbox 510 2056 628 2091; x_wconf 89' lang='lat' dir='ltr'>inferat</span> <span class='ocrx_word' id='word_1_331' title='bbox 653 2058 736 2093; x_wconf 88' lang='lat' dir='ltr'>mala</span> <span class='ocrx_word' id='word_1_332' title='bbox 761 2082 774 2098; x_wconf 89' lang='lat'>,</span> <span class='ocrx_word' id='word_1_333' title='bbox 807 2068 845 2093; x_wconf 92' lang='lat' dir='ltr'>ut</span> <span class='ocrx_word' id='word_1_334' title='bbox 883 2068 961 2094; x_wconf 91' lang='lat' dir='ltr'>tunc</span> <span class='ocrx_word' id='word_1_335' title='bbox 984 2061 1134 2102; x_wconf 85' lang='lat' dir='ltr'>exemplo</span> 
     </span>
     <span class='ocr_line' id='line_1_42' title="bbox 128 2099 1132 2143; baseline 0.001 -9"><span class='ocrx_word' id='word_1_336' title='bbox 128 2099 324 2135; x_wconf 87' lang='lat' dir='ltr'>ostendimus</span> <span class='ocrx_word' id='word_1_337' title='bbox 345 2099 360 2140; x_wconf 92' lang='lat'>(</span> <span class='ocrx_word' id='word_1_338' title='bbox 384 2099 402 2133; x_wconf 83' lang='lat' dir='ltr'><em>b</em></span> <span class='ocrx_word' id='word_1_339' title='bbox 427 2103 439 2139; x_wconf 92' lang='lat'>)</span> <span class='ocrx_word' id='word_1_340' title='bbox 463 2100 712 2136; x_wconf 83' lang='lat' dir='ltr'>Eminentiffimi</span> <span class='ocrx_word' id='word_1_341' title='bbox 735 2102 923 2136; x_wconf 88' lang='lat' dir='ltr'>Cardinalis</span> <span class='ocrx_word' id='word_1_342' title='bbox 946 2103 1096 2137; x_wconf 89' lang='lat' dir='ltr'>Cornelii</span> <span class='ocrx_word' id='word_1_343' title='bbox 1118 2126 1132 2143; x_wconf 88' lang='lat'>,</span> 
     </span>
     <span class='ocr_line' id='line_1_43' title="bbox 130 2142 1134 2188; baseline 0.002 -10"><span class='ocrx_word' id='word_1_344' title='bbox 130 2143 174 2178; x_wconf 86' lang='lat' dir='ltr'>sic</span> <span class='ocrx_word' id='word_1_345' title='bbox 198 2142 389 2177; x_wconf 88' lang='lat' dir='ltr'>confirmare</span> <span class='ocrx_word' id='word_1_346' title='bbox 404 2153 489 2179; x_wconf 87' lang='lat' dir='ltr'>nunc</span> <span class='ocrx_word' id='word_1_347' title='bbox 513 2144 673 2187; x_wconf 74' lang='lat' dir='ltr'>possemus</span> <span class='ocrx_word' id='word_1_348' title='bbox 687 2145 884 2188; x_wconf 85' lang='lat' dir='ltr'>Ampliffimi</span> <span class='ocrx_word' id='word_1_349' title='bbox 908 2147 1041 2180; x_wconf 88' lang='lat' dir='ltr'>alterius</span> <span class='ocrx_word' id='word_1_350' title='bbox 1052 2147 1134 2180; x_wconf 83' lang='lat' dir='ltr'>Car-</span> 
     </span>
     <span class='ocr_line' id='line_1_44' title="bbox 130 2187 1132 2231; baseline -0.001 -8"><span class='ocrx_word' id='word_1_351' title='bbox 130 2187 250 2223; x_wconf 86' lang='lat' dir='ltr'>dinalis</span> <span class='ocrx_word' id='word_1_352' title='bbox 273 2210 283 2226; x_wconf 92' lang='lat'>,</span> <span class='ocrx_word' id='word_1_353' title='bbox 315 2195 413 2229; x_wconf 88' lang='lat' dir='ltr'>atque</span> <span class='ocrx_word' id='word_1_354' title='bbox 447 2187 525 2221; x_wconf 87' lang='lat' dir='ltr'>adeo</span> <span class='ocrx_word' id='word_1_355' title='bbox 547 2189 635 2231; x_wconf 85' lang='lat' dir='ltr'>Aug.</span> <span class='ocrx_word' id='word_1_356' title='bbox 660 2189 873 2231; x_wconf 86' lang='lat' dir='ltr'>Imperatoris</span> <span class='ocrx_word' id='word_1_357' title='bbox 907 2191 1022 2224; x_wconf 88' lang='lat' dir='ltr'>Caroli</span> <span class='ocrx_word' id='word_1_358' title='bbox 1048 2191 1132 2224; x_wconf 88' lang='lat' dir='ltr'>VII.</span> 
     </span>
     <span class='ocr_line' id='line_1_45' title="bbox 130 2229 1132 2277; baseline 0.002 -11"><span class='ocrx_word' id='word_1_359' title='bbox 130 2230 306 2273; x_wconf 68' lang='lat' dir='ltr'>exemplis»,</span> <span class='ocrx_word' id='word_1_360' title='bbox 333 2242 350 2263; x_wconf 91' lang='lat' dir='ltr'>a</span> <span class='ocrx_word' id='word_1_361' title='bbox 373 2229 427 2263; x_wconf 93' lang='lat' dir='ltr'>Cl.</span> <span class='ocrx_word' id='word_1_362' title='bbox 446 2230 503 2274; x_wconf 94' lang='lat' dir='ltr'>Jo.</span> <span class='ocrx_word' id='word_1_363' title='bbox 525 2230 668 2266; x_wconf 88' lang='lat' dir='ltr'>Godofr.</span> <span class='ocrx_word' id='word_1_364' title='bbox 693 2232 733 2266; x_wconf 92' lang='lat' dir='ltr'>de</span> <span class='ocrx_word' id='word_1_365' title='bbox 755 2231 855 2266; x_wconf 88' lang='lat' dir='ltr'>Hahn</span> <span class='ocrx_word' id='word_1_366' title='bbox 878 2236 893 2273; x_wconf 89' lang='lat'>(</span> <span class='ocrx_word' id='word_1_367' title='bbox 914 2244 931 2266; x_wconf 93' lang='lat' dir='ltr'>c</span> <span class='ocrx_word' id='word_1_368' title='bbox 951 2237 966 2274; x_wconf 89' lang='lat'><strong>)</strong></span> <span class='ocrx_word' id='word_1_369' title='bbox 989 2233 1132 2277; x_wconf 84' lang='lat' dir='ltr'>proposi-</span> 
     </span>
     <span class='ocr_line' id='line_1_46' title="bbox 130 2271 1132 2315; baseline 0.004 -8"><span class='ocrx_word' id='word_1_370' title='bbox 130 2275 176 2310; x_wconf 86' lang='lat' dir='ltr'>tis</span> <span class='ocrx_word' id='word_1_371' title='bbox 191 2299 202 2315; x_wconf 89' lang='lat'>,</span> <span class='ocrx_word' id='word_1_372' title='bbox 223 2272 282 2307; x_wconf 82' lang='lat' dir='ltr'>nisi</span> <span class='ocrx_word' id='word_1_373' title='bbox 307 2271 464 2308; x_wconf 88' lang='lat' dir='ltr'>statutum</span> <span class='ocrx_word' id='word_1_374' title='bbox 488 2287 505 2308; x_wconf 89' lang='lat' dir='ltr'>a</span> <span class='ocrx_word' id='word_1_375' title='bbox 530 2275 626 2309; x_wconf 89' lang='lat' dir='ltr'>nobis</span> <span class='ocrx_word' id='word_1_376' title='bbox 649 2274 725 2310; x_wconf 79' lang='lat' dir='ltr'>esset</span> <span class='ocrx_word' id='word_1_377' title='bbox 746 2277 780 2309; x_wconf 93' lang='lat' dir='ltr'>in</span> <span class='ocrx_word' id='word_1_378' title='bbox 806 2276 878 2310; x_wconf 87' lang='lat' dir='ltr'>aliis</span> <span class='ocrx_word' id='word_1_379' title='bbox 900 2276 954 2311; x_wconf 91' lang='lat' dir='ltr'>hic</span> <span class='ocrx_word' id='word_1_380' title='bbox 982 2276 1132 2311; x_wconf 90' lang='lat' dir='ltr'>arthriti-</span> 
     </span>
     <span class='ocr_line' id='line_1_47' title="bbox 131 2315 1132 2363; baseline 0.002 -11"><span class='ocrx_word' id='word_1_381' title='bbox 131 2329 247 2354; x_wconf 88' lang='lat' dir='ltr'>corum</span> <span class='ocrx_word' id='word_1_382' title='bbox 269 2315 416 2351; x_wconf 87' lang='lat' dir='ltr'>historiis</span> <span class='ocrx_word' id='word_1_383' title='bbox 438 2327 505 2352; x_wconf 88' lang='lat' dir='ltr'>non</span> <span class='ocrx_word' id='word_1_384' title='bbox 516 2319 709 2358; x_wconf 80' lang='lat' dir='ltr'>immorari5</span> <span class='ocrx_word' id='word_1_385' title='bbox 734 2318 784 2354; x_wconf 89' lang='lat' dir='ltr'>sed</span> <span class='ocrx_word' id='word_1_386' title='bbox 796 2320 943 2363; x_wconf 83' lang='lat' dir='ltr'>delonge</span> <span class='ocrx_word' id='word_1_387' title='bbox 966 2321 1031 2355; x_wconf 82' lang='lat' dir='ltr'>alio</span> <span class='ocrx_word' id='word_1_388' title='bbox 1044 2331 1132 2354; x_wconf 90' lang='lat' dir='ltr'>mor-</span> 
     </span>
     <span class='ocr_line' id='line_1_48' title="bbox 130 2359 1133 2405; baseline 0.002 -9"><span class='ocrx_word' id='word_1_389' title='bbox 130 2363 165 2396; x_wconf 90' lang='lat' dir='ltr'>bi</span> <span class='ocrx_word' id='word_1_390' title='bbox 188 2359 438 2405; x_wconf 86' lang='lat' dir='ltr'>generealiquid</span> <span class='ocrx_word' id='word_1_391' title='bbox 463 2360 621 2405; x_wconf 87' lang='lat' dir='ltr'>adjicere.</span> <span class='ocrx_word' id='word_1_392' title='bbox 646 2363 694 2396; x_wconf 90' lang='lat' dir='ltr'>At</span> <span class='ocrx_word' id='word_1_393' title='bbox 706 2371 743 2397; x_wconf 91' lang='lat' dir='ltr'>tu</span> <span class='ocrx_word' id='word_1_394' title='bbox 764 2363 982 2399; x_wconf 88' lang='lat' dir='ltr'>nihilominus</span> <span class='ocrx_word' id='word_1_395' title='bbox 1006 2373 1133 2398; x_wconf 88' lang='lat' dir='ltr'>utrum-</span> 
     </span>
     <span class='ocr_line' id='line_1_49' title="bbox 129 2403 1134 2449; baseline 0.001 -9"><span class='ocrx_word' id='word_1_396' title='bbox 129 2416 194 2448; x_wconf 91' lang='lat' dir='ltr'>que</span> <span class='ocrx_word' id='word_1_397' title='bbox 217 2403 348 2439; x_wconf 87' lang='lat' dir='ltr'>Hahnii</span> <span class='ocrx_word' id='word_1_398' title='bbox 372 2406 553 2449; x_wconf 89' lang='lat' dir='ltr'>exemplum</span> <span class='ocrx_word' id='word_1_399' title='bbox 575 2417 649 2441; x_wconf 88' lang='lat' dir='ltr'>cum</span> <span class='ocrx_word' id='word_1_400' title='bbox 671 2407 711 2439; x_wconf 89' lang='lat' dir='ltr'>iis</span> <span class='ocrx_word' id='word_1_401' title='bbox 733 2418 807 2449; x_wconf 88' lang='lat' dir='ltr'>quae</span> <span class='ocrx_word' id='word_1_402' title='bbox 828 2406 868 2441; x_wconf 92' lang='lat' dir='ltr'>de</span> <span class='ocrx_word' id='word_1_403' title='bbox 880 2407 1039 2442; x_wconf 85' lang='lat' dir='ltr'>Cornelio</span> <span class='ocrx_word' id='word_1_404' title='bbox 1050 2409 1134 2441; x_wconf 87' lang='lat' dir='ltr'>Car-</span> 
     </span>
     <span class='ocr_line' id='line_1_50' title="bbox 129 2445 1133 2494; baseline 0.003 -12"><span class='ocrx_word' id='word_1_405' title='bbox 129 2449 234 2483; x_wconf 88' lang='lat' dir='ltr'>dinali</span> <span class='ocrx_word' id='word_1_406' title='bbox 256 2445 461 2490; x_wconf 75' lang='lat' dir='ltr'>scripsimus,</span> <span class='ocrx_word' id='word_1_407' title='bbox 485 2447 570 2484; x_wconf 89' lang='lat' dir='ltr'>haud</span> <span class='ocrx_word' id='word_1_408' title='bbox 594 2450 756 2486; x_wconf 82' lang='lat' dir='ltr'>inutiliter</span> <span class='ocrx_word' id='word_1_409' title='bbox 769 2452 994 2494; x_wconf 80' lang='lat' dir='ltr'>comparabis;</span> <span class='ocrx_word' id='word_1_410' title='bbox 1017 2453 1052 2485; x_wconf 87' lang='lat' dir='ltr'>in</span> <span class='ocrx_word' id='word_1_411' title='bbox 1066 2452 1133 2493; x_wconf 87' lang='lat' dir='ltr'>pri-</span> 
     </span>
     <span class='ocr_line' id='line_1_51' title="bbox 130 2490 1133 2538; baseline 0.002 -11"><span class='ocrx_word' id='word_1_412' title='bbox 130 2504 186 2527; x_wconf 88' lang='lat' dir='ltr'>mo</span> <span class='ocrx_word' id='word_1_413' title='bbox 208 2491 296 2526; x_wconf 87' lang='lat' dir='ltr'>enim</span> <span class='ocrx_word' id='word_1_414' title='bbox 319 2490 454 2525; x_wconf 89' lang='lat' dir='ltr'>illorum</span> <span class='ocrx_word' id='word_1_415' title='bbox 479 2494 509 2525; x_wconf 86' lang='lat'>&amp;</span> <span class='ocrx_word' id='word_1_416' title='bbox 531 2492 800 2528; x_wconf 80' lang='lat' dir='ltr'>constitutionem</span> <span class='ocrx_word' id='word_1_417' title='bbox 823 2497 969 2538; x_wconf 86' lang='lat' dir='ltr'>corporis</span> <span class='ocrx_word' id='word_1_418' title='bbox 991 2518 1002 2535; x_wconf 91' lang='lat'>‚</span> <span class='ocrx_word' id='word_1_419' title='bbox 1025 2497 1056 2529; x_wconf 87' lang='lat'>&amp;</span> <span class='ocrx_word' id='word_1_420' title='bbox 1080 2494 1133 2529; x_wconf 86' lang='lat' dir='ltr'>su·</span> 
     </span>
     <span class='ocr_line' id='line_1_52' title="bbox 134 2534 1132 2580; baseline 0.002 -10"><span class='ocrx_word' id='word_1_421' title='bbox 134 2537 314 2580; x_wconf 89' lang='lat' dir='ltr'>spicionem</span> <span class='ocrx_word' id='word_1_422' title='bbox 338 2534 449 2569; x_wconf 88' lang='lat' dir='ltr'>saltem</span> <span class='ocrx_word' id='word_1_423' title='bbox 471 2534 510 2569; x_wconf 85' lang='lat' dir='ltr'>de</span> <span class='ocrx_word' id='word_1_424' title='bbox 533 2536 658 2572; x_wconf 85' lang='lat' dir='ltr'>bilariae</span> <span class='ocrx_word' id='word_1_425' title='bbox 682 2536 828 2574; x_wconf 78' lang='lat' dir='ltr'>veficulae</span> <span class='ocrx_word' id='word_1_426' title='bbox 850 2539 1004 2579; x_wconf 87' lang='lat' dir='ltr'>calculo;</span> <span class='ocrx_word' id='word_1_427' title='bbox 1025 2541 1061 2572; x_wconf 92' lang='lat' dir='ltr'>in</span> <span class='ocrx_word' id='word_1_428' title='bbox 1084 2540 1132 2572; x_wconf 89' lang='lat' dir='ltr'>al-</span> 
     </span>
     <span class='ocr_line' id='line_1_53' title="bbox 129 2578 1130 2625; baseline 0.002 -11"><span class='ocrx_word' id='word_1_429' title='bbox 129 2589 205 2614; x_wconf 82' lang='lat' dir='ltr'>tero</span> <span class='ocrx_word' id='word_1_430' title='bbox 226 2580 396 2613; x_wconf 80' lang='lat' dir='ltr'>inventum</span> <span class='ocrx_word' id='word_1_431' title='bbox 421 2578 581 2614; x_wconf 88' lang='lat' dir='ltr'>calculum</span> <span class='ocrx_word' id='word_1_432' title='bbox 604 2591 717 2614; x_wconf 86' lang='lat' dir='ltr'>renum</span> <span class='ocrx_word' id='word_1_433' title='bbox 740 2592 751 2620; x_wconf 73' lang='grc' dir='ltr'>ς</span> <span class='ocrx_word' id='word_1_434' title='bbox 784 2583 817 2614; x_wconf 87' lang='lat' dir='ltr'>in</span> <span class='ocrx_word' id='word_1_435' title='bbox 848 2592 987 2625; x_wconf 84' lang='lat' dir='ltr'>utroque</span> <span class='ocrx_word' id='word_1_436' title='bbox 1021 2591 1130 2616; x_wconf 89' lang='lat' dir='ltr'>autem</span> 
     </span>
     <span class='ocr_line' id='line_1_54' title="bbox 130 2621 1131 2669; baseline 0.003 -12"><span class='ocrx_word' id='word_1_437' title='bbox 130 2621 525 2666; x_wconf 75' lang='lat' dir='ltr'>symptomata&#39;quaedam</span> <span class='ocrx_word' id='word_1_438' title='bbox 538 2623 576 2658; x_wconf 91' lang='lat' dir='ltr'>ad</span> <span class='ocrx_word' id='word_1_439' title='bbox 589 2624 755 2658; x_wconf 84' lang='lat' dir='ltr'>thoracem</span> <span class='ocrx_word' id='word_1_440' title='bbox 769 2648 778 2662; x_wconf 91' lang='lat'>,</span> <span class='ocrx_word' id='word_1_441' title='bbox 804 2635 965 2669; x_wconf 82' lang='lat' dir='ltr'>caputque</span> <span class='ocrx_word' id='word_1_442' title='bbox 988 2627 1131 2660; x_wconf 86' lang='lat' dir='ltr'>attinen-</span> 
     </span>
     <span class='ocr_line' id='line_1_55' title="bbox 130 2665 1130 2713; baseline 0.001 -12"><span class='ocrx_word' id='word_1_443' title='bbox 130 2669 178 2701; x_wconf 86' lang='lat' dir='ltr'>tia</span> <span class='ocrx_word' id='word_1_444' title='bbox 209 2665 346 2709; x_wconf 84' lang='lat' dir='ltr'>reperies</span> <span class='ocrx_word' id='word_1_445' title='bbox 369 2687 379 2702; x_wconf 89' lang='lat'>‚</span> <span class='ocrx_word' id='word_1_446' title='bbox 411 2677 483 2707; x_wconf 81' lang='lat' dir='ltr'>quae</span> <span class='ocrx_word' id='word_1_447' title='bbox 505 2667 540 2701; x_wconf 92' lang='lat' dir='ltr'>in</span> <span class='ocrx_word' id='word_1_448' title='bbox 562 2668 746 2702; x_wconf 88' lang='lat' dir='ltr'>Cardinalis</span> <span class='ocrx_word' id='word_1_449' title='bbox 768 2680 899 2713; x_wconf 88' lang='lat' dir='ltr'>quoque</span> <span class='ocrx_word' id='word_1_450' title='bbox 933 2669 1031 2704; x_wconf 88' lang='lat' dir='ltr'>nostri</span> <span class='ocrx_word' id='word_1_451' title='bbox 1055 2668 1130 2704; x_wconf 88' lang='lat' dir='ltr'>casu</span> 
     </span>
     <span class='ocr_line' id='line_1_56' title="bbox 132 2707 520 2754; baseline -0.008 -10"><span class='ocrx_word' id='word_1_452' title='bbox 132 2719 222 2754; x_wconf 88' lang='lat' dir='ltr'>potes</span> <span class='ocrx_word' id='word_1_453' title='bbox 246 2707 520 2752; x_wconf 79' lang='lat' dir='ltr'>animadvertere.</span> 
     </span>
    </p>

    <p class='ocr_par' dir='ltr' id='par_1_6' title="bbox 131 2751 1133 3149">
     <span class='ocr_line' id='line_1_57' title="bbox 178 2751 1127 2801; baseline 0.004 -14"><span class='ocrx_word' id='word_1_454' title='bbox 178 2762 228 2795; x_wconf 84' lang='lat'>15.</span> <span class='ocrx_word' id='word_1_455' title='bbox 251 2751 401 2801; x_wconf 33' lang='lat' dir='ltr'>Cum—de</span> <span class='ocrx_word' id='word_1_456' title='bbox 424 2753 492 2788; x_wconf 83' lang='lat' dir='ltr'>Lue</span> <span class='ocrx_word' id='word_1_457' title='bbox 515 2754 662 2789; x_wconf 86' lang='lat' dir='ltr'>Ve&#39;nerea</span> <span class='ocrx_word' id='word_1_458' title='bbox 686 2753 888 2798; x_wconf 88' lang='lat' dir='ltr'>Epistolam.</span> <span class='ocrx_word' id='word_1_459' title='bbox 913 2756 952 2790; x_wconf 85' lang='lat' dir='ltr'>ad</span> <span class='ocrx_word' id='word_1_460' title='bbox 986 2765 1018 2790; x_wconf 88' lang='lat' dir='ltr'>te</span> <span class='ocrx_word' id='word_1_461' title='bbox 1053 2756 1127 2792; x_wconf 90' lang='lat' dir='ltr'>dedi</span> 
     </span>
     <span class='ocr_line' id='line_1_58' title="bbox 131 2794 1129 2841; baseline 0.003 -10"><span class='ocrx_word' id='word_1_462' title='bbox 131 2797 265 2835; x_wconf 84' lang='lat' dir='ltr'>LVIII.</span> <span class='ocrx_word' id='word_1_463' title='bbox 290 2794 385 2831; x_wconf 74' lang='lat' dir='ltr'>facile</span> <span class='ocrx_word' id='word_1_464' title='bbox 397 2797 605 2838; x_wconf 89' lang='lat' dir='ltr'>memineris,</span> <span class='ocrx_word' id='word_1_465' title='bbox 630 2809 680 2832; x_wconf 89' lang='lat' dir='ltr'>me</span> <span class='ocrx_word' id='word_1_466' title='bbox 690 2811 731 2833; x_wconf 90' lang='lat' dir='ltr'>eo</span> <span class='ocrx_word' id='word_1_467' title='bbox 755 2801 917 2841; x_wconf 85' lang='lat' dir='ltr'>pauciores</span> <span class='ocrx_word' id='word_1_468' title='bbox 930 2801 963 2833; x_wconf 93' lang='lat' dir='ltr'>in</span> <span class='ocrx_word' id='word_1_469' title='bbox 987 2801 1042 2834; x_wconf 90' lang='lat' dir='ltr'>illa</span> <span class='ocrx_word' id='word_1_470' title='bbox 1054 2802 1129 2834; x_wconf 87' lang='lat' dir='ltr'>Ob-</span> 
     </span>
     <span class='ocr_line' id='line_1_59' title="bbox 133 2838 1127 2886; baseline 0.005 -12"><span class='ocrx_word' id='word_1_471' title='bbox 133 2841 327 2875; x_wconf 81' lang='lat' dir='ltr'>servationes</span> <span class='ocrx_word' id='word_1_472' title='bbox 351 2838 521 2882; x_wconf 81' lang='lat' dir='ltr'>scripsisse,</span> <span class='ocrx_word' id='word_1_473' title='bbox 543 2841 631 2883; x_wconf 85' lang='lat' dir='ltr'>quod</span> <span class='ocrx_word' id='word_1_474' title='bbox 654 2842 759 2885; x_wconf 87' lang='lat' dir='ltr'>plures</span> <span class='ocrx_word' id='word_1_475' title='bbox 782 2854 860 2886; x_wconf 88' lang='lat' dir='ltr'>quas</span> <span class='ocrx_word' id='word_1_476' title='bbox 882 2844 981 2877; x_wconf 88' lang='lat' dir='ltr'>initio</span> <span class='ocrx_word' id='word_1_477' title='bbox 1004 2844 1127 2879; x_wconf 89' lang='lat' dir='ltr'>ibidem</span> 
     </span>
     <span class='ocr_line' id='line_1_60' title="bbox 133 2882 1128 2961; baseline 0.007 -46"><span class='ocrx_word' id='word_1_478' title='bbox 133 2884 222 2961; x_wconf 44' lang='lat' dir='ltr'>fd)</span> <span class='ocrx_word' id='word_1_479' title='bbox 250 2882 440 2925; x_wconf 84' lang='lat' dir='ltr'>singillatim</span> <span class='ocrx_word' id='word_1_480' title='bbox 464 2883 630 2923; x_wconf 88' lang='lat' dir='ltr'>indicavi,</span> <span class='ocrx_word' id='word_1_481' title='bbox 655 2888 688 2918; x_wconf 91' lang='lat' dir='ltr'>in</span> <span class='ocrx_word' id='word_1_482' title='bbox 713 2887 782 2919; x_wconf 86' lang='lat' dir='ltr'>aliis</span> <span class='ocrx_word' id='word_1_483' title='bbox 807 2884 884 2928; x_wconf 84' lang='lat' dir='ltr'>saepe</span> <span class='ocrx_word' id='word_1_484' title='bbox 908 2888 1043 2921; x_wconf 86' lang='lat' dir='ltr'>Litteris</span> <span class='ocrx_word' id='word_1_485' title='bbox 1066 2891 1128 2921; x_wconf 91' lang='lat' dir='ltr'>mi-</span> 
     </span>
     <span class='ocr_line' id='line_1_61' title="bbox 150 2925 1127 2974; baseline 0.003 -12"><span class='ocrx_word' id='word_1_486' title='bbox 150 2938 235 2962; x_wconf 85' lang='lat' dir='ltr'>eram</span> <span class='ocrx_word' id='word_1_487' title='bbox 266 2925 431 2960; x_wconf 82' lang='lat' dir='ltr'>occasione</span> <span class='ocrx_word' id='word_1_488' title='bbox 465 2928 627 2963; x_wconf 85' lang='lat' dir='ltr'>variorum</span> <span class='ocrx_word' id='word_1_489' title='bbox 663 2931 853 2963; x_wconf 88' lang='lat' dir='ltr'>morborum</span> <span class='ocrx_word' id='word_1_490' title='bbox 875 2931 1068 2974; x_wconf 88' lang='lat' dir='ltr'>quibuscum</span> <span class='ocrx_word' id='word_1_491' title='bbox 1092 2944 1127 2965; x_wconf 86' lang='lat' dir='ltr'>ea</span> 
     </span>
     <span class='ocr_line' id='line_1_62' title="bbox 131 2970 1130 3018; baseline 0.004 -13"><span class='ocrx_word' id='word_1_492' title='bbox 131 2971 199 3006; x_wconf 86' lang='lat' dir='ltr'>lues</span> <span class='ocrx_word' id='word_1_493' title='bbox 221 2970 502 3014; x_wconf 80' lang='lat' dir='ltr'>conjungebatur.</span> <span class='ocrx_word' id='word_1_494' title='bbox 527 2972 581 3005; x_wconf 89' lang='lat' dir='ltr'>Ad</span> <span class='ocrx_word' id='word_1_495' title='bbox 604 2973 673 3006; x_wconf 86' lang='lat' dir='ltr'>illas</span> <span class='ocrx_word' id='word_1_496' title='bbox 685 2984 768 3007; x_wconf 90' lang='lat' dir='ltr'>nunc</span> <span class='ocrx_word' id='word_1_497' title='bbox 782 2974 857 3006; x_wconf 87' lang='lat' dir='ltr'>alias</span> <span class='ocrx_word' id='word_1_498' title='bbox 869 2975 983 3012; x_wconf 85' lang='lat' dir='ltr'>addes,</span> <span class='ocrx_word' id='word_1_499' title='bbox 1008 2978 1130 3018; x_wconf 84' lang='lat' dir='ltr'>&amp;prae-</span> 
     </span>
     <span class='ocr_line' id='line_1_63' title="bbox 134 3012 1133 3060; baseline 0.002 -12"><span class='ocrx_word' id='word_1_500' title='bbox 134 3015 245 3049; x_wconf 86' lang='lat' dir='ltr'>sertim</span> <span class='ocrx_word' id='word_1_501' title='bbox 268 3024 389 3057; x_wconf 86' lang='lat' dir='ltr'>quam,</span> <span class='ocrx_word' id='word_1_502' title='bbox 413 3012 453 3046; x_wconf 89' lang='lat' dir='ltr'>de</span> <span class='ocrx_word' id='word_1_503' title='bbox 475 3014 628 3060; x_wconf 82' lang='lat' dir='ltr'>Aphonia</span> <span class='ocrx_word' id='word_1_504' title='bbox 653 3016 790 3050; x_wconf 87' lang='lat' dir='ltr'>scribens</span> <span class='ocrx_word' id='word_1_505' title='bbox 815 3020 825 3056; x_wconf 94' lang='lat'>(</span> <span class='ocrx_word' id='word_1_506' title='bbox 848 3018 898 3060; x_wconf 87' lang='lat' dir='ltr'>e)</span> <span class='ocrx_word' id='word_1_507' title='bbox 922 3019 958 3052; x_wconf 86' lang='lat' dir='ltr'>ad</span> <span class='ocrx_word' id='word_1_508' title='bbox 983 3019 1065 3051; x_wconf 87' lang='lat' dir='ltr'>vitia</span> <span class='ocrx_word' id='word_1_509' title='bbox 1091 3019 1133 3050; x_wconf 85' lang='lat' dir='ltr'>si-</span> 
     </span>
     <span class='ocr_line' id='line_1_64' title="bbox 133 3056 1132 3104; baseline 0.002 -12"><span class='ocrx_word' id='word_1_510' title='bbox 133 3059 226 3096; x_wconf 84' lang='lat' dir='ltr'>mul,</span> <span class='ocrx_word' id='word_1_511' title='bbox 251 3069 267 3090; x_wconf 85' lang='lat' dir='ltr'>a</span> <span class='ocrx_word' id='word_1_512' title='bbox 289 3056 450 3091; x_wconf 88' lang='lat' dir='ltr'>virulenta</span> <span class='ocrx_word' id='word_1_513' title='bbox 473 3059 669 3099; x_wconf 79' lang='lat' dir='ltr'>gonorrhoea</span> <span class='ocrx_word' id='word_1_514' title='bbox 694 3062 780 3093; x_wconf 91' lang='lat' dir='ltr'>virili</span> <span class='ocrx_word' id='word_1_515' title='bbox 796 3060 932 3096; x_wconf 82' lang='lat' dir='ltr'>urethrae</span> <span class='ocrx_word' id='word_1_516' title='bbox 946 3062 1048 3102; x_wconf 87' lang='lat' dir='ltr'>illata,</span> <span class='ocrx_word' id='word_1_517' title='bbox 1062 3073 1132 3104; x_wconf 88' lang='lat' dir='ltr'>per-</span> 
     </span>
     <span class='ocr_line' id='line_1_65' title="bbox 134 3100 1132 3149; baseline 0.004 -13"><span class='ocrx_word' id='word_1_518' title='bbox 134 3103 293 3136; x_wconf 87' lang='lat' dir='ltr'>tinentem</span> <span class='ocrx_word' id='word_1_519' title='bbox 315 3111 381 3143; x_wconf 77' lang='lat' dir='ltr'>npn</span> <span class='ocrx_word' id='word_1_520' title='bbox 413 3100 506 3135; x_wconf 72' lang='lat' dir='ltr'>omisi</span> <span class='ocrx_word' id='word_1_521' title='bbox 519 3126 530 3135; x_wconf 84' lang='lat'>.</span> <span class='ocrx_word' id='word_1_522' title='bbox 661 3106 702 3138; x_wconf 85' lang='lat' dir='ltr'>In</span> <span class='ocrx_word' id='word_1_523' title='bbox 724 3103 890 3140; x_wconf 85' lang='lat' dir='ltr'>foemineis</span> <span class='ocrx_word' id='word_1_524' title='bbox 911 3115 1019 3141; x_wconf 86' lang='lat' dir='ltr'>autem</span> <span class='ocrx_word' id='word_1_525' title='bbox 1040 3106 1132 3149; x_wconf 80' lang='lat' dir='ltr'>geni-</span> 
     </span>
    </p>
   </div>
   <div class='ocr_carea' id='block_1_5' title="bbox 2033 306 2115 347">
    <p class='ocr_par' dir='ltr' id='par_1_7' title="bbox 2033 306 2115 347">
     <span class='ocr_line' id='line_1_66' title="bbox 2033 306 2115 347; baseline -0.024 0"><span class='ocrx_word' id='word_1_526' title='bbox 2033 306 2115 347; x_wconf 76' lang='lat'>449</span> 
     </span>
    </p>
   </div>
   <div class='ocr_carea' id='block_1_6' title="bbox 1179 364 2192 3155">
    <p class='ocr_par' dir='ltr' id='par_1_8' title="bbox 1185 364 2182 586">
     <span class='ocr_line' id='line_1_67' title="bbox 1188 364 2182 410; baseline 0.005 -9"><span class='ocrx_word' id='word_1_527' title='bbox 1188 364 1307 401; x_wconf 83' lang='lat' dir='ltr'>talibus</span> <span class='ocrx_word' id='word_1_528' title='bbox 1329 377 1400 410; x_wconf 84' lang='lat' dir='ltr'>quae</span> <span class='ocrx_word' id='word_1_529' title='bbox 1424 369 1506 402; x_wconf 87' lang='lat' dir='ltr'>mala</span> <span class='ocrx_word' id='word_1_530' title='bbox 1529 369 1569 402; x_wconf 90' lang='lat' dir='ltr'>ab</span> <span class='ocrx_word' id='word_1_531' title='bbox 1591 368 1706 403; x_wconf 85' lang='lat' dir='ltr'>lueilla</span> <span class='ocrx_word' id='word_1_532' title='bbox 1719 369 1873 410; x_wconf 70' lang='lat' dir='ltr'>produeta</span> <span class='ocrx_word' id='word_1_533' title='bbox 1885 367 2009 403; x_wconf 89' lang='lat' dir='ltr'>viderit</span> <span class='ocrx_word' id='word_1_534' title='bbox 2020 372 2073 404; x_wconf 90' lang='lat' dir='ltr'>Cl.</span> <span class='ocrx_word' id='word_1_535' title='bbox 2091 373 2182 405; x_wconf 57' lang='lat' dir='ltr'>Roe⁸</span> 
     </span>
     <span class='ocr_line' id='line_1_68' title="bbox 1185 410 2180 453; baseline 0.005 -10"><span class='ocrx_word' id='word_1_536' title='bbox 1185 412 1314 445; x_wconf 82' lang='lat' dir='ltr'>dererus</span> <span class='ocrx_word' id='word_1_537' title='bbox 1333 432 1357 451; x_wconf 62' lang='lat'>„‚</span> <span class='ocrx_word' id='word_1_538' title='bbox 1376 416 1415 445; x_wconf 74' lang='lat' dir='ltr'>eit</span> <span class='ocrx_word' id='word_1_539' title='bbox 1444 410 1513 453; x_wconf 75' lang='lat' dir='ltr'>ejus</span> <span class='ocrx_word' id='word_1_540' title='bbox 1558 413 1788 447; x_wconf 82' lang='lat' dir='ltr'>Dissertatione</span> <span class='ocrx_word' id='word_1_541' title='bbox 1832 412 1881 447; x_wconf 64' lang='lat' dir='ltr'>dev</span> <span class='ocrx_word' id='word_1_542' title='bbox 1904 413 2003 447; x_wconf 89' lang='lat' dir='ltr'>Uteri</span> <span class='ocrx_word' id='word_1_543' title='bbox 2048 414 2180 448; x_wconf 87' lang='lat' dir='ltr'>Scirrho</span> 
     </span>
     <span class='ocr_line' id='line_1_69' title="bbox 1186 449 2178 497; baseline 0.005 -10"><span class='ocrx_word' id='word_1_544' title='bbox 1186 456 1200 493; x_wconf 83' lang='grc'>(</span> <span class='ocrx_word' id='word_1_545' title='bbox 1217 449 1246 496; x_wconf 80' lang='lat' dir='ltr'><em>f</em></span> <span class='ocrx_word' id='word_1_546' title='bbox 1260 455 1272 491; x_wconf 69' lang='lat' dir='ltr'>l</span> <span class='ocrx_word' id='word_1_547' title='bbox 1295 464 1389 496; x_wconf 58' lang='grc' dir='ltr'>(ματ,</span> <span class='ocrx_word' id='word_1_548' title='bbox 1410 466 1485 488; x_wconf 88' lang='lat' dir='ltr'>cum</span> <span class='ocrx_word' id='word_1_549' title='bbox 1508 455 1650 497; x_wconf 79' lang='lat' dir='ltr'>primum</span> <span class='ocrx_word' id='word_1_550' title='bbox 1672 455 1778 497; x_wconf 84' lang='lat' dir='ltr'>scripsi</span> <span class='ocrx_word' id='word_1_551' title='bbox 1795 482 1806 497; x_wconf 93' lang='lat'>,</span> <span class='ocrx_word' id='word_1_552' title='bbox 1830 455 1967 490; x_wconf 89' lang='lat' dir='ltr'>necdum</span> <span class='ocrx_word' id='word_1_553' title='bbox 1992 457 2178 497; x_wconf 80' lang='lat' dir='ltr'>prodierat,</span> 
     </span>
     <span class='ocr_line' id='line_1_70' title="bbox 1187 496 2179 540; baseline 0.003 -9"><span class='ocrx_word' id='word_1_554' title='bbox 1187 501 1219 531; x_wconf 81' lang='grc' dir='ltr'>δι</span> <span class='ocrx_word' id='word_1_555' title='bbox 1241 507 1278 528; x_wconf 86' lang='lat' dir='ltr'>ex</span> <span class='ocrx_word' id='word_1_556' title='bbox 1302 508 1370 531; x_wconf 87' lang='lat' dir='ltr'>mea</span> <span class='ocrx_word' id='word_1_557' title='bbox 1394 496 1452 531; x_wconf 87' lang='lat' dir='ltr'>hac</span> <span class='ocrx_word' id='word_1_558' title='bbox 1475 509 1573 540; x_wconf 87' lang='lat' dir='ltr'>quam</span> <span class='ocrx_word' id='word_1_559' title='bbox 1595 511 1635 532; x_wconf 92' lang='lat' dir='ltr'>eo</span> <span class='ocrx_word' id='word_1_560' title='bbox 1659 509 1803 540; x_wconf 88' lang='lat' dir='ltr'>tempore</span> <span class='ocrx_word' id='word_1_561' title='bbox 1824 499 1968 533; x_wconf 89' lang='lat' dir='ltr'>nondum</span> <span class='ocrx_word' id='word_1_562' title='bbox 1993 499 2179 540; x_wconf 86' lang='lat' dir='ltr'>habueram,</span> 
     </span>
     <span class='ocr_line' id='line_1_71' title="bbox 1187 540 2112 586; baseline 0.004 -15"><span class='ocrx_word' id='word_1_563' title='bbox 1187 540 1423 573; x_wconf 79' lang='lat' dir='ltr'>Observatione</span> <span class='ocrx_word' id='word_1_564' title='bbox 1446 552 1518 583; x_wconf 81' lang='lat' dir='ltr'>quae</span> <span class='ocrx_word' id='word_1_565' title='bbox 1543 541 1622 576; x_wconf 88' lang='lat' dir='ltr'>mihi</span> <span class='ocrx_word' id='word_1_566' title='bbox 1647 541 1677 576; x_wconf 88' lang='lat' dir='ltr'>se</span> <span class='ocrx_word' id='word_1_567' title='bbox 1699 543 1899 583; x_wconf 88' lang='lat' dir='ltr'>obtulerint,</span> <span class='ocrx_word' id='word_1_568' title='bbox 1921 544 2112 586; x_wconf 84' lang='lat' dir='ltr'>cognosces.</span> 
     </span>
    </p>

    <p class='ocr_par' dir='ltr' id='par_1_9' title="bbox 1181 583 2192 2541">
     <span class='ocr_line' id='line_1_72' title="bbox 1231 583 2179 625; baseline 0.005 -9"><span class='ocrx_word' id='word_1_569' title='bbox 1231 585 1278 616; x_wconf 80' lang='lat'>16.</span> <span class='ocrx_word' id='word_1_570' title='bbox 1305 583 1561 619; x_wconf 87' lang='lat' dir='ltr'>MULIEREM</span> <span class='ocrx_word' id='word_1_571' title='bbox 1585 585 1775 620; x_wconf 84' lang='lat' dir='ltr'>consistente</span> <span class='ocrx_word' id='word_1_572' title='bbox 1797 595 1913 625; x_wconf 79' lang='lat' dir='ltr'>aetate.</span> <span class='ocrx_word' id='word_1_573' title='bbox 1936 597 2066 620; x_wconf 88' lang='lat' dir='ltr'>crurum</span> <span class='ocrx_word' id='word_1_574' title='bbox 2088 585 2179 621; x_wconf 83' lang='lat' dir='ltr'>oede-</span> 
     </span>
     <span class='ocr_line' id='line_1_73' title="bbox 1183 625 2180 670; baseline 0.006 -12"><span class='ocrx_word' id='word_1_575' title='bbox 1183 636 1288 662; x_wconf 88' lang='lat' dir='ltr'>mate,</span> <span class='ocrx_word' id='word_1_576' title='bbox 1311 625 1399 668; x_wconf 82' lang='lat' dir='ltr'>quod</span> <span class='ocrx_word' id='word_1_577' title='bbox 1424 627 1527 668; x_wconf 83' lang='lat' dir='ltr'>postea</span> <span class='ocrx_word' id='word_1_578' title='bbox 1560 628 1681 669; x_wconf 82' lang='lat' dir='ltr'>abierat</span> <span class='ocrx_word' id='word_1_579' title='bbox 1707 657 1711 666; x_wconf 90' lang='lat'>,</span> <span class='ocrx_word' id='word_1_580' title='bbox 1744 639 1928 670; x_wconf 86' lang='lat' dir='ltr'>correptam</span> <span class='ocrx_word' id='word_1_581' title='bbox 1962 628 2075 668; x_wconf 74' lang='lat' dir='ltr'>fuisse,</span> <span class='ocrx_word' id='word_1_582' title='bbox 2099 641 2180 664; x_wconf 78' lang='lat' dir='ltr'>con-</span> 
     </span>
     <span class='ocr_line' id='line_1_74' title="bbox 1183 669 2179 712; baseline 0.006 -10"><span class='ocrx_word' id='word_1_583' title='bbox 1183 669 1316 704; x_wconf 81' lang='lat' dir='ltr'>stabat3</span> <span class='ocrx_word' id='word_1_584' title='bbox 1349 670 1422 709; x_wconf 86' lang='lat' dir='ltr'>quis</span> <span class='ocrx_word' id='word_1_585' title='bbox 1445 678 1551 702; x_wconf 88' lang='lat' dir='ltr'>autem</span> <span class='ocrx_word' id='word_1_586' title='bbox 1586 670 1783 712; x_wconf 84' lang='lat' dir='ltr'>potiffimum</span> <span class='ocrx_word' id='word_1_587' title='bbox 1814 672 1981 705; x_wconf 75' lang='lat' dir='ltr'>occidisset</span> <span class='ocrx_word' id='word_1_588' title='bbox 2014 673 2146 712; x_wconf 81' lang='lat' dir='ltr'>morbus</span> <span class='ocrx_word' id='word_1_589' title='bbox 2168 693 2179 709; x_wconf 70' lang='lat'><em>2</em></span> 
     </span>
     <span class='ocr_line' id='line_1_75' title="bbox 1184 710 2179 754; baseline 0.008 -12"><span class='ocrx_word' id='word_1_590' title='bbox 1184 710 1396 752; x_wconf 77' lang='lat' dir='ltr'>ignorabatur</span> <span class='ocrx_word' id='word_1_591' title='bbox 1419 736 1428 744; x_wconf 90' lang='lat'>.</span> <span class='ocrx_word' id='word_1_592' title='bbox 1466 711 1530 745; x_wconf 86' lang='lat' dir='ltr'>Sed·</span> <span class='ocrx_word' id='word_1_593' title='bbox 1557 712 1608 746; x_wconf 90' lang='lat' dir='ltr'>lue</span> <span class='ocrx_word' id='word_1_594' title='bbox 1643 714 1789 748; x_wconf 87' lang='lat' dir='ltr'>Venerea</span> <span class='ocrx_word' id='word_1_595' title='bbox 1820 713 1975 748; x_wconf 80' lang='lat' dir='ltr'>laborasse</span> <span class='ocrx_word' id='word_1_596' title='bbox 1999 740 2008 754; x_wconf 85' lang='lat'>,</span> <span class='ocrx_word' id='word_1_597' title='bbox 2041 716 2179 750; x_wconf 87' lang='lat' dir='ltr'>dubium</span> 
     </span>
     <span class='ocr_line' id='line_1_76' title="bbox 1185 753 2182 802; baseline 0.006 -16"><span class='ocrx_word' id='word_1_598' title='bbox 1185 765 1249 786; x_wconf 86' lang='lat' dir='ltr'>non</span> <span class='ocrx_word' id='word_1_599' title='bbox 1273 763 1359 787; x_wconf 88' lang='lat' dir='ltr'>erat.</span> <span class='ocrx_word' id='word_1_600' title='bbox 1384 753 1479 793; x_wconf 87' lang='lat' dir='ltr'>Nos,</span> <span class='ocrx_word' id='word_1_601' title='bbox 1500 766 1574 788; x_wconf 85' lang='lat' dir='ltr'>cum</span> <span class='ocrx_word' id='word_1_602' title='bbox 1598 756 1635 789; x_wconf 90' lang='lat' dir='ltr'>ad</span> <span class='ocrx_word' id='word_1_603' title='bbox 1661 756 1720 789; x_wconf 87' lang='lat' dir='ltr'>alia</span> <span class='ocrx_word' id='word_1_604' title='bbox 1743 767 1815 799; x_wconf 83' lang='lat' dir='ltr'>quae</span> <span class='ocrx_word' id='word_1_605' title='bbox 1838 757 2009 791; x_wconf 91' lang='lat' dir='ltr'>secundum</span> <span class='ocrx_word' id='word_1_606' title='bbox 2032 768 2182 802; x_wconf 82' lang='lat' dir='ltr'>naturam</span> 
     </span>
     <span class='ocr_line' id='line_1_77' title="bbox 1184 796 2181 836; baseline 0.004 -6"><span class='ocrx_word' id='word_1_607' title='bbox 1184 796 1301 835; x_wconf 80' lang='lat' dir='ltr'>essent,</span> <span class='ocrx_word' id='word_1_608' title='bbox 1325 797 1558 836; x_wconf 86' lang='lat' dir='ltr'>examinanda,</span> <span class='ocrx_word' id='word_1_609' title='bbox 1582 800 1613 831; x_wconf 80' lang='grc' dir='ltr'>δι</span> <span class='ocrx_word' id='word_1_610' title='bbox 1636 799 1830 833; x_wconf 84' lang='lat' dir='ltr'>ostendenda</span> <span class='ocrx_word' id='word_1_611' title='bbox 1854 800 1943 834; x_wconf 88' lang='lat' dir='ltr'>illius</span> <span class='ocrx_word' id='word_1_612' title='bbox 1965 800 2100 834; x_wconf 85' lang='lat' dir='ltr'>cadaver</span> <span class='ocrx_word' id='word_1_613' title='bbox 2124 812 2181 834; x_wconf 89' lang='lat' dir='ltr'>an-</span> 
     </span>
     <span class='ocr_line' id='line_1_78' title="bbox 1186 839 2183 884; baseline 0.003 -11"><span class='ocrx_word' id='word_1_614' title='bbox 1186 849 1218 873; x_wconf 88' lang='lat' dir='ltr'>te</span> <span class='ocrx_word' id='word_1_615' title='bbox 1239 839 1380 874; x_wconf 79' lang='lat' dir='ltr'>medium</span> <span class='ocrx_word' id='word_1_616' title='bbox 1414 841 1573 873; x_wconf 81' lang='lat' dir='ltr'>Martium</span> <span class='ocrx_word' id='word_1_617' title='bbox 1608 842 1649 874; x_wconf 81' lang='lat' dir='ltr'>A.</span> <span class='ocrx_word' id='word_1_618' title='bbox 1687 851 1780 884; x_wconf 82' lang='lat'>1754.</span> <span class='ocrx_word' id='word_1_619' title='bbox 1812 843 1846 875; x_wconf 90' lang='lat' dir='ltr'>in</span> <span class='ocrx_word' id='word_1_620' title='bbox 1872 841 2076 877; x_wconf 87' lang='lat' dir='ltr'>Nosocomio</span> <span class='ocrx_word' id='word_1_621' title='bbox 2098 845 2183 878; x_wconf 82' lang='lat' dir='ltr'>inci-</span> 
     </span>
     <span class='ocr_line' id='line_1_79' title="bbox 1185 882 2184 926; baseline 0.006 -11"><span class='ocrx_word' id='word_1_622' title='bbox 1185 882 1312 917; x_wconf 86' lang='lat' dir='ltr'>deretur</span> <span class='ocrx_word' id='word_1_623' title='bbox 1334 896 1343 920; x_wconf 75' lang='lat'>3</span> <span class='ocrx_word' id='word_1_624' title='bbox 1381 882 1447 917; x_wconf 84' lang='lat' dir='ltr'>haec</span> <span class='ocrx_word' id='word_1_625' title='bbox 1481 894 1553 926; x_wconf 80' lang='lat' dir='ltr'>quae</span> <span class='ocrx_word' id='word_1_626' title='bbox 1577 884 1617 917; x_wconf 87' lang='lat' dir='ltr'>ab</span> <span class='ocrx_word' id='word_1_627' title='bbox 1651 894 1773 918; x_wconf 86' lang='lat' dir='ltr'>naturae</span> <span class='ocrx_word' id='word_1_628' title='bbox 1798 886 1897 919; x_wconf 90' lang='lat' dir='ltr'>modo</span> <span class='ocrx_word' id='word_1_629' title='bbox 1919 886 2019 920; x_wconf 86' lang='lat' dir='ltr'>aliena</span> <span class='ocrx_word' id='word_1_630' title='bbox 2051 886 2147 921; x_wconf 86' lang='lat' dir='ltr'>essent</span> <span class='ocrx_word' id='word_1_631' title='bbox 2171 907 2184 923; x_wconf 81' lang='lat'>‚</span> 
     </span>
     <span class='ocr_line' id='line_1_80' title="bbox 1187 925 2184 972; baseline 0.003 -12"><span class='ocrx_word' id='word_1_632' title='bbox 1187 925 1413 966; x_wconf 83' lang='lat' dir='ltr'>adnotavimus</span> <span class='ocrx_word' id='word_1_633' title='bbox 1436 950 1444 958; x_wconf 94' lang='lat'>.</span> <span class='ocrx_word' id='word_1_634' title='bbox 1588 927 1838 962; x_wconf 78' lang='lat' dir='ltr'>THORAX</span> <span class='ocrx_word' id='word_1_635' title='bbox 1867 929 1999 972; x_wconf 86' lang='lat' dir='ltr'>quidem</span> <span class='ocrx_word' id='word_1_636' title='bbox 2029 929 2184 964; x_wconf 85' lang='lat' dir='ltr'>nonnihil</span> 
     </span>
     <span class='ocr_line' id='line_1_81' title="bbox 1186 970 2184 1015; baseline 0.005 -13"><span class='ocrx_word' id='word_1_637' title='bbox 1186 980 1297 1012; x_wconf 77' lang='lat' dir='ltr'>aquae3</span> <span class='ocrx_word' id='word_1_638' title='bbox 1320 970 1480 1003; x_wconf 86' lang='lat' dir='ltr'>Cranium</span> <span class='ocrx_word' id='word_1_639' title='bbox 1504 980 1602 1009; x_wconf 89' lang='lat' dir='ltr'>vero,</span> <span class='ocrx_word' id='word_1_640' title='bbox 1628 973 1660 1004; x_wconf 75' lang='grc' dir='ltr'>δε</span> <span class='ocrx_word' id='word_1_641' title='bbox 1683 972 1803 1006; x_wconf 86' lang='lat' dir='ltr'>cerebri</span> <span class='ocrx_word' id='word_1_642' title='bbox 1830 973 2004 1007; x_wconf 89' lang='lat' dir='ltr'>ventriculi</span> <span class='ocrx_word' id='word_1_643' title='bbox 2024 997 2034 1011; x_wconf 90' lang='lat'>,</span> <span class='ocrx_word' id='word_1_644' title='bbox 2056 976 2086 1006; x_wconf 77' lang='grc' dir='ltr'>δι</span> <span class='ocrx_word' id='word_1_645' title='bbox 2111 974 2184 1015; x_wconf 88' lang='lat' dir='ltr'>Spi-</span> 
     </span>
     <span class='ocr_line' id='line_1_82' title="bbox 1185 1013 2182 1054; baseline 0.006 -9"><span class='ocrx_word' id='word_1_646' title='bbox 1185 1023 1234 1045; x_wconf 82' lang='lat' dir='ltr'>nae</span> <span class='ocrx_word' id='word_1_647' title='bbox 1255 1024 1372 1047; x_wconf 87' lang='lat' dir='ltr'>cavum</span> <span class='ocrx_word' id='word_1_648' title='bbox 1397 1013 1467 1054; x_wconf 90' lang='lat' dir='ltr'>plus</span> <span class='ocrx_word' id='word_1_649' title='bbox 1492 1014 1693 1048; x_wconf 86' lang='lat' dir='ltr'>habuerunt.</span> <span class='ocrx_word' id='word_1_650' title='bbox 1829 1016 1954 1051; x_wconf 86' lang='lat' dir='ltr'>Venter</span> <span class='ocrx_word' id='word_1_651' title='bbox 1976 1025 2085 1050; x_wconf 86' lang='lat' dir='ltr'>autern</span> <span class='ocrx_word' id='word_1_652' title='bbox 2108 1026 2182 1051; x_wconf 85' lang='lat' dir='ltr'>ute-</span> 
     </span>
     <span class='ocr_line' id='line_1_83' title="bbox 1189 1055 2183 1101; baseline 0.005 -12"><span class='ocrx_word' id='word_1_653' title='bbox 1189 1067 1261 1090; x_wconf 90' lang='lat' dir='ltr'>rum</span> <span class='ocrx_word' id='word_1_654' title='bbox 1287 1055 1438 1091; x_wconf 84' lang='lat' dir='ltr'>exhibuit</span> <span class='ocrx_word' id='word_1_655' title='bbox 1463 1058 1497 1090; x_wconf 88' lang='lat' dir='ltr'>in</span> <span class='ocrx_word' id='word_1_656' title='bbox 1521 1056 1676 1091; x_wconf 80' lang='lat' dir='ltr'>sinistram</span> <span class='ocrx_word' id='word_1_657' title='bbox 1701 1066 1825 1101; x_wconf 87' lang='lat' dir='ltr'>partem</span> <span class='ocrx_word' id='word_1_658' title='bbox 1850 1058 1940 1093; x_wconf 89' lang='lat' dir='ltr'>valde</span> <span class='ocrx_word' id='word_1_659' title='bbox 1964 1061 2183 1094; x_wconf 77' lang='lat' dir='ltr'>inclinatum.</span> 
     </span>
     <span class='ocr_line' id='line_1_84' title="bbox 1187 1099 2179 1143; baseline 0.006 -11"><span class='ocrx_word' id='word_1_660' title='bbox 1187 1099 1243 1132; x_wconf 89' lang='lat' dir='ltr'>Ab</span> <span class='ocrx_word' id='word_1_661' title='bbox 1266 1099 1436 1142; x_wconf 85' lang='lat' dir='ltr'>eademque</span> <span class='ocrx_word' id='word_1_662' title='bbox 1460 1109 1550 1141; x_wconf 85' lang='lat' dir='ltr'>parte</span> <span class='ocrx_word' id='word_1_663' title='bbox 1573 1100 1699 1136; x_wconf 86' lang='lat' dir='ltr'>nullutn</span> <span class='ocrx_word' id='word_1_664' title='bbox 1725 1102 1851 1143; x_wconf 81' lang='lat' dir='ltr'>prorsus</span> <span class='ocrx_word' id='word_1_665' title='bbox 1874 1105 1979 1137; x_wconf 85' lang='lat' dir='ltr'>ovarii</span> <span class='ocrx_word' id='word_1_666' title='bbox 2007 1126 2017 1141; x_wconf 91' lang='lat'>,</span> <span class='ocrx_word' id='word_1_667' title='bbox 2049 1103 2179 1138; x_wconf 88' lang='lat' dir='ltr'>nullum</span> 
     </span>
     <span class='ocr_line' id='line_1_85' title="bbox 1185 1142 2186 1188; baseline 0.006 -13"><span class='ocrx_word' id='word_1_668' title='bbox 1185 1142 1258 1175; x_wconf 90' lang='lat' dir='ltr'>finis</span> <span class='ocrx_word' id='word_1_669' title='bbox 1282 1144 1367 1177; x_wconf 84' lang='lat' dir='ltr'>tubae</span> <span class='ocrx_word' id='word_1_670' title='bbox 1390 1143 1561 1186; x_wconf 87' lang='lat' dir='ltr'>vestigium</span> <span class='ocrx_word' id='word_1_671' title='bbox 1585 1154 1764 1185; x_wconf 88' lang='lat' dir='ltr'>perattente</span> <span class='ocrx_word' id='word_1_672' title='bbox 1786 1146 1967 1188; x_wconf 87' lang='lat' dir='ltr'>inquirenti</span> <span class='ocrx_word' id='word_1_673' title='bbox 1992 1145 2073 1181; x_wconf 85' lang='lat' dir='ltr'>mihi</span> <span class='ocrx_word' id='word_1_674' title='bbox 2087 1147 2186 1181; x_wconf 81' lang='lat' dir='ltr'>licuit:</span> 
     </span>
     <span class='ocr_line' id='line_1_86' title="bbox 1181 1185 2185 1233; baseline 0.005 -14"><span class='ocrx_word' id='word_1_675' title='bbox 1181 1185 1419 1227; x_wconf 81' lang='lat' dir='ltr'>deprehendere</span> <span class='ocrx_word' id='word_1_676' title='bbox 1431 1211 1439 1219; x_wconf 90' lang='lat'>.</span> <span class='ocrx_word' id='word_1_677' title='bbox 1462 1187 1559 1221; x_wconf 87' lang='lat' dir='ltr'>Tuba</span> <span class='ocrx_word' id='word_1_678' title='bbox 1575 1189 1661 1221; x_wconf 89' lang='lat' dir='ltr'>enim</span> <span class='ocrx_word' id='word_1_679' title='bbox 1674 1214 1683 1229; x_wconf 90' lang='lat'>‚</span> <span class='ocrx_word' id='word_1_680' title='bbox 1706 1198 1866 1233; x_wconf 86' lang='lat' dir='ltr'>quantum</span> <span class='ocrx_word' id='word_1_681' title='bbox 1878 1190 1986 1224; x_wconf 87' lang='lat' dir='ltr'>videre</span> <span class='ocrx_word' id='word_1_682' title='bbox 1999 1191 2106 1233; x_wconf 84' lang='lat' dir='ltr'>potui,</span> <span class='ocrx_word' id='word_1_683' title='bbox 2117 1201 2185 1224; x_wconf 86' lang='lat' dir='ltr'>non</span> 
     </span>
     <span class='ocr_line' id='line_1_87' title="bbox 1183 1228 2186 1276; baseline 0.004 -13"><span class='ocrx_word' id='word_1_684' title='bbox 1183 1240 1260 1263; x_wconf 84' lang='lat' dir='ltr'>cava</span> <span class='ocrx_word' id='word_1_685' title='bbox 1272 1250 1282 1267; x_wconf 85' lang='lat'>,</span> <span class='ocrx_word' id='word_1_686' title='bbox 1307 1229 1360 1264; x_wconf 89' lang='lat' dir='ltr'>sed</span> <span class='ocrx_word' id='word_1_687' title='bbox 1374 1228 1473 1263; x_wconf 86' lang='lat' dir='ltr'>solida</span> <span class='ocrx_word' id='word_1_688' title='bbox 1485 1252 1497 1270; x_wconf 87' lang='lat'>‚</span> <span class='ocrx_word' id='word_1_689' title='bbox 1509 1231 1564 1264; x_wconf 84' lang='lat' dir='ltr'>vix</span> <span class='ocrx_word' id='word_1_690' title='bbox 1575 1231 1615 1263; x_wconf 88' lang='lat' dir='ltr'>ab</span> <span class='ocrx_word' id='word_1_691' title='bbox 1629 1240 1724 1266; x_wconf 88' lang='lat' dir='ltr'>utero</span> <span class='ocrx_word' id='word_1_692' title='bbox 1737 1233 1876 1267; x_wconf 67' lang='lat' dir='ltr'>tractum</span> <span class='ocrx_word' id='word_1_693' title='bbox 1888 1234 2069 1276; x_wconf 86' lang='lat' dir='ltr'>digitorum</span> <span class='ocrx_word' id='word_1_694' title='bbox 2081 1233 2186 1267; x_wconf 85' lang='lat' dir='ltr'>trans-</span> 
     </span>
     <span class='ocr_line' id='line_1_88' title="bbox 1183 1272 2186 1319; baseline 0.006 -14"><span class='ocrx_word' id='word_1_695' title='bbox 1183 1272 1347 1308; x_wconf 89' lang='lat' dir='ltr'>versorum</span> <span class='ocrx_word' id='word_1_696' title='bbox 1371 1272 1493 1307; x_wconf 87' lang='lat' dir='ltr'>emensa</span> <span class='ocrx_word' id='word_1_697' title='bbox 1517 1283 1584 1307; x_wconf 87' lang='lat' dir='ltr'>erat</span> <span class='ocrx_word' id='word_1_698' title='bbox 1608 1276 1708 1309; x_wconf 90' lang='lat' dir='ltr'>trium</span> <span class='ocrx_word' id='word_1_699' title='bbox 1735 1299 1745 1314; x_wconf 88' lang='lat'>,</span> <span class='ocrx_word' id='word_1_700' title='bbox 1778 1287 1853 1311; x_wconf 89' lang='lat' dir='ltr'>cum</span> <span class='ocrx_word' id='word_1_701' title='bbox 1880 1278 1927 1311; x_wconf 88' lang='lat' dir='ltr'>ibi</span> <span class='ocrx_word' id='word_1_702' title='bbox 1953 1287 2081 1319; x_wconf 88' lang='lat' dir='ltr'>repente</span> <span class='ocrx_word' id='word_1_703' title='bbox 2105 1276 2186 1311; x_wconf 86' lang='lat' dir='ltr'>defi-</span> 
     </span>
     <span class='ocr_line' id='line_1_89' title="bbox 1182 1317 2187 1364; baseline 0.005 -15"><span class='ocrx_word' id='word_1_704' title='bbox 1182 1317 1304 1354; x_wconf 74' lang='lat' dir='ltr'>nebat3</span> <span class='ocrx_word' id='word_1_705' title='bbox 1329 1328 1433 1359; x_wconf 89' lang='lat' dir='ltr'>neque</span> <span class='ocrx_word' id='word_1_706' title='bbox 1455 1317 1614 1352; x_wconf 88' lang='lat' dir='ltr'>indicium</span> <span class='ocrx_word' id='word_1_707' title='bbox 1639 1318 1799 1360; x_wconf 81' lang='lat' dir='ltr'>laefionis,</span> <span class='ocrx_word' id='word_1_708' title='bbox 1823 1323 2044 1364; x_wconf 89' lang='lat' dir='ltr'>corruptionis</span> <span class='ocrx_word' id='word_1_709' title='bbox 2054 1321 2187 1355; x_wconf 84' lang='lat' dir='ltr'>cicatri-</span> 
     </span>
     <span class='ocr_line' id='line_1_90' title="bbox 1186 1360 2186 1406; baseline 0.007 -15"><span class='ocrx_word' id='word_1_710' title='bbox 1186 1361 1232 1393; x_wconf 88' lang='lat' dir='ltr'>cis</span> <span class='ocrx_word' id='word_1_711' title='bbox 1256 1361 1358 1395; x_wconf 91' lang='lat' dir='ltr'>ullum</span> <span class='ocrx_word' id='word_1_712' title='bbox 1383 1360 1432 1393; x_wconf 91' lang='lat' dir='ltr'>vel</span> <span class='ocrx_word' id='word_1_713' title='bbox 1456 1362 1631 1395; x_wconf 87' lang='lat' dir='ltr'>minimum</span> <span class='ocrx_word' id='word_1_714' title='bbox 1656 1362 1749 1400; x_wconf 88' lang='lat' dir='ltr'>illic,</span> <span class='ocrx_word' id='word_1_715' title='bbox 1775 1372 1828 1398; x_wconf 88' lang='lat' dir='ltr'>aut</span> <span class='ocrx_word' id='word_1_716' title='bbox 1852 1366 1884 1397; x_wconf 94' lang='lat' dir='ltr'>in</span> <span class='ocrx_word' id='word_1_717' title='bbox 1910 1365 2031 1399; x_wconf 85' lang='lat' dir='ltr'>vicinia</span> <span class='ocrx_word' id='word_1_718' title='bbox 2056 1374 2186 1406; x_wconf 84' lang='lat' dir='ltr'>appare-</span> 
     </span>
     <span class='ocr_line' id='line_1_91' title="bbox 1187 1402 2188 1449; baseline 0.006 -14"><span class='ocrx_word' id='word_1_719' title='bbox 1187 1402 1267 1442; x_wconf 77' lang='lat' dir='ltr'>bat5</span> <span class='ocrx_word' id='word_1_720' title='bbox 1290 1414 1327 1438; x_wconf 86' lang='lat' dir='ltr'>ut</span> <span class='ocrx_word' id='word_1_721' title='bbox 1350 1416 1366 1438; x_wconf 86' lang='lat' dir='ltr'>a</span> <span class='ocrx_word' id='word_1_722' title='bbox 1390 1405 1578 1446; x_wconf 87' lang='lat' dir='ltr'>primordiis</span> <span class='ocrx_word' id='word_1_723' title='bbox 1591 1405 1690 1449; x_wconf 91' lang='lat' dir='ltr'>usque</span> <span class='ocrx_word' id='word_1_724' title='bbox 1715 1405 1742 1440; x_wconf 90' lang='lat' dir='ltr'>se</span> <span class='ocrx_word' id='word_1_725' title='bbox 1765 1407 1811 1440; x_wconf 88' lang='lat' dir='ltr'>ita</span> <span class='ocrx_word' id='word_1_726' title='bbox 1835 1419 1882 1441; x_wconf 87' lang='lat' dir='ltr'>res</span> <span class='ocrx_word' id='word_1_727' title='bbox 1894 1406 2038 1442; x_wconf 85' lang='lat' dir='ltr'>habuisse</span> <span class='ocrx_word' id='word_1_728' title='bbox 2063 1407 2188 1441; x_wconf 90' lang='lat' dir='ltr'>videre-</span> 
     </span>
     <span class='ocr_line' id='line_1_92' title="bbox 1186 1447 2188 1493; baseline 0.006 -14"><span class='ocrx_word' id='word_1_729' title='bbox 1186 1454 1261 1481; x_wconf 85' lang='lat' dir='ltr'>tur.</span> <span class='ocrx_word' id='word_1_730' title='bbox 1287 1448 1318 1480; x_wconf 91' lang='lat' dir='ltr'><strong>A</strong></span> <span class='ocrx_word' id='word_1_731' title='bbox 1341 1447 1461 1481; x_wconf 83' lang='lat' dir='ltr'>dextris</span> <span class='ocrx_word' id='word_1_732' title='bbox 1485 1448 1562 1482; x_wconf 90' lang='lat' dir='ltr'>tuba</span> <span class='ocrx_word' id='word_1_733' title='bbox 1587 1448 1683 1483; x_wconf 86' lang='lat' dir='ltr'>finem</span> <span class='ocrx_word' id='word_1_734' title='bbox 1705 1449 1838 1493; x_wconf 90' lang='lat' dir='ltr'>quidem</span> <span class='ocrx_word' id='word_1_735' title='bbox 1860 1453 1898 1485; x_wconf 87' lang='lat' dir='ltr'>ad</span> <span class='ocrx_word' id='word_1_736' title='bbox 1921 1452 2073 1485; x_wconf 86' lang='lat' dir='ltr'>ovarium</span> <span class='ocrx_word' id='word_1_737' title='bbox 2086 1450 2188 1485; x_wconf 86' lang='lat' dir='ltr'>habe-</span> 
     </span>
     <span class='ocr_line' id='line_1_93' title="bbox 1186 1489 2188 1539; baseline 0.006 -16"><span class='ocrx_word' id='word_1_738' title='bbox 1186 1490 1265 1530; x_wconf 86' lang='lat' dir='ltr'>bat;</span> <span class='ocrx_word' id='word_1_739' title='bbox 1286 1489 1338 1524; x_wconf 86' lang='lat' dir='ltr'>sed</span> <span class='ocrx_word' id='word_1_740' title='bbox 1362 1493 1407 1525; x_wconf 86' lang='lat' dir='ltr'>ita</span> <span class='ocrx_word' id='word_1_741' title='bbox 1430 1501 1503 1525; x_wconf 87' lang='lat' dir='ltr'>cum</span> <span class='ocrx_word' id='word_1_742' title='bbox 1528 1491 1589 1525; x_wconf 87' lang='lat' dir='ltr'>hoc</span> <span class='ocrx_word' id='word_1_743' title='bbox 1611 1503 1801 1528; x_wconf 88' lang='lat' dir='ltr'>concretum</span> <span class='ocrx_word' id='word_1_744' title='bbox 1816 1520 1825 1534; x_wconf 89' lang='lat'><strong><em>‚</em></strong></span> <span class='ocrx_word' id='word_1_745' title='bbox 1850 1503 1886 1528; x_wconf 91' lang='lat' dir='ltr'>ut</span> <span class='ocrx_word' id='word_1_746' title='bbox 1900 1495 2102 1539; x_wconf 69' lang='lat' dir='ltr'>nequeil‘lius</span> <span class='ocrx_word' id='word_1_747' title='bbox 2115 1494 2188 1529; x_wconf 89' lang='lat' dir='ltr'>fim-</span> 
     </span>
     <span class='ocr_line' id='line_1_94' title="bbox 1184 1533 2188 1582; baseline 0.005 -15"><span class='ocrx_word' id='word_1_748' title='bbox 1184 1533 1264 1567; x_wconf 83' lang='lat' dir='ltr'>briae</span> <span class='ocrx_word' id='word_1_749' title='bbox 1275 1533 1348 1569; x_wconf 75' lang='lat' dir='ltr'>ullae</span> <span class='ocrx_word' id='word_1_750' title='bbox 1360 1544 1549 1578; x_wconf 81' lang='lat' dir='ltr'>apparerent</span> <span class='ocrx_word' id='word_1_751' title='bbox 1569 1558 1578 1574; x_wconf 93' lang='lat'>,</span> <span class='ocrx_word' id='word_1_752' title='bbox 1604 1547 1708 1580; x_wconf 85' lang='lat' dir='ltr'>neque</span> <span class='ocrx_word' id='word_1_753' title='bbox 1720 1538 1898 1579; x_wconf 89' lang='lat' dir='ltr'>ovarium,</span> <span class='ocrx_word' id='word_1_754' title='bbox 1921 1550 1986 1573; x_wconf 90' lang='lat' dir='ltr'>non</span> <span class='ocrx_word' id='word_1_755' title='bbox 1997 1538 2103 1572; x_wconf 83' lang='lat' dir='ltr'>excisa</span> <span class='ocrx_word' id='word_1_756' title='bbox 2115 1550 2188 1582; x_wconf 82' lang='lat' dir='ltr'>quae</span> 
     </span>
     <span class='ocr_line' id='line_1_95' title="bbox 1185 1576 2190 1625; baseline 0.006 -15"><span class='ocrx_word' id='word_1_757' title='bbox 1185 1576 1278 1622; x_wconf 79' lang='lat' dir='ltr'>super</span> <span class='ocrx_word' id='word_1_758' title='bbox 1301 1588 1481 1612; x_wconf 86' lang='lat' dir='ltr'>accreverat</span> <span class='ocrx_word' id='word_1_759' title='bbox 1499 1599 1508 1616; x_wconf 91' lang='lat'><strong>‚</strong></span> <span class='ocrx_word' id='word_1_760' title='bbox 1532 1580 1631 1620; x_wconf 88' lang='lat' dir='ltr'>tuba,</span> <span class='ocrx_word' id='word_1_761' title='bbox 1654 1579 1755 1623; x_wconf 80' lang='lat' dir='ltr'>posset</span> <span class='ocrx_word' id='word_1_762' title='bbox 1778 1582 1812 1614; x_wconf 89' lang='lat' dir='ltr'>in</span> <span class='ocrx_word' id='word_1_763' title='bbox 1835 1581 2043 1625; x_wconf 59' lang='lat' dir='ltr'>conspe-§turn</span> <span class='ocrx_word' id='word_1_764' title='bbox 2069 1584 2190 1620; x_wconf 85' lang='lat' dir='ltr'>venire,</span> 
     </span>
     <span class='ocr_line' id='line_1_96' title="bbox 1185 1621 2187 1665; baseline 0.006 -11"><span class='ocrx_word' id='word_1_765' title='bbox 1185 1632 1320 1664; x_wconf 88' lang='lat' dir='ltr'>parvum</span> <span class='ocrx_word' id='word_1_766' title='bbox 1344 1621 1543 1665; x_wconf 74' lang='lat' dir='ltr'>praesertim,</span> <span class='ocrx_word' id='word_1_767' title='bbox 1566 1632 1601 1657; x_wconf 89' lang='lat' dir='ltr'>ut</span> <span class='ocrx_word' id='word_1_768' title='bbox 1616 1633 1703 1658; x_wconf 88' lang='lat' dir='ltr'>erat.</span> <span class='ocrx_word' id='word_1_769' title='bbox 1727 1626 1779 1659; x_wconf 83' lang='lat' dir='ltr'>Ex</span> <span class='ocrx_word' id='word_1_770' title='bbox 1790 1624 1919 1659; x_wconf 88' lang='lat' dir='ltr'>subalba</span> <span class='ocrx_word' id='word_1_771' title='bbox 1931 1625 2100 1661; x_wconf 87' lang='lat' dir='ltr'>constabat</span> <span class='ocrx_word' id='word_1_772' title='bbox 2112 1625 2187 1660; x_wconf 88' lang='lat' dir='ltr'>sub-</span> 
     </span>
     <span class='ocr_line' id='line_1_97' title="bbox 1192 1663 2184 1709; baseline 0.005 -12"><span class='ocrx_word' id='word_1_773' title='bbox 1192 1663 1307 1699; x_wconf 81' lang='lat' dir='ltr'>stantia</span> <span class='ocrx_word' id='word_1_774' title='bbox 1321 1687 1334 1704; x_wconf 93' lang='lat'>‚</span> <span class='ocrx_word' id='word_1_775' title='bbox 1355 1677 1426 1709; x_wconf 82' lang='lat' dir='ltr'>quae</span> <span class='ocrx_word' id='word_1_776' title='bbox 1449 1665 1546 1699; x_wconf 83' lang='lat' dir='ltr'>incisa</span> <span class='ocrx_word' id='word_1_777' title='bbox 1570 1689 1584 1708; x_wconf 90' lang='lat'>,</span> <span class='ocrx_word' id='word_1_778' title='bbox 1615 1666 1725 1702; x_wconf 84' lang='lat' dir='ltr'>albido</span> <span class='ocrx_word' id='word_1_779' title='bbox 1748 1667 1883 1703; x_wconf 87' lang='lat' dir='ltr'>humore</span> <span class='ocrx_word' id='word_1_780' title='bbox 1905 1671 1996 1704; x_wconf 88' lang='lat' dir='ltr'>intus</span> <span class='ocrx_word' id='word_1_781' title='bbox 2021 1669 2150 1703; x_wconf 86' lang='lat' dir='ltr'>madens</span> <span class='ocrx_word' id='word_1_782' title='bbox 2173 1692 2184 1708; x_wconf 88' lang='lat'>,</span> 
     </span>
     <span class='ocr_line' id='line_1_98' title="bbox 1194 1707 2192 1756; baseline 0.005 -16"><span class='ocrx_word' id='word_1_783' title='bbox 1194 1707 1382 1751; x_wconf 87' lang='lat' dir='ltr'>albidosque</span> <span class='ocrx_word' id='word_1_784' title='bbox 1405 1710 1579 1744; x_wconf 88' lang='lat' dir='ltr'>nonnullos</span> <span class='ocrx_word' id='word_1_785' title='bbox 1610 1713 1803 1746; x_wconf 85' lang='lat' dir='ltr'>concludens</span> <span class='ocrx_word' id='word_1_786' title='bbox 1825 1713 1977 1754; x_wconf 82' lang='lat' dir='ltr'>globulos</span> <span class='ocrx_word' id='word_1_787' title='bbox 2021 1712 2192 1756; x_wconf 69' lang='lat' dir='ltr'>conspeeta</span> 
     </span>
     <span class='ocr_line' id='line_1_99' title="bbox 1189 1751 2190 1798; baseline 0.006 -13"><span class='ocrx_word' id='word_1_788' title='bbox 1189 1751 1253 1785; x_wconf 82' lang='lat' dir='ltr'>est.</span> <span class='ocrx_word' id='word_1_789' title='bbox 1281 1753 1423 1792; x_wconf 89' lang='lat' dir='ltr'>Uterus,</span> <span class='ocrx_word' id='word_1_790' title='bbox 1446 1753 1524 1788; x_wconf 91' lang='lat' dir='ltr'>dum</span> <span class='ocrx_word' id='word_1_791' title='bbox 1548 1764 1610 1787; x_wconf 89' lang='lat' dir='ltr'>una</span> <span class='ocrx_word' id='word_1_792' title='bbox 1632 1767 1706 1791; x_wconf 90' lang='lat' dir='ltr'>cum</span> <span class='ocrx_word' id='word_1_793' title='bbox 1726 1760 1840 1798; x_wconf 85' lang='lat' dir='ltr'>vagina</span> <span class='ocrx_word' id='word_1_794' title='bbox 1857 1779 1867 1794; x_wconf 91' lang='lat'>‚</span> <span class='ocrx_word' id='word_1_795' title='bbox 1891 1758 1923 1790; x_wconf 91' lang='lat'>&amp;</span> <span class='ocrx_word' id='word_1_796' title='bbox 1948 1755 2052 1791; x_wconf 82' lang='lat' dir='ltr'>vesica</span> <span class='ocrx_word' id='word_1_797' title='bbox 2076 1781 2086 1796; x_wconf 83' lang='grc'><em>,</em></span> <span class='ocrx_word' id='word_1_798' title='bbox 2116 1767 2190 1798; x_wconf 75' lang='lat' dir='ltr'>quae</span> 
     </span>
     <span class='ocr_line' id='line_1_100' title="bbox 1190 1797 2190 1842; baseline 0.006 -14"><span class='ocrx_word' id='word_1_799' title='bbox 1190 1804 1259 1828; x_wconf 89' lang='lat' dir='ltr'>erat</span> <span class='ocrx_word' id='word_1_800' title='bbox 1283 1798 1420 1830; x_wconf 86' lang='lat' dir='ltr'>maxima</span> <span class='ocrx_word' id='word_1_801' title='bbox 1435 1820 1445 1836; x_wconf 92' lang='lat'>‚</span> <span class='ocrx_word' id='word_1_802' title='bbox 1472 1799 1504 1830; x_wconf 89' lang='lat'><strong>&amp;</strong></span> <span class='ocrx_word' id='word_1_803' title='bbox 1526 1797 1610 1831; x_wconf 90' lang='lat' dir='ltr'>lotio</span> <span class='ocrx_word' id='word_1_804' title='bbox 1633 1799 1772 1833; x_wconf 87' lang='lat' dir='ltr'>distenta</span> <span class='ocrx_word' id='word_1_805' title='bbox 1795 1823 1808 1841; x_wconf 88' lang='lat'>,</span> <span class='ocrx_word' id='word_1_806' title='bbox 1846 1800 2014 1842; x_wconf 67' lang='lat' dir='ltr'>Recloque</span> <span class='ocrx_word' id='word_1_807' title='bbox 2035 1800 2190 1834; x_wconf 80' lang='lat' dir='ltr'>intestino</span> 
     </span>
     <span class='ocr_line' id='line_1_101' title="bbox 1187 1838 2187 1886; baseline 0.005 -14"><span class='ocrx_word' id='word_1_808' title='bbox 1187 1838 1435 1879; x_wconf 86' lang='lat' dir='ltr'>detraheretur,</span> <span class='ocrx_word' id='word_1_809' title='bbox 1461 1840 1554 1875; x_wconf 87' lang='lat' dir='ltr'>simul</span> <span class='ocrx_word' id='word_1_810' title='bbox 1578 1851 1691 1886; x_wconf 87' lang='lat' dir='ltr'>magna</span> <span class='ocrx_word' id='word_1_811' title='bbox 1714 1852 1830 1885; x_wconf 84' lang='lat' dir='ltr'>praeter</span> <span class='ocrx_word' id='word_1_812' title='bbox 1856 1854 1979 1878; x_wconf 88' lang='lat' dir='ltr'>morem</span> <span class='ocrx_word' id='word_1_813' title='bbox 2000 1867 2013 1884; x_wconf 90' lang='lat'>,</span> <span class='ocrx_word' id='word_1_814' title='bbox 2050 1845 2084 1877; x_wconf 91' lang='lat' dir='ltr'>in</span> <span class='ocrx_word' id='word_1_815' title='bbox 2122 1854 2187 1877; x_wconf 85' lang='lat' dir='ltr'>non</span> 
     </span>
     <span class='ocr_line' id='line_1_102' title="bbox 1186 1883 2190 1931; baseline 0.007 -17"><span class='ocrx_word' id='word_1_816' title='bbox 1186 1884 1300 1925; x_wconf 84' lang='lat' dir='ltr'>pingui</span> <span class='ocrx_word' id='word_1_817' title='bbox 1325 1883 1500 1925; x_wconf 72' lang='lat' dir='ltr'>praesertim</span> <span class='ocrx_word' id='word_1_818' title='bbox 1523 1886 1684 1928; x_wconf 86' lang='lat' dir='ltr'>muliere,</span> <span class='ocrx_word' id='word_1_819' title='bbox 1707 1886 1916 1930; x_wconf 78' lang='lat' dir='ltr'>pinguedinis</span> <span class='ocrx_word' id='word_1_820' title='bbox 1936 1890 2031 1931; x_wconf 90' lang='lat' dir='ltr'>copia</span> <span class='ocrx_word' id='word_1_821' title='bbox 2043 1885 2190 1921; x_wconf 87' lang='lat' dir='ltr'>animad-</span> 
     </span>
     <span class='ocr_line' id='line_1_103' title="bbox 1187 1926 2191 1975; baseline 0.006 -17"><span class='ocrx_word' id='word_1_822' title='bbox 1187 1932 1274 1959; x_wconf 85' lang='lat' dir='ltr'>verla</span> <span class='ocrx_word' id='word_1_823' title='bbox 1303 1926 1345 1960; x_wconf 89' lang='lat' dir='ltr'>est</span> <span class='ocrx_word' id='word_1_824' title='bbox 1369 1927 1519 1962; x_wconf 85' lang='lat' dir='ltr'>intestino</span> <span class='ocrx_word' id='word_1_825' title='bbox 1542 1929 1592 1962; x_wconf 87' lang='lat' dir='ltr'>illi</span> <span class='ocrx_word' id='word_1_826' title='bbox 1612 1929 1842 1973; x_wconf 65' lang='lat' dir='ltr'>circumjecta,</span> <span class='ocrx_word' id='word_1_827' title='bbox 1868 1930 1960 1966; x_wconf 81' lang='lat' dir='ltr'>simul</span> <span class='ocrx_word' id='word_1_828' title='bbox 1983 1942 2082 1975; x_wconf 83' lang='lat' dir='ltr'>grave</span> <span class='ocrx_word' id='word_1_829' title='bbox 2098 1931 2191 1966; x_wconf 79' lang='lat' dir='ltr'>olens</span> 
     </span>
     <span class='ocr_line' id='line_1_104' title="bbox 1186 1969 2189 2017; baseline 0.006 -14"><span class='ocrx_word' id='word_1_830' title='bbox 1186 1969 1281 2003; x_wconf 89' lang='lat' dir='ltr'>ichor</span> <span class='ocrx_word' id='word_1_831' title='bbox 1304 1993 1317 2009; x_wconf 89' lang='lat'>,</span> <span class='ocrx_word' id='word_1_832' title='bbox 1339 1982 1430 2014; x_wconf 77' lang='lat' dir='ltr'>aquae</span> <span class='ocrx_word' id='word_1_833' title='bbox 1455 1972 1567 2006; x_wconf 79' lang='lat' dir='ltr'>similis</span> <span class='ocrx_word' id='word_1_834' title='bbox 1589 1974 1626 2006; x_wconf 90' lang='lat' dir='ltr'>in</span> <span class='ocrx_word' id='word_1_835' title='bbox 1648 1986 1712 2017; x_wconf 88' lang='lat' dir='ltr'>qua</span> <span class='ocrx_word' id='word_1_836' title='bbox 1735 1985 1813 2008; x_wconf 90' lang='lat' dir='ltr'>caro</span> <span class='ocrx_word' id='word_1_837' title='bbox 1836 1985 1944 2010; x_wconf 91' lang='lat' dir='ltr'>recens</span> <span class='ocrx_word' id='word_1_838' title='bbox 1968 1975 2034 2010; x_wconf 86' lang='lat' dir='ltr'>lota</span> <span class='ocrx_word' id='word_1_839' title='bbox 2062 1974 2104 2009; x_wconf 83' lang='lat' dir='ltr'>est</span> <span class='ocrx_word' id='word_1_840' title='bbox 2127 2000 2136 2016; x_wconf 88' lang='lat'>,</span> <span class='ocrx_word' id='word_1_841' title='bbox 2169 1985 2189 2009; x_wconf 89' lang='lat' dir='ltr'>e</span> 
     </span>
     <span class='ocr_line' id='line_1_105' title="bbox 1186 2013 2190 2058; baseline 0.003 -10"><span class='ocrx_word' id='word_1_842' title='bbox 1186 2013 1359 2056; x_wconf 86' lang='lat' dir='ltr'>pudendo,</span> <span class='ocrx_word' id='word_1_843' title='bbox 1381 2018 1413 2049; x_wconf 88' lang='lat'>&amp;</span> <span class='ocrx_word' id='word_1_844' title='bbox 1436 2014 1550 2058; x_wconf 90' lang='lat' dir='ltr'>podice</span> <span class='ocrx_word' id='word_1_845' title='bbox 1573 2017 1702 2052; x_wconf 86' lang='lat' dir='ltr'>exibat.</span> <span class='ocrx_word' id='word_1_846' title='bbox 1729 2019 1865 2052; x_wconf 89' lang='lat' dir='ltr'>Uterini</span> <span class='ocrx_word' id='word_1_847' title='bbox 1888 2027 1997 2054; x_wconf 89' lang='lat' dir='ltr'>autem</span> <span class='ocrx_word' id='word_1_848' title='bbox 2020 2017 2113 2053; x_wconf 89' lang='lat' dir='ltr'>fundi</span> <span class='ocrx_word' id='word_1_849' title='bbox 2137 2020 2190 2051; x_wconf 88' lang='lat' dir='ltr'>in-</span> 
     </span>
     <span class='ocr_line' id='line_1_106' title="bbox 1186 2056 2189 2097; baseline 0.007 -7"><span class='ocrx_word' id='word_1_850' title='bbox 1186 2058 1289 2091; x_wconf 88' lang='lat' dir='ltr'>terior</span> <span class='ocrx_word' id='word_1_851' title='bbox 1302 2056 1406 2092; x_wconf 87' lang='lat' dir='ltr'>-facies</span> <span class='ocrx_word' id='word_1_852' title='bbox 1429 2068 1498 2093; x_wconf 91' lang='lat' dir='ltr'>tota</span> <span class='ocrx_word' id='word_1_853' title='bbox 1522 2059 1583 2094; x_wconf 90' lang='lat' dir='ltr'>uda</span> <span class='ocrx_word' id='word_1_854' title='bbox 1605 2071 1672 2096; x_wconf 87' lang='lat' dir='ltr'>erat</span> <span class='ocrx_word' id='word_1_855' title='bbox 1695 2060 1832 2097; x_wconf 88' lang='lat' dir='ltr'>humore</span> <span class='ocrx_word' id='word_1_856' title='bbox 1855 2063 1947 2097; x_wconf 89' lang='lat' dir='ltr'>lento</span> <span class='ocrx_word' id='word_1_857' title='bbox 1968 2063 2081 2097; x_wconf 88' lang='lat' dir='ltr'>colore</span> <span class='ocrx_word' id='word_1_858' title='bbox 2115 2062 2189 2097; x_wconf 80' lang='lat' dir='ltr'>suh-</span> 
     </span>
     <span class='ocr_line' id='line_1_107' title="bbox 1185 2099 2187 2150; baseline 0.006 -15"><span class='ocrx_word' id='word_1_859' title='bbox 1185 2099 1273 2135; x_wconf 85' lang='lat' dir='ltr'>flavo</span> <span class='ocrx_word' id='word_1_860' title='bbox 1294 2099 1408 2143; x_wconf 82' lang='lat' dir='ltr'>fusco,</span> <span class='ocrx_word' id='word_1_861' title='bbox 1429 2106 1460 2136; x_wconf 74' lang='grc' dir='ltr'>δε</span> <span class='ocrx_word' id='word_1_862' title='bbox 1482 2102 1656 2146; x_wconf 86' lang='lat' dir='ltr'>obsoleto,</span> <span class='ocrx_word' id='word_1_863' title='bbox 1681 2116 1738 2148; x_wconf 88' lang='lat' dir='ltr'>per</span> <span class='ocrx_word' id='word_1_864' title='bbox 1759 2117 1854 2150; x_wconf 90' lang='lat' dir='ltr'>quem</span> <span class='ocrx_word' id='word_1_865' title='bbox 1879 2107 2028 2141; x_wconf 86' lang='lat' dir='ltr'>rubentia</span> <span class='ocrx_word' id='word_1_866' title='bbox 2042 2108 2187 2149; x_wconf 72' lang='lat' dir='ltr'>puncta,</span> 
     </span>
     <span class='ocr_line' id='line_1_108' title="bbox 1185 2144 2190 2194; baseline 0.006 -16"><span class='ocrx_word' id='word_1_867' title='bbox 1185 2146 1216 2178; x_wconf 83' lang='lat'>&amp;</span> <span class='ocrx_word' id='word_1_868' title='bbox 1241 2144 1368 2179; x_wconf 82' lang='lat' dir='ltr'>lineolae</span> <span class='ocrx_word' id='word_1_869' title='bbox 1391 2146 1706 2190; x_wconf 84' lang='lat' dir='ltr'>transpiciebantur,</span> <span class='ocrx_word' id='word_1_870' title='bbox 1727 2160 1799 2193; x_wconf 77' lang='lat' dir='ltr'>quae</span> <span class='ocrx_word' id='word_1_871' title='bbox 1822 2149 1969 2194; x_wconf 82' lang='lat' dir='ltr'>appreslis</span> <span class='ocrx_word' id='word_1_872' title='bbox 1992 2150 2104 2184; x_wconf 84' lang='lat' dir='ltr'>subtus</span> <span class='ocrx_word' id='word_1_873' title='bbox 2137 2150 2190 2184; x_wconf 84' lang='lat' dir='ltr'>di-</span> 
     </span>
     <span class='ocr_line' id='line_1_109' title="bbox 1185 2188 2187 2238; baseline 0.009 -19"><span class='ocrx_word' id='word_1_874' title='bbox 1185 2188 1273 2238; x_wconf 39' lang='lat' dir='ltr'>gitis·</span> <span class='ocrx_word' id='word_1_875' title='bbox 1286 2189 1491 2230; x_wconf 89' lang='lat' dir='ltr'>crescebant,</span> <span class='ocrx_word' id='word_1_876' title='bbox 1516 2192 1556 2225; x_wconf 89' lang='lat' dir='ltr'>ab</span> <span class='ocrx_word' id='word_1_877' title='bbox 1581 2191 1723 2235; x_wconf 83' lang='lat' dir='ltr'>expresso</span> <span class='ocrx_word' id='word_1_878' title='bbox 1743 2193 1892 2228; x_wconf 85' lang='lat' dir='ltr'>videlicet</span> <span class='ocrx_word' id='word_1_879' title='bbox 1924 2193 2078 2237; x_wconf 88' lang='lat' dir='ltr'>sanguine</span> <span class='ocrx_word' id='word_1_880' title='bbox 2103 2217 2110 2226; x_wconf 86' lang='lat'>.</span> <span class='ocrx_word' id='word_1_881' title='bbox 2147 2196 2187 2228; x_wconf 86' lang='lat' dir='ltr'>In</span> 
     </span>
     <span class='ocr_line' id='line_1_110' title="bbox 1184 2234 2187 2280; baseline 0.007 -15"><span class='ocrx_word' id='word_1_882' title='bbox 1184 2242 1335 2272; x_wconf 86' lang='lat' dir='ltr'>cervice,</span> <span class='ocrx_word' id='word_1_883' title='bbox 1360 2234 1514 2269; x_wconf 85' lang='lat' dir='ltr'>&amp;osculo</span> <span class='ocrx_word' id='word_1_884' title='bbox 1529 2234 1612 2270; x_wconf 84' lang='lat' dir='ltr'>nihil</span> <span class='ocrx_word' id='word_1_885' title='bbox 1623 2246 1690 2270; x_wconf 90' lang='lat' dir='ltr'>erat</span> <span class='ocrx_word' id='word_1_886' title='bbox 1714 2237 1928 2272; x_wconf 85' lang='lat' dir='ltr'>adnotatione</span> <span class='ocrx_word' id='word_1_887' title='bbox 1949 2236 2088 2280; x_wconf 79' lang='lat' dir='ltr'>dignum</span> <span class='ocrx_word' id='word_1_888' title='bbox 2102 2262 2109 2270; x_wconf 90' lang='lat'>.</span> <span class='ocrx_word' id='word_1_889' title='bbox 2124 2236 2187 2272; x_wconf 88' lang='lat' dir='ltr'>Sed</span> 
     </span>
     <span class='ocr_line' id='line_1_111' title="bbox 1186 2275 2188 2325; baseline 0.008 -17"><span class='ocrx_word' id='word_1_890' title='bbox 1186 2275 1293 2309; x_wconf 86' lang='lat' dir='ltr'>lurida</span> <span class='ocrx_word' id='word_1_891' title='bbox 1318 2280 1427 2318; x_wconf 86' lang='lat' dir='ltr'>intus,</span> <span class='ocrx_word' id='word_1_892' title='bbox 1452 2281 1484 2312; x_wconf 79' lang='grc' dir='ltr'>δι</span> <span class='ocrx_word' id='word_1_893' title='bbox 1507 2278 1595 2313; x_wconf 87' lang='lat' dir='ltr'>fusca</span> <span class='ocrx_word' id='word_1_894' title='bbox 1618 2281 1734 2323; x_wconf 86' lang='lat' dir='ltr'>vagina</span> <span class='ocrx_word' id='word_1_895' title='bbox 1758 2281 1904 2315; x_wconf 87' lang='lat' dir='ltr'>universa</span> <span class='ocrx_word' id='word_1_896' title='bbox 1927 2283 1961 2315; x_wconf 84' lang='lat' dir='ltr'>in</span> <span class='ocrx_word' id='word_1_897' title='bbox 1986 2282 2097 2316; x_wconf 90' lang='lat' dir='ltr'>medio</span> <span class='ocrx_word' id='word_1_898' title='bbox 2127 2292 2188 2325; x_wconf 89' lang='lat' dir='ltr'>po-</span> 
     </span>
     <span class='ocr_line' id='line_1_112' title="bbox 1184 2317 2185 2372; baseline 0.008 -20"><span class='ocrx_word' id='word_1_899' title='bbox 1184 2317 1317 2352; x_wconf 87' lang='lat' dir='ltr'>steriore</span> <span class='ocrx_word' id='word_1_900' title='bbox 1339 2323 1482 2362; x_wconf 88' lang='lat' dir='ltr'>pariete,</span> <span class='ocrx_word' id='word_1_901' title='bbox 1506 2323 1675 2366; x_wconf 86' lang='lat' dir='ltr'>aliquanto</span> <span class='ocrx_word' id='word_1_902' title='bbox 1698 2325 1911 2367; x_wconf 88' lang='lat' dir='ltr'>propiusimo</span> <span class='ocrx_word' id='word_1_903' title='bbox 1932 2326 2185 2372; x_wconf 82' lang='lat' dir='ltr'>orificio,quam</span> 
     </span>
     <span class='ocr_line' id='line_1_113' title="bbox 1184 2363 2184 2412; baseline 0.008 -17"><span class='ocrx_word' id='word_1_904' title='bbox 1184 2363 1267 2396; x_wconf 83' lang='lat' dir='ltr'>uteri</span> <span class='ocrx_word' id='word_1_905' title='bbox 1290 2363 1423 2405; x_wconf 81' lang='lat' dir='ltr'>osculo,</span> <span class='ocrx_word' id='word_1_906' title='bbox 1446 2366 1591 2400; x_wconf 85' lang='lat' dir='ltr'>foramen</span> <span class='ocrx_word' id='word_1_907' title='bbox 1615 2367 1755 2402; x_wconf 78' lang='lat' dir='ltr'>habebat</span> <span class='ocrx_word' id='word_1_908' title='bbox 1779 2368 1883 2402; x_wconf 89' lang='lat' dir='ltr'>forma</span> <span class='ocrx_word' id='word_1_909' title='bbox 1908 2370 2025 2403; x_wconf 82' lang='lat' dir='ltr'>circuli</span> <span class='ocrx_word' id='word_1_910' title='bbox 2049 2391 2059 2408; x_wconf 91' lang='lat'>,</span> <span class='ocrx_word' id='word_1_911' title='bbox 2091 2379 2184 2412; x_wconf 75' lang='lat' dir='ltr'>cujus</span> 
     </span>
     <span class='ocr_line' id='line_1_114' title="bbox 1183 2406 2185 2456; baseline 0.008 -17"><span class='ocrx_word' id='word_1_912' title='bbox 1183 2406 1341 2441; x_wconf 88' lang='lat' dir='ltr'>diameter</span> <span class='ocrx_word' id='word_1_913' title='bbox 1362 2409 1444 2443; x_wconf 87' lang='lat' dir='ltr'>duos</span> <span class='ocrx_word' id='word_1_914' title='bbox 1464 2410 1660 2445; x_wconf 89' lang='lat' dir='ltr'>transversos</span> <span class='ocrx_word' id='word_1_915' title='bbox 1682 2411 1832 2454; x_wconf 78' lang='lat' dir='ltr'>aequabat</span> <span class='ocrx_word' id='word_1_916' title='bbox 1846 2413 1991 2456; x_wconf 85' lang='lat' dir='ltr'>digitos,</span> <span class='ocrx_word' id='word_1_917' title='bbox 2014 2414 2080 2447; x_wconf 89' lang='lat' dir='ltr'>oris</span> <span class='ocrx_word' id='word_1_918' title='bbox 2092 2424 2185 2447; x_wconf 89' lang='lat' dir='ltr'>com-</span> 
     </span>
     <span class='ocr_line' id='line_1_115' title="bbox 1183 2448 2183 2498; baseline 0.009 -16"><span class='ocrx_word' id='word_1_919' title='bbox 1183 2448 1374 2498; x_wconf 82' lang='lat' dir='ltr'>prehensum</span> <span class='ocrx_word' id='word_1_920' title='bbox 1398 2454 1500 2495; x_wconf 88' lang='lat' dir='ltr'>nigris</span> <span class='ocrx_word' id='word_1_921' title='bbox 1517 2478 1528 2493; x_wconf 91' lang='lat'>,</span> <span class='ocrx_word' id='word_1_922' title='bbox 1549 2457 1580 2488; x_wconf 87' lang='lat'>&amp;</span> <span class='ocrx_word' id='word_1_923' title='bbox 1603 2454 1729 2498; x_wconf 77' lang='lat' dir='ltr'>peffime</span> <span class='ocrx_word' id='word_1_924' title='bbox 1751 2456 1916 2492; x_wconf 85' lang='lat' dir='ltr'>olentibus</span> <span class='ocrx_word' id='word_1_925' title='bbox 1940 2481 1949 2492; x_wconf 91' lang='lat'>.</span> <span class='ocrx_word' id='word_1_926' title='bbox 1974 2456 2013 2491; x_wconf 90' lang='lat' dir='ltr'>Id</span> <span class='ocrx_word' id='word_1_927' title='bbox 2036 2454 2183 2491; x_wconf 84' lang='lat' dir='ltr'>foramen</span> 
     </span>
     <span class='ocr_line' id='line_1_116' title="bbox 1183 2494 1780 2541; baseline 0.013 -16"><span class='ocrx_word' id='word_1_928' title='bbox 1183 2502 1219 2526; x_wconf 84' lang='lat' dir='ltr'>m</span> <span class='ocrx_word' id='word_1_929' title='bbox 1248 2494 1391 2529; x_wconf 63' lang='lat' dir='ltr'>Rectum</span> <span class='ocrx_word' id='word_1_930' title='bbox 1417 2496 1602 2532; x_wconf 85' lang='lat' dir='ltr'>intestinum</span> <span class='ocrx_word' id='word_1_931' title='bbox 1626 2499 1780 2541; x_wconf 83' lang='lat' dir='ltr'>patebat.</span> 
     </span>
    </p>

    <p class='ocr_par' dir='ltr' id='par_1_10' title="bbox 1179 2539 2184 3155">
     <span class='ocr_line' id='line_1_117' title="bbox 1231 2539 2184 2590; baseline 0.013 -20"><span class='ocrx_word' id='word_1_932' title='bbox 1231 2547 1280 2579; x_wconf 83' lang='lat'>17.</span> <span class='ocrx_word' id='word_1_933' title='bbox 1304 2539 1356 2572; x_wconf 89' lang='lat' dir='ltr'>De</span> <span class='ocrx_word' id='word_1_934' title='bbox 1377 2540 1506 2574; x_wconf 88' lang='lat' dir='ltr'>Morbis</span> <span class='ocrx_word' id='word_1_935' title='bbox 1527 2553 1543 2574; x_wconf 88' lang='lat' dir='ltr'>a</span> <span class='ocrx_word' id='word_1_936' title='bbox 1568 2542 1706 2576; x_wconf 90' lang='lat' dir='ltr'>Veneno</span> <span class='ocrx_word' id='word_1_937' title='bbox 1728 2542 1867 2579; x_wconf 73' lang='lat' dir='ltr'>induffls</span> <span class='ocrx_word' id='word_1_938' title='bbox 1890 2567 1901 2584; x_wconf 90' lang='lat'>‚</span> <span class='ocrx_word' id='word_1_939' title='bbox 1933 2545 1972 2580; x_wconf 91' lang='lat' dir='ltr'>ad</span> <span class='ocrx_word' id='word_1_940' title='bbox 1993 2557 2075 2590; x_wconf 87' lang='lat' dir='ltr'>quos</span> <span class='ocrx_word' id='word_1_941' title='bbox 2099 2547 2184 2590; x_wconf 66' lang='lat' dir='ltr'>Epi-</span> 
     </span>
     <span class='ocr_line' id='line_1_118' title="bbox 1183 2579 2181 2632; baseline 0.009 -17"><span class='ocrx_word' id='word_1_942' title='bbox 1183 2579 1262 2615; x_wconf 86' lang='lat' dir='ltr'>stola</span> <span class='ocrx_word' id='word_1_943' title='bbox 1286 2581 1447 2623; x_wconf 64' lang='lat' dir='ltr'>spectabat</span> <span class='ocrx_word' id='word_1_944' title='bbox 1474 2584 1566 2618; x_wconf 75' lang='grc' dir='ltr'>ΗΧ.</span> <span class='ocrx_word' id='word_1_945' title='bbox 1592 2586 1677 2620; x_wconf 85' lang='lat' dir='ltr'>nihil</span> <span class='ocrx_word' id='word_1_946' title='bbox 1701 2585 1808 2621; x_wconf 88' lang='lat' dir='ltr'>habeo</span> <span class='ocrx_word' id='word_1_947' title='bbox 1831 2589 1920 2632; x_wconf 90' lang='lat' dir='ltr'>quod</span> <span class='ocrx_word' id='word_1_948' title='bbox 1943 2589 2007 2624; x_wconf 90' lang='lat' dir='ltr'>huc</span> <span class='ocrx_word' id='word_1_949' title='bbox 2032 2590 2147 2626; x_wconf 87' lang='lat' dir='ltr'>addam</span> <span class='ocrx_word' id='word_1_950' title='bbox 2171 2615 2181 2624; x_wconf 91' lang='lat'>.</span> 
     </span>
     <span class='ocr_line' id='line_1_119' title="bbox 1183 2624 2182 2678; baseline 0.012 -21"><span class='ocrx_word' id='word_1_951' title='bbox 1183 2624 1273 2674; x_wconf 28' lang='lat' dir='ltr'>Nalm</span> <span class='ocrx_word' id='word_1_952' title='bbox 1296 2625 1354 2658; x_wconf 83' lang='lat' dir='ltr'>etsi</span> <span class='ocrx_word' id='word_1_953' title='bbox 1379 2637 1444 2661; x_wconf 91' lang='lat' dir='ltr'>non</span> <span class='ocrx_word' id='word_1_954' title='bbox 1469 2629 1611 2670; x_wconf 86' lang='lat' dir='ltr'>vulgaris</span> <span class='ocrx_word' id='word_1_955' title='bbox 1634 2627 1719 2664; x_wconf 89' lang='lat' dir='ltr'>fama</span> <span class='ocrx_word' id='word_1_956' title='bbox 1730 2630 1838 2666; x_wconf 86' lang='lat' dir='ltr'>laudes</span> <span class='ocrx_word' id='word_1_957' title='bbox 1861 2634 1982 2668; x_wconf 89' lang='lat' dir='ltr'>interea</span> <span class='ocrx_word' id='word_1_958' title='bbox 1996 2634 2032 2668; x_wconf 88' lang='lat' dir='ltr'>ad</span> <span class='ocrx_word' id='word_1_959' title='bbox 2047 2645 2097 2668; x_wconf 85' lang='lat' dir='ltr'>me</span> <span class='ocrx_word' id='word_1_960' title='bbox 2108 2646 2182 2678; x_wconf 88' lang='lat' dir='ltr'>per-</span> 
     </span>
     <span class='ocr_line' id='line_1_120' title="bbox 1182 2667 2181 2717; baseline 0.012 -17"><span class='ocrx_word' id='word_1_961' title='bbox 1182 2667 1286 2707; x_wconf 82' lang='lat' dir='ltr'>tulit,</span> <span class='ocrx_word' id='word_1_962' title='bbox 1308 2680 1387 2712; x_wconf 83' lang='lat' dir='ltr'>quas</span> <span class='ocrx_word' id='word_1_963' title='bbox 1411 2670 1559 2706; x_wconf 81' lang='lat' dir='ltr'>adversus</span> <span class='ocrx_word' id='word_1_964' title='bbox 1583 2681 1653 2707; x_wconf 88' lang='lat' dir='ltr'>tum</span> <span class='ocrx_word' id='word_1_965' title='bbox 1678 2675 1795 2717; x_wconf 78' lang='lat' dir='ltr'>viperae</span> <span class='ocrx_word' id='word_1_966' title='bbox 1819 2697 1830 2713; x_wconf 85' lang='lat'>,</span> <span class='ocrx_word' id='word_1_967' title='bbox 1866 2687 1936 2711; x_wconf 87' lang='lat' dir='ltr'>tum</span> <span class='ocrx_word' id='word_1_968' title='bbox 1961 2678 2067 2712; x_wconf 87' lang='lat' dir='ltr'>rabidi</span> <span class='ocrx_word' id='word_1_969' title='bbox 2090 2679 2181 2712; x_wconf 79' lang='lat' dir='ltr'>canis</span> 
     </span>
     <span class='ocr_line' id='line_1_121' title="bbox 1181 2709 2178 2762; baseline 0.011 -18"><span class='ocrx_word' id='word_1_970' title='bbox 1181 2709 1303 2745; x_wconf 85' lang='lat' dir='ltr'>morsus</span> <span class='ocrx_word' id='word_1_971' title='bbox 1328 2714 1496 2749; x_wconf 89' lang='lat' dir='ltr'>antidotus</span> <span class='ocrx_word' id='word_1_972' title='bbox 1529 2715 1698 2751; x_wconf 88' lang='lat' dir='ltr'>consecuta</span> <span class='ocrx_word' id='word_1_973' title='bbox 1722 2717 1765 2752; x_wconf 91' lang='lat' dir='ltr'>est</span> <span class='ocrx_word' id='word_1_974' title='bbox 1786 2742 1800 2759; x_wconf 93' lang='lat'>,</span> <span class='ocrx_word' id='word_1_975' title='bbox 1825 2731 1841 2753; x_wconf 89' lang='lat' dir='ltr'>a</span> <span class='ocrx_word' id='word_1_976' title='bbox 1865 2720 2019 2762; x_wconf 65' lang='lat' dir='ltr'>Spetfftato</span> <span class='ocrx_word' id='word_1_977' title='bbox 2040 2721 2178 2756; x_wconf 85' lang='lat' dir='ltr'>Medico</span> 
     </span>
     <span class='ocr_line' id='line_1_122' title="bbox 1180 2757 2182 2809; baseline 0.011 -21"><span class='ocrx_word' id='word_1_978' title='bbox 1180 2766 1278 2797; x_wconf 87' lang='lat' dir='ltr'>quem</span> <span class='ocrx_word' id='word_1_979' title='bbox 1302 2757 1365 2790; x_wconf 93' lang='lat' dir='ltr'>tibi</span> <span class='ocrx_word' id='word_1_980' title='bbox 1389 2757 1468 2792; x_wconf 85' lang='lat' dir='ltr'>alias</span> <span class='ocrx_word' id='word_1_981' title='bbox 1489 2761 1606 2792; x_wconf 87' lang='lat' dir='ltr'>merito</span> <span class='ocrx_word' id='word_1_982' title='bbox 1630 2761 1758 2795; x_wconf 89' lang='lat' dir='ltr'>laudavi</span> <span class='ocrx_word' id='word_1_983' title='bbox 1782 2786 1792 2802; x_wconf 91' lang='lat'>,</span> <span class='ocrx_word' id='word_1_984' title='bbox 1815 2762 1988 2797; x_wconf 87' lang='lat' dir='ltr'>adinventa</span> <span class='ocrx_word' id='word_1_985' title='bbox 2011 2786 2022 2801; x_wconf 91' lang='lat'><em>‚</em></span> <span class='ocrx_word' id='word_1_986' title='bbox 2049 2764 2182 2809; x_wconf 79' lang='lat' dir='ltr'>Joanne</span> 
     </span>
     <span class='ocr_line' id='line_1_123' title="bbox 1181 2799 2178 2848; baseline 0.011 -17"><span class='ocrx_word' id='word_1_987' title='bbox 1181 2799 1324 2837; x_wconf 84' lang='lat' dir='ltr'>Larber;</span> <span class='ocrx_word' id='word_1_988' title='bbox 1347 2810 1454 2835; x_wconf 87' lang='lat' dir='ltr'>tamen</span> <span class='ocrx_word' id='word_1_989' title='bbox 1475 2814 1549 2836; x_wconf 87' lang='lat' dir='ltr'>cum</span> <span class='ocrx_word' id='word_1_990' title='bbox 1573 2804 1696 2837; x_wconf 87' lang='lat' dir='ltr'>certior</span> <span class='ocrx_word' id='word_1_991' title='bbox 1718 2803 1823 2840; x_wconf 70' lang='lat' dir='ltr'>faetus</span> <span class='ocrx_word' id='word_1_992' title='bbox 1845 2806 1904 2841; x_wconf 82' lang='lat' dir='ltr'>sim·</span> <span class='ocrx_word' id='word_1_993' title='bbox 1927 2831 1940 2848; x_wconf 91' lang='lat'>,</span> <span class='ocrx_word' id='word_1_994' title='bbox 1972 2807 2178 2842; x_wconf 74' lang='lat' dir='ltr'>Dissertatio-</span> 
     </span>
     <span class='ocr_line' id='line_1_124' title="bbox 1179 2844 2180 2894; baseline 0.013 -21"><span class='ocrx_word' id='word_1_995' title='bbox 1179 2852 1254 2876; x_wconf 89' lang='lat' dir='ltr'>nem</span> <span class='ocrx_word' id='word_1_996' title='bbox 1278 2855 1294 2876; x_wconf 90' lang='lat' dir='ltr'>a</span> <span class='ocrx_word' id='word_1_997' title='bbox 1317 2844 1442 2879; x_wconf 76' lang='lat' dir='ltr'>Clariis.</span> <span class='ocrx_word' id='word_1_998' title='bbox 1468 2846 1580 2880; x_wconf 84' lang='lat' dir='ltr'>eodem</span> <span class='ocrx_word' id='word_1_999' title='bbox 1606 2848 1693 2881; x_wconf 70' lang='lat' dir='ltr'>Viro</span> <span class='ocrx_word' id='word_1_1000' title='bbox 1716 2859 1800 2883; x_wconf 91' lang='lat' dir='ltr'>nunc</span> <span class='ocrx_word' id='word_1_1001' title='bbox 1828 2848 1947 2891; x_wconf 84' lang='lat' dir='ltr'>scribi,</span> <span class='ocrx_word' id='word_1_1002' title='bbox 1969 2863 2032 2894; x_wconf 89' lang='lat' dir='ltr'>qua</span> <span class='ocrx_word' id='word_1_1003' title='bbox 2058 2852 2180 2894; x_wconf 80' lang='lat' dir='ltr'>sua-per</span> 
     </span>
     <span class='ocr_line' id='line_1_125' title="bbox 1180 2886 2175 2937; baseline 0.011 -19"><span class='ocrx_word' id='word_1_1004' title='bbox 1180 2886 1310 2919; x_wconf 90' lang='lat' dir='ltr'>eandem</span> <span class='ocrx_word' id='word_1_1005' title='bbox 1332 2888 1519 2924; x_wconf 84' lang='lat' dir='ltr'>antidotum</span> <span class='ocrx_word' id='word_1_1006' title='bbox 1545 2901 1612 2923; x_wconf 44' lang='lat' dir='ltr'>non.</span> <span class='ocrx_word' id='word_1_1007' title='bbox 1634 2890 1738 2926; x_wconf 88' lang='lat' dir='ltr'>solum</span> <span class='ocrx_word' id='word_1_1008' title='bbox 1760 2894 1795 2925; x_wconf 91' lang='lat' dir='ltr'>in</span> <span class='ocrx_word' id='word_1_1009' title='bbox 1819 2894 1955 2928; x_wconf 88' lang='lat' dir='ltr'>canibus</span> <span class='ocrx_word' id='word_1_1010' title='bbox 1973 2898 2175 2937; x_wconf 82' lang='lat' dir='ltr'>experimen-</span> 
     </span>
     <span class='ocr_line' id='line_1_126' title="bbox 1179 2929 2176 2977; baseline 0.012 -16"><span class='ocrx_word' id='word_1_1011' title='bbox 1179 2938 1233 2970; x_wconf 87' lang='lat' dir='ltr'>ta,</span> <span class='ocrx_word' id='word_1_1012' title='bbox 1257 2929 1307 2964; x_wconf 87' lang='lat' dir='ltr'>sed</span> <span class='ocrx_word' id='word_1_1013' title='bbox 1330 2933 1366 2964; x_wconf 87' lang='lat' dir='ltr'>in</span> <span class='ocrx_word' id='word_1_1014' title='bbox 1393 2933 1584 2967; x_wconf 83' lang='lat' dir='ltr'>hominibus</span> <span class='ocrx_word' id='word_1_1015' title='bbox 1604 2945 1733 2977; x_wconf 83' lang='lat' dir='ltr'>quoque</span> <span class='ocrx_word' id='word_1_1016' title='bbox 1757 2935 1936 2973; x_wconf 83' lang='lat' dir='ltr'>feliciffima</span> <span class='ocrx_word' id='word_1_1017' title='bbox 1967 2939 2176 2973; x_wconf 81' lang='lat' dir='ltr'>curationum</span> 
     </span>
     <span class='ocr_line' id='line_1_127' title="bbox 1182 2974 2177 3024; baseline 0.01 -18"><span class='ocrx_word' id='word_1_1018' title='bbox 1182 2974 1325 3014; x_wconf 84' lang='lat' dir='ltr'>exempla</span> <span class='ocrx_word' id='word_1_1019' title='bbox 1349 2975 1596 3018; x_wconf 61' lang='lat' dir='ltr'>complet—titum</span> <span class='ocrx_word' id='word_1_1020' title='bbox 1619 2978 1658 3012; x_wconf 83' lang='lat' dir='ltr'>ad</span> <span class='ocrx_word' id='word_1_1021' title='bbox 1681 2990 1752 3012; x_wconf 85' lang='lat' dir='ltr'>eam</span> <span class='ocrx_word' id='word_1_1022' title='bbox 1777 2981 1862 3014; x_wconf 86' lang='lat' dir='ltr'>malo</span> <span class='ocrx_word' id='word_1_1023' title='bbox 1886 2991 1917 3015; x_wconf 90' lang='lat' dir='ltr'>te</span> <span class='ocrx_word' id='word_1_1024' title='bbox 1939 2981 2092 3024; x_wconf 73' lang='lat' dir='ltr'>rejicere,</span> <span class='ocrx_word' id='word_1_1025' title='bbox 2117 2992 2177 3016; x_wconf 84' lang='lat' dir='ltr'>un-</span> 
     </span>
     <span class='ocr_line' id='line_1_128' title="bbox 1182 3016 2177 3068; baseline 0.013 -19"><span class='ocrx_word' id='word_1_1026' title='bbox 1182 3016 1221 3049; x_wconf 88' lang='lat' dir='ltr'>de</span> <span class='ocrx_word' id='word_1_1027' title='bbox 1246 3021 1356 3066; x_wconf 51' lang='lat' dir='ltr'>comnia</span> <span class='ocrx_word' id='word_1_1028' title='bbox 1378 3021 1492 3062; x_wconf 88' lang='lat' dir='ltr'>plene,</span> <span class='ocrx_word' id='word_1_1029' title='bbox 1515 3019 1728 3065; x_wconf 54' lang='lat' dir='ltr'>distincteque</span> <span class='ocrx_word' id='word_1_1030' title='bbox 1751 3023 1923 3065; x_wconf 81' lang='lat' dir='ltr'>cognoscas</span> <span class='ocrx_word' id='word_1_1031' title='bbox 1944 3047 1954 3062; x_wconf 93' lang='lat'>,</span> <span class='ocrx_word' id='word_1_1032' title='bbox 1976 3036 2072 3068; x_wconf 86' lang='lat' dir='ltr'>quam</span> <span class='ocrx_word' id='word_1_1033' title='bbox 2098 3036 2177 3068; x_wconf 87' lang='lat' dir='ltr'>pau—</span> 
     </span>
     <span class='ocr_line' id='line_1_129' title="bbox 1184 3062 2176 3112; baseline 0.009 -19"><span class='ocrx_word' id='word_1_1034' title='bbox 1184 3072 1221 3093; x_wconf 86' lang='lat' dir='ltr'>ca</span> <span class='ocrx_word' id='word_1_1035' title='bbox 1245 3062 1311 3104; x_wconf 77' lang='lat' dir='ltr'>ipse</span> <span class='ocrx_word' id='word_1_1036' title='bbox 1336 3086 1346 3102; x_wconf 93' lang='lat'>,</span> <span class='ocrx_word' id='word_1_1037' title='bbox 1375 3075 1474 3106; x_wconf 87' lang='lat' dir='ltr'>eaque</span> <span class='ocrx_word' id='word_1_1038' title='bbox 1497 3063 1681 3107; x_wconf 66' lang='lat' dir='ltr'>imperfecte</span> <span class='ocrx_word' id='word_1_1039' title='bbox 1706 3092 1716 3106; x_wconf 88' lang='lat'>,</span> <span class='ocrx_word' id='word_1_1040' title='bbox 1751 3068 1894 3102; x_wconf 84' lang='lat' dir='ltr'>indicare</span> <span class='ocrx_word' id='word_1_1041' title='bbox 1915 3092 1924 3102; x_wconf 85' lang='lat'>.</span> <span class='ocrx_word' id='word_1_1042' title='bbox 1950 3069 2051 3104; x_wconf 87' lang='lat' dir='ltr'>Illam</span> <span class='ocrx_word' id='word_1_1043' title='bbox 2072 3070 2176 3112; x_wconf 83' lang='lat' dir='ltr'>igitur</span> 
     </span>
     <span class='ocr_line' id='line_1_130' title="bbox 1183 3104 2175 3155; baseline 0.007 -17"><span class='ocrx_word' id='word_1_1044' title='bbox 1183 3104 1372 3148; x_wconf 87' lang='lat' dir='ltr'>propediem</span> <span class='ocrx_word' id='word_1_1045' title='bbox 1386 3132 1396 3150; x_wconf 92' lang='lat'>,</span> <span class='ocrx_word' id='word_1_1046' title='bbox 1418 3116 1454 3141; x_wconf 90' lang='lat' dir='ltr'>ut</span> <span class='ocrx_word' id='word_1_1047' title='bbox 1478 3106 1595 3152; x_wconf 85' lang='lat' dir='ltr'>spero,</span> <span class='ocrx_word' id='word_1_1048' title='bbox 1614 3109 1820 3151; x_wconf 81' lang='lat' dir='ltr'>prodituram</span> <span class='ocrx_word' id='word_1_1049' title='bbox 1845 3112 2026 3155; x_wconf 65' lang='lat' dir='ltr'>expectabis</span> <span class='ocrx_word' id='word_1_1050' title='bbox 2039 3138 2046 3147; x_wconf 95' lang='lat'>.</span> <span class='ocrx_word' id='word_1_1051' title='bbox 2072 3112 2175 3147; x_wconf 79' lang='lat' dir='ltr'>Vale.</span> 
     </span>
    </p>
   </div>
   <div class='ocr_carea' id='block_1_7' title="bbox 2033 3748 2141 3781">
    <p class='ocr_par' dir='ltr' id='par_1_11' title="bbox 2033 3748 2141 3781">
     <span class='ocr_line' id='line_1_131' title="bbox 2033 3748 2141 3781; baseline 0 0"><span class='ocrx_word' id='word_1_1052' title='bbox 2033 3748 2141 3781; x_wconf 80' lang='lat' dir='ltr'>EPI-</span> 
     </span>
    </p>
   </div>
   <div class='ocr_carea' id='block_1_8' title="bbox 145 3822 1485 3844">
    <p class='ocr_par' dir='ltr' id='par_1_12' title="bbox 145 3822 1485 3844">
     <span class='ocr_line' id='line_1_132' title="bbox 145 3822 1485 3844; baseline -0.002 -7"><span class='ocrx_word' id='word_1_1053' title='bbox 145 3822 1485 3844; x_wconf 40' lang='grc' dir='ltr'>Ψ--ᾁ--Ἧῄ-ο-</span> 
     </span>
    </p>
   </div>
   <div class='ocr_carea' id='block_1_9' title="bbox 344 3869 949 3935">
    <p class='ocr_par' dir='ltr' id='par_1_13' title="bbox 344 3869 949 3935">
     <span class='ocr_line' id='line_1_133' title="bbox 347 3869 814 3903; baseline 0.009 -9"><span class='ocrx_word' id='word_1_1054' title='bbox 347 3880 368 3902; x_wconf 82' lang='lat'>5.</span> <span class='ocrx_word' id='word_1_1055' title='bbox 431 3873 445 3902; x_wconf 82' lang='grc'>(</span> <span class='ocrx_word' id='word_1_1056' title='bbox 458 3879 476 3903; x_wconf 72' lang='lat' dir='ltr'><em>y</em></span> <span class='ocrx_word' id='word_1_1057' title='bbox 495 3871 502 3894; x_wconf 74' lang='lat' dir='ltr'>l</span> <span class='ocrx_word' id='word_1_1058' title='bbox 520 3872 544 3896; x_wconf 88' lang='lat' dir='ltr'>in</span> <span class='ocrx_word' id='word_1_1059' title='bbox 560 3869 644 3899; x_wconf 79' lang='lat' dir='ltr'>notula</span> <span class='ocrx_word' id='word_1_1060' title='bbox 660 3881 675 3897; x_wconf 74' lang='lat' dir='ltr'>a</span> <span class='ocrx_word' id='word_1_1061' title='bbox 690 3872 720 3897; x_wconf 79' lang='lat' dir='ltr'>ad</span> <span class='ocrx_word' id='word_1_1062' title='bbox 736 3873 758 3903; x_wconf 84' lang='lat'>§.</span> <span class='ocrx_word' id='word_1_1063' title='bbox 774 3881 814 3903; x_wconf 76' lang='lat'>40.</span> 
     </span>
     <span class='ocr_line' id='line_1_134' title="bbox 344 3901 949 3935; baseline 0.005 -9"><span class='ocrx_word' id='word_1_1064' title='bbox 344 3920 349 3926; x_wconf 90' lang='lat'>.</span> <span class='ocrx_word' id='word_1_1065' title='bbox 367 3901 479 3935; x_wconf 64' lang='lat' dir='ltr'>Podagrae</span> <span class='ocrx_word' id='word_1_1066' title='bbox 495 3902 517 3926; x_wconf 74' lang='lat' dir='ltr'>St</span> <span class='ocrx_word' id='word_1_1067' title='bbox 533 3911 585 3929; x_wconf 75' lang='lat' dir='ltr'>caet.</span> <span class='ocrx_word' id='word_1_1068' title='bbox 603 3905 632 3929; x_wconf 79' lang='lat' dir='ltr'>ad</span> <span class='ocrx_word' id='word_1_1069' title='bbox 647 3904 736 3929; x_wconf 81' lang='lat' dir='ltr'>finem.</span> <span class='ocrx_word' id='word_1_1070' title='bbox 796 3906 811 3934; x_wconf 91' lang='lat'>(</span> <span class='ocrx_word' id='word_1_1071' title='bbox 825 3904 841 3928; x_wconf 81' lang='lat' dir='ltr'>d</span> <span class='ocrx_word' id='word_1_1072' title='bbox 856 3905 870 3933; x_wconf 89' lang='lat'>)</span> <span class='ocrx_word' id='word_1_1073' title='bbox 884 3911 908 3929; x_wconf 86' lang='lat' dir='ltr'>n.</span> <span class='ocrx_word' id='word_1_1074' title='bbox 928 3912 949 3930; x_wconf 72' lang='grc' dir='ltr'>ι,</span> 
     </span>
    </p>
   </div>
   <div class='ocr_carea' id='block_1_10' title="bbox 873 3873 1450 3937">
    <p class='ocr_par' dir='ltr' id='par_1_14' title="bbox 873 3873 1450 3937">
     <span class='ocr_line' id='line_1_135' title="bbox 873 3873 1186 3910; baseline 0.013 -13"><span class='ocrx_word' id='word_1_1075' title='bbox 873 3874 888 3902; x_wconf 93' lang='grc'><strong>(</strong></span> <span class='ocrx_word' id='word_1_1076' title='bbox 905 3882 924 3903; x_wconf 72' lang='lat' dir='ltr'><em>z</em></span> <span class='ocrx_word' id='word_1_1077' title='bbox 937 3874 952 3903; x_wconf 83' lang='lat'><strong>)</strong></span> <span class='ocrx_word' id='word_1_1078' title='bbox 967 3873 1038 3904; x_wconf 78' lang='lat' dir='ltr'>Epist.</span> <span class='ocrx_word' id='word_1_1079' title='bbox 1058 3883 1096 3903; x_wconf 82' lang='lat'>57.</span> <span class='ocrx_word' id='word_1_1080' title='bbox 1117 3882 1144 3910; x_wconf 76' lang='lat' dir='ltr'>n.</span> <span class='ocrx_word' id='word_1_1081' title='bbox 1163 3882 1186 3903; x_wconf 76' lang='grc'>9.</span> 
     </span>
     <span class='ocr_line' id='line_1_136' title="bbox 1009 3905 1450 3937; baseline 0.016 -8"><span class='ocrx_word' id='word_1_1082' title='bbox 1009 3905 1018 3935; x_wconf 89' lang='grc'><strong>(</strong></span> <span class='ocrx_word' id='word_1_1083' title='bbox 1036 3905 1168 3936; x_wconf 54' lang='lat' dir='ltr'>01:121st</span> <span class='ocrx_word' id='word_1_1084' title='bbox 1185 3909 1222 3936; x_wconf 82' lang='lat'>63.</span> <span class='ocrx_word' id='word_1_1085' title='bbox 1240 3916 1273 3937; x_wconf 60' lang='grc' dir='ltr'>η..</span> <span class='ocrx_word' id='word_1_1086' title='bbox 1286 3914 1322 3936; x_wconf 86' lang='lat'>13·</span> <span class='ocrx_word' id='word_1_1087' title='bbox 1386 3906 1450 3936; x_wconf 70' lang='lat' dir='ltr'>(f)</span> 
     </span>
    </p>
   </div>
   <div class='ocr_carea' id='block_1_11' title="bbox 1247 3863 1742 3907">
    <p class='ocr_par' dir='ltr' id='par_1_15' title="bbox 1247 3863 1742 3907">
     <span class='ocr_line' id='line_1_137' title="bbox 1247 3863 1742 3907; baseline 0.004 -6"><span class='ocrx_word' id='word_1_1088' title='bbox 1247 3876 1261 3905; x_wconf 85' lang='lat'>(</span> <span class='ocrx_word' id='word_1_1089' title='bbox 1277 3863 1326 3903; x_wconf 30' lang='lat' dir='ltr'>a.)</span> <span class='ocrx_word' id='word_1_1090' title='bbox 1343 3875 1400 3900; x_wconf 68' lang='lat' dir='ltr'>Hirr.</span> <span class='ocrx_word' id='word_1_1091' title='bbox 1420 3877 1449 3899; x_wconf 83' lang='lat' dir='ltr'>A.</span> <span class='ocrx_word' id='word_1_1092' title='bbox 1468 3884 1535 3905; x_wconf 77' lang='lat'>¹7⁴7-</span> <span class='ocrx_word' id='word_1_1093' title='bbox 1553 3875 1611 3901; x_wconf 79' lang='lat' dir='ltr'>Obs.</span> <span class='ocrx_word' id='word_1_1094' title='bbox 1627 3879 1699 3903; x_wconf 79' lang='lat' dir='ltr'>Anat.</span> <span class='ocrx_word' id='word_1_1095' title='bbox 1716 3885 1742 3907; x_wconf 81' lang='lat'>3.</span> 
     </span>
    </p>
   </div>
   <div class='ocr_carea' id='block_1_12' title="bbox 1467 3878 2097 3932">
    <p class='ocr_par' dir='ltr' id='par_1_16' title="bbox 1467 3878 2097 3932">
     <span class='ocr_line' id='line_1_138' title="bbox 1467 3878 2097 3932; baseline 0 -28"><span class='ocrx_word' id='word_1_1096' title='bbox 1467 3915 1482 3932; x_wconf 77' lang='lat' dir='ltr'>n</span> <span class='ocrx_word' id='word_1_1097' title='bbox 1508 3907 1537 3932; x_wconf 53' lang='grc' dir='ltr'>,Β</span> <span class='ocrx_word' id='word_1_1098' title='bbox 1797 3878 1808 3907; x_wconf 88' lang='grc'>(</span> <span class='ocrx_word' id='word_1_1099' title='bbox 1826 3879 1841 3904; x_wconf 74' lang='lat' dir='ltr'><em>h</em></span> <span class='ocrx_word' id='word_1_1100' title='bbox 1856 3878 1866 3910; x_wconf 84' lang='lat'>)</span> <span class='ocrx_word' id='word_1_1101' title='bbox 1881 3880 1955 3909; x_wconf 68' lang='lat' dir='ltr'>Epist.</span> <span class='ocrx_word' id='word_1_1102' title='bbox 1971 3888 2010 3908; x_wconf 54' lang='lat' dir='ltr'>we</span> <span class='ocrx_word' id='word_1_1103' title='bbox 2025 3887 2047 3904; x_wconf 89' lang='lat' dir='ltr'>n.</span> <span class='ocrx_word' id='word_1_1104' title='bbox 2065 3888 2097 3905; x_wconf 81' lang='grc' dir='ltr'>ιο.</span> 
     </span>
    </p>
   </div>
  </div>
 </body>
</html>
