<?xml version="1.0" encoding="UTF-8"?>
<!DOCTYPE html PUBLIC "-//W3C//DTD XHTML 1.0 Transitional//EN"
    "http://www.w3.org/TR/xhtml1/DTD/xhtml1-transitional.dtd">
<html xmlns="http://www.w3.org/1999/xhtml" xml:lang="en" lang="en">
 <head>
  <title>
</title>
<meta http-equiv="Content-Type" content="text/html;charset=utf-8" />
  <meta name='ocr-system' content='tesseract 3.04.00' />
  <meta name='ocr-capabilities' content='ocr_page ocr_carea ocr_par ocr_line ocrx_word'/>
</head>
<body>
  <div class='ocr_page' id='page_1' title='image "./desedibusetcausi00morg_0790.png"; bbox 0 0 2498 4075; ppageno 0'>
   <div class='ocr_carea' id='block_1_1' title="bbox 403 182 496 234">
    <p class='ocr_par' dir='ltr' id='par_1_1' title="bbox 403 182 496 234">
     <span class='ocr_line' id='line_1_1' title="bbox 403 182 496 234; baseline -0.011 0"><span class='ocrx_word' id='word_1_1' title='bbox 403 182 496 234; x_wconf 76' lang='lat'>390</span> 
     </span>
    </p>
   </div>
   <div class='ocr_carea' id='block_1_2' title="bbox 301 244 1343 3372">
    <p class='ocr_par' dir='ltr' id='par_1_2' title="bbox 301 244 1343 2586">
     <span class='ocr_line' id='line_1_2' title="bbox 333 244 1341 293; baseline 0 -14"><span class='ocrx_word' id='word_1_2' title='bbox 333 245 437 286; x_wconf 77' lang='lat' dir='ltr'>ferre.</span> <span class='ocrx_word' id='word_1_3' title='bbox 463 249 661 288; x_wconf 61' lang='lat' dir='ltr'>Vomsturnl,</span> <span class='ocrx_word' id='word_1_4' title='bbox 699 247 721 281; x_wconf 83' lang='lat' dir='ltr'>fi</span> <span class='ocrx_word' id='word_1_5' title='bbox 739 247 918 293; x_wconf 59' lang='lat' dir='ltr'>„plerasque</span> <span class='ocrx_word' id='word_1_6' title='bbox 950 244 1095 279; x_wconf 83' lang='lat' dir='ltr'>attendas</span> <span class='ocrx_word' id='word_1_7' title='bbox 1125 246 1341 279; x_wconf 80' lang='lat' dir='ltr'>iudicatarum</span> 
     </span>
     <span class='ocr_line' id='line_1_3' title="bbox 336 288 1342 333; baseline -0.002 -9"><span class='ocrx_word' id='word_1_8' title='bbox 336 292 639 331; x_wconf 73' lang='lat' dir='ltr'>Observationum,</span> <span class='ocrx_word' id='word_1_9' title='bbox 665 292 722 324; x_wconf 82' lang='lat' dir='ltr'>vix</span> <span class='ocrx_word' id='word_1_10' title='bbox 744 302 887 333; x_wconf 83' lang='lat' dir='ltr'>unquam</span> <span class='ocrx_word' id='word_1_11' title='bbox 912 288 1013 323; x_wconf 80' lang='lat' dir='ltr'>abesse</span> <span class='ocrx_word' id='word_1_12' title='bbox 1028 314 1036 327; x_wconf 93' lang='lat'>,</span> <span class='ocrx_word' id='word_1_13' title='bbox 1060 288 1186 322; x_wconf 85' lang='lat' dir='ltr'>credes.</span> <span class='ocrx_word' id='word_1_14' title='bbox 1204 290 1252 322; x_wconf 87' lang='lat' dir='ltr'>At</span> <span class='ocrx_word' id='word_1_15' title='bbox 1265 300 1342 323; x_wconf 84' lang='lat' dir='ltr'>vero</span> 
     </span>
     <span class='ocr_line' id='line_1_4' title="bbox 332 330 1341 375; baseline 0.001 -9"><span class='ocrx_word' id='word_1_16' title='bbox 332 332 452 369; x_wconf 80' lang='lat' dir='ltr'>Paulus</span> <span class='ocrx_word' id='word_1_17' title='bbox 476 336 554 375; x_wconf 86' lang='lat' dir='ltr'><em>(l),</em></span> <span class='ocrx_word' id='word_1_18' title='bbox 570 336 687 369; x_wconf 85' lang='lat' dir='ltr'>Aetius</span> <span class='ocrx_word' id='word_1_19' title='bbox 712 338 811 374; x_wconf 82' lang='lat' dir='ltr'>(m),</span> <span class='ocrx_word' id='word_1_20' title='bbox 838 334 1005 367; x_wconf 85' lang='lat' dir='ltr'>Avicenna</span> <span class='ocrx_word' id='word_1_21' title='bbox 1028 333 1116 370; x_wconf 89' lang='lat' dir='ltr'>(n),</span> <span class='ocrx_word' id='word_1_22' title='bbox 1140 330 1197 365; x_wconf 86' lang='lat' dir='ltr'>nisi</span> <span class='ocrx_word' id='word_1_23' title='bbox 1221 333 1254 365; x_wconf 89' lang='lat' dir='ltr'>in</span> <span class='ocrx_word' id='word_1_24' title='bbox 1270 333 1341 375; x_wconf 87' lang='lat' dir='ltr'>plu-</span> 
     </span>
     <span class='ocr_line' id='line_1_5' title="bbox 331 374 1341 417; baseline 0 -8"><span class='ocrx_word' id='word_1_25' title='bbox 331 379 424 412; x_wconf 89' lang='lat' dir='ltr'>ribus</span> <span class='ocrx_word' id='word_1_26' title='bbox 446 377 546 412; x_wconf 81' lang='lat' dir='ltr'>deesse</span> <span class='ocrx_word' id='word_1_27' title='bbox 568 376 740 416; x_wconf 83' lang='lat' dir='ltr'>vidissent,</span> <span class='ocrx_word' id='word_1_28' title='bbox 764 377 798 411; x_wconf 89' lang='lat' dir='ltr'>hi</span> <span class='ocrx_word' id='word_1_29' title='bbox 823 376 883 410; x_wconf 81' lang='lat' dir='ltr'>esse</span> <span class='ocrx_word' id='word_1_30' title='bbox 906 375 1093 417; x_wconf 73' lang='lat' dir='ltr'>aliquando,</span> <span class='ocrx_word' id='word_1_31' title='bbox 1127 375 1182 408; x_wconf 85' lang='lat' dir='ltr'>ille</span> <span class='ocrx_word' id='word_1_32' title='bbox 1215 374 1272 411; x_wconf 78' lang='lat' dir='ltr'>esse</span> <span class='ocrx_word' id='word_1_33' title='bbox 1307 377 1341 409; x_wconf 86' lang='lat' dir='ltr'>in</span> 
     </span>
     <span class='ocr_line' id='line_1_6' title="bbox 335 419 1338 464; baseline -0.001 -11"><span class='ocrx_word' id='word_1_34' title='bbox 335 421 519 464; x_wconf 58' lang='lat' dir='ltr'>quibusdam</span> <span class='ocrx_word' id='word_1_35' title='bbox 542 444 554 461; x_wconf 91' lang='lat'>‚</span> <span class='ocrx_word' id='word_1_36' title='bbox 589 432 654 454; x_wconf 88' lang='lat' dir='ltr'>non</span> <span class='ocrx_word' id='word_1_37' title='bbox 682 419 893 461; x_wconf 81' lang='lat' dir='ltr'>scripsissent.</span> <span class='ocrx_word' id='word_1_38' title='bbox 918 419 1034 460; x_wconf 84' lang='lat' dir='ltr'>Neque</span> <span class='ocrx_word' id='word_1_39' title='bbox 1059 419 1256 452; x_wconf 85' lang='lat' dir='ltr'>Courtenius</span> <span class='ocrx_word' id='word_1_40' title='bbox 1275 420 1338 458; x_wconf 85' lang='lat' dir='ltr'>(o)</span> 
     </span>
     <span class='ocr_line' id='line_1_7' title="bbox 331 462 1337 506; baseline -0.001 -10"><span class='ocrx_word' id='word_1_41' title='bbox 331 475 407 497; x_wconf 90' lang='lat' dir='ltr'>cum</span> <span class='ocrx_word' id='word_1_42' title='bbox 431 465 469 497; x_wconf 88' lang='lat' dir='ltr'>de</span> <span class='ocrx_word' id='word_1_43' title='bbox 496 463 609 502; x_wconf 64' lang='lat' dir='ltr'>multis</span> <span class='ocrx_word' id='word_1_44' title='bbox 635 466 789 506; x_wconf 83' lang='lat' dir='ltr'>loquatur</span> <span class='ocrx_word' id='word_1_45' title='bbox 810 462 966 501; x_wconf 82' lang='lat' dir='ltr'>canibus,</span> <span class='ocrx_word' id='word_1_46' title='bbox 991 472 1092 503; x_wconf 85' lang='lat' dir='ltr'>neque</span> <span class='ocrx_word' id='word_1_47' title='bbox 1117 463 1202 494; x_wconf 82' lang='lat' dir='ltr'>inter</span> <span class='ocrx_word' id='word_1_48' title='bbox 1222 472 1337 496; x_wconf 80' lang='lat' dir='ltr'>caetera</span> 
     </span>
     <span class='ocr_line' id='line_1_8' title="bbox 326 505 1338 552; baseline -0.007 -12"><span class='ocrx_word' id='word_1_49' title='bbox 326 507 548 549; x_wconf 73' lang='lat' dir='ltr'>&#39;lethargicum</span> <span class='ocrx_word' id='word_1_50' title='bbox 571 506 735 550; x_wconf 80' lang='lat' dir='ltr'>quendam</span> <span class='ocrx_word' id='word_1_51' title='bbox 760 507 945 546; x_wconf 81' lang='lat' dir='ltr'>stuporem,</span> <span class='ocrx_word' id='word_1_52' title='bbox 965 516 985 552; x_wconf 25' lang='lat' dir='ltr'>*a</span> <span class='ocrx_word' id='word_1_53' title='bbox 1009 515 1074 538; x_wconf 88' lang='lat' dir='ltr'>non</span> <span class='ocrx_word' id='word_1_54' title='bbox 1109 505 1222 547; x_wconf 82' lang='lat' dir='ltr'>multis</span> <span class='ocrx_word' id='word_1_55' title='bbox 1256 506 1338 538; x_wconf 86' lang='lat' dir='ltr'>alio-</span> 
     </span>
     <span class='ocr_line' id='line_1_9' title="bbox 331 546 1337 592; baseline -0.001 -10"><span class='ocrx_word' id='word_1_56' title='bbox 331 553 411 592; x_wconf 85' lang='lat' dir='ltr'>quin</span> <span class='ocrx_word' id='word_1_57' title='bbox 437 561 676 586; x_wconf 81' lang='lat' dir='ltr'>memoratum,</span> <span class='ocrx_word' id='word_1_58' title='bbox 701 559 737 583; x_wconf 86' lang='lat' dir='ltr'>ut</span> <span class='ocrx_word' id='word_1_59' title='bbox 755 549 888 591; x_wconf 82' lang='lat' dir='ltr'>solitum</span> <span class='ocrx_word' id='word_1_60' title='bbox 913 549 1011 589; x_wconf 74' lang='lat' dir='ltr'>hujus</span> <span class='ocrx_word' id='word_1_61' title='bbox 1036 547 1148 581; x_wconf 88' lang='lat' dir='ltr'>veneni</span> <span class='ocrx_word' id='word_1_62' title='bbox 1185 546 1337 582; x_wconf 62' lang='lat' dir='ltr'>effeetum</span> 
     </span>
     <span class='ocr_line' id='line_1_10' title="bbox 328 588 1337 633; baseline 0 -8"><span class='ocrx_word' id='word_1_63' title='bbox 328 594 483 630; x_wconf 76' lang='lat' dir='ltr'>reticeat,</span> <span class='ocrx_word' id='word_1_64' title='bbox 507 595 610 628; x_wconf 85' lang='lat' dir='ltr'>ullum</span> <span class='ocrx_word' id='word_1_65' title='bbox 636 593 674 626; x_wconf 85' lang='lat' dir='ltr'>de</span> <span class='ocrx_word' id='word_1_66' title='bbox 699 594 828 626; x_wconf 88' lang='lat' dir='ltr'>vomitu</span> <span class='ocrx_word' id='word_1_67' title='bbox 852 592 986 624; x_wconf 86' lang='lat' dir='ltr'>verbum</span> <span class='ocrx_word' id='word_1_68' title='bbox 1020 588 1098 624; x_wconf 83' lang='lat' dir='ltr'>facit</span> <span class='ocrx_word' id='word_1_69' title='bbox 1119 603 1129 627; x_wconf 75' lang='lat'>3</span> <span class='ocrx_word' id='word_1_70' title='bbox 1162 591 1251 633; x_wconf 83' lang='lat' dir='ltr'>quod</span> <span class='ocrx_word' id='word_1_71' title='bbox 1283 603 1337 625; x_wconf 87' lang='lat' dir='ltr'>ne-</span> 
     </span>
     <span class='ocr_line' id='line_1_11' title="bbox 327 634 1337 678; baseline -0.002 -8"><span class='ocrx_word' id='word_1_72' title='bbox 327 647 389 678; x_wconf 83' lang='lat' dir='ltr'>que</span> <span class='ocrx_word' id='word_1_73' title='bbox 411 637 448 670; x_wconf 85' lang='lat' dir='ltr'>fit</span> <span class='ocrx_word' id='word_1_74' title='bbox 474 640 506 671; x_wconf 90' lang='lat' dir='ltr'>in</span> <span class='ocrx_word' id='word_1_75' title='bbox 532 637 656 671; x_wconf 88' lang='lat' dir='ltr'>Scholii</span> <span class='ocrx_word' id='word_1_76' title='bbox 681 635 771 670; x_wconf 84' lang='lat' dir='ltr'>illius</span> <span class='ocrx_word' id='word_1_77' title='bbox 796 646 823 667; x_wconf 88' lang='lat'>2.</span> <span class='ocrx_word' id='word_1_78' title='bbox 850 636 997 677; x_wconf 85' lang='lat' dir='ltr'>nequein</span> <span class='ocrx_word' id='word_1_79' title='bbox 1023 634 1275 668; x_wconf 84' lang='lat' dir='ltr'>Observationis</span> <span class='ocrx_word' id='word_1_80' title='bbox 1297 636 1337 669; x_wconf 88' lang='lat' dir='ltr'>il-</span> 
     </span>
     <span class='ocr_line' id='line_1_12' title="bbox 325 677 1334 724; baseline 0 -12"><span class='ocrx_word' id='word_1_81' title='bbox 325 680 387 714; x_wconf 85' lang='lat' dir='ltr'>lius</span> <span class='ocrx_word' id='word_1_82' title='bbox 411 682 475 715; x_wconf 76' lang='lat' dir='ltr'>VI.</span> <span class='ocrx_word' id='word_1_83' title='bbox 498 682 750 724; x_wconf 79' lang='lat' dir='ltr'>experimentis,</span> <span class='ocrx_word' id='word_1_84' title='bbox 775 689 845 722; x_wconf 87' lang='lat' dir='ltr'>quae</span> <span class='ocrx_word' id='word_1_85' title='bbox 872 677 963 720; x_wconf 80' lang='lat' dir='ltr'>supra</span> <span class='ocrx_word' id='word_1_86' title='bbox 986 681 1051 719; x_wconf 88' lang='lat' dir='ltr'>(p)</span> <span class='ocrx_word' id='word_1_87' title='bbox 1077 689 1115 710; x_wconf 83' lang='lat' dir='ltr'>ex</span> <span class='ocrx_word' id='word_1_88' title='bbox 1150 678 1334 719; x_wconf 76' lang='lat' dir='ltr'>sepulchre-</span> 
     </span>
     <span class='ocr_line' id='line_1_13' title="bbox 328 722 1333 764; baseline -0.003 -9"><span class='ocrx_word' id='word_1_89' title='bbox 328 732 365 756; x_wconf 88' lang='lat' dir='ltr'>to</span> <span class='ocrx_word' id='word_1_90' title='bbox 388 723 624 758; x_wconf 77' lang='lat' dir='ltr'>indicavimus:</span> <span class='ocrx_word' id='word_1_91' title='bbox 651 724 671 757; x_wconf 84' lang='lat' dir='ltr'>si</span> <span class='ocrx_word' id='word_1_92' title='bbox 698 734 798 757; x_wconf 89' lang='lat' dir='ltr'>unum</span> <span class='ocrx_word' id='word_1_93' title='bbox 822 724 966 763; x_wconf 78' lang='lat' dir='ltr'>excipias</span> <span class='ocrx_word' id='word_1_94' title='bbox 994 743 1003 758; x_wconf 92' lang='lat'><em>‚</em></span> <span class='ocrx_word' id='word_1_95' title='bbox 1035 723 1088 754; x_wconf 90' lang='lat' dir='ltr'>cui</span> <span class='ocrx_word' id='word_1_96' title='bbox 1112 729 1219 753; x_wconf 78' lang='lat' dir='ltr'>tamen</span> <span class='ocrx_word' id='word_1_97' title='bbox 1244 722 1333 764; x_wconf 83' lang='lat' dir='ltr'>quod</span> 
     </span>
     <span class='ocr_line' id='line_1_14' title="bbox 326 764 1335 810; baseline -0.001 -11"><span class='ocrx_word' id='word_1_98' title='bbox 326 770 486 802; x_wconf 81' lang='lat' dir='ltr'>continuo</span> <span class='ocrx_word' id='word_1_99' title='bbox 508 767 679 810; x_wconf 84' lang='lat' dir='ltr'>subjicitur</span> <span class='ocrx_word' id='word_1_100' title='bbox 693 790 703 806; x_wconf 87' lang='lat'><strong>‚</strong></span> <span class='ocrx_word' id='word_1_101' title='bbox 727 766 843 800; x_wconf 86' lang='lat' dir='ltr'>diserte</span> <span class='ocrx_word' id='word_1_102' title='bbox 869 765 937 798; x_wconf 74' lang='lat' dir='ltr'>haec</span> <span class='ocrx_word' id='word_1_103' title='bbox 961 764 1059 798; x_wconf 84' lang='lat' dir='ltr'>habet</span> <span class='ocrx_word' id='word_1_104' title='bbox 1077 776 1087 795; x_wconf 85' lang='grc'>.-</span> <span class='ocrx_word' id='word_1_105' title='bbox 1111 764 1252 796; x_wconf 75' lang='lat' dir='ltr'>Vomitus</span> <span class='ocrx_word' id='word_1_106' title='bbox 1266 766 1335 799; x_wconf 76' lang='lat' dir='ltr'>nul-</span> 
     </span>
     <span class='ocr_line' id='line_1_15' title="bbox 324 808 1334 852; baseline -0.002 -10"><span class='ocrx_word' id='word_1_107' title='bbox 324 809 374 842; x_wconf 81' lang='lat' dir='ltr'>lus</span> <span class='ocrx_word' id='word_1_108' title='bbox 390 811 566 852; x_wconf 73' lang='lat' dir='ltr'>sequutus.</span> <span class='ocrx_word' id='word_1_109' title='bbox 595 812 714 843; x_wconf 74' lang='lat' dir='ltr'>Pariter</span> <span class='ocrx_word' id='word_1_110' title='bbox 739 811 772 842; x_wconf 89' lang='lat' dir='ltr'>in</span> <span class='ocrx_word' id='word_1_111' title='bbox 799 808 910 842; x_wconf 84' lang='lat' dir='ltr'>iisdem</span> <span class='ocrx_word' id='word_1_112' title='bbox 936 831 944 845; x_wconf 91' lang='lat'><strong>‚</strong></span> <span class='ocrx_word' id='word_1_113' title='bbox 979 811 1010 840; x_wconf 90' lang='lat'><strong>&amp;</strong></span> <span class='ocrx_word' id='word_1_114' title='bbox 1034 809 1210 840; x_wconf 86' lang='lat' dir='ltr'>Courteuii</span> <span class='ocrx_word' id='word_1_115' title='bbox 1237 819 1334 850; x_wconf 83' lang='lat' dir='ltr'>expe-</span> 
     </span>
     <span class='ocr_line' id='line_1_16' title="bbox 324 850 1332 896; baseline 0.001 -12"><span class='ocrx_word' id='word_1_116' title='bbox 324 855 475 887; x_wconf 83' lang='lat' dir='ltr'>rimentis</span> <span class='ocrx_word' id='word_1_117' title='bbox 500 853 694 896; x_wconf 71' lang='lat' dir='ltr'>dejeffiones</span> <span class='ocrx_word' id='word_1_118' title='bbox 726 864 796 894; x_wconf 80' lang='lat' dir='ltr'>quae</span> <span class='ocrx_word' id='word_1_119' title='bbox 833 852 942 894; x_wconf 77' lang='lat' dir='ltr'>dignae</span> <span class='ocrx_word' id='word_1_120' title='bbox 966 850 1096 893; x_wconf 83' lang='lat' dir='ltr'>quidem</span> <span class='ocrx_word' id='word_1_121' title='bbox 1122 850 1332 885; x_wconf 79' lang='lat' dir='ltr'>adnotatione</span> 
     </span>
     <span class='ocr_line' id='line_1_17' title="bbox 323 893 1331 940; baseline -0.001 -11"><span class='ocrx_word' id='word_1_122' title='bbox 323 895 472 937; x_wconf 85' lang='lat' dir='ltr'>fuerint,</span> <span class='ocrx_word' id='word_1_123' title='bbox 496 898 634 940; x_wconf 85' lang='lat' dir='ltr'>proponi</span> <span class='ocrx_word' id='word_1_124' title='bbox 659 896 747 930; x_wconf 88' lang='lat' dir='ltr'>haud</span> <span class='ocrx_word' id='word_1_125' title='bbox 774 895 869 929; x_wconf 88' lang='lat' dir='ltr'>video</span> <span class='ocrx_word' id='word_1_126' title='bbox 900 909 908 927; x_wconf 91' lang='lat'>:</span> <span class='ocrx_word' id='word_1_127' title='bbox 941 905 1077 937; x_wconf 83' lang='lat' dir='ltr'>quarum</span> <span class='ocrx_word' id='word_1_128' title='bbox 1103 903 1209 926; x_wconf 83' lang='lat' dir='ltr'>tamen</span> <span class='ocrx_word' id='word_1_129' title='bbox 1235 893 1331 928; x_wconf 89' lang='lat' dir='ltr'>vehe-</span> 
     </span>
     <span class='ocr_line' id='line_1_18' title="bbox 323 936 1336 982; baseline 0 -10"><span class='ocrx_word' id='word_1_130' title='bbox 323 942 472 978; x_wconf 84' lang='lat' dir='ltr'>mentia,</span> <span class='ocrx_word' id='word_1_131' title='bbox 508 950 562 974; x_wconf 83' lang='lat' dir='ltr'>aut</span> <span class='ocrx_word' id='word_1_132' title='bbox 585 940 758 982; x_wconf 87' lang='lat' dir='ltr'>peculiaris</span> <span class='ocrx_word' id='word_1_133' title='bbox 792 949 906 977; x_wconf 78' lang='lat' dir='ltr'>natura</span> <span class='ocrx_word' id='word_1_134' title='bbox 942 950 958 971; x_wconf 86' lang='lat' dir='ltr'>a</span> <span class='ocrx_word' id='word_1_135' title='bbox 996 937 1143 979; x_wconf 89' lang='lat' dir='ltr'>pluribus</span> <span class='ocrx_word' id='word_1_136' title='bbox 1164 936 1336 976; x_wconf 82' lang='lat' dir='ltr'>observata</span> 
     </span>
     <span class='ocr_line' id='line_1_19' title="bbox 322 981 1341 1024; baseline 0 -9"><span class='ocrx_word' id='word_1_137' title='bbox 322 983 364 1016; x_wconf 77' lang='lat' dir='ltr'>est</span> <span class='ocrx_word' id='word_1_138' title='bbox 381 1008 388 1020; x_wconf 77' lang='grc'>,</span> <span class='ocrx_word' id='word_1_139' title='bbox 410 985 441 1016; x_wconf 85' lang='lat'>&amp;</span> <span class='ocrx_word' id='word_1_140' title='bbox 465 985 520 1017; x_wconf 89' lang='lat' dir='ltr'>Cl.</span> <span class='ocrx_word' id='word_1_141' title='bbox 545 984 697 1017; x_wconf 88' lang='lat' dir='ltr'>Meadius</span> <span class='ocrx_word' id='word_1_142' title='bbox 721 988 731 1021; x_wconf 95' lang='lat'>(</span> <span class='ocrx_word' id='word_1_143' title='bbox 757 994 776 1024; x_wconf 84' lang='lat' dir='ltr'><em>q</em></span> <span class='ocrx_word' id='word_1_144' title='bbox 800 986 811 1021; x_wconf 91' lang='lat'><em>)</em></span> <span class='ocrx_word' id='word_1_145' title='bbox 835 982 874 1016; x_wconf 89' lang='lat' dir='ltr'>de</span> <span class='ocrx_word' id='word_1_146' title='bbox 897 992 973 1016; x_wconf 82' lang='lat' dir='ltr'>cane</span> <span class='ocrx_word' id='word_1_147' title='bbox 1008 992 1104 1023; x_wconf 89' lang='lat' dir='ltr'>quem</span> <span class='ocrx_word' id='word_1_148' title='bbox 1128 981 1191 1014; x_wconf 90' lang='lat' dir='ltr'>hoc</span> <span class='ocrx_word' id='word_1_149' title='bbox 1216 992 1341 1016; x_wconf 74' lang='lat' dir='ltr'>veneno</span> 
     </span>
     <span class='ocr_line' id='line_1_20' title="bbox 324 1023 1343 1069; baseline -0.001 -10"><span class='ocrx_word' id='word_1_150' title='bbox 324 1026 479 1060; x_wconf 63' lang='lat' dir='ltr'>infecerat</span> <span class='ocrx_word' id='word_1_151' title='bbox 503 1037 557 1069; x_wconf 81' lang='lat' dir='ltr'>per</span> <span class='ocrx_word' id='word_1_152' title='bbox 575 1026 676 1061; x_wconf 48' lang='lat' dir='ltr'>*acum</span> <span class='ocrx_word' id='word_1_153' title='bbox 701 1026 866 1062; x_wconf 73' lang='lat' dir='ltr'>immisso,</span> <span class='ocrx_word' id='word_1_154' title='bbox 891 1024 959 1058; x_wconf 82' lang='lat' dir='ltr'>haec</span> <span class='ocrx_word' id='word_1_155' title='bbox 985 1023 1108 1065; x_wconf 79' lang='lat' dir='ltr'>scripsit</span> <span class='ocrx_word' id='word_1_156' title='bbox 1132 1037 1142 1055; x_wconf 92' lang='lat'>.·</span> <span class='ocrx_word' id='word_1_157' title='bbox 1174 1032 1248 1057; x_wconf 80' lang='lat' dir='ltr'>ortae</span> <span class='ocrx_word' id='word_1_158' title='bbox 1266 1025 1343 1067; x_wconf 78' lang='lat' dir='ltr'>sunt</span> 
     </span>
     <span class='ocr_line' id='line_1_21' title="bbox 322 1067 1342 1113; baseline -0.002 -11"><span class='ocrx_word' id='word_1_159' title='bbox 322 1070 418 1103; x_wconf 78' lang='lat' dir='ltr'>turbae</span> <span class='ocrx_word' id='word_1_160' title='bbox 435 1069 539 1113; x_wconf 77' lang='lat' dir='ltr'>solitae</span> <span class='ocrx_word' id='word_1_161' title='bbox 553 1093 562 1108; x_wconf 92' lang='lat'>,</span> <span class='ocrx_word' id='word_1_162' title='bbox 584 1071 725 1104; x_wconf 70' lang='lat' dir='ltr'>vomitus</span> <span class='ocrx_word' id='word_1_163' title='bbox 739 1095 747 1109; x_wconf 94' lang='lat'>,</span> <span class='ocrx_word' id='word_1_164' title='bbox 770 1069 953 1111; x_wconf 65' lang='lat' dir='ltr'>dejeftiones</span> <span class='ocrx_word' id='word_1_165' title='bbox 977 1069 1046 1101; x_wconf 60' lang='lat' dir='ltr'>&amp;a</span> <span class='ocrx_word' id='word_1_166' title='bbox 1070 1070 1100 1100; x_wconf 73' lang='grc' dir='ltr'>δε</span> <span class='ocrx_word' id='word_1_167' title='bbox 1123 1077 1208 1101; x_wconf 78' lang='lat' dir='ltr'>certe</span> <span class='ocrx_word' id='word_1_168' title='bbox 1221 1067 1253 1100; x_wconf 90' lang='lat' dir='ltr'>in</span> <span class='ocrx_word' id='word_1_169' title='bbox 1279 1078 1342 1102; x_wconf 81' lang='lat' dir='ltr'>ter-</span> 
     </span>
     <span class='ocr_line' id='line_1_22' title="bbox 325 1111 1339 1156; baseline -0.002 -11"><span class='ocrx_word' id='word_1_170' title='bbox 325 1115 375 1146; x_wconf 83' lang='lat' dir='ltr'>tio</span> <span class='ocrx_word' id='word_1_171' title='bbox 399 1114 549 1156; x_wconf 78' lang='lat' dir='ltr'>exemplo</span> <span class='ocrx_word' id='word_1_172' title='bbox 572 1114 718 1148; x_wconf 86' lang='lat' dir='ltr'>hominis</span> <span class='ocrx_word' id='word_1_173' title='bbox 744 1126 759 1146; x_wconf 90' lang='lat' dir='ltr'>a</span> <span class='ocrx_word' id='word_1_174' title='bbox 784 1114 895 1154; x_wconf 88' lang='lat' dir='ltr'>vipera</span> <span class='ocrx_word' id='word_1_175' title='bbox 920 1112 1042 1151; x_wconf 84' lang='lat' dir='ltr'>morfi,</span> <span class='ocrx_word' id='word_1_176' title='bbox 1073 1111 1161 1153; x_wconf 86' lang='lat' dir='ltr'>quod</span> <span class='ocrx_word' id='word_1_177' title='bbox 1197 1123 1213 1144; x_wconf 84' lang='lat' dir='ltr'>a</span> <span class='ocrx_word' id='word_1_178' title='bbox 1249 1112 1339 1144; x_wconf 82' lang='lat' dir='ltr'>Pari-</span> 
     </span>
     <span class='ocr_line' id='line_1_23' title="bbox 327 1154 1338 1201; baseline -0.001 -12"><span class='ocrx_word' id='word_1_179' title='bbox 327 1156 479 1192; x_wconf 75' lang='lat' dir='ltr'>fienfibus</span> <span class='ocrx_word' id='word_1_180' title='bbox 504 1158 568 1201; x_wconf 82' lang='lat' dir='ltr'>(r)</span> <span class='ocrx_word' id='word_1_181' title='bbox 595 1158 636 1191; x_wconf 85' lang='lat' dir='ltr'>est</span> <span class='ocrx_word' id='word_1_182' title='bbox 659 1156 880 1199; x_wconf 88' lang='lat' dir='ltr'>descriptum,</span> <span class='ocrx_word' id='word_1_183' title='bbox 902 1165 1000 1199; x_wconf 84' lang='lat' dir='ltr'>quam</span> <span class='ocrx_word' id='word_1_184' title='bbox 1037 1155 1178 1187; x_wconf 87' lang='lat' dir='ltr'>violenta</span> <span class='ocrx_word' id='word_1_185' title='bbox 1215 1154 1338 1188; x_wconf 88' lang='lat' dir='ltr'>fuerint</span> 
     </span>
     <span class='ocr_line' id='line_1_24' title="bbox 320 1198 1338 1244; baseline 0 -12"><span class='ocrx_word' id='word_1_186' title='bbox 320 1209 458 1244; x_wconf 85' lang='lat' dir='ltr'>utraque</span> <span class='ocrx_word' id='word_1_187' title='bbox 484 1227 492 1241; x_wconf 89' lang='lat'>‚</span> <span class='ocrx_word' id='word_1_188' title='bbox 529 1200 730 1235; x_wconf 84' lang='lat' dir='ltr'>manifestum</span> <span class='ocrx_word' id='word_1_189' title='bbox 755 1202 819 1234; x_wconf 81' lang='lat' dir='ltr'>est.</span> <span class='ocrx_word' id='word_1_190' title='bbox 845 1200 903 1232; x_wconf 85' lang='lat' dir='ltr'>Sed</span> <span class='ocrx_word' id='word_1_191' title='bbox 932 1201 965 1232; x_wconf 88' lang='lat' dir='ltr'>in</span> <span class='ocrx_word' id='word_1_192' title='bbox 992 1198 1118 1231; x_wconf 87' lang='lat' dir='ltr'>duobus</span> <span class='ocrx_word' id='word_1_193' title='bbox 1154 1209 1226 1240; x_wconf 85' lang='lat' dir='ltr'>quae</span> <span class='ocrx_word' id='word_1_194' title='bbox 1256 1199 1338 1232; x_wconf 89' lang='lat' dir='ltr'>illud</span> 
     </span>
     <span class='ocr_line' id='line_1_25' title="bbox 322 1243 1338 1285; baseline -0.003 -8"><span class='ocrx_word' id='word_1_195' title='bbox 322 1245 534 1285; x_wconf 75' lang='lat' dir='ltr'>praecedunt,</span> <span class='ocrx_word' id='word_1_196' title='bbox 558 1244 712 1285; x_wconf 60' lang='lat' dir='ltr'>exempl—is</span> <span class='ocrx_word' id='word_1_197' title='bbox 735 1243 929 1283; x_wconf 70' lang='lat' dir='ltr'>dejec&#39;tiones</span> <span class='ocrx_word' id='word_1_198' title='bbox 952 1253 990 1274; x_wconf 90' lang='lat' dir='ltr'>ne</span> <span class='ocrx_word' id='word_1_199' title='bbox 1017 1243 1229 1274; x_wconf 82' lang='lat' dir='ltr'>nominantur·</span> <span class='ocrx_word' id='word_1_200' title='bbox 1261 1243 1338 1284; x_wconf 85' lang='lat' dir='ltr'>qui·</span> 
     </span>
     <span class='ocr_line' id='line_1_26' title="bbox 322 1284 1337 1330; baseline 0 -11"><span class='ocrx_word' id='word_1_201' title='bbox 322 1286 394 1320; x_wconf 88' lang='lat' dir='ltr'>dem</span> <span class='ocrx_word' id='word_1_202' title='bbox 412 1310 420 1324; x_wconf 94' lang='lat'>‚</span> <span class='ocrx_word' id='word_1_203' title='bbox 446 1296 483 1321; x_wconf 89' lang='lat' dir='ltr'>ut</span> <span class='ocrx_word' id='word_1_204' title='bbox 507 1298 610 1330; x_wconf 88' lang='lat' dir='ltr'>neque</span> <span class='ocrx_word' id='word_1_205' title='bbox 634 1288 714 1321; x_wconf 82' lang='lat' dir='ltr'>olim</span> <span class='ocrx_word' id='word_1_206' title='bbox 740 1286 824 1330; x_wconf 86' lang='lat' dir='ltr'>apud</span> <span class='ocrx_word' id='word_1_207' title='bbox 851 1285 1084 1319; x_wconf 87' lang='lat' dir='ltr'>Dioscoridern</span> <span class='ocrx_word' id='word_1_208' title='bbox 1097 1284 1172 1326; x_wconf 83' lang='lat' dir='ltr'><em>(s),</em></span> <span class='ocrx_word' id='word_1_209' title='bbox 1198 1285 1337 1319; x_wconf 86' lang='lat' dir='ltr'>Aetium</span> 
     </span>
     <span class='ocr_line' id='line_1_27' title="bbox 322 1328 1337 1372; baseline -0.002 -8"><span class='ocrx_word' id='word_1_210' title='bbox 322 1334 409 1372; x_wconf 81' lang='lat' dir='ltr'>(t),</span> <span class='ocrx_word' id='word_1_211' title='bbox 446 1332 580 1364; x_wconf 87' lang='lat' dir='ltr'>Paulum</span> <span class='ocrx_word' id='word_1_212' title='bbox 615 1334 705 1370; x_wconf 84' lang='lat' dir='ltr'>(u),</span> <span class='ocrx_word' id='word_1_213' title='bbox 738 1330 942 1362; x_wconf 81' lang='lat' dir='ltr'>Avicennam</span> <span class='ocrx_word' id='word_1_214' title='bbox 974 1328 1064 1370; x_wconf 81' lang='lat' dir='ltr'>(x):</span> <span class='ocrx_word' id='word_1_215' title='bbox 1100 1339 1241 1369; x_wconf 81' lang='lat' dir='ltr'>quorum</span> <span class='ocrx_word' id='word_1_216' title='bbox 1274 1338 1337 1362; x_wconf 86' lang='lat' dir='ltr'>tres</span> 
     </span>
     <span class='ocr_line' id='line_1_28' title="bbox 321 1371 1337 1416; baseline 0 -10"><span class='ocrx_word' id='word_1_217' title='bbox 321 1375 449 1416; x_wconf 84' lang='lat' dir='ltr'>priores</span> <span class='ocrx_word' id='word_1_218' title='bbox 474 1376 610 1407; x_wconf 74' lang='lat' dir='ltr'>tormina</span> <span class='ocrx_word' id='word_1_219' title='bbox 627 1399 635 1413; x_wconf 86' lang='lat'><em>‚</em></span> <span class='ocrx_word' id='word_1_220' title='bbox 657 1374 829 1407; x_wconf 84' lang='lat' dir='ltr'>Avicenna</span> <span class='ocrx_word' id='word_1_221' title='bbox 850 1373 1045 1416; x_wconf 71' lang='lat' dir='ltr'>gravitatem</span> <span class='ocrx_word' id='word_1_222' title='bbox 1060 1373 1092 1404; x_wconf 88' lang='lat' dir='ltr'>in</span> <span class='ocrx_word' id='word_1_223' title='bbox 1104 1371 1209 1414; x_wconf 81' lang='lat' dir='ltr'>dorso,</span> <span class='ocrx_word' id='word_1_224' title='bbox 1225 1383 1337 1406; x_wconf 82' lang='lat' dir='ltr'>omnes</span> 
     </span>
     <span class='ocr_line' id='line_1_29' title="bbox 321 1414 1336 1459; baseline -0.001 -9"><span class='ocrx_word' id='word_1_225' title='bbox 321 1418 417 1451; x_wconf 70' lang='lat' dir='ltr'>urina</span> <span class='ocrx_word' id='word_1_226' title='bbox 441 1414 677 1459; x_wconf 70' lang='lat' dir='ltr'>difficultatem,</span> <span class='ocrx_word' id='word_1_227' title='bbox 704 1418 783 1459; x_wconf 86' lang='lat' dir='ltr'>quin</span> <span class='ocrx_word' id='word_1_228' title='bbox 809 1427 868 1459; x_wconf 87' lang='lat' dir='ltr'>pro</span> <span class='ocrx_word' id='word_1_229' title='bbox 894 1415 953 1449; x_wconf 84' lang='lat' dir='ltr'>hac</span> <span class='ocrx_word' id='word_1_230' title='bbox 979 1416 1095 1448; x_wconf 87' lang='lat' dir='ltr'>Aetius</span> <span class='ocrx_word' id='word_1_231' title='bbox 1119 1420 1247 1448; x_wconf 60' lang='lat' dir='ltr'>cruenta</span> <span class='ocrx_word' id='word_1_232' title='bbox 1291 1415 1336 1449; x_wconf 90' lang='lat' dir='ltr'>lo-</span> 
     </span>
     <span class='ocr_line' id='line_1_30' title="bbox 319 1459 1336 1502; baseline -0.002 -9"><span class='ocrx_word' id='word_1_233' title='bbox 319 1461 366 1493; x_wconf 82' lang='lat' dir='ltr'>tia</span> <span class='ocrx_word' id='word_1_234' title='bbox 382 1486 390 1500; x_wconf 90' lang='lat'>,</span> <span class='ocrx_word' id='word_1_235' title='bbox 414 1463 444 1494; x_wconf 87' lang='lat'>&amp;</span> <span class='ocrx_word' id='word_1_236' title='bbox 468 1459 533 1494; x_wconf 86' lang='lat' dir='ltr'>fere</span> <span class='ocrx_word' id='word_1_237' title='bbox 556 1471 669 1494; x_wconf 85' lang='lat' dir='ltr'>omnes</span> <span class='ocrx_word' id='word_1_238' title='bbox 693 1468 837 1494; x_wconf 80' lang='lat' dir='ltr'>cruentas</span> <span class='ocrx_word' id='word_1_239' title='bbox 864 1460 1013 1502; x_wconf 75' lang='lat' dir='ltr'>gingivas</span> <span class='ocrx_word' id='word_1_240' title='bbox 1048 1464 1304 1492; x_wconf 87' lang='lat' dir='ltr'>commemorant</span> <span class='ocrx_word' id='word_1_241' title='bbox 1329 1484 1336 1491; x_wconf 93' lang='lat'>.</span> 
     </span>
     <span class='ocr_line' id='line_1_31' title="bbox 326 1502 1336 1541; baseline 0 -5"><span class='ocrx_word' id='word_1_242' title='bbox 326 1504 396 1538; x_wconf 82' lang='lat' dir='ltr'>Has</span> <span class='ocrx_word' id='word_1_243' title='bbox 419 1515 544 1541; x_wconf 86' lang='lat' dir='ltr'>tamen,</span> <span class='ocrx_word' id='word_1_244' title='bbox 568 1506 601 1537; x_wconf 90' lang='lat'>&amp;</span> <span class='ocrx_word' id='word_1_245' title='bbox 636 1505 736 1541; x_wconf 80' lang='lat' dir='ltr'>urinae</span> <span class='ocrx_word' id='word_1_246' title='bbox 773 1503 999 1536; x_wconf 86' lang='lat' dir='ltr'>difficultatem</span> <span class='ocrx_word' id='word_1_247' title='bbox 1033 1502 1066 1535; x_wconf 88' lang='lat' dir='ltr'>in</span> <span class='ocrx_word' id='word_1_248' title='bbox 1101 1503 1336 1536; x_wconf 84' lang='lat' dir='ltr'>recentioribus</span> 
     </span>
     <span class='ocr_line' id='line_1_32' title="bbox 320 1546 1334 1588; baseline -0.001 -8"><span class='ocrx_word' id='word_1_249' title='bbox 320 1547 619 1581; x_wconf 84' lang='lat' dir='ltr'>Observationibus</span> <span class='ocrx_word' id='word_1_250' title='bbox 644 1558 708 1580; x_wconf 85' lang='lat' dir='ltr'>non</span> <span class='ocrx_word' id='word_1_251' title='bbox 732 1546 845 1580; x_wconf 86' lang='lat' dir='ltr'>videor</span> <span class='ocrx_word' id='word_1_252' title='bbox 868 1546 978 1588; x_wconf 77' lang='lat' dir='ltr'>legisse</span> <span class='ocrx_word' id='word_1_253' title='bbox 1003 1547 1020 1577; x_wconf 83' lang='lat'>.&#39;</span> <span class='ocrx_word' id='word_1_254' title='bbox 1049 1547 1194 1578; x_wconf 82' lang='lat' dir='ltr'>Cruenta</span> <span class='ocrx_word' id='word_1_255' title='bbox 1227 1556 1334 1579; x_wconf 86' lang='lat' dir='ltr'>autem</span> 
     </span>
     <span class='ocr_line' id='line_1_33' title="bbox 319 1588 1333 1632; baseline -0.002 -8"><span class='ocrx_word' id='word_1_256' title='bbox 319 1591 402 1625; x_wconf 86' lang='lat' dir='ltr'>lotia</span> <span class='ocrx_word' id='word_1_257' title='bbox 425 1593 458 1624; x_wconf 89' lang='lat' dir='ltr'>in</span> <span class='ocrx_word' id='word_1_258' title='bbox 483 1600 624 1632; x_wconf 83' lang='lat' dir='ltr'>utroque</span> <span class='ocrx_word' id='word_1_259' title='bbox 648 1590 789 1624; x_wconf 85' lang='lat' dir='ltr'>Harderi</span> <span class='ocrx_word' id='word_1_260' title='bbox 814 1590 877 1632; x_wconf 80' lang='lat' dir='ltr'>(y)</span> <span class='ocrx_word' id='word_1_261' title='bbox 900 1600 998 1629; x_wconf 68' lang='grc' dir='ltr'>σεῦε,-</span> <span class='ocrx_word' id='word_1_262' title='bbox 1019 1588 1057 1623; x_wconf 88' lang='lat' dir='ltr'>de</span> <span class='ocrx_word' id='word_1_263' title='bbox 1072 1590 1199 1622; x_wconf 84' lang='lat' dir='ltr'>renibus</span> <span class='ocrx_word' id='word_1_264' title='bbox 1213 1599 1333 1630; x_wconf 86' lang='lat' dir='ltr'>autem,</span> 
     </span>
     <span class='ocr_line' id='line_1_34' title="bbox 314 1632 1335 1675; baseline 0.001 -10"><span class='ocrx_word' id='word_1_265' title='bbox 314 1634 441 1675; x_wconf 76' lang='lat' dir='ltr'>dorso,</span> <span class='ocrx_word' id='word_1_266' title='bbox 465 1636 495 1667; x_wconf 64' lang='grc' dir='ltr'>δέ</span> <span class='ocrx_word' id='word_1_267' title='bbox 519 1634 718 1667; x_wconf 83' lang='lat' dir='ltr'>torminibus</span> <span class='ocrx_word' id='word_1_268' title='bbox 742 1636 890 1674; x_wconf 80' lang='lat' dir='ltr'>questum</span> <span class='ocrx_word' id='word_1_269' title='bbox 914 1632 975 1665; x_wconf 83' lang='lat' dir='ltr'>effe</span> <span class='ocrx_word' id='word_1_270' title='bbox 999 1632 1166 1665; x_wconf 84' lang='lat' dir='ltr'>hominem</span> <span class='ocrx_word' id='word_1_271' title='bbox 1181 1634 1212 1664; x_wconf 93' lang='lat' dir='ltr'>in</span> <span class='ocrx_word' id='word_1_272' title='bbox 1227 1634 1335 1674; x_wconf 85' lang='lat' dir='ltr'>primo</span> 
     </span>
     <span class='ocr_line' id='line_1_35' title="bbox 319 1675 1337 1719; baseline 0 -8"><span class='ocrx_word' id='word_1_273' title='bbox 319 1678 380 1711; x_wconf 84' lang='lat' dir='ltr'>illo</span> <span class='ocrx_word' id='word_1_274' title='bbox 406 1675 489 1719; x_wconf 89' lang='lat' dir='ltr'>apud</span> <span class='ocrx_word' id='word_1_275' title='bbox 514 1676 728 1717; x_wconf 59' lang='lat' dir='ltr'>Pmisrenses,</span> <span class='ocrx_word' id='word_1_276' title='bbox 751 1677 840 1713; x_wconf 75' lang='lat' dir='ltr'>scin,</span> <span class='ocrx_word' id='word_1_277' title='bbox 866 1684 902 1708; x_wconf 90' lang='lat' dir='ltr'>ut</span> <span class='ocrx_word' id='word_1_278' title='bbox 923 1675 1082 1719; x_wconf 87' lang='lat' dir='ltr'>Juvenem</span> <span class='ocrx_word' id='word_1_279' title='bbox 1105 1675 1337 1718; x_wconf 81' lang='lat' dir='ltr'>quoquecha-</span> 
     </span>
     <span class='ocr_line' id='line_1_36' title="bbox 321 1718 1336 1763; baseline -0.001 -9"><span class='ocrx_word' id='word_1_280' title='bbox 321 1720 394 1754; x_wconf 85' lang='lat' dir='ltr'>rasii</span> <span class='ocrx_word' id='word_1_281' title='bbox 419 1722 487 1763; x_wconf 59' lang='lat' dir='ltr'>(z)</span> <span class='ocrx_word' id='word_1_282' title='bbox 509 1719 716 1761; x_wconf 70' lang='lat' dir='ltr'>deacerbis,</span> <span class='ocrx_word' id='word_1_283' title='bbox 742 1718 1022 1762; x_wconf 85' lang='lat' dir='ltr'>perstantibusque</span> <span class='ocrx_word' id='word_1_284' title='bbox 1045 1719 1129 1751; x_wconf 87' lang='lat' dir='ltr'>circa</span> <span class='ocrx_word' id='word_1_285' title='bbox 1143 1718 1336 1754; x_wconf 86' lang='lat' dir='ltr'>umbilicum</span> 
     </span>
     <span class='ocr_line' id='line_1_37' title="bbox 319 1760 1338 1805; baseline -0.002 -7"><span class='ocrx_word' id='word_1_286' title='bbox 319 1765 508 1798; x_wconf 85' lang='lat' dir='ltr'>doloribus:</span> <span class='ocrx_word' id='word_1_287' title='bbox 532 1765 566 1796; x_wconf 89' lang='lat' dir='ltr'>in</span> <span class='ocrx_word' id='word_1_288' title='bbox 590 1774 691 1805; x_wconf 84' lang='lat' dir='ltr'>eoque</span> <span class='ocrx_word' id='word_1_289' title='bbox 716 1768 813 1797; x_wconf 88' lang='lat' dir='ltr'>etiam</span> <span class='ocrx_word' id='word_1_290' title='bbox 839 1762 1002 1795; x_wconf 88' lang='lat' dir='ltr'>labrorum</span> <span class='ocrx_word' id='word_1_291' title='bbox 1020 1770 1129 1796; x_wconf 86' lang='lat' dir='ltr'>tumor</span> <span class='ocrx_word' id='word_1_292' title='bbox 1141 1760 1338 1804; x_wconf 87' lang='lat' dir='ltr'>fuit,quem</span> 
     </span>
     <span class='ocr_line' id='line_1_38' title="bbox 301 1805 1335 1850; baseline -0.002 -9"><span class='ocrx_word' id='word_1_293' title='bbox 301 1805 449 1842; x_wconf 40' lang='lat' dir='ltr'>*Redius</span> <span class='ocrx_word' id='word_1_294' title='bbox 473 1806 562 1850; x_wconf 75' lang='lat' dir='ltr'>(a)</span> <span class='ocrx_word' id='word_1_295' title='bbox 587 1807 626 1840; x_wconf 83' lang='lat' dir='ltr'>ab</span> <span class='ocrx_word' id='word_1_296' title='bbox 651 1809 844 1843; x_wconf 83' lang='lat' dir='ltr'>Avicenna,</span> <span class='ocrx_word' id='word_1_297' title='bbox 878 1807 924 1839; x_wconf 86' lang='lat' dir='ltr'>ait</span> <span class='ocrx_word' id='word_1_298' title='bbox 944 1828 957 1845; x_wconf 82' lang='grc'>,</span> <span class='ocrx_word' id='word_1_299' title='bbox 994 1805 1053 1839; x_wconf 73' lang='lat' dir='ltr'>esse</span> <span class='ocrx_word' id='word_1_300' title='bbox 1087 1815 1301 1840; x_wconf 81' lang='lat' dir='ltr'>memoratum</span> <span class='ocrx_word' id='word_1_301' title='bbox 1327 1834 1335 1841; x_wconf 85' lang='lat'>.</span> 
     </span>
     <span class='ocr_line' id='line_1_39' title="bbox 318 1848 1336 1892; baseline -0.002 -6"><span class='ocrx_word' id='word_1_302' title='bbox 318 1852 421 1891; x_wconf 81' lang='lat' dir='ltr'>Quod</span> <span class='ocrx_word' id='word_1_303' title='bbox 448 1852 469 1885; x_wconf 89' lang='lat' dir='ltr'>si</span> <span class='ocrx_word' id='word_1_304' title='bbox 494 1849 547 1884; x_wconf 88' lang='lat' dir='ltr'>hic</span> <span class='ocrx_word' id='word_1_305' title='bbox 572 1850 700 1892; x_wconf 82' lang='lat' dir='ltr'>igitur,</span> <span class='ocrx_word' id='word_1_306' title='bbox 724 1851 837 1892; x_wconf 80' lang='lat' dir='ltr'>illique</span> <span class='ocrx_word' id='word_1_307' title='bbox 863 1849 917 1883; x_wconf 87' lang='lat' dir='ltr'>alii</span> <span class='ocrx_word' id='word_1_308' title='bbox 943 1858 1061 1882; x_wconf 88' lang='lat' dir='ltr'>veteres</span> <span class='ocrx_word' id='word_1_309' title='bbox 1085 1848 1212 1882; x_wconf 88' lang='lat' dir='ltr'>Medici</span> <span class='ocrx_word' id='word_1_310' title='bbox 1229 1852 1336 1884; x_wconf 87' lang='lat' dir='ltr'>minus</span> 
     </span>
     <span class='ocr_line' id='line_1_40' title="bbox 320 1891 1333 1936; baseline -0.001 -8"><span class='ocrx_word' id='word_1_311' title='bbox 320 1893 510 1936; x_wconf 80' lang='lat' dir='ltr'>frequentia</span> <span class='ocrx_word' id='word_1_312' title='bbox 536 1893 755 1935; x_wconf 82' lang='lat' dir='ltr'>symptomata</span> <span class='ocrx_word' id='word_1_313' title='bbox 779 1905 844 1926; x_wconf 87' lang='lat' dir='ltr'>non</span> <span class='ocrx_word' id='word_1_314' title='bbox 867 1891 1026 1929; x_wconf 81' lang='lat' dir='ltr'>omisere3</span> <span class='ocrx_word' id='word_1_315' title='bbox 1050 1901 1142 1926; x_wconf 84' lang='lat' dir='ltr'>tanto</span> <span class='ocrx_word' id='word_1_316' title='bbox 1166 1895 1267 1934; x_wconf 81' lang='lat' dir='ltr'>magis</span> <span class='ocrx_word' id='word_1_317' title='bbox 1278 1894 1333 1927; x_wconf 90' lang='lat' dir='ltr'>de-</span> 
     </span>
     <span class='ocr_line' id='line_1_41' title="bbox 319 1934 1333 1981; baseline -0.001 -10"><span class='ocrx_word' id='word_1_318' title='bbox 319 1938 478 1981; x_wconf 67' lang='lat' dir='ltr'>jeffiones</span> <span class='ocrx_word' id='word_1_319' title='bbox 491 1937 642 1971; x_wconf 69' lang='lat' dir='ltr'>videntur</span> <span class='ocrx_word' id='word_1_320' title='bbox 653 1936 744 1972; x_wconf 76' lang='lat' dir='ltr'>fuisse</span> <span class='ocrx_word' id='word_1_321' title='bbox 759 1934 994 1979; x_wconf 57' lang='lat' dir='ltr'>propofi&#39;turiffi</span> <span class='ocrx_word' id='word_1_322' title='bbox 1009 1942 1074 1968; x_wconf 82' lang='lat' dir='ltr'>ta‘m</span> <span class='ocrx_word' id='word_1_323' title='bbox 1084 1936 1198 1968; x_wconf 90' lang='lat' dir='ltr'>crebro</span> <span class='ocrx_word' id='word_1_324' title='bbox 1209 1938 1248 1969; x_wconf 90' lang='lat' dir='ltr'>ab</span> <span class='ocrx_word' id='word_1_325' title='bbox 1261 1937 1333 1980; x_wconf 77' lang='lat' dir='ltr'>ipsis</span> 
     </span>
     <span class='ocr_line' id='line_1_42' title="bbox 319 1980 1335 2015; baseline -0.001 0"><span class='ocrx_word' id='word_1_326' title='bbox 319 1981 420 2015; x_wconf 77' lang='lat' dir='ltr'>essent</span> <span class='ocrx_word' id='word_1_327' title='bbox 450 1980 676 2014; x_wconf 68' lang='lat' dir='ltr'>animadvers-ae</span> <span class='ocrx_word' id='word_1_328' title='bbox 692 2005 699 2013; x_wconf 94' lang='lat'>.</span> <span class='ocrx_word' id='word_1_329' title='bbox 812 1980 989 2013; x_wconf 84' lang='lat' dir='ltr'>Neminem</span> <span class='ocrx_word' id='word_1_330' title='bbox 1002 1988 1108 2012; x_wconf 87' lang='lat' dir='ltr'>autem</span> <span class='ocrx_word' id='word_1_331' title='bbox 1126 1981 1257 2013; x_wconf 70' lang='lat' dir='ltr'>memini</span> <span class='ocrx_word' id='word_1_332' title='bbox 1273 1981 1335 2015; x_wconf 79' lang='lat' dir='ltr'>sive</span> 
     </span>
     <span class='ocr_line' id='line_1_43' title="bbox 307 2023 1334 2068; baseline -0.002 -8"><span class='ocrx_word' id='word_1_333' title='bbox 307 2025 523 2068; x_wconf 73' lang='lat' dir='ltr'>priscorum,</span> <span class='ocrx_word' id='word_1_334' title='bbox 541 2025 604 2057; x_wconf 81' lang='lat' dir='ltr'>sive</span> <span class='ocrx_word' id='word_1_335' title='bbox 628 2025 802 2058; x_wconf 77' lang='lat' dir='ltr'>recentium</span> <span class='ocrx_word' id='word_1_336' title='bbox 816 2025 952 2064; x_wconf 77' lang='lat' dir='ltr'>quinon</span> <span class='ocrx_word' id='word_1_337' title='bbox 965 2023 1086 2056; x_wconf 86' lang='lat' dir='ltr'>viderit</span> <span class='ocrx_word' id='word_1_338' title='bbox 1098 2023 1334 2063; x_wconf 73' lang='lat' dir='ltr'>convulfiones,</span> 
     </span>
     <span class='ocr_line' id='line_1_44' title="bbox 320 2066 1335 2112; baseline -0.003 -9"><span class='ocrx_word' id='word_1_339' title='bbox 320 2069 435 2112; x_wconf 86' lang='lat' dir='ltr'>easque</span> <span class='ocrx_word' id='word_1_340' title='bbox 461 2079 515 2102; x_wconf 86' lang='lat' dir='ltr'>aut</span> <span class='ocrx_word' id='word_1_341' title='bbox 540 2068 672 2100; x_wconf 87' lang='lat' dir='ltr'>nomine</span> <span class='ocrx_word' id='word_1_342' title='bbox 696 2068 757 2101; x_wconf 87' lang='lat' dir='ltr'>hoc</span> <span class='ocrx_word' id='word_1_343' title='bbox 782 2067 852 2109; x_wconf 81' lang='lat' dir='ltr'>ipso</span> <span class='ocrx_word' id='word_1_344' title='bbox 869 2092 877 2106; x_wconf 91' lang='lat'><em>‚</em></span> <span class='ocrx_word' id='word_1_345' title='bbox 903 2076 957 2100; x_wconf 86' lang='lat' dir='ltr'>aut</span> <span class='ocrx_word' id='word_1_346' title='bbox 981 2066 1244 2100; x_wconf 81' lang='lat' dir='ltr'>convulsivorum</span> <span class='ocrx_word' id='word_1_347' title='bbox 1270 2069 1335 2102; x_wconf 84' lang='lat' dir='ltr'>five</span> 
     </span>
     <span class='ocr_line' id='line_1_45' title="bbox 306 2108 1332 2150; baseline 0 -5"><span class='ocrx_word' id='word_1_348' title='bbox 306 2143 307 2146; x_wconf 76' lang='grc'>,</span> <span class='ocrx_word' id='word_1_349' title='bbox 320 2124 484 2150; x_wconf 87' lang='lat' dir='ltr'>motuum,</span> <span class='ocrx_word' id='word_1_350' title='bbox 498 2111 560 2144; x_wconf 87' lang='lat' dir='ltr'>sive</span> <span class='ocrx_word' id='word_1_351' title='bbox 572 2121 769 2150; x_wconf 76' lang='lat' dir='ltr'>tremorum,</span> <span class='ocrx_word' id='word_1_352' title='bbox 783 2110 845 2143; x_wconf 76' lang='lat' dir='ltr'>live</span> <span class='ocrx_word' id='word_1_353' title='bbox 868 2108 1049 2143; x_wconf 76' lang='lat' dir='ltr'>tensionum</span> <span class='ocrx_word' id='word_1_354' title='bbox 1060 2131 1071 2149; x_wconf 81' lang='grc'>,</span> <span class='ocrx_word' id='word_1_355' title='bbox 1084 2109 1103 2141; x_wconf 86' lang='lat' dir='ltr'>si</span> <span class='ocrx_word' id='word_1_356' title='bbox 1111 2121 1147 2142; x_wconf 89' lang='lat' dir='ltr'>ve</span> <span class='ocrx_word' id='word_1_357' title='bbox 1161 2109 1332 2145; x_wconf 84' lang='lat' dir='ltr'>horrorum</span> 
     </span>
     <span class='ocr_line' id='line_1_46' title="bbox 319 2153 1331 2198; baseline -0.003 -10"><span class='ocrx_word' id='word_1_358' title='bbox 319 2167 384 2189; x_wconf 88' lang='lat' dir='ltr'>non</span> <span class='ocrx_word' id='word_1_359' title='bbox 400 2155 638 2198; x_wconf 76' lang='lat' dir='ltr'>designaverit3</span> <span class='ocrx_word' id='word_1_360' title='bbox 665 2164 719 2188; x_wconf 84' lang='lat' dir='ltr'>aut</span> <span class='ocrx_word' id='word_1_361' title='bbox 737 2154 921 2196; x_wconf 86' lang='lat' dir='ltr'>symptoma</span> <span class='ocrx_word' id='word_1_362' title='bbox 938 2153 1069 2195; x_wconf 80' lang='lat' dir='ltr'>aliquod</span> <span class='ocrx_word' id='word_1_363' title='bbox 1082 2174 1092 2189; x_wconf 89' lang='lat'>‚</span> <span class='ocrx_word' id='word_1_364' title='bbox 1117 2154 1181 2186; x_wconf 88' lang='lat' dir='ltr'>sine</span> <span class='ocrx_word' id='word_1_365' title='bbox 1194 2155 1234 2187; x_wconf 87' lang='lat' dir='ltr'>iis</span> <span class='ocrx_word' id='word_1_366' title='bbox 1247 2153 1331 2189; x_wconf 78' lang='lat' dir='ltr'>haud</span> 
     </span>
     <span class='ocr_line' id='line_1_47' title="bbox 301 2196 1330 2242; baseline -0.001 -9"><span class='ocrx_word' id='word_1_367' title='bbox 301 2198 413 2233; x_wconf 16' lang='lat' dir='ltr'>*facile</span> <span class='ocrx_word' id='word_1_368' title='bbox 437 2198 665 2242; x_wconf 80' lang='lat' dir='ltr'>explicandum</span> <span class='ocrx_word' id='word_1_369' title='bbox 679 2222 692 2238; x_wconf 84' lang='lat'>‚</span> <span class='ocrx_word' id='word_1_370' title='bbox 715 2209 779 2231; x_wconf 89' lang='lat' dir='ltr'>non</span> <span class='ocrx_word' id='word_1_371' title='bbox 805 2198 998 2240; x_wconf 83' lang='lat' dir='ltr'>protulerit.</span> <span class='ocrx_word' id='word_1_372' title='bbox 1014 2196 1244 2231; x_wconf 74' lang='lat' dir='ltr'>Mittocaetera</span> <span class='ocrx_word' id='word_1_373' title='bbox 1258 2210 1330 2240; x_wconf 79' lang='lat' dir='ltr'>quae</span> 
     </span>
     <span class='ocr_line' id='line_1_48' title="bbox 316 2241 1330 2285; baseline -0.005 -9"><span class='ocrx_word' id='word_1_374' title='bbox 316 2244 493 2285; x_wconf 86' lang='lat' dir='ltr'>producere</span> <span class='ocrx_word' id='word_1_375' title='bbox 518 2253 582 2276; x_wconf 86' lang='lat' dir='ltr'>non</span> <span class='ocrx_word' id='word_1_376' title='bbox 609 2251 723 2275; x_wconf 81' lang='lat' dir='ltr'>vacat.-</span> <span class='ocrx_word' id='word_1_377' title='bbox 747 2242 847 2274; x_wconf 87' lang='lat' dir='ltr'>mitto</span> <span class='ocrx_word' id='word_1_378' title='bbox 870 2252 940 2283; x_wconf 67' lang='lat' dir='ltr'>qua„³</span> <span class='ocrx_word' id='word_1_379' title='bbox 958 2241 1096 2283; x_wconf 82' lang='lat' dir='ltr'>produxi</span> <span class='ocrx_word' id='word_1_380' title='bbox 1110 2242 1222 2274; x_wconf 84' lang='lat' dir='ltr'>omnia</span> <span class='ocrx_word' id='word_1_381' title='bbox 1247 2252 1330 2283; x_wconf 85' lang='lat' dir='ltr'>prae-</span> 
     </span>
     <span class='ocr_line' id='line_1_49' title="bbox 320 2282 1327 2328; baseline -0.001 -9"><span class='ocrx_word' id='word_1_382' title='bbox 320 2296 370 2322; x_wconf 82' lang='lat' dir='ltr'>ter</span> <span class='ocrx_word' id='word_1_383' title='bbox 394 2289 579 2323; x_wconf 81' lang='lat' dir='ltr'>vomitum,</span> <span class='ocrx_word' id='word_1_384' title='bbox 605 2296 700 2328; x_wconf 86' lang='lat' dir='ltr'>quem</span> <span class='ocrx_word' id='word_1_385' title='bbox 723 2284 837 2317; x_wconf 83' lang='lat' dir='ltr'>crebro</span> <span class='ocrx_word' id='word_1_386' title='bbox 863 2285 941 2318; x_wconf 89' lang='lat' dir='ltr'>adeo</span> <span class='ocrx_word' id='word_1_387' title='bbox 974 2282 1066 2316; x_wconf 82' lang='lat' dir='ltr'>fuisse</span> <span class='ocrx_word' id='word_1_388' title='bbox 1101 2283 1292 2318; x_wconf 82' lang='lat' dir='ltr'>adnotatum</span> <span class='ocrx_word' id='word_1_389' title='bbox 1317 2308 1327 2324; x_wconf 94' lang='lat'><em>‚</em></span> 
     </span>
     <span class='ocr_line' id='line_1_50' title="bbox 317 2326 1329 2370; baseline -0.002 -6"><span class='ocrx_word' id='word_1_390' title='bbox 317 2331 407 2368; x_wconf 76' lang='lat' dir='ltr'>dixi,</span> <span class='ocrx_word' id='word_1_391' title='bbox 431 2340 523 2363; x_wconf 85' lang='lat' dir='ltr'>tanto</span> <span class='ocrx_word' id='word_1_392' title='bbox 549 2339 655 2362; x_wconf 74' lang='lat' dir='ltr'>autem</span> <span class='ocrx_word' id='word_1_393' title='bbox 681 2331 783 2370; x_wconf 82' lang='lat' dir='ltr'>magis</span> <span class='ocrx_word' id='word_1_394' title='bbox 807 2326 860 2361; x_wconf 86' lang='lat' dir='ltr'>bic</span> <span class='ocrx_word' id='word_1_395' title='bbox 886 2327 1146 2367; x_wconf 86' lang='lat' dir='ltr'>attendendum,</span> <span class='ocrx_word' id='word_1_396' title='bbox 1170 2328 1256 2370; x_wconf 87' lang='lat' dir='ltr'>quod</span> <span class='ocrx_word' id='word_1_397' title='bbox 1270 2329 1329 2362; x_wconf 87' lang='lat' dir='ltr'>Pa-</span> 
     </span>
     <span class='ocr_line' id='line_1_51' title="bbox 319 2370 1327 2414; baseline -0.002 -6"><span class='ocrx_word' id='word_1_398' title='bbox 319 2374 462 2408; x_wconf 71' lang='lat' dir='ltr'>tisienses</span> <span class='ocrx_word' id='word_1_399' title='bbox 486 2375 540 2414; x_wconf 79' lang='lat' dir='ltr'>qui</span> <span class='ocrx_word' id='word_1_400' title='bbox 567 2372 771 2413; x_wconf 66' lang='lat' dir='ltr'>supervenire</span> <span class='ocrx_word' id='word_1_401' title='bbox 788 2370 872 2413; x_wconf 70' lang='lat' dir='ltr'>finis</span> <span class='ocrx_word' id='word_1_402' title='bbox 896 2371 1087 2410; x_wconf 76' lang='lat' dir='ltr'>constanter,</span> <span class='ocrx_word' id='word_1_403' title='bbox 1113 2380 1327 2414; x_wconf 75' lang='lat' dir='ltr'>agnoverunt,</span> 
     </span>
     <span class='ocr_line' id='line_1_52' title="bbox 320 2413 1327 2455; baseline -0.002 -4"><span class='ocrx_word' id='word_1_404' title='bbox 320 2419 354 2451; x_wconf 87' lang='lat' dir='ltr'>:in</span> <span class='ocrx_word' id='word_1_405' title='bbox 378 2419 563 2452; x_wconf 81' lang='lat' dir='ltr'>ventriculo</span> <span class='ocrx_word' id='word_1_406' title='bbox 590 2425 694 2450; x_wconf 84' lang='lat' dir='ltr'>tamen</span> <span class='ocrx_word' id='word_1_407' title='bbox 719 2415 822 2449; x_wconf 84' lang='lat' dir='ltr'>ullum</span> <span class='ocrx_word' id='word_1_408' title='bbox 847 2415 1002 2448; x_wconf 80' lang='lat' dir='ltr'>ordinario</span> <span class='ocrx_word' id='word_1_409' title='bbox 1024 2413 1297 2449; x_wconf 78' lang='lat' dir='ltr'>inflammationis</span> <span class='ocrx_word' id='word_1_410' title='bbox 1317 2440 1327 2455; x_wconf 92' lang='lat'>‚</span> 
     </span>
     <span class='ocr_line' id='line_1_53' title="bbox 318 2458 1329 2504; baseline -0.003 -9"><span class='ocrx_word' id='word_1_411' title='bbox 318 2461 438 2497; x_wconf 78' lang='lat' dir='ltr'>nedum</span> <span class='ocrx_word' id='word_1_412' title='bbox 464 2471 641 2504; x_wconf 76' lang='lat' dir='ltr'>gangraenae</span> <span class='ocrx_word' id='word_1_413' title='bbox 668 2459 829 2493; x_wconf 84' lang='lat' dir='ltr'>indicium</span> <span class='ocrx_word' id='word_1_414' title='bbox 854 2459 894 2492; x_wconf 86' lang='lat' dir='ltr'>ab</span> <span class='ocrx_word' id='word_1_415' title='bbox 928 2458 956 2490; x_wconf 82' lang='lat' dir='ltr'>se</span> <span class='ocrx_word' id='word_1_416' title='bbox 980 2467 1142 2498; x_wconf 84' lang='lat' dir='ltr'>repertum</span> <span class='ocrx_word' id='word_1_417' title='bbox 1165 2458 1224 2492; x_wconf 86' lang='lat' dir='ltr'>esse</span> <span class='ocrx_word' id='word_1_418' title='bbox 1240 2484 1248 2498; x_wconf 90' lang='lat'>‚</span> <span class='ocrx_word' id='word_1_419' title='bbox 1274 2470 1329 2492; x_wconf 86' lang='lat' dir='ltr'>ne-</span> 
     </span>
     <span class='ocr_line' id='line_1_54' title="bbox 321 2501 1329 2547; baseline -0.003 -9"><span class='ocrx_word' id='word_1_420' title='bbox 321 2516 463 2547; x_wconf 74' lang='lat' dir='ltr'>garunt3</span> <span class='ocrx_word' id='word_1_421' title='bbox 489 2515 525 2537; x_wconf 88' lang='lat' dir='ltr'>ur</span> <span class='ocrx_word' id='word_1_422' title='bbox 553 2507 583 2536; x_wconf 92' lang='lat' dir='ltr'>in</span> <span class='ocrx_word' id='word_1_423' title='bbox 611 2514 663 2537; x_wconf 88' lang='lat' dir='ltr'>tot</span> <span class='ocrx_word' id='word_1_424' title='bbox 690 2503 799 2536; x_wconf 84' lang='lat' dir='ltr'>saltem</span> <span class='ocrx_word' id='word_1_425' title='bbox 823 2514 894 2544; x_wconf 82' lang='lat' dir='ltr'>quae</span> <span class='ocrx_word' id='word_1_426' title='bbox 921 2501 1153 2540; x_wconf 65' lang='lat' dir='ltr'>diffinierant,</span> <span class='ocrx_word' id='word_1_427' title='bbox 1180 2502 1329 2535; x_wconf 88' lang='lat' dir='ltr'>animali-</span> 
     </span>
     <span class='ocr_line' id='line_1_55' title="bbox 319 2545 1144 2586; baseline -0.011 -3"><span class='ocrx_word' id='word_1_428' title='bbox 319 2549 378 2583; x_wconf 79' lang='lat' dir='ltr'>bus</span> <span class='ocrx_word' id='word_1_429' title='bbox 403 2561 417 2582; x_wconf 90' lang='lat' dir='ltr'>a</span> <span class='ocrx_word' id='word_1_430' title='bbox 440 2547 607 2582; x_wconf 82' lang='lat' dir='ltr'>convulsis</span> <span class='ocrx_word' id='word_1_431' title='bbox 631 2548 736 2579; x_wconf 83' lang='lat' dir='ltr'>nervis</span> <span class='ocrx_word' id='word_1_432' title='bbox 762 2546 910 2578; x_wconf 81' lang='lat' dir='ltr'>videatur</span> <span class='ocrx_word' id='word_1_433' title='bbox 934 2545 1144 2586; x_wconf 81' lang='lat' dir='ltr'>repetendus.</span> 
     </span>
    </p>

    <p class='ocr_par' dir='ltr' id='par_1_3' title="bbox 318 2587 1333 3372">
     <span class='ocr_line' id='line_1_56' title="bbox 362 2587 1329 2636; baseline -0.003 -11"><span class='ocrx_word' id='word_1_434' title='bbox 362 2595 416 2636; x_wconf 81' lang='lat'>36.</span> <span class='ocrx_word' id='word_1_435' title='bbox 440 2592 514 2625; x_wconf 84' lang='lat' dir='ltr'>Nec</span> <span class='ocrx_word' id='word_1_436' title='bbox 539 2602 618 2623; x_wconf 84' lang='lat' dir='ltr'>vero</span> <span class='ocrx_word' id='word_1_437' title='bbox 643 2589 738 2623; x_wconf 84' lang='lat' dir='ltr'>facile</span> <span class='ocrx_word' id='word_1_438' title='bbox 761 2588 1011 2622; x_wconf 74' lang='lat' dir='ltr'>dissentiendum</span> <span class='ocrx_word' id='word_1_439' title='bbox 1034 2587 1074 2620; x_wconf 87' lang='lat' dir='ltr'>est</span> <span class='ocrx_word' id='word_1_440' title='bbox 1099 2587 1139 2620; x_wconf 78' lang='lat' dir='ltr'>ab</span> <span class='ocrx_word' id='word_1_441' title='bbox 1174 2589 1329 2623; x_wconf 63' lang='lat' dir='ltr'>Dotffiffi-</span> 
     </span>
     <span class='ocr_line' id='line_1_57' title="bbox 322 2632 1327 2676; baseline -0.003 -8"><span class='ocrx_word' id='word_1_442' title='bbox 322 2647 379 2669; x_wconf 85' lang='lat' dir='ltr'>mo</span> <span class='ocrx_word' id='word_1_443' title='bbox 402 2635 638 2676; x_wconf 18' lang='lat' dir='ltr'>quemffsaepius</span> <span class='ocrx_word' id='word_1_444' title='bbox 663 2633 889 2669; x_wconf 79' lang='lat' dir='ltr'>laudavimus,</span> <span class='ocrx_word' id='word_1_445' title='bbox 924 2633 1008 2664; x_wconf 91' lang='lat' dir='ltr'>Viro</span> <span class='ocrx_word' id='word_1_446' title='bbox 1034 2656 1042 2670; x_wconf 86' lang='lat'>‚</span> <span class='ocrx_word' id='word_1_447' title='bbox 1075 2641 1149 2663; x_wconf 89' lang='lat' dir='ltr'>cum</span> <span class='ocrx_word' id='word_1_448' title='bbox 1183 2632 1327 2665; x_wconf 87' lang='lat' dir='ltr'>indidem</span> 
     </span>
     <span class='ocr_line' id='line_1_58' title="bbox 319 2673 1328 2720; baseline -0.005 -7"><span class='ocrx_word' id='word_1_449' title='bbox 319 2677 377 2712; x_wconf 73' lang='lat' dir='ltr'>esse</span> <span class='ocrx_word' id='word_1_450' title='bbox 400 2679 623 2713; x_wconf 67' lang='lat' dir='ltr'>deducendum</span> <span class='ocrx_word' id='word_1_451' title='bbox 649 2686 764 2720; x_wconf 82' lang='lat' dir='ltr'>putat,</span> <span class='ocrx_word' id='word_1_452' title='bbox 789 2676 878 2718; x_wconf 89' lang='lat' dir='ltr'>quod</span> <span class='ocrx_word' id='word_1_453' title='bbox 903 2673 998 2708; x_wconf 75' lang='lat' dir='ltr'>morsi</span> <span class='ocrx_word' id='word_1_454' title='bbox 1022 2686 1038 2706; x_wconf 88' lang='lat' dir='ltr'>a</span> <span class='ocrx_word' id='word_1_455' title='bbox 1061 2675 1171 2717; x_wconf 86' lang='lat' dir='ltr'>vipera</span> <span class='ocrx_word' id='word_1_456' title='bbox 1206 2676 1328 2708; x_wconf 62' lang='lat' dir='ltr'>iderici</span> 
     </span>
     <span class='ocr_line' id='line_1_59' title="bbox 318 2718 1328 2765; baseline -0.005 -9"><span class='ocrx_word' id='word_1_457' title='bbox 318 2723 426 2763; x_wconf 84' lang='lat' dir='ltr'>fiant,·</span> <span class='ocrx_word' id='word_1_458' title='bbox 448 2734 550 2765; x_wconf 77' lang='lat' dir='ltr'>neque</span> <span class='ocrx_word' id='word_1_459' title='bbox 574 2722 659 2754; x_wconf 87' lang='lat' dir='ltr'>enim</span> <span class='ocrx_word' id='word_1_460' title='bbox 684 2730 751 2753; x_wconf 85' lang='lat' dir='ltr'>tam</span> <span class='ocrx_word' id='word_1_461' title='bbox 775 2720 844 2752; x_wconf 88' lang='lat' dir='ltr'>cito</span> <span class='ocrx_word' id='word_1_462' title='bbox 870 2728 994 2751; x_wconf 77' lang='lat' dir='ltr'>mutare</span> <span class='ocrx_word' id='word_1_463' title='bbox 1021 2719 1054 2750; x_wconf 90' lang='lat' dir='ltr'>in</span> <span class='ocrx_word' id='word_1_464' title='bbox 1082 2718 1232 2760; x_wconf 77' lang='lat' dir='ltr'>sanguine</span> <span class='ocrx_word' id='word_1_465' title='bbox 1257 2730 1328 2761; x_wconf 84' lang='lat' dir='ltr'>par-</span> 
     </span>
     <span class='ocr_line' id='line_1_60' title="bbox 318 2760 1331 2802; baseline -0.005 -2"><span class='ocrx_word' id='word_1_466' title='bbox 318 2763 494 2800; x_wconf 87' lang='lat' dir='ltr'>ticularum</span> <span class='ocrx_word' id='word_1_467' title='bbox 519 2775 690 2802; x_wconf 75' lang='lat' dir='ltr'>naturam,</span> <span class='ocrx_word' id='word_1_468' title='bbox 726 2773 780 2796; x_wconf 87' lang='lat' dir='ltr'>aut</span> <span class='ocrx_word' id='word_1_469' title='bbox 814 2762 975 2796; x_wconf 86' lang='lat' dir='ltr'>miscelam</span> <span class='ocrx_word' id='word_1_470' title='bbox 1008 2760 1181 2795; x_wconf 82' lang='lat' dir='ltr'>admistum</span> <span class='ocrx_word' id='word_1_471' title='bbox 1217 2764 1331 2795; x_wconf 89' lang='lat' dir='ltr'>veneni</span> 
     </span>
     <span class='ocr_line' id='line_1_61' title="bbox 320 2804 1331 2852; baseline -0.004 -10"><span class='ocrx_word' id='word_1_472' title='bbox 320 2810 503 2852; x_wconf 66' lang='lat' dir='ltr'>pauxillum</span> <span class='ocrx_word' id='word_1_473' title='bbox 528 2808 629 2849; x_wconf 84' lang='lat' dir='ltr'>potest</span> <span class='ocrx_word' id='word_1_474' title='bbox 646 2830 655 2845; x_wconf 82' lang='lat'>,</span> <span class='ocrx_word' id='word_1_475' title='bbox 678 2818 775 2850; x_wconf 87' lang='lat' dir='ltr'>quam</span> <span class='ocrx_word' id='word_1_476' title='bbox 799 2806 1012 2840; x_wconf 77' lang='lat' dir='ltr'>convulsione</span> <span class='ocrx_word' id='word_1_477' title='bbox 1036 2804 1193 2839; x_wconf 70' lang='lat' dir='ltr'>adstriffls</span> <span class='ocrx_word' id='word_1_478' title='bbox 1216 2807 1249 2838; x_wconf 88' lang='lat' dir='ltr'>in</span> <span class='ocrx_word' id='word_1_479' title='bbox 1276 2806 1331 2839; x_wconf 84' lang='lat' dir='ltr'>he-</span> 
     </span>
     <span class='ocr_line' id='line_1_62' title="bbox 319 2847 1333 2896; baseline -0.005 -10"><span class='ocrx_word' id='word_1_480' title='bbox 319 2863 392 2896; x_wconf 86' lang='lat' dir='ltr'>pate</span> <span class='ocrx_word' id='word_1_481' title='bbox 415 2853 609 2886; x_wconf 86' lang='lat' dir='ltr'>bilariorum</span> <span class='ocrx_word' id='word_1_482' title='bbox 635 2852 792 2885; x_wconf 69' lang='lat' dir='ltr'>ductuum</span> <span class='ocrx_word' id='word_1_483' title='bbox 818 2851 946 2890; x_wconf 86' lang='lat' dir='ltr'>initiis,</span> <span class='ocrx_word' id='word_1_484' title='bbox 968 2860 1067 2891; x_wconf 83' lang='lat' dir='ltr'>quaea</span> <span class='ocrx_word' id='word_1_485' title='bbox 1083 2847 1233 2890; x_wconf 80' lang='lat' dir='ltr'>sanguine</span> <span class='ocrx_word' id='word_1_486' title='bbox 1245 2848 1333 2891; x_wconf 73' lang='lat' dir='ltr'>jugi—</span> 
     </span>
     <span class='ocr_line' id='line_1_63' title="bbox 322 2891 1328 2938; baseline -0.004 -9"><span class='ocrx_word' id='word_1_487' title='bbox 322 2907 371 2930; x_wconf 86' lang='lat' dir='ltr'>ter</span> <span class='ocrx_word' id='word_1_488' title='bbox 401 2895 557 2938; x_wconf 84' lang='lat' dir='ltr'>ejicienda</span> <span class='ocrx_word' id='word_1_489' title='bbox 582 2894 681 2928; x_wconf 73' lang='lat' dir='ltr'>essent</span> <span class='ocrx_word' id='word_1_490' title='bbox 707 2894 784 2927; x_wconf 86' lang='lat' dir='ltr'>bilis</span> <span class='ocrx_word' id='word_1_491' title='bbox 809 2893 1020 2934; x_wconf 83' lang='lat' dir='ltr'>corpuscula,</span> <span class='ocrx_word' id='word_1_492' title='bbox 1046 2894 1080 2925; x_wconf 91' lang='lat' dir='ltr'>in</span> <span class='ocrx_word' id='word_1_493' title='bbox 1107 2891 1168 2925; x_wconf 89' lang='lat' dir='ltr'>hoc</span> <span class='ocrx_word' id='word_1_494' title='bbox 1182 2895 1328 2926; x_wconf 81' lang='lat' dir='ltr'>retinere.</span> 
     </span>
     <span class='ocr_line' id='line_1_64' title="bbox 319 2937 1324 2981; baseline -0.005 -9"><span class='ocrx_word' id='word_1_495' title='bbox 319 2937 562 2973; x_wconf 45' lang='lat' dir='ltr'>Credo&#39;autem</span> <span class='ocrx_word' id='word_1_496' title='bbox 586 2937 666 2981; x_wconf 81' lang='lat' dir='ltr'>ipsi,</span> <span class='ocrx_word' id='word_1_497' title='bbox 690 2939 834 2971; x_wconf 87' lang='lat' dir='ltr'>colorem</span> <span class='ocrx_word' id='word_1_498' title='bbox 857 2940 961 2970; x_wconf 82' lang='lat' dir='ltr'>totius</span> <span class='ocrx_word' id='word_1_499' title='bbox 984 2937 1069 2970; x_wconf 86' lang='lat' dir='ltr'>cutis</span> <span class='ocrx_word' id='word_1_500' title='bbox 1094 2937 1179 2968; x_wconf 85' lang='lat' dir='ltr'>intra</span> <span class='ocrx_word' id='word_1_501' title='bbox 1205 2937 1324 2968; x_wconf 88' lang='lat' dir='ltr'>nonin.</span> 
     </span>
     <span class='ocr_line' id='line_1_65' title="bbox 320 2979 1327 3025; baseline -0.004 -10"><span class='ocrx_word' id='word_1_502' title='bbox 320 2980 444 3025; x_wconf 73' lang='lat' dir='ltr'>regram</span> <span class='ocrx_word' id='word_1_503' title='bbox 472 2983 585 3016; x_wconf 84' lang='lat' dir='ltr'>horam</span> <span class='ocrx_word' id='word_1_504' title='bbox 609 2982 678 3015; x_wconf 82' lang='lat' dir='ltr'>fieri</span> <span class='ocrx_word' id='word_1_505' title='bbox 700 2979 847 3024; x_wconf 59' lang='lat' dir='ltr'>flammr</span> <span class='ocrx_word' id='word_1_506' title='bbox 866 2991 1098 3022; x_wconf 78' lang='lat' dir='ltr'>nonnunquam</span> <span class='ocrx_word' id='word_1_507' title='bbox 1121 2988 1327 3016; x_wconf 74' lang='lat' dir='ltr'>tamen3n0n</span> 
     </span>
     <span class='ocr_line' id='line_1_66' title="bbox 319 3023 1327 3067; baseline -0.003 -8"><span class='ocrx_word' id='word_1_508' title='bbox 319 3027 398 3067; x_wconf 79' lang='lat' dir='ltr'>saepe</span> <span class='ocrx_word' id='word_1_509' title='bbox 425 3025 500 3059; x_wconf 86' lang='lat' dir='ltr'>adeo</span> <span class='ocrx_word' id='word_1_510' title='bbox 517 3049 525 3063; x_wconf 93' lang='lat'>,</span> <span class='ocrx_word' id='word_1_511' title='bbox 549 3036 583 3059; x_wconf 89' lang='lat' dir='ltr'>ut</span> <span class='ocrx_word' id='word_1_512' title='bbox 604 3024 762 3067; x_wconf 70' lang='lat' dir='ltr'>&#39;ejusmodi</span> <span class='ocrx_word' id='word_1_513' title='bbox 789 3023 938 3059; x_wconf 61' lang='lat' dir='ltr'>effectum</span> <span class='ocrx_word' id='word_1_514' title='bbox 963 3023 1034 3056; x_wconf 62' lang='lat' dir='ltr'>huic</span> <span class='ocrx_word' id='word_1_515' title='bbox 1045 3023 1327 3065; x_wconf 69' lang='lat' dir='ltr'>venenoproprium</span> 
     </span>
     <span class='ocr_line' id='line_1_67' title="bbox 322 3065 1325 3109; baseline -0.004 -6"><span class='ocrx_word' id='word_1_516' title='bbox 322 3071 429 3103; x_wconf 84' lang='lat' dir='ltr'>dicere</span> <span class='ocrx_word' id='word_1_517' title='bbox 454 3069 624 3109; x_wconf 65' lang='lat' dir='ltr'>possimus.</span> <span class='ocrx_word' id='word_1_518' title='bbox 653 3070 693 3102; x_wconf 79' lang='lat' dir='ltr'>Et</span> <span class='ocrx_word' id='word_1_519' title='bbox 718 3069 851 3099; x_wconf 83' lang='lat' dir='ltr'>memini</span> <span class='ocrx_word' id='word_1_520' title='bbox 878 3067 1009 3109; x_wconf 81' lang='lat' dir='ltr'>quidem</span> <span class='ocrx_word' id='word_1_521' title='bbox 1033 3065 1220 3100; x_wconf 83' lang='lat' dir='ltr'>Cardanum</span> <span class='ocrx_word' id='word_1_522' title='bbox 1256 3065 1325 3105; x_wconf 85' lang='lat' dir='ltr'>(b)</span> 
     </span>
     <span class='ocr_line' id='line_1_68' title="bbox 319 3108 1327 3155; baseline -0.006 -8"><span class='ocrx_word' id='word_1_523' title='bbox 319 3112 427 3155; x_wconf 75' lang='lat' dir='ltr'>legisse</span> <span class='ocrx_word' id='word_1_524' title='bbox 453 3114 647 3152; x_wconf 78' lang='lat' dir='ltr'>mirantem,</span> <span class='ocrx_word' id='word_1_525' title='bbox 671 3110 758 3155; x_wconf 85' lang='lat' dir='ltr'>quod</span> <span class='ocrx_word' id='word_1_526' title='bbox 779 3110 963 3151; x_wconf 67' lang='lat' dir='ltr'>perfiepe&#39;in</span> <span class='ocrx_word' id='word_1_527' title='bbox 988 3109 1050 3143; x_wconf 73' lang='lat' dir='ltr'>ic&#39;iu</span> <span class='ocrx_word' id='word_1_528' title='bbox 1075 3108 1264 3146; x_wconf 68' lang='lat' dir='ltr'>oculi,i5iia</span> <span class='ocrx_word' id='word_1_529' title='bbox 1280 3111 1327 3142; x_wconf 87' lang='lat' dir='ltr'>vi-</span> 
     </span>
     <span class='ocr_line' id='line_1_69' title="bbox 318 3152 1327 3198; baseline -0.004 -9"><span class='ocrx_word' id='word_1_530' title='bbox 318 3157 400 3198; x_wconf 81' lang='lat' dir='ltr'>peris</span> <span class='ocrx_word' id='word_1_531' title='bbox 424 3156 609 3189; x_wconf 78' lang='lat' dir='ltr'>contrabant</span> <span class='ocrx_word' id='word_1_532' title='bbox 631 3155 726 3188; x_wconf 64' lang='lat' dir='ltr'>talem</span> <span class='ocrx_word' id='word_1_533' title='bbox 749 3153 900 3187; x_wconf 81' lang='lat' dir='ltr'>colorem.</span> <span class='ocrx_word' id='word_1_534' title='bbox 927 3152 985 3187; x_wconf 85' lang='lat' dir='ltr'>Sed</span> <span class='ocrx_word' id='word_1_535' title='bbox 1010 3156 1041 3186; x_wconf 83' lang='lat'>&amp;</span> <span class='ocrx_word' id='word_1_536' title='bbox 1067 3155 1234 3186; x_wconf 78' lang='lat' dir='ltr'>Donatum</span> <span class='ocrx_word' id='word_1_537' title='bbox 1258 3156 1327 3193; x_wconf 87' lang='lat' dir='ltr'>(c)</span> 
     </span>
     <span class='ocr_line' id='line_1_70' title="bbox 319 3196 1327 3242; baseline -0.002 -10"><span class='ocrx_word' id='word_1_538' title='bbox 319 3199 425 3242; x_wconf 80' lang='lat' dir='ltr'>postea</span> <span class='ocrx_word' id='word_1_539' title='bbox 450 3201 539 3240; x_wconf 80' lang='lat' dir='ltr'>legi,</span> <span class='ocrx_word' id='word_1_540' title='bbox 562 3209 630 3231; x_wconf 82' lang='lat' dir='ltr'>raro</span> <span class='ocrx_word' id='word_1_541' title='bbox 655 3198 791 3231; x_wconf 71' lang='lat' dir='ltr'>homines</span> <span class='ocrx_word' id='word_1_542' title='bbox 816 3210 831 3230; x_wconf 88' lang='lat' dir='ltr'>a</span> <span class='ocrx_word' id='word_1_543' title='bbox 857 3197 1018 3230; x_wconf 85' lang='lat' dir='ltr'>virulento</span> <span class='ocrx_word' id='word_1_544' title='bbox 1049 3198 1117 3230; x_wconf 58' lang='lat' dir='ltr'>iesu</span> <span class='ocrx_word' id='word_1_545' title='bbox 1145 3196 1220 3239; x_wconf 80' lang='lat' dir='ltr'>fleri</span> <span class='ocrx_word' id='word_1_546' title='bbox 1254 3196 1327 3230; x_wconf 72' lang='lat' dir='ltr'>icle-</span> 
     </span>
     <span class='ocr_line' id='line_1_71' title="bbox 322 3241 1325 3282; baseline -0.001 -8"><span class='ocrx_word' id='word_1_547' title='bbox 322 3244 403 3276; x_wconf 65' lang='lat' dir='ltr'>rit-os</span> <span class='ocrx_word' id='word_1_548' title='bbox 425 3265 437 3280; x_wconf 89' lang='lat'><em>,</em></span> <span class='ocrx_word' id='word_1_549' title='bbox 479 3242 687 3276; x_wconf 82' lang='lat' dir='ltr'>affirmantem</span> <span class='ocrx_word' id='word_1_550' title='bbox 712 3264 721 3278; x_wconf 89' lang='lat'>,</span> <span class='ocrx_word' id='word_1_551' title='bbox 756 3241 1003 3282; x_wconf 81' lang='lat' dir='ltr'>credentemque</span> <span class='ocrx_word' id='word_1_552' title='bbox 1026 3250 1195 3282; x_wconf 85' lang='lat' dir='ltr'>propterea</span> <span class='ocrx_word' id='word_1_553' title='bbox 1220 3266 1229 3280; x_wconf 96' lang='lat'>,</span> <span class='ocrx_word' id='word_1_554' title='bbox 1262 3241 1325 3274; x_wconf 91' lang='lat' dir='ltr'>hoc</span> 
     </span>
     <span class='ocr_line' id='line_1_72' title="bbox 321 3284 1326 3326; baseline -0.002 -8"><span class='ocrx_word' id='word_1_555' title='bbox 321 3287 363 3319; x_wconf 84' lang='lat' dir='ltr'>iis</span> <span class='ocrx_word' id='word_1_556' title='bbox 386 3284 556 3319; x_wconf 82' lang='lat' dir='ltr'>dumtaxat</span> <span class='ocrx_word' id='word_1_557' title='bbox 581 3285 746 3323; x_wconf 83' lang='lat' dir='ltr'>accidere,</span> <span class='ocrx_word' id='word_1_558' title='bbox 769 3295 909 3326; x_wconf 84' lang='lat' dir='ltr'>quorum</span> <span class='ocrx_word' id='word_1_559' title='bbox 935 3284 1060 3324; x_wconf 78' lang='lat' dir='ltr'>sanguis</span> <span class='ocrx_word' id='word_1_560' title='bbox 1073 3284 1210 3325; x_wconf 87' lang='lat' dir='ltr'>plurima</span> <span class='ocrx_word' id='word_1_561' title='bbox 1223 3284 1326 3318; x_wconf 86' lang='lat' dir='ltr'>abun-</span> 
     </span>
     <span class='ocr_line' id='line_1_73' title="bbox 322 3324 1330 3372; baseline -0.004 -9"><span class='ocrx_word' id='word_1_562' title='bbox 322 3329 375 3363; x_wconf 87' lang='lat' dir='ltr'>det</span> <span class='ocrx_word' id='word_1_563' title='bbox 402 3329 466 3362; x_wconf 85' lang='lat' dir='ltr'>bile</span> <span class='ocrx_word' id='word_1_564' title='bbox 488 3353 498 3369; x_wconf 92' lang='lat'><em>,</em></span> <span class='ocrx_word' id='word_1_565' title='bbox 541 3340 611 3372; x_wconf 84' lang='lat' dir='ltr'>quae</span> <span class='ocrx_word' id='word_1_566' title='bbox 644 3327 667 3361; x_wconf 85' lang='lat' dir='ltr'><strong>fi</strong></span> <span class='ocrx_word' id='word_1_567' title='bbox 692 3329 776 3362; x_wconf 59' lang='lat' dir='ltr'>flava</span> <span class='ocrx_word' id='word_1_568' title='bbox 802 3326 924 3366; x_wconf 84' lang='lat' dir='ltr'>fuerit,</span> <span class='ocrx_word' id='word_1_569' title='bbox 947 3324 1060 3365; x_wconf 75' lang='lat' dir='ltr'>flav05</span> <span class='ocrx_word' id='word_1_570' title='bbox 1085 3326 1106 3360; x_wconf 84' lang='lat' dir='ltr'>si</span> <span class='ocrx_word' id='word_1_571' title='bbox 1132 3329 1225 3369; x_wconf 85' lang='lat' dir='ltr'>nigra</span> <span class='ocrx_word' id='word_1_572' title='bbox 1243 3352 1252 3368; x_wconf 85' lang='lat'>‚</span> <span class='ocrx_word' id='word_1_573' title='bbox 1279 3328 1330 3360; x_wconf 91' lang='lat' dir='ltr'>ni-</span> 
     </span>
    </p>
   </div>
   <div class='ocr_carea' id='block_1_3' title="bbox 579 165 2185 235">
    <p class='ocr_par' dir='ltr' id='par_1_4' title="bbox 579 165 2185 235">
     <span class='ocr_line' id='line_1_74' title="bbox 579 165 2185 235; baseline -0.004 -9"><span class='ocrx_word' id='word_1_574' title='bbox 579 223 582 226; x_wconf 83' lang='lat'>.</span> <span class='ocrx_word' id='word_1_575' title='bbox 630 168 802 230; x_wconf 22' lang='lat' dir='ltr'>Liber..</span> <span class='ocrx_word' id='word_1_576' title='bbox 822 168 911 223; x_wconf 76' lang='lat' dir='ltr'>lv.</span> <span class='ocrx_word' id='word_1_577' title='bbox 946 168 1030 220; x_wconf 87' lang='lat' dir='ltr'>De</span> <span class='ocrx_word' id='word_1_578' title='bbox 1067 167 1274 222; x_wconf 80' lang='lat' dir='ltr'>Morbis</span> <span class='ocrx_word' id='word_1_579' title='bbox 1287 196 1296 202; x_wconf 73' lang='lat'>,.</span> <span class='ocrx_word' id='word_1_580' title='bbox 1309 165 1661 235; x_wconf 75' lang='lat' dir='ltr'>Chirurgiei52</span> <span class='ocrx_word' id='word_1_581' title='bbox 1694 167 1759 218; x_wconf 19' lang='lat' dir='ltr'>&amp;e</span> <span class='ocrx_word' id='word_1_582' title='bbox 1788 165 2185 220; x_wconf 80' lang='lat' dir='ltr'>Universalibue</span> 
     </span>
    </p>
   </div>
   <div class='ocr_carea' id='block_1_4' title="bbox 1375 243 2407 3405">
    <p class='ocr_par' dir='ltr' id='par_1_5' title="bbox 1383 243 2407 2148">
     <span class='ocr_line' id='line_1_75' title="bbox 1393 243 2407 288; baseline 0.002 -12"><span class='ocrx_word' id='word_1_583' title='bbox 1393 254 1474 285; x_wconf 81' lang='lat' dir='ltr'>gr0;</span> <span class='ocrx_word' id='word_1_584' title='bbox 1499 243 1521 275; x_wconf 83' lang='lat' dir='ltr'>si</span> <span class='ocrx_word' id='word_1_585' title='bbox 1546 253 1716 286; x_wconf 78' lang='lat' dir='ltr'>porr-acea,</span> <span class='ocrx_word' id='word_1_586' title='bbox 1741 253 1894 284; x_wconf 86' lang='lat' dir='ltr'>porraceo</span> <span class='ocrx_word' id='word_1_587' title='bbox 1916 255 2048 287; x_wconf 84' lang='lat' dir='ltr'>quoque</span> <span class='ocrx_word' id='word_1_588' title='bbox 2068 245 2178 278; x_wconf 83' lang='lat' dir='ltr'>colore</span> <span class='ocrx_word' id='word_1_589' title='bbox 2211 252 2318 278; x_wconf 85' lang='lat' dir='ltr'>cutem</span> <span class='ocrx_word' id='word_1_590' title='bbox 2354 244 2407 288; x_wconf 59' lang='grc' dir='ltr'>ἴῃ-</span> 
     </span>
     <span class='ocr_line' id='line_1_76' title="bbox 1393 285 2405 329; baseline 0.002 -10"><span class='ocrx_word' id='word_1_591' title='bbox 1393 287 1481 320; x_wconf 82' lang='lat' dir='ltr'>ficiat</span> <span class='ocrx_word' id='word_1_592' title='bbox 1497 312 1504 319; x_wconf 94' lang='lat'>.</span> <span class='ocrx_word' id='word_1_593' title='bbox 1529 287 1609 328; x_wconf 85' lang='lat' dir='ltr'>Qo</span> <span class='ocrx_word' id='word_1_594' title='bbox 1634 287 1706 320; x_wconf 87' lang='lat' dir='ltr'>sane</span> <span class='ocrx_word' id='word_1_595' title='bbox 1729 286 1881 321; x_wconf 71' lang='lat' dir='ltr'>infestam</span> <span class='ocrx_word' id='word_1_596' title='bbox 1904 285 2019 326; x_wconf 80' lang='lat' dir='ltr'>fuisse,</span> <span class='ocrx_word' id='word_1_597' title='bbox 2043 298 2143 329; x_wconf 89' lang='lat' dir='ltr'>neque</span> <span class='ocrx_word' id='word_1_598' title='bbox 2166 286 2244 321; x_wconf 85' lang='lat' dir='ltr'>adeo</span> <span class='ocrx_word' id='word_1_599' title='bbox 2257 289 2405 327; x_wconf 72' lang='lat' dir='ltr'>cit0,·ei&lt;</span> 
     </span>
     <span class='ocr_line' id='line_1_77' title="bbox 1391 329 2402 372; baseline 0.003 -9"><span class='ocrx_word' id='word_1_600' title='bbox 1391 330 1513 363; x_wconf 82' lang='lat' dir='ltr'>Caleni</span> <span class='ocrx_word' id='word_1_601' title='bbox 1534 333 1548 369; x_wconf 87' lang='grc'>(</span> <span class='ocrx_word' id='word_1_602' title='bbox 1570 329 1623 372; x_wconf 87' lang='lat' dir='ltr'>d)</span> <span class='ocrx_word' id='word_1_603' title='bbox 1647 329 1797 371; x_wconf 84' lang='lat' dir='ltr'>exemplo</span> <span class='ocrx_word' id='word_1_604' title='bbox 1819 331 1945 364; x_wconf 79' lang='lat' dir='ltr'>constat</span> <span class='ocrx_word' id='word_1_605' title='bbox 1960 352 1969 367; x_wconf 88' lang='lat'>‚</span> <span class='ocrx_word' id='word_1_606' title='bbox 2006 331 2094 372; x_wconf 88' lang='lat' dir='ltr'>quod</span> <span class='ocrx_word' id='word_1_607' title='bbox 2126 329 2251 372; x_wconf 83' lang='lat' dir='ltr'>profert</span> <span class='ocrx_word' id='word_1_608' title='bbox 2279 343 2290 370; x_wconf 82' lang='lat'>3</span> <span class='ocrx_word' id='word_1_609' title='bbox 2324 333 2402 366; x_wconf 88' lang='lat' dir='ltr'>citri</span> 
     </span>
     <span class='ocr_line' id='line_1_78' title="bbox 1391 373 2401 417; baseline 0.004 -11"><span class='ocrx_word' id='word_1_610' title='bbox 1391 382 1497 406; x_wconf 89' lang='lat' dir='ltr'>autern</span> <span class='ocrx_word' id='word_1_611' title='bbox 1521 373 1629 407; x_wconf 89' lang='lat' dir='ltr'>colore</span> <span class='ocrx_word' id='word_1_612' title='bbox 1652 384 1691 406; x_wconf 82' lang='lat' dir='ltr'>ex</span> <span class='ocrx_word' id='word_1_613' title='bbox 1714 373 1815 406; x_wconf 86' lang='lat' dir='ltr'>altero</span> <span class='ocrx_word' id='word_1_614' title='bbox 1838 396 1848 412; x_wconf 92' lang='lat'>‚</span> <span class='ocrx_word' id='word_1_615' title='bbox 1882 373 1969 417; x_wconf 89' lang='lat' dir='ltr'>quod</span> <span class='ocrx_word' id='word_1_616' title='bbox 1993 375 2146 417; x_wconf 85' lang='lat' dir='ltr'>producit</span> <span class='ocrx_word' id='word_1_617' title='bbox 2161 399 2171 413; x_wconf 89' lang='lat'>‚</span> <span class='ocrx_word' id='word_1_618' title='bbox 2199 375 2401 410; x_wconf 86' lang='lat' dir='ltr'>Avenzoaris</span> 
     </span>
     <span class='ocr_line' id='line_1_79' title="bbox 1391 416 2404 460; baseline 0 -10"><span class='ocrx_word' id='word_1_619' title='bbox 1391 416 1467 459; x_wconf 81' lang='lat' dir='ltr'>(c)</span> <span class='ocrx_word' id='word_1_620' title='bbox 1492 417 1660 458; x_wconf 83' lang='lat' dir='ltr'>exemplo,</span> <span class='ocrx_word' id='word_1_621' title='bbox 1684 427 1785 458; x_wconf 85' lang='lat' dir='ltr'>neque</span> <span class='ocrx_word' id='word_1_622' title='bbox 1806 427 1823 449; x_wconf 84' lang='lat' dir='ltr'>a</span> <span class='ocrx_word' id='word_1_623' title='bbox 1847 417 1954 451; x_wconf 85' lang='lat' dir='ltr'>morsu</span> <span class='ocrx_word' id='word_1_624' title='bbox 1970 443 1977 456; x_wconf 93' lang='lat'><em>,</em></span> <span class='ocrx_word' id='word_1_625' title='bbox 2003 425 2037 451; x_wconf 80' lang='lat' dir='ltr'>nt</span> <span class='ocrx_word' id='word_1_626' title='bbox 2062 420 2095 450; x_wconf 90' lang='lat' dir='ltr'>in</span> <span class='ocrx_word' id='word_1_627' title='bbox 2120 417 2178 450; x_wconf 85' lang='lat' dir='ltr'>illo</span> <span class='ocrx_word' id='word_1_628' title='bbox 2201 439 2211 453; x_wconf 94' lang='lat'>,</span> <span class='ocrx_word' id='word_1_629' title='bbox 2248 418 2364 458; x_wconf 84' lang='lat' dir='ltr'>viperae</span> <span class='ocrx_word' id='word_1_630' title='bbox 2393 445 2404 460; x_wconf 81' lang='lat'><em>‚</em></span> 
     </span>
     <span class='ocr_line' id='line_1_80' title="bbox 1391 459 2399 501; baseline 0.003 -10"><span class='ocrx_word' id='word_1_631' title='bbox 1391 459 1442 493; x_wconf 89' lang='lat' dir='ltr'>sed</span> <span class='ocrx_word' id='word_1_632' title='bbox 1467 472 1482 492; x_wconf 85' lang='lat' dir='ltr'>a</span> <span class='ocrx_word' id='word_1_633' title='bbox 1508 471 1631 493; x_wconf 87' lang='lat' dir='ltr'>veneno</span> <span class='ocrx_word' id='word_1_634' title='bbox 1653 460 1810 492; x_wconf 84' lang='lat' dir='ltr'>devorato</span> <span class='ocrx_word' id='word_1_635' title='bbox 1825 485 1833 493; x_wconf 91' lang='lat'>.</span> <span class='ocrx_word' id='word_1_636' title='bbox 1857 461 1933 494; x_wconf 88' lang='lat' dir='ltr'>Huc</span> <span class='ocrx_word' id='word_1_637' title='bbox 1958 459 2036 494; x_wconf 88' lang='lat' dir='ltr'>adde</span> <span class='ocrx_word' id='word_1_638' title='bbox 2059 460 2263 493; x_wconf 84' lang='lat' dir='ltr'>observatum</span> <span class='ocrx_word' id='word_1_639' title='bbox 2276 459 2399 501; x_wconf 67' lang='lat' dir='ltr'>flavum</span> 
     </span>
     <span class='ocr_line' id='line_1_81' title="bbox 1388 501 2400 546; baseline -0.001 -11"><span class='ocrx_word' id='word_1_640' title='bbox 1388 503 1523 536; x_wconf 62' lang='lat' dir='ltr'>isterum</span> <span class='ocrx_word' id='word_1_641' title='bbox 1547 515 1563 536; x_wconf 90' lang='lat' dir='ltr'>a</span> <span class='ocrx_word' id='word_1_642' title='bbox 1586 503 1763 546; x_wconf 67' lang='lat' dir='ltr'>punftione</span> <span class='ocrx_word' id='word_1_643' title='bbox 1785 513 1992 542; x_wconf 82' lang='lat' dir='ltr'>aranearum,</span> <span class='ocrx_word' id='word_1_644' title='bbox 2016 513 2051 536; x_wconf 91' lang='lat' dir='ltr'>ut</span> <span class='ocrx_word' id='word_1_645' title='bbox 2077 501 2119 538; x_wconf 81' lang='lat' dir='ltr'>est</span> <span class='ocrx_word' id='word_1_646' title='bbox 2143 502 2224 545; x_wconf 84' lang='lat' dir='ltr'>apud</span> <span class='ocrx_word' id='word_1_647' title='bbox 2248 504 2400 537; x_wconf 84' lang='lat' dir='ltr'>Ettm&#39;ul-</span> 
     </span>
     <span class='ocr_line' id='line_1_82' title="bbox 1389 544 2401 587; baseline -0.003 -8"><span class='ocrx_word' id='word_1_648' title='bbox 1389 546 1492 579; x_wconf 87' lang='lat' dir='ltr'>lerum</span> <span class='ocrx_word' id='word_1_649' title='bbox 1514 544 1619 587; x_wconf 82' lang='lat' dir='ltr'>(f);</span> <span class='ocrx_word' id='word_1_650' title='bbox 1644 556 1711 579; x_wconf 89' lang='lat' dir='ltr'>non</span> <span class='ocrx_word' id='word_1_651' title='bbox 1735 546 1857 586; x_wconf 86' lang='lat' dir='ltr'>semper</span> <span class='ocrx_word' id='word_1_652' title='bbox 1881 556 2013 587; x_wconf 80' lang='lat' dir='ltr'>tamen,</span> <span class='ocrx_word' id='word_1_653' title='bbox 2038 558 2093 580; x_wconf 88' lang='lat' dir='ltr'>nec</span> <span class='ocrx_word' id='word_1_654' title='bbox 2117 547 2263 580; x_wconf 86' lang='lat' dir='ltr'>omniurn</span> <span class='ocrx_word' id='word_1_655' title='bbox 2288 570 2296 578; x_wconf 92' lang='lat'>.</span> <span class='ocrx_word' id='word_1_656' title='bbox 2336 548 2401 580; x_wconf 88' lang='lat' dir='ltr'>Vi-</span> 
     </span>
     <span class='ocr_line' id='line_1_83' title="bbox 1388 586 2405 633; baseline 0.003 -12"><span class='ocrx_word' id='word_1_657' title='bbox 1388 588 1461 622; x_wconf 86' lang='lat' dir='ltr'>dere</span> <span class='ocrx_word' id='word_1_658' title='bbox 1483 593 1571 623; x_wconf 90' lang='lat' dir='ltr'>enim</span> <span class='ocrx_word' id='word_1_659' title='bbox 1595 615 1603 629; x_wconf 86' lang='lat'>,</span> <span class='ocrx_word' id='word_1_660' title='bbox 1644 586 1781 630; x_wconf 83' lang='lat' dir='ltr'>exempli</span> <span class='ocrx_word' id='word_1_661' title='bbox 1806 590 1922 630; x_wconf 83' lang='lat' dir='ltr'>causa,</span> <span class='ocrx_word' id='word_1_662' title='bbox 1948 601 2059 633; x_wconf 85' lang='lat' dir='ltr'>potes,</span> <span class='ocrx_word' id='word_1_663' title='bbox 2084 601 2183 633; x_wconf 88' lang='lat' dir='ltr'>quam</span> <span class='ocrx_word' id='word_1_664' title='bbox 2206 601 2317 632; x_wconf 83' lang='lat' dir='ltr'>graves</span> <span class='ocrx_word' id='word_1_665' title='bbox 2342 600 2405 624; x_wconf 53' lang='lat' dir='ltr'>noa</span> 
     </span>
     <span class='ocr_line' id='line_1_84' title="bbox 1389 632 2396 676; baseline 0.002 -11"><span class='ocrx_word' id='word_1_666' title='bbox 1389 643 1445 666; x_wconf 80' lang='lat' dir='ltr'>xas</span> <span class='ocrx_word' id='word_1_667' title='bbox 1469 632 1524 666; x_wconf 88' lang='lat' dir='ltr'>illa</span> <span class='ocrx_word' id='word_1_668' title='bbox 1548 633 1697 666; x_wconf 83' lang='lat' dir='ltr'>attulerit</span> <span class='ocrx_word' id='word_1_669' title='bbox 1720 633 1757 666; x_wconf 87' lang='lat' dir='ltr'>de</span> <span class='ocrx_word' id='word_1_670' title='bbox 1785 644 1848 675; x_wconf 86' lang='lat' dir='ltr'>qua</span> <span class='ocrx_word' id='word_1_671' title='bbox 1870 634 1926 668; x_wconf 81' lang='lat' dir='ltr'>Cl.</span> <span class='ocrx_word' id='word_1_672' title='bbox 1952 634 2111 667; x_wconf 87' lang='lat' dir='ltr'>Bernerus</span> <span class='ocrx_word' id='word_1_673' title='bbox 2136 634 2229 676; x_wconf 84' lang='lat' dir='ltr'><strong>(g),</strong></span> <span class='ocrx_word' id='word_1_674' title='bbox 2252 635 2396 675; x_wconf 80' lang='lat' dir='ltr'>&amp;quam</span> 
     </span>
     <span class='ocr_line' id='line_1_85' title="bbox 1388 675 2404 719; baseline 0.002 -11"><span class='ocrx_word' id='word_1_675' title='bbox 1388 677 1511 713; x_wconf 88' lang='lat' dir='ltr'>varias,</span> <span class='ocrx_word' id='word_1_676' title='bbox 1535 678 1566 709; x_wconf 74' lang='grc' dir='ltr'>δε</span> <span class='ocrx_word' id='word_1_677' title='bbox 1590 677 1667 718; x_wconf 80' lang='lat' dir='ltr'>saepe</span> <span class='ocrx_word' id='word_1_678' title='bbox 1702 687 1825 717; x_wconf 78' lang='lat' dir='ltr'>quanto</span> <span class='ocrx_word' id='word_1_679' title='bbox 1858 675 2099 719; x_wconf 80' lang='lat' dir='ltr'>perniciosiores</span> <span class='ocrx_word' id='word_1_680' title='bbox 2132 689 2176 710; x_wconf 79' lang='lat' dir='ltr'>eae</span> <span class='ocrx_word' id='word_1_681' title='bbox 2207 676 2245 709; x_wconf 88' lang='lat' dir='ltr'>de</span> <span class='ocrx_word' id='word_1_682' title='bbox 2282 677 2404 718; x_wconf 81' lang='lat' dir='ltr'>quibus</span> 
     </span>
     <span class='ocr_line' id='line_1_86' title="bbox 1389 717 2397 763; baseline 0.003 -12"><span class='ocrx_word' id='word_1_683' title='bbox 1389 717 1446 752; x_wconf 89' lang='lat' dir='ltr'>sub</span> <span class='ocrx_word' id='word_1_684' title='bbox 1478 719 1608 753; x_wconf 83' lang='lat' dir='ltr'>Etrusci</span> <span class='ocrx_word' id='word_1_685' title='bbox 1642 719 1808 763; x_wconf 80' lang='lat' dir='ltr'>phalangii</span> <span class='ocrx_word' id='word_1_686' title='bbox 1834 722 1964 753; x_wconf 85' lang='lat' dir='ltr'>nomine</span> <span class='ocrx_word' id='word_1_687' title='bbox 2004 719 2126 762; x_wconf 80' lang='lat' dir='ltr'>scripfit</span> <span class='ocrx_word' id='word_1_688' title='bbox 2161 721 2225 753; x_wconf 86' lang='lat' dir='ltr'>Vir</span> <span class='ocrx_word' id='word_1_689' title='bbox 2271 721 2397 754; x_wconf 52' lang='lat' dir='ltr'>Dauus</span> 
     </span>
     <span class='ocr_line' id='line_1_87' title="bbox 1386 762 2393 805; baseline 0.001 -10"><span class='ocrx_word' id='word_1_690' title='bbox 1386 763 1566 804; x_wconf 82' lang='lat' dir='ltr'>Brogianus</span> <span class='ocrx_word' id='word_1_691' title='bbox 1598 762 1653 803; x_wconf 81' lang='lat' dir='ltr'>(h</span> <span class='ocrx_word' id='word_1_692' title='bbox 1675 767 1688 802; x_wconf 88' lang='lat'><em>)</em></span> <span class='ocrx_word' id='word_1_693' title='bbox 1711 786 1720 800; x_wconf 91' lang='lat'>,</span> <span class='ocrx_word' id='word_1_694' title='bbox 1755 763 1845 805; x_wconf 82' lang='lat' dir='ltr'>cujus</span> <span class='ocrx_word' id='word_1_695' title='bbox 1879 764 2055 798; x_wconf 65' lang='lat' dir='ltr'>Traostatus</span> <span class='ocrx_word' id='word_1_696' title='bbox 2090 763 2265 805; x_wconf 87' lang='lat' dir='ltr'>pervellem</span> <span class='ocrx_word' id='word_1_697' title='bbox 2301 765 2393 796; x_wconf 82' lang='lat' dir='ltr'>antea</span> 
     </span>
     <span class='ocr_line' id='line_1_88' title="bbox 1384 805 2400 850; baseline 0.002 -12"><span class='ocrx_word' id='word_1_698' title='bbox 1384 805 1580 849; x_wconf 77' lang='lat' dir='ltr'>prodiisset,</span> <span class='ocrx_word' id='word_1_699' title='bbox 1602 806 1788 849; x_wconf 62' lang='lat' dir='ltr'>quamius,</span> <span class='ocrx_word' id='word_1_700' title='bbox 1811 806 1880 848; x_wconf 82' lang='lat' dir='ltr'>jam</span> <span class='ocrx_word' id='word_1_701' title='bbox 1895 806 2027 848; x_wconf 86' lang='lat' dir='ltr'>scriptas</span> <span class='ocrx_word' id='word_1_702' title='bbox 2042 833 2051 848; x_wconf 90' lang='lat'><strong>,</strong></span> <span class='ocrx_word' id='word_1_703' title='bbox 2076 806 2238 850; x_wconf 84' lang='lat' dir='ltr'>Epistolas</span> <span class='ocrx_word' id='word_1_704' title='bbox 2262 806 2400 840; x_wconf 83' lang='lat' dir='ltr'>recense-</span> 
     </span>
     <span class='ocr_line' id='line_1_89' title="bbox 1384 849 2401 893; baseline 0.003 -12"><span class='ocrx_word' id='word_1_705' title='bbox 1384 860 1469 883; x_wconf 87' lang='lat' dir='ltr'>rem.</span> <span class='ocrx_word' id='word_1_706' title='bbox 1496 849 1550 882; x_wconf 80' lang='lat' dir='ltr'>Ab</span> <span class='ocrx_word' id='word_1_707' title='bbox 1573 852 1612 883; x_wconf 88' lang='lat' dir='ltr'>iis</span> <span class='ocrx_word' id='word_1_708' title='bbox 1636 850 1716 883; x_wconf 86' lang='lat' dir='ltr'>illud</span> <span class='ocrx_word' id='word_1_709' title='bbox 1747 860 1878 893; x_wconf 89' lang='lat' dir='ltr'>quoque</span> <span class='ocrx_word' id='word_1_710' title='bbox 1917 851 2112 891; x_wconf 79' lang='lat' dir='ltr'>adnotavit,</span> <span class='ocrx_word' id='word_1_711' title='bbox 2136 861 2190 893; x_wconf 88' lang='lat' dir='ltr'>per</span> <span class='ocrx_word' id='word_1_712' title='bbox 2213 850 2303 893; x_wconf 88' lang='lat' dir='ltr'>quod</span> <span class='ocrx_word' id='word_1_713' title='bbox 2325 861 2401 884; x_wconf 90' lang='lat' dir='ltr'>cum</span> 
     </span>
     <span class='ocr_line' id='line_1_90' title="bbox 1383 893 2400 936; baseline 0.001 -9"><span class='ocrx_word' id='word_1_714' title='bbox 1383 893 1558 935; x_wconf 82' lang='lat' dir='ltr'>phalangio</span> <span class='ocrx_word' id='word_1_715' title='bbox 1582 893 1693 935; x_wconf 86' lang='lat' dir='ltr'>Apulo</span> <span class='ocrx_word' id='word_1_716' title='bbox 1709 915 1719 931; x_wconf 92' lang='lat'>,</span> <span class='ocrx_word' id='word_1_717' title='bbox 1742 897 1773 927; x_wconf 90' lang='lat'>&amp;</span> <span class='ocrx_word' id='word_1_718' title='bbox 1795 904 1871 926; x_wconf 86' lang='lat' dir='ltr'>cum</span> <span class='ocrx_word' id='word_1_719' title='bbox 1895 905 1933 926; x_wconf 87' lang='lat' dir='ltr'>eo</span> <span class='ocrx_word' id='word_1_720' title='bbox 1958 893 2087 936; x_wconf 79' lang='lat' dir='ltr'>scorpio</span> <span class='ocrx_word' id='word_1_721' title='bbox 2111 905 2126 926; x_wconf 87' lang='lat' dir='ltr'>a</span> <span class='ocrx_word' id='word_1_722' title='bbox 2152 904 2218 936; x_wconf 87' lang='lat' dir='ltr'>quo</span> <span class='ocrx_word' id='word_1_723' title='bbox 2241 894 2400 935; x_wconf 59' lang='lat' dir='ltr'>pundtum</span> 
     </span>
     <span class='ocr_line' id='line_1_91' title="bbox 1395 935 2393 979; baseline 0.002 -10"><span class='ocrx_word' id='word_1_724' title='bbox 1395 939 1526 969; x_wconf 81' lang='lat' dir='ltr'>Petrum</span> <span class='ocrx_word' id='word_1_725' title='bbox 1551 949 1567 970; x_wconf 88' lang='lat' dir='ltr'>a</span> <span class='ocrx_word' id='word_1_726' title='bbox 1590 936 1706 970; x_wconf 83' lang='lat' dir='ltr'>Castro</span> <span class='ocrx_word' id='word_1_727' title='bbox 1729 935 1821 970; x_wconf 80' lang='lat' dir='ltr'>fuisse</span> <span class='ocrx_word' id='word_1_728' title='bbox 1843 960 1856 977; x_wconf 84' lang='lat'><em>,</em></span> <span class='ocrx_word' id='word_1_729' title='bbox 1891 937 1961 971; x_wconf 87' lang='lat' dir='ltr'>dixi</span> <span class='ocrx_word' id='word_1_730' title='bbox 1997 941 2007 976; x_wconf 86' lang='lat'>(</span> <span class='ocrx_word' id='word_1_731' title='bbox 2031 938 2042 970; x_wconf 86' lang='lat' dir='ltr'>i</span> <span class='ocrx_word' id='word_1_732' title='bbox 2064 941 2098 978; x_wconf 93' lang='lat'>),</span> <span class='ocrx_word' id='word_1_733' title='bbox 2123 938 2275 971; x_wconf 89' lang='lat' dir='ltr'>videntur</span> <span class='ocrx_word' id='word_1_734' title='bbox 2306 937 2393 979; x_wconf 81' lang='lat' dir='ltr'>posse</span> 
     </span>
     <span class='ocr_line' id='line_1_92' title="bbox 1392 979 2400 1024; baseline 0.001 -11"><span class='ocrx_word' id='word_1_735' title='bbox 1392 983 1596 1022; x_wconf 82' lang='lat' dir='ltr'>comparari,</span> <span class='ocrx_word' id='word_1_736' title='bbox 1620 979 1771 1013; x_wconf 85' lang='lat' dir='ltr'>videlicet</span> <span class='ocrx_word' id='word_1_737' title='bbox 1796 991 1881 1014; x_wconf 84' lang='lat' dir='ltr'>anno</span> <span class='ocrx_word' id='word_1_738' title='bbox 1905 980 2089 1024; x_wconf 83' lang='lat' dir='ltr'>insequenti</span> <span class='ocrx_word' id='word_1_739' title='bbox 2114 979 2227 1014; x_wconf 89' lang='lat' dir='ltr'>eodem</span> <span class='ocrx_word' id='word_1_740' title='bbox 2253 989 2400 1023; x_wconf 86' lang='lat' dir='ltr'>tempore</span> 
     </span>
     <span class='ocr_line' id='line_1_93' title="bbox 1394 1021 2399 1066; baseline 0.003 -11"><span class='ocrx_word' id='word_1_741' title='bbox 1394 1025 1613 1066; x_wconf 71' lang='lat' dir='ltr'>symptomata</span> <span class='ocrx_word' id='word_1_742' title='bbox 1636 1021 1780 1057; x_wconf 84' lang='lat' dir='ltr'>rediisse.</span> <span class='ocrx_word' id='word_1_743' title='bbox 1806 1023 1862 1057; x_wconf 88' lang='lat' dir='ltr'>Ab</span> <span class='ocrx_word' id='word_1_744' title='bbox 1886 1034 2003 1058; x_wconf 86' lang='lat' dir='ltr'>neutro</span> <span class='ocrx_word' id='word_1_745' title='bbox 2026 1034 2134 1058; x_wconf 79' lang='lat' dir='ltr'>tamen</span> <span class='ocrx_word' id='word_1_746' title='bbox 2159 1025 2323 1066; x_wconf 89' lang='lat' dir='ltr'>Scriptore</span> <span class='ocrx_word' id='word_1_747' title='bbox 2347 1034 2399 1058; x_wconf 90' lang='lat' dir='ltr'>tot</span> 
     </span>
     <span class='ocr_line' id='line_1_94' title="bbox 1392 1067 2399 1108; baseline 0.002 -9"><span class='ocrx_word' id='word_1_748' title='bbox 1392 1068 1479 1100; x_wconf 83' lang='lat' dir='ltr'>inter</span> <span class='ocrx_word' id='word_1_749' title='bbox 1501 1078 1601 1100; x_wconf 83' lang='lat' dir='ltr'>noxas</span> <span class='ocrx_word' id='word_1_750' title='bbox 1632 1067 1767 1100; x_wconf 60' lang='lat' dir='ltr'>iderum</span> <span class='ocrx_word' id='word_1_751' title='bbox 1790 1069 1987 1108; x_wconf 85' lang='lat' dir='ltr'>memorari,</span> <span class='ocrx_word' id='word_1_752' title='bbox 2011 1068 2269 1102; x_wconf 84' lang='lat' dir='ltr'>animadvertes.</span> <span class='ocrx_word' id='word_1_753' title='bbox 2295 1068 2399 1101; x_wconf 88' lang='lat' dir='ltr'>Porro</span> 
     </span>
     <span class='ocr_line' id='line_1_95' title="bbox 1391 1109 2400 1154; baseline 0.001 -11"><span class='ocrx_word' id='word_1_754' title='bbox 1391 1110 1607 1143; x_wconf 75' lang='lat' dir='ltr'>Ettmijllerus</span> <span class='ocrx_word' id='word_1_755' title='bbox 1630 1111 1687 1143; x_wconf 81' lang='lat' dir='ltr'>etsi</span> <span class='ocrx_word' id='word_1_756' title='bbox 1713 1109 1779 1144; x_wconf 84' lang='lat' dir='ltr'>haec</span> <span class='ocrx_word' id='word_1_757' title='bbox 1804 1110 1961 1152; x_wconf 78' lang='lat' dir='ltr'>subjicit,</span> <span class='ocrx_word' id='word_1_758' title='bbox 1985 1122 2022 1145; x_wconf 78' lang='lat' dir='ltr'>ex</span> <span class='ocrx_word' id='word_1_759' title='bbox 2043 1113 2155 1154; x_wconf 69' lang='lat' dir='ltr'>viperae</span> <span class='ocrx_word' id='word_1_760' title='bbox 2176 1110 2278 1153; x_wconf 82' lang='lat' dir='ltr'>morsu</span> <span class='ocrx_word' id='word_1_761' title='bbox 2305 1110 2400 1153; x_wconf 83' lang='lat' dir='ltr'>subo-</span> 
     </span>
     <span class='ocr_line' id='line_1_96' title="bbox 1392 1150 2401 1197; baseline 0.002 -11"><span class='ocrx_word' id='word_1_762' title='bbox 1392 1155 1453 1187; x_wconf 82' lang='lat' dir='ltr'>riri</span> <span class='ocrx_word' id='word_1_763' title='bbox 1475 1154 1630 1187; x_wconf 75' lang='lat' dir='ltr'>ordinario</span> <span class='ocrx_word' id='word_1_764' title='bbox 1646 1151 1716 1195; x_wconf 85' lang='lat' dir='ltr'>fere</span> <span class='ocrx_word' id='word_1_765' title='bbox 1737 1153 1869 1188; x_wconf 67' lang='lat' dir='ltr'>ic&#39;t&#39;erum</span> <span class='ocrx_word' id='word_1_766' title='bbox 1884 1178 1895 1194; x_wconf 94' lang='lat'>‚</span> <span class='ocrx_word' id='word_1_767' title='bbox 1916 1154 1985 1197; x_wconf 86' lang='lat' dir='ltr'>jam</span> <span class='ocrx_word' id='word_1_768' title='bbox 2008 1156 2131 1188; x_wconf 80' lang='lat' dir='ltr'>Veteres</span> <span class='ocrx_word' id='word_1_769' title='bbox 2155 1150 2311 1196; x_wconf 72' lang='lat' dir='ltr'>annotaffe</span> <span class='ocrx_word' id='word_1_770' title='bbox 2324 1177 2338 1195; x_wconf 84' lang='lat'><em>,</em></span> <span class='ocrx_word' id='word_1_771' title='bbox 2354 1153 2401 1196; x_wconf 86' lang='lat' dir='ltr'>fi-</span> 
     </span>
     <span class='ocr_line' id='line_1_97' title="bbox 1391 1195 2399 1240; baseline 0 -11"><span class='ocrx_word' id='word_1_772' title='bbox 1391 1205 1446 1229; x_wconf 78' lang='lat' dir='ltr'>cut</span> <span class='ocrx_word' id='word_1_773' title='bbox 1468 1200 1607 1230; x_wconf 85' lang='lat' dir='ltr'>Zacutus</span> <span class='ocrx_word' id='word_1_774' title='bbox 1631 1195 1795 1238; x_wconf 77' lang='lat' dir='ltr'>Lusitanus</span> <span class='ocrx_word' id='word_1_775' title='bbox 1830 1197 1851 1230; x_wconf 95' lang='lat' dir='ltr'>l.</span> <span class='ocrx_word' id='word_1_776' title='bbox 1877 1207 1906 1239; x_wconf 85' lang='lat'>5.</span> <span class='ocrx_word' id='word_1_777' title='bbox 1939 1198 2053 1231; x_wconf 81' lang='lat' dir='ltr'>Medic.</span> <span class='ocrx_word' id='word_1_778' title='bbox 2088 1198 2195 1231; x_wconf 75' lang='lat' dir='ltr'>Princ.</span> <span class='ocrx_word' id='word_1_779' title='bbox 2231 1197 2311 1237; x_wconf 69' lang='lat' dir='ltr'><em>Hlst·</em></span> <span class='ocrx_word' id='word_1_780' title='bbox 2347 1207 2399 1240; x_wconf 79' lang='lat'>29.</span> 
     </span>
     <span class='ocr_line' id='line_1_98' title="bbox 1391 1237 2400 1284; baseline 0.003 -12"><span class='ocrx_word' id='word_1_781' title='bbox 1391 1237 1507 1282; x_wconf 76' lang='lat' dir='ltr'>refert3</span> <span class='ocrx_word' id='word_1_782' title='bbox 1533 1240 1617 1276; x_wconf 82' lang='lat' dir='ltr'>hunc</span> <span class='ocrx_word' id='word_1_783' title='bbox 1643 1239 1796 1283; x_wconf 82' lang='lat' dir='ltr'>tamensi</span> <span class='ocrx_word' id='word_1_784' title='bbox 1819 1241 1995 1284; x_wconf 80' lang='lat' dir='ltr'>inspexeris</span> <span class='ocrx_word' id='word_1_785' title='bbox 2018 1265 2027 1278; x_wconf 87' lang='lat'><em>,</em></span> <span class='ocrx_word' id='word_1_786' title='bbox 2063 1253 2127 1275; x_wconf 90' lang='lat' dir='ltr'>non</span> <span class='ocrx_word' id='word_1_787' title='bbox 2165 1241 2256 1283; x_wconf 88' lang='lat' dir='ltr'>plura</span> <span class='ocrx_word' id='word_1_788' title='bbox 2290 1240 2330 1275; x_wconf 89' lang='lat' dir='ltr'>de</span> <span class='ocrx_word' id='word_1_789' title='bbox 2361 1254 2400 1275; x_wconf 89' lang='lat' dir='ltr'>eo</span> 
     </span>
     <span class='ocr_line' id='line_1_99' title="bbox 1396 1282 2400 1327; baseline 0.002 -12"><span class='ocrx_word' id='word_1_790' title='bbox 1396 1283 1526 1324; x_wconf 85' lang='lat' dir='ltr'>quidem</span> <span class='ocrx_word' id='word_1_791' title='bbox 1552 1284 1697 1317; x_wconf 88' lang='lat' dir='ltr'>invenies</span> <span class='ocrx_word' id='word_1_792' title='bbox 1719 1282 1857 1321; x_wconf 86' lang='lat' dir='ltr'>referre,</span> <span class='ocrx_word' id='word_1_793' title='bbox 1881 1295 1981 1327; x_wconf 88' lang='lat' dir='ltr'>quam</span> <span class='ocrx_word' id='word_1_794' title='bbox 2005 1286 2198 1324; x_wconf 87' lang='lat' dir='ltr'>Donatum,</span> <span class='ocrx_word' id='word_1_795' title='bbox 2213 1295 2308 1327; x_wconf 88' lang='lat' dir='ltr'>quern</span> <span class='ocrx_word' id='word_1_796' title='bbox 2333 1296 2400 1318; x_wconf 86' lang='lat' dir='ltr'>ma-</span> 
     </span>
     <span class='ocr_line' id='line_1_100' title="bbox 1388 1326 2400 1379; baseline 0.003 -20"><span class='ocrx_word' id='word_1_797' title='bbox 1388 1329 1437 1368; x_wconf 83' lang='lat' dir='ltr'>gis</span> <span class='ocrx_word' id='word_1_798' title='bbox 1460 1327 1626 1368; x_wconf 83' lang='lat' dir='ltr'>sequitur,</span> <span class='ocrx_word' id='word_1_799' title='bbox 1648 1337 1745 1369; x_wconf 86' lang='lat' dir='ltr'>quam</span> <span class='ocrx_word' id='word_1_800' title='bbox 1770 1326 1920 1370; x_wconf 85' lang='lat' dir='ltr'>suspicari</span> <span class='ocrx_word' id='word_1_801' title='bbox 1947 1327 2040 1379; x_wconf 79' lang='lat' dir='ltr'>poffit</span> <span class='ocrx_word' id='word_1_802' title='bbox 2063 1329 2120 1371; x_wconf 85' lang='lat' dir='ltr'>qui</span> <span class='ocrx_word' id='word_1_803' title='bbox 2146 1337 2321 1370; x_wconf 81' lang='lat' dir='ltr'>utrumque</span> <span class='ocrx_word' id='word_1_804' title='bbox 2334 1339 2400 1362; x_wconf 89' lang='lat' dir='ltr'>non</span> 
     </span>
     <span class='ocr_line' id='line_1_101' title="bbox 1388 1369 2396 1413; baseline 0.002 -11"><span class='ocrx_word' id='word_1_805' title='bbox 1388 1369 1559 1406; x_wconf 57' lang='lat' dir='ltr'>conferam</span> <span class='ocrx_word' id='word_1_806' title='bbox 1583 1381 1641 1404; x_wconf 88' lang='lat' dir='ltr'>nec</span> <span class='ocrx_word' id='word_1_807' title='bbox 1664 1370 1744 1404; x_wconf 87' lang='lat' dir='ltr'>bene</span> <span class='ocrx_word' id='word_1_808' title='bbox 1767 1379 1874 1404; x_wconf 89' lang='lat' dir='ltr'>tamen</span> <span class='ocrx_word' id='word_1_809' title='bbox 1900 1372 1956 1405; x_wconf 79' lang='lat' dir='ltr'>ubi</span> <span class='ocrx_word' id='word_1_810' title='bbox 1981 1371 2145 1405; x_wconf 85' lang='lat' dir='ltr'>Brasavoli</span> <span class='ocrx_word' id='word_1_811' title='bbox 2164 1371 2396 1413; x_wconf 52' lang='lat' dir='ltr'>(fflin&#39;som.</span> 
     </span>
     <span class='ocr_line' id='line_1_102' title="bbox 1393 1413 2398 1457; baseline 0.004 -11"><span class='ocrx_word' id='word_1_812' title='bbox 1393 1413 1479 1446; x_wconf 86' lang='lat' dir='ltr'>besio</span> <span class='ocrx_word' id='word_1_813' title='bbox 1504 1413 1781 1448; x_wconf 78' lang='lat' dir='ltr'>observationem</span> <span class='ocrx_word' id='word_1_814' title='bbox 1805 1414 1958 1448; x_wconf 89' lang='lat' dir='ltr'>describit</span> <span class='ocrx_word' id='word_1_815' title='bbox 1981 1437 1993 1453; x_wconf 88' lang='lat'><em>,</em></span> <span class='ocrx_word' id='word_1_816' title='bbox 2026 1415 2113 1457; x_wconf 82' lang='lat' dir='ltr'>quasi</span> <span class='ocrx_word' id='word_1_817' title='bbox 2137 1416 2289 1449; x_wconf 82' lang='lat' dir='ltr'>Donatus</span> <span class='ocrx_word' id='word_1_818' title='bbox 2314 1414 2398 1450; x_wconf 89' lang='lat' dir='ltr'>hanc</span> 
     </span>
     <span class='ocr_line' id='line_1_103' title="bbox 1392 1456 2398 1502; baseline 0.004 -13"><span class='ocrx_word' id='word_1_819' title='bbox 1392 1456 1594 1498; x_wconf 83' lang='lat' dir='ltr'>produxisset</span> <span class='ocrx_word' id='word_1_820' title='bbox 1617 1480 1629 1497; x_wconf 84' lang='lat'>‚</span> <span class='ocrx_word' id='word_1_821' title='bbox 1664 1466 1700 1491; x_wconf 93' lang='lat' dir='ltr'>ut</span> <span class='ocrx_word' id='word_1_822' title='bbox 1724 1458 1762 1491; x_wconf 81' lang='lat' dir='ltr'>ad</span> <span class='ocrx_word' id='word_1_823' title='bbox 1788 1458 1925 1491; x_wconf 61' lang='lat' dir='ltr'>ieiefum</span> <span class='ocrx_word' id='word_1_824' title='bbox 1949 1470 1987 1491; x_wconf 80' lang='lat' dir='ltr'>ex</span> <span class='ocrx_word' id='word_1_825' title='bbox 2014 1467 2171 1492; x_wconf 83' lang='lat' dir='ltr'>venenato</span> <span class='ocrx_word' id='word_1_826' title='bbox 2196 1459 2304 1493; x_wconf 89' lang='lat' dir='ltr'>morsu</span> <span class='ocrx_word' id='word_1_827' title='bbox 2329 1458 2398 1502; x_wconf 87' lang='lat' dir='ltr'>spe-</span> 
     </span>
     <span class='ocr_line' id='line_1_104' title="bbox 1390 1501 2399 1545; baseline 0.003 -11"><span class='ocrx_word' id='word_1_828' title='bbox 1390 1501 1553 1534; x_wconf 65' lang='lat' dir='ltr'>(stantem.</span> <span class='ocrx_word' id='word_1_829' title='bbox 1581 1501 1696 1534; x_wconf 86' lang='lat' dir='ltr'>Paulus</span> <span class='ocrx_word' id='word_1_830' title='bbox 1718 1501 1860 1543; x_wconf 75' lang='lat' dir='ltr'>quidem</span> <span class='ocrx_word' id='word_1_831' title='bbox 1875 1502 1916 1540; x_wconf 89' lang='lat' dir='ltr'>(l</span> <span class='ocrx_word' id='word_1_832' title='bbox 1939 1505 1971 1541; x_wconf 92' lang='lat'>),</span> <span class='ocrx_word' id='word_1_833' title='bbox 1996 1505 2025 1535; x_wconf 69' lang='lat' dir='ltr'>Ec</span> <span class='ocrx_word' id='word_1_834' title='bbox 2050 1504 2167 1536; x_wconf 88' lang='lat' dir='ltr'>Aetius</span> <span class='ocrx_word' id='word_1_835' title='bbox 2189 1505 2295 1542; x_wconf 83' lang='lat' dir='ltr'>(m),</span> <span class='ocrx_word' id='word_1_836' title='bbox 2314 1515 2399 1545; x_wconf 81' lang='lat' dir='ltr'>quos</span> 
     </span>
     <span class='ocr_line' id='line_1_105' title="bbox 1387 1543 2398 1588; baseline 0.007 -12"><span class='ocrx_word' id='word_1_837' title='bbox 1387 1553 1520 1588; x_wconf 88' lang='lat' dir='ltr'>uterque</span> <span class='ocrx_word' id='word_1_838' title='bbox 1543 1543 1649 1578; x_wconf 85' lang='lat' dir='ltr'>laudat</span> <span class='ocrx_word' id='word_1_839' title='bbox 1671 1568 1682 1585; x_wconf 90' lang='lat'><em>‚</em></span> <span class='ocrx_word' id='word_1_840' title='bbox 1716 1545 1756 1579; x_wconf 83' lang='lat' dir='ltr'>de</span> <span class='ocrx_word' id='word_1_841' title='bbox 1780 1546 1898 1579; x_wconf 86' lang='lat' dir='ltr'>morbo</span> <span class='ocrx_word' id='word_1_842' title='bbox 1921 1547 2009 1588; x_wconf 78' lang='lat' dir='ltr'>regio</span> <span class='ocrx_word' id='word_1_843' title='bbox 2033 1557 2072 1579; x_wconf 81' lang='lat' dir='ltr'>ex</span> <span class='ocrx_word' id='word_1_844' title='bbox 2095 1547 2256 1580; x_wconf 86' lang='lat' dir='ltr'>venenatis</span> <span class='ocrx_word' id='word_1_845' title='bbox 2279 1548 2398 1583; x_wconf 71' lang='lat' dir='ltr'>ifflbus</span> 
     </span>
     <span class='ocr_line' id='line_1_106' title="bbox 1388 1586 2399 1633; baseline 0.004 -13"><span class='ocrx_word' id='word_1_846' title='bbox 1388 1586 1491 1621; x_wconf 86' lang='lat' dir='ltr'>secere</span> <span class='ocrx_word' id='word_1_847' title='bbox 1517 1589 1741 1628; x_wconf 86' lang='lat' dir='ltr'>mentionem;</span> <span class='ocrx_word' id='word_1_848' title='bbox 1763 1591 1842 1631; x_wconf 85' lang='lat' dir='ltr'>quin</span> <span class='ocrx_word' id='word_1_849' title='bbox 1867 1589 1982 1623; x_wconf 91' lang='lat' dir='ltr'>Aetius</span> <span class='ocrx_word' id='word_1_850' title='bbox 2005 1589 2078 1622; x_wconf 86' lang='lat' dir='ltr'>inde</span> <span class='ocrx_word' id='word_1_851' title='bbox 2102 1591 2201 1624; x_wconf 85' lang='lat' dir='ltr'>etiarn</span> <span class='ocrx_word' id='word_1_852' title='bbox 2223 1591 2399 1633; x_wconf 81' lang='lat' dir='ltr'>contingere</span> 
     </span>
     <span class='ocr_line' id='line_1_107' title="bbox 1388 1630 2398 1675; baseline 0.006 -12"><span class='ocrx_word' id='word_1_853' title='bbox 1388 1630 1587 1674; x_wconf 53' lang='lat' dir='ltr'>consueviffffi</span> <span class='ocrx_word' id='word_1_854' title='bbox 1610 1631 1730 1665; x_wconf 88' lang='lat' dir='ltr'>diserte</span> <span class='ocrx_word' id='word_1_855' title='bbox 1755 1634 1819 1665; x_wconf 84' lang='lat' dir='ltr'>ait.</span> <span class='ocrx_word' id='word_1_856' title='bbox 1851 1633 1910 1665; x_wconf 85' lang='lat' dir='ltr'>Sed</span> <span class='ocrx_word' id='word_1_857' title='bbox 1944 1632 2110 1675; x_wconf 84' lang='lat' dir='ltr'>utriusque</span> <span class='ocrx_word' id='word_1_858' title='bbox 2139 1632 2258 1667; x_wconf 85' lang='lat' dir='ltr'>horum</span> <span class='ocrx_word' id='word_1_859' title='bbox 2293 1634 2398 1670; x_wconf 81' lang='lat' dir='ltr'>sermo</span> 
     </span>
     <span class='ocr_line' id='line_1_108' title="bbox 1389 1674 2396 1719; baseline 0.007 -13"><span class='ocrx_word' id='word_1_860' title='bbox 1389 1674 1435 1707; x_wconf 87' lang='lat' dir='ltr'>est</span> <span class='ocrx_word' id='word_1_861' title='bbox 1481 1675 1519 1707; x_wconf 85' lang='lat' dir='ltr'>de</span> <span class='ocrx_word' id='word_1_862' title='bbox 1563 1674 1716 1708; x_wconf 89' lang='lat' dir='ltr'>omnibus</span> <span class='ocrx_word' id='word_1_863' title='bbox 1741 1700 1751 1715; x_wconf 90' lang='lat'>‚</span> <span class='ocrx_word' id='word_1_864' title='bbox 1796 1686 1862 1709; x_wconf 90' lang='lat' dir='ltr'>non</span> <span class='ocrx_word' id='word_1_865' title='bbox 1888 1677 2092 1717; x_wconf 84' lang='lat' dir='ltr'>peculiariter</span> <span class='ocrx_word' id='word_1_866' title='bbox 2114 1675 2153 1710; x_wconf 90' lang='lat' dir='ltr'>de</span> <span class='ocrx_word' id='word_1_867' title='bbox 2189 1678 2308 1719; x_wconf 77' lang='lat' dir='ltr'>viperae</span> <span class='ocrx_word' id='word_1_868' title='bbox 2341 1690 2396 1713; x_wconf 88' lang='lat' dir='ltr'>ve-</span> 
     </span>
     <span class='ocr_line' id='line_1_109' title="bbox 1390 1718 2396 1762; baseline 0.009 -14"><span class='ocrx_word' id='word_1_869' title='bbox 1390 1727 1474 1749; x_wconf 89' lang='lat' dir='ltr'>neno</span> <span class='ocrx_word' id='word_1_870' title='bbox 1489 1739 1500 1755; x_wconf 85' lang='lat'>,</span> <span class='ocrx_word' id='word_1_871' title='bbox 1524 1728 1622 1759; x_wconf 85' lang='lat' dir='ltr'>quam</span> <span class='ocrx_word' id='word_1_872' title='bbox 1644 1718 1701 1751; x_wconf 87' lang='lat' dir='ltr'>etfi</span> <span class='ocrx_word' id='word_1_873' title='bbox 1725 1719 1804 1751; x_wconf 86' lang='lat' dir='ltr'>alter</span> <span class='ocrx_word' id='word_1_874' title='bbox 1823 1721 1964 1762; x_wconf 84' lang='lat' dir='ltr'>exempli</span> <span class='ocrx_word' id='word_1_875' title='bbox 1989 1720 2080 1752; x_wconf 81' lang='lat' dir='ltr'>causa</span> <span class='ocrx_word' id='word_1_876' title='bbox 2104 1721 2274 1757; x_wconf 85' lang='lat' dir='ltr'>nominat,</span> <span class='ocrx_word' id='word_1_877' title='bbox 2297 1732 2336 1755; x_wconf 88' lang='lat' dir='ltr'>ex</span> <span class='ocrx_word' id='word_1_878' title='bbox 2358 1735 2396 1757; x_wconf 82' lang='lat' dir='ltr'>ea</span> 
     </span>
     <span class='ocr_line' id='line_1_110' title="bbox 1389 1762 2396 1803; baseline 0.005 -11"><span class='ocrx_word' id='word_1_879' title='bbox 1389 1769 1496 1793; x_wconf 86' lang='lat' dir='ltr'>tamen</span> <span class='ocrx_word' id='word_1_880' title='bbox 1515 1769 1664 1801; x_wconf 83' lang='lat' dir='ltr'>porraceo</span> <span class='ocrx_word' id='word_1_881' title='bbox 1685 1762 1793 1794; x_wconf 89' lang='lat' dir='ltr'>colore</span> <span class='ocrx_word' id='word_1_882' title='bbox 1817 1762 1900 1803; x_wconf 82' lang='lat' dir='ltr'>tingi</span> <span class='ocrx_word' id='word_1_883' title='bbox 1926 1770 2057 1801; x_wconf 75' lang='lat' dir='ltr'>cutem,</span> <span class='ocrx_word' id='word_1_884' title='bbox 2081 1763 2199 1802; x_wconf 82' lang='lat' dir='ltr'>docet,</span> <span class='ocrx_word' id='word_1_885' title='bbox 2223 1765 2291 1797; x_wconf 76' lang='lat' dir='ltr'>imo</span> <span class='ocrx_word' id='word_1_886' title='bbox 2321 1778 2396 1802; x_wconf 83' lang='lat' dir='ltr'>cum</span> 
     </span>
     <span class='ocr_line' id='line_1_111' title="bbox 1390 1803 2392 1848; baseline 0.006 -12"><span class='ocrx_word' id='word_1_887' title='bbox 1390 1803 1585 1844; x_wconf 82' lang='lat' dir='ltr'>peculiarem</span> <span class='ocrx_word' id='word_1_888' title='bbox 1609 1804 1647 1838; x_wconf 87' lang='lat' dir='ltr'>de</span> <span class='ocrx_word' id='word_1_889' title='bbox 1670 1815 1704 1837; x_wconf 86' lang='lat' dir='ltr'>ea</span> <span class='ocrx_word' id='word_1_890' title='bbox 1726 1803 1821 1838; x_wconf 88' lang='lat' dir='ltr'>habet</span> <span class='ocrx_word' id='word_1_891' title='bbox 1845 1806 2071 1839; x_wconf 68' lang='lat' dir='ltr'>metationem</span> <span class='ocrx_word' id='word_1_892' title='bbox 2093 1807 2107 1844; x_wconf 90' lang='lat'><strong>(</strong></span> <span class='ocrx_word' id='word_1_893' title='bbox 2130 1816 2148 1838; x_wconf 76' lang='grc' dir='ltr'>ἰι</span> <span class='ocrx_word' id='word_1_894' title='bbox 2165 1805 2204 1848; x_wconf 83' lang='grc'>),</span> <span class='ocrx_word' id='word_1_895' title='bbox 2225 1806 2392 1848; x_wconf 70' lang='lat' dir='ltr'>plumbeo,</span> 
     </span>
     <span class='ocr_line' id='line_1_112' title="bbox 1390 1847 2395 1892; baseline 0.008 -13"><span class='ocrx_word' id='word_1_896' title='bbox 1390 1847 1506 1880; x_wconf 89' lang='lat' dir='ltr'>Paulus</span> <span class='ocrx_word' id='word_1_897' title='bbox 1530 1856 1635 1880; x_wconf 83' lang='lat' dir='ltr'>autem</span> <span class='ocrx_word' id='word_1_898' title='bbox 1660 1848 1712 1891; x_wconf 87' lang='lat' dir='ltr'>(o</span> <span class='ocrx_word' id='word_1_899' title='bbox 1734 1851 1746 1887; x_wconf 92' lang='lat'>)</span> <span class='ocrx_word' id='word_1_900' title='bbox 1770 1851 1946 1891; x_wconf 83' lang='lat' dir='ltr'>generatim</span> <span class='ocrx_word' id='word_1_901' title='bbox 1974 1851 2067 1892; x_wconf 89' lang='lat' dir='ltr'>ponit</span> <span class='ocrx_word' id='word_1_902' title='bbox 2099 1847 2212 1882; x_wconf 75' lang='lat' dir='ltr'>coloris</span> <span class='ocrx_word' id='word_1_903' title='bbox 2246 1849 2395 1886; x_wconf 69' lang='lat' dir='ltr'>vitiatio-</span> 
     </span>
     <span class='ocr_line' id='line_1_113' title="bbox 1389 1890 2393 1934; baseline 0.004 -12"><span class='ocrx_word' id='word_1_904' title='bbox 1389 1900 1480 1930; x_wconf 82' lang='lat' dir='ltr'>nem,</span> <span class='ocrx_word' id='word_1_905' title='bbox 1502 1901 1599 1932; x_wconf 85' lang='lat' dir='ltr'>quam</span> <span class='ocrx_word' id='word_1_906' title='bbox 1624 1891 1791 1925; x_wconf 89' lang='lat' dir='ltr'>Avicenna</span> <span class='ocrx_word' id='word_1_907' title='bbox 1815 1892 1881 1934; x_wconf 83' lang='lat' dir='ltr'>(p)</span> <span class='ocrx_word' id='word_1_908' title='bbox 1902 1894 2053 1927; x_wconf 66' lang='lat' dir='ltr'>declivem</span> <span class='ocrx_word' id='word_1_909' title='bbox 2077 1890 2156 1930; x_wconf 82' lang='lat' dir='ltr'>esse,</span> <span class='ocrx_word' id='word_1_910' title='bbox 2179 1892 2248 1933; x_wconf 85' lang='lat' dir='ltr'>ait,</span> <span class='ocrx_word' id='word_1_911' title='bbox 2272 1896 2311 1927; x_wconf 79' lang='lat' dir='ltr'>aci</span> <span class='ocrx_word' id='word_1_912' title='bbox 2341 1897 2393 1930; x_wconf 71' lang='lat' dir='ltr'>vi.</span> 
     </span>
     <span class='ocr_line' id='line_1_114' title="bbox 1387 1933 2396 1981; baseline 0.007 -16"><span class='ocrx_word' id='word_1_913' title='bbox 1387 1933 1567 1966; x_wconf 80' lang='lat' dir='ltr'>riditatem.</span> <span class='ocrx_word' id='word_1_914' title='bbox 1591 1934 1702 1978; x_wconf 85' lang='lat' dir='ltr'>Atque</span> <span class='ocrx_word' id='word_1_915' title='bbox 1724 1943 1760 1968; x_wconf 92' lang='lat' dir='ltr'>ut</span> <span class='ocrx_word' id='word_1_916' title='bbox 1784 1936 1967 1978; x_wconf 83' lang='lat' dir='ltr'>intelligas,</span> <span class='ocrx_word' id='word_1_917' title='bbox 1993 1938 2129 1969; x_wconf 69' lang='lat' dir='ltr'>ieierum</span> <span class='ocrx_word' id='word_1_918' title='bbox 2153 1946 2217 1970; x_wconf 87' lang='lat' dir='ltr'>non</span> <span class='ocrx_word' id='word_1_919' title='bbox 2249 1936 2396 1981; x_wconf 88' lang='lat' dir='ltr'>semper,</span> 
     </span>
     <span class='ocr_line' id='line_1_115' title="bbox 1387 1977 2391 2021; baseline 0.006 -13"><span class='ocrx_word' id='word_1_920' title='bbox 1387 1979 1416 2008; x_wconf 59' lang='grc' dir='ltr'>ἃ</span> <span class='ocrx_word' id='word_1_921' title='bbox 1440 1979 1473 2009; x_wconf 90' lang='lat' dir='ltr'>in</span> <span class='ocrx_word' id='word_1_922' title='bbox 1498 1977 1567 2009; x_wconf 91' lang='lat' dir='ltr'>aliis</span> <span class='ocrx_word' id='word_1_923' title='bbox 1595 1978 1658 2010; x_wconf 89' lang='lat' dir='ltr'>alio</span> <span class='ocrx_word' id='word_1_924' title='bbox 1683 1979 1790 2011; x_wconf 85' lang='lat' dir='ltr'>colore</span> <span class='ocrx_word' id='word_1_925' title='bbox 1813 1978 1882 2011; x_wconf 86' lang='lat' dir='ltr'>fieri</span> <span class='ocrx_word' id='word_1_926' title='bbox 1904 1994 1912 2017; x_wconf 70' lang='grc' dir='ltr'>ς</span> <span class='ocrx_word' id='word_1_927' title='bbox 1957 1980 2188 2012; x_wconf 81' lang='lat' dir='ltr'>animadvertas</span> <span class='ocrx_word' id='word_1_928' title='bbox 2213 2002 2223 2017; x_wconf 91' lang='lat'><em>,</em></span> <span class='ocrx_word' id='word_1_929' title='bbox 2246 1982 2356 2015; x_wconf 75' lang='lat' dir='ltr'>velim</span> <span class='ocrx_word' id='word_1_930' title='bbox 2380 2007 2391 2021; x_wconf 86' lang='lat'><em>‚</em></span> 
     </span>
     <span class='ocr_line' id='line_1_116' title="bbox 1388 2019 2391 2066; baseline 0.009 -15"><span class='ocrx_word' id='word_1_931' title='bbox 1388 2019 1615 2054; x_wconf 88' lang='lat' dir='ltr'>Dioscoridem</span> <span class='ocrx_word' id='word_1_932' title='bbox 1640 2024 1654 2060; x_wconf 86' lang='grc'>&lt;</span> <span class='ocrx_word' id='word_1_933' title='bbox 1676 2033 1694 2063; x_wconf 82' lang='lat' dir='ltr'><em>q</em></span> <span class='ocrx_word' id='word_1_934' title='bbox 1718 2025 1728 2060; x_wconf 94' lang='lat'><em>)</em></span> <span class='ocrx_word' id='word_1_935' title='bbox 1758 2021 1908 2063; x_wconf 80' lang='lat' dir='ltr'>scripsisse</span> <span class='ocrx_word' id='word_1_936' title='bbox 1923 2049 1932 2063; x_wconf 94' lang='lat'><em>,</em></span> <span class='ocrx_word' id='word_1_937' title='bbox 1949 2022 2149 2066; x_wconf 69' lang='lat' dir='ltr'>subalbidum</span> <span class='ocrx_word' id='word_1_938' title='bbox 2173 2023 2246 2056; x_wconf 90' lang='lat' dir='ltr'>inde</span> <span class='ocrx_word' id='word_1_939' title='bbox 2257 2024 2391 2060; x_wconf 80' lang='lat' dir='ltr'>colorem</span> 
     </span>
     <span class='ocr_line' id='line_1_117' title="bbox 1387 2063 2390 2104; baseline 0.01 -10"><span class='ocrx_word' id='word_1_940' title='bbox 1387 2064 1541 2104; x_wconf 79' lang='lat' dir='ltr'>concipi,</span> <span class='ocrx_word' id='word_1_941' title='bbox 1574 2065 1692 2098; x_wconf 88' lang='lat' dir='ltr'>horum</span> <span class='ocrx_word' id='word_1_942' title='bbox 1717 2074 1823 2099; x_wconf 88' lang='lat' dir='ltr'>autem</span> <span class='ocrx_word' id='word_1_943' title='bbox 1847 2067 1994 2101; x_wconf 87' lang='lat' dir='ltr'>omnium</span> <span class='ocrx_word' id='word_1_944' title='bbox 2039 2063 2287 2101; x_wconf 82' lang='lat' dir='ltr'>vetustiffimum</span> <span class='ocrx_word' id='word_1_945' title='bbox 2322 2069 2390 2104; x_wconf 88' lang='lat' dir='ltr'>Ni-</span> 
     </span>
     <span class='ocr_line' id='line_1_118' title="bbox 1385 2106 1650 2148; baseline 0.008 -9"><span class='ocrx_word' id='word_1_946' title='bbox 1385 2106 1541 2140; x_wconf 84' lang='lat' dir='ltr'>candrum</span> <span class='ocrx_word' id='word_1_947' title='bbox 1564 2112 1650 2148; x_wconf 87' lang='lat' dir='ltr'>(r),</span> 
     </span>
    </p>

    <p class='ocr_par' dir='ltr' id='par_1_6' title="bbox 1380 2150 2390 2980">
     <span class='ocr_line' id='line_1_119' title="bbox 1468 2150 2347 2196; baseline 0.008 -13"><span class='ocrx_word' id='word_1_948' title='bbox 1468 2150 1628 2193; x_wconf 71' lang='lat' dir='ltr'>&#39;Nigricat</span> <span class='ocrx_word' id='word_1_949' title='bbox 1650 2151 1715 2195; x_wconf 69' lang='lat' dir='ltr'>ipsa</span> <span class='ocrx_word' id='word_1_950' title='bbox 1738 2153 1844 2193; x_wconf 77' lang='lat' dir='ltr'>cutis,</span> <span class='ocrx_word' id='word_1_951' title='bbox 1861 2153 1987 2196; x_wconf 78' lang='lat' dir='ltr'>plumbi</span> <span class='ocrx_word' id='word_1_952' title='bbox 2007 2151 2203 2196; x_wconf 67' lang='lat' dir='ltr'>moda&#39;fusca</span> <span class='ocrx_word' id='word_1_953' title='bbox 2226 2155 2347 2196; x_wconf 77' lang='lat' dir='ltr'>c‘olore,</span> 
     </span>
     <span class='ocr_line' id='line_1_120' title="bbox 1469 2194 2291 2241; baseline 0.007 -17"><span class='ocrx_word' id='word_1_954' title='bbox 1469 2194 1601 2228; x_wconf 71' lang='lat' dir='ltr'>caerulea</span> <span class='ocrx_word' id='word_1_955' title='bbox 1624 2196 1779 2230; x_wconf 78' lang='lat' dir='ltr'>interdum</span> <span class='ocrx_word' id='word_1_956' title='bbox 1801 2197 1859 2237; x_wconf 68' lang='lat' dir='ltr'>esi,</span> <span class='ocrx_word' id='word_1_957' title='bbox 1882 2197 1988 2240; x_wconf 66' lang='lat' dir='ltr'>aerisve</span> <span class='ocrx_word' id='word_1_958' title='bbox 2006 2197 2174 2241; x_wconf 73' lang='lat' dir='ltr'>simillima</span> <span class='ocrx_word' id='word_1_959' title='bbox 2188 2197 2291 2241; x_wconf 80' lang='lat' dir='ltr'>flori.</span> 
     </span>
     <span class='ocr_line' id='line_1_121' title="bbox 1383 2237 2389 2286; baseline 0.006 -17"><span class='ocrx_word' id='word_1_960' title='bbox 1383 2237 1498 2286; x_wconf 81' lang='lat' dir='ltr'>thue</span> <span class='ocrx_word' id='word_1_961' title='bbox 1511 2237 1549 2271; x_wconf 90' lang='lat' dir='ltr'>ad</span> <span class='ocrx_word' id='word_1_962' title='bbox 1565 2240 1721 2273; x_wconf 85' lang='lat' dir='ltr'>Zacutum</span> <span class='ocrx_word' id='word_1_963' title='bbox 1736 2239 1910 2279; x_wconf 54' lang='lat' dir='ltr'>redeamus</span> <span class='ocrx_word' id='word_1_964' title='bbox 1924 2240 2018 2276; x_wconf 86' lang='lat' dir='ltr'>habet</span> <span class='ocrx_word' id='word_1_965' title='bbox 2033 2241 2086 2275; x_wconf 86' lang='lat' dir='ltr'>hic</span> <span class='ocrx_word' id='word_1_966' title='bbox 2102 2241 2180 2276; x_wconf 84' lang='lat' dir='ltr'>alibi</span> <span class='ocrx_word' id='word_1_967' title='bbox 2192 2243 2253 2285; x_wconf 92' lang='lat' dir='ltr'>(s)</span> <span class='ocrx_word' id='word_1_968' title='bbox 2266 2241 2389 2275; x_wconf 85' lang='lat' dir='ltr'>Obser-</span> 
     </span>
     <span class='ocr_line' id='line_1_122' title="bbox 1382 2279 2389 2329; baseline 0.007 -16"><span class='ocrx_word' id='word_1_969' title='bbox 1382 2291 1545 2314; x_wconf 84' lang='lat' dir='ltr'>vationem</span> <span class='ocrx_word' id='word_1_970' title='bbox 1559 2279 1620 2316; x_wconf 86' lang='lat' dir='ltr'>huc</span> <span class='ocrx_word' id='word_1_971' title='bbox 1636 2285 1772 2317; x_wconf 83' lang='lat' dir='ltr'>maxime</span> <span class='ocrx_word' id='word_1_972' title='bbox 1784 2285 1988 2326; x_wconf 58' lang='lat' dir='ltr'>attinentemj</span> <span class='ocrx_word' id='word_1_973' title='bbox 1997 2288 2027 2319; x_wconf 83' lang='lat'>&amp;</span> <span class='ocrx_word' id='word_1_974' title='bbox 2038 2297 2135 2328; x_wconf 86' lang='lat' dir='ltr'>quam</span> <span class='ocrx_word' id='word_1_975' title='bbox 2147 2288 2181 2321; x_wconf 86' lang='lat' dir='ltr'>in</span> <span class='ocrx_word' id='word_1_976' title='bbox 2195 2285 2389 2329; x_wconf 79' lang='lat' dir='ltr'>sepulchre-</span> 
     </span>
     <span class='ocr_line' id='line_1_123' title="bbox 1383 2327 2390 2372; baseline 0.005 -15"><span class='ocrx_word' id='word_1_977' title='bbox 1383 2333 1453 2357; x_wconf 89' lang='lat' dir='ltr'>tum</span> <span class='ocrx_word' id='word_1_978' title='bbox 1477 2335 1542 2358; x_wconf 90' lang='lat' dir='ltr'>non</span> <span class='ocrx_word' id='word_1_979' title='bbox 1555 2327 1687 2360; x_wconf 82' lang='lat' dir='ltr'>relatam</span> <span class='ocrx_word' id='word_1_980' title='bbox 1700 2327 1778 2368; x_wconf 85' lang='lat' dir='ltr'>esse,</span> <span class='ocrx_word' id='word_1_981' title='bbox 1792 2329 1893 2361; x_wconf 87' lang='lat' dir='ltr'>miror</span> <span class='ocrx_word' id='word_1_982' title='bbox 1905 2352 1918 2369; x_wconf 86' lang='lat'><em>,</em></span> <span class='ocrx_word' id='word_1_983' title='bbox 1931 2340 2061 2372; x_wconf 86' lang='lat' dir='ltr'>propter</span> <span class='ocrx_word' id='word_1_984' title='bbox 2073 2339 2278 2372; x_wconf 76' lang='lat' dir='ltr'>gangraenam</span> <span class='ocrx_word' id='word_1_985' title='bbox 2295 2329 2390 2371; x_wconf 82' lang='lat' dir='ltr'>inje-</span> 
     </span>
     <span class='ocr_line' id='line_1_124' title="bbox 1382 2368 2383 2412; baseline 0.005 -12"><span class='ocrx_word' id='word_1_986' title='bbox 1382 2370 1493 2402; x_wconf 90' lang='lat' dir='ltr'>cinore</span> <span class='ocrx_word' id='word_1_987' title='bbox 1515 2368 1739 2412; x_wconf 84' lang='lat' dir='ltr'>deprehensam</span> <span class='ocrx_word' id='word_1_988' title='bbox 1755 2395 1762 2401; x_wconf 96' lang='lat'>.</span> <span class='ocrx_word' id='word_1_989' title='bbox 1791 2373 1923 2406; x_wconf 80' lang='lat' dir='ltr'>Scilicet</span> <span class='ocrx_word' id='word_1_990' title='bbox 1947 2384 2020 2411; x_wconf 84' lang='lat' dir='ltr'>cum</span> <span class='ocrx_word' id='word_1_991' title='bbox 2038 2372 2187 2408; x_wconf 74' lang='lat' dir='ltr'>messores</span> <span class='ocrx_word' id='word_1_992' title='bbox 2199 2374 2278 2408; x_wconf 84' lang='lat' dir='ltr'>duos</span> <span class='ocrx_word' id='word_1_993' title='bbox 2299 2396 2308 2410; x_wconf 94' lang='lat'>,</span> <span class='ocrx_word' id='word_1_994' title='bbox 2341 2373 2383 2406; x_wconf 85' lang='lat' dir='ltr'>al-</span> 
     </span>
     <span class='ocr_line' id='line_1_125' title="bbox 1382 2411 2389 2459; baseline 0.005 -15"><span class='ocrx_word' id='word_1_995' title='bbox 1382 2421 1413 2444; x_wconf 89' lang='lat' dir='ltr'>te</span> <span class='ocrx_word' id='word_1_996' title='bbox 1435 2411 1654 2452; x_wconf 84' lang='lat' dir='ltr'>dormientes,</span> <span class='ocrx_word' id='word_1_997' title='bbox 1680 2414 1787 2448; x_wconf 86' lang='lat' dir='ltr'>eadem</span> <span class='ocrx_word' id='word_1_998' title='bbox 1811 2417 1920 2458; x_wconf 80' lang='lat' dir='ltr'>vipera</span> <span class='ocrx_word' id='word_1_999' title='bbox 1945 2416 2190 2455; x_wconf 77' lang='lat' dir='ltr'>momordiffet‚</span> <span class='ocrx_word' id='word_1_1000' title='bbox 2215 2415 2389 2459; x_wconf 81' lang='lat' dir='ltr'>ambosque</span> 
     </span>
     <span class='ocr_line' id='line_1_126' title="bbox 1382 2454 2385 2504; baseline 0.006 -17"><span class='ocrx_word' id='word_1_1001' title='bbox 1382 2454 1450 2497; x_wconf 83' lang='lat' dir='ltr'>post</span> <span class='ocrx_word' id='word_1_1002' title='bbox 1472 2454 1587 2504; x_wconf 72' lang='lat' dir='ltr'>horam</span> <span class='ocrx_word' id='word_1_1003' title='bbox 1611 2458 1834 2492; x_wconf 79' lang='lat' dir='ltr'>convulsiones</span> <span class='ocrx_word' id='word_1_1004' title='bbox 1858 2460 1966 2492; x_wconf 79' lang='lat' dir='ltr'>variae&#39;</span> <span class='ocrx_word' id='word_1_1005' title='bbox 1984 2459 2203 2497; x_wconf 83' lang='lat' dir='ltr'>concuffissent</span> <span class='ocrx_word' id='word_1_1006' title='bbox 2224 2486 2236 2502; x_wconf 94' lang='lat'><em>‚</em></span> <span class='ocrx_word' id='word_1_1007' title='bbox 2271 2467 2385 2493; x_wconf 80' lang='lat' dir='ltr'>eorum</span> 
     </span>
     <span class='ocr_line' id='line_1_127' title="bbox 1383 2498 2386 2547; baseline 0.007 -18"><span class='ocrx_word' id='word_1_1008' title='bbox 1383 2498 1463 2547; x_wconf 80' lang='lat' dir='ltr'>alter</span> <span class='ocrx_word' id='word_1_1009' title='bbox 1487 2509 1519 2530; x_wconf 86' lang='lat' dir='ltr'>m</span> <span class='ocrx_word' id='word_1_1010' title='bbox 1536 2498 1737 2543; x_wconf 73' lang='lat' dir='ltr'>flaviffimum</span> <span class='ocrx_word' id='word_1_1011' title='bbox 1759 2502 1913 2540; x_wconf 65' lang='lat' dir='ltr'>merum,</span> <span class='ocrx_word' id='word_1_1012' title='bbox 1930 2503 1994 2544; x_wconf 70' lang='lat' dir='ltr'>posi</span> <span class='ocrx_word' id='word_1_1013' title='bbox 2017 2504 2117 2537; x_wconf 81' lang='lat' dir='ltr'>decem</span> <span class='ocrx_word' id='word_1_1014' title='bbox 2140 2503 2254 2541; x_wconf 78' lang='lat' dir='ltr'>hora53</span> <span class='ocrx_word' id='word_1_1015' title='bbox 2278 2504 2360 2537; x_wconf 81' lang='lat' dir='ltr'>alter</span> <span class='ocrx_word' id='word_1_1016' title='bbox 2376 2526 2386 2541; x_wconf 87' lang='lat'>‚</span> 
     </span>
     <span class='ocr_line' id='line_1_128' title="bbox 1381 2540 2387 2589; baseline 0.006 -17"><span class='ocrx_word' id='word_1_1017' title='bbox 1381 2552 1437 2583; x_wconf 84' lang='lat' dir='ltr'>qur</span> <span class='ocrx_word' id='word_1_1018' title='bbox 1463 2540 1582 2576; x_wconf 87' lang='lat' dir='ltr'>servari</span> <span class='ocrx_word' id='word_1_1019' title='bbox 1607 2555 1671 2578; x_wconf 91' lang='lat' dir='ltr'>non</span> <span class='ocrx_word' id='word_1_1020' title='bbox 1696 2547 1829 2587; x_wconf 80' lang='lat' dir='ltr'>potuit,</span> <span class='ocrx_word' id='word_1_1021' title='bbox 1853 2547 1885 2578; x_wconf 82' lang='lat' dir='ltr'>in</span> <span class='ocrx_word' id='word_1_1022' title='bbox 1909 2547 2134 2588; x_wconf 69' lang='lat' dir='ltr'>nigerrimam,</span> <span class='ocrx_word' id='word_1_1023' title='bbox 2153 2547 2221 2589; x_wconf 77' lang='lat' dir='ltr'>post</span> <span class='ocrx_word' id='word_1_1024' title='bbox 2246 2558 2293 2589; x_wconf 76' lang='lat'>14.</span> <span class='ocrx_word' id='word_1_1025' title='bbox 2334 2546 2387 2579; x_wconf 82' lang='lat' dir='ltr'>ho-</span> 
     </span>
     <span class='ocr_line' id='line_1_129' title="bbox 1382 2584 2387 2632; baseline 0.005 -16"><span class='ocrx_word' id='word_1_1026' title='bbox 1382 2596 1432 2616; x_wconf 81' lang='lat' dir='ltr'>ras</span> <span class='ocrx_word' id='word_1_1027' title='bbox 1457 2584 1644 2631; x_wconf 67' lang='lat' dir='ltr'>lapsusrst,</span> <span class='ocrx_word' id='word_1_1028' title='bbox 1669 2589 1715 2621; x_wconf 77' lang='lat' dir='ltr'>ita</span> <span class='ocrx_word' id='word_1_1029' title='bbox 1742 2596 1779 2621; x_wconf 79' lang='lat' dir='ltr'>ut</span> <span class='ocrx_word' id='word_1_1030' title='bbox 1800 2587 1958 2629; x_wconf 55' lang='lat' dir='ltr'>aethiopis</span> <span class='ocrx_word' id='word_1_1031' title='bbox 1974 2586 2115 2631; x_wconf 78' lang='lat' dir='ltr'>formam</span> <span class='ocrx_word' id='word_1_1032' title='bbox 2135 2590 2387 2632; x_wconf 58' lang='lat' dir='ltr'>repraesentaret.</span> 
     </span>
     <span class='ocr_line' id='line_1_130' title="bbox 1387 2628 2386 2673; baseline 0.002 -10"><span class='ocrx_word' id='word_1_1033' title='bbox 1387 2628 1475 2663; x_wconf 84' lang='lat' dir='ltr'>Quas</span> <span class='ocrx_word' id='word_1_1034' title='bbox 1511 2637 1618 2664; x_wconf 90' lang='lat' dir='ltr'>autem</span> <span class='ocrx_word' id='word_1_1035' title='bbox 1651 2632 1776 2665; x_wconf 63' lang='grc' dir='ltr'>ἰδίει-ἰοὶ</span> <span class='ocrx_word' id='word_1_1036' title='bbox 1814 2631 1932 2665; x_wconf 88' lang='lat' dir='ltr'>coloris</span> <span class='ocrx_word' id='word_1_1037' title='bbox 1969 2634 2163 2673; x_wconf 81' lang='lat' dir='ltr'>varietates,</span> <span class='ocrx_word' id='word_1_1038' title='bbox 2195 2634 2386 2667; x_wconf 81' lang='lat' dir='ltr'>recentiores</span> 
     </span>
     <span class='ocr_line' id='line_1_131' title="bbox 1388 2671 2387 2718; baseline 0.006 -16"><span class='ocrx_word' id='word_1_1039' title='bbox 1388 2671 1512 2705; x_wconf 83' lang='lat' dir='ltr'>Zacuro</span> <span class='ocrx_word' id='word_1_1040' title='bbox 1524 2673 1760 2708; x_wconf 87' lang='lat' dir='ltr'>Observatores</span> <span class='ocrx_word' id='word_1_1041' title='bbox 1783 2676 2006 2711; x_wconf 82' lang='lat' dir='ltr'>adnotaverint</span> <span class='ocrx_word' id='word_1_1042' title='bbox 2022 2700 2030 2715; x_wconf 87' lang='lat'>,</span> <span class='ocrx_word' id='word_1_1043' title='bbox 2054 2686 2118 2714; x_wconf 80' lang='lat' dir='ltr'>nou</span> <span class='ocrx_word' id='word_1_1044' title='bbox 2134 2676 2257 2718; x_wconf 83' lang='lat' dir='ltr'>possum</span> <span class='ocrx_word' id='word_1_1045' title='bbox 2267 2676 2387 2713; x_wconf 83' lang='lat' dir='ltr'>dicere,</span> 
     </span>
     <span class='ocr_line' id='line_1_132' title="bbox 1383 2717 2388 2762; baseline 0.003 -14"><span class='ocrx_word' id='word_1_1046' title='bbox 1383 2724 1455 2762; x_wconf 79' lang='lat' dir='ltr'>cum</span> <span class='ocrx_word' id='word_1_1047' title='bbox 1480 2717 1514 2750; x_wconf 88' lang='lat' dir='ltr'>in</span> <span class='ocrx_word' id='word_1_1048' title='bbox 1538 2717 1704 2760; x_wconf 86' lang='lat' dir='ltr'>descriptis</span> <span class='ocrx_word' id='word_1_1049' title='bbox 1726 2719 1896 2752; x_wconf 87' lang='lat' dir='ltr'>hominum</span> <span class='ocrx_word' id='word_1_1050' title='bbox 1920 2719 2096 2761; x_wconf 75' lang='lat' dir='ltr'>exemplis,</span> <span class='ocrx_word' id='word_1_1051' title='bbox 2121 2719 2249 2754; x_wconf 80' lang='lat' dir='ltr'>fortasse</span> <span class='ocrx_word' id='word_1_1052' title='bbox 2272 2719 2316 2752; x_wconf 89' lang='lat' dir='ltr'>ob</span> <span class='ocrx_word' id='word_1_1053' title='bbox 2340 2731 2388 2752; x_wconf 85' lang='lat' dir='ltr'>re-</span> 
     </span>
     <span class='ocr_line' id='line_1_133' title="bbox 1383 2761 2386 2807; baseline 0.006 -16"><span class='ocrx_word' id='word_1_1054' title='bbox 1383 2767 1516 2807; x_wconf 77' lang='lat' dir='ltr'>giones,</span> <span class='ocrx_word' id='word_1_1055' title='bbox 1540 2761 1573 2793; x_wconf 91' lang='lat' dir='ltr'>in</span> <span class='ocrx_word' id='word_1_1056' title='bbox 1596 2761 1712 2803; x_wconf 82' lang='lat' dir='ltr'>quibus</span> <span class='ocrx_word' id='word_1_1057' title='bbox 1736 2771 1845 2802; x_wconf 85' lang='lat' dir='ltr'>erant,</span> <span class='ocrx_word' id='word_1_1058' title='bbox 1869 2763 1976 2796; x_wconf 89' lang='lat' dir='ltr'>minus</span> <span class='ocrx_word' id='word_1_1059' title='bbox 2008 2762 2151 2797; x_wconf 76' lang='lat' dir='ltr'>aestuosas</span> <span class='ocrx_word' id='word_1_1060' title='bbox 2173 2787 2183 2803; x_wconf 83' lang='grc'>,</span> <span class='ocrx_word' id='word_1_1061' title='bbox 2214 2775 2257 2798; x_wconf 70' lang='lat' dir='ltr'>ue</span> <span class='ocrx_word' id='word_1_1062' title='bbox 2290 2763 2386 2797; x_wconf 65' lang='lat' dir='ltr'>ifleri</span> 
     </span>
     <span class='ocr_line' id='line_1_134' title="bbox 1383 2802 2387 2848; baseline 0.004 -13"><span class='ocrx_word' id='word_1_1063' title='bbox 1383 2803 1516 2843; x_wconf 85' lang='lat' dir='ltr'>quidem</span> <span class='ocrx_word' id='word_1_1064' title='bbox 1544 2806 1740 2837; x_wconf 85' lang='lat' dir='ltr'>mentionem</span> <span class='ocrx_word' id='word_1_1065' title='bbox 1765 2802 1882 2839; x_wconf 61' lang='lat' dir='ltr'>faeiam</span> <span class='ocrx_word' id='word_1_1066' title='bbox 1905 2805 1965 2839; x_wconf 79' lang='lat' dir='ltr'>esse</span> <span class='ocrx_word' id='word_1_1067' title='bbox 1980 2832 1990 2846; x_wconf 90' lang='lat'>,</span> <span class='ocrx_word' id='word_1_1068' title='bbox 2011 2808 2234 2848; x_wconf 79' lang='lat' dir='ltr'>meminerim,</span> <span class='ocrx_word' id='word_1_1069' title='bbox 2256 2805 2307 2840; x_wconf 87' lang='lat' dir='ltr'>scd</span> <span class='ocrx_word' id='word_1_1070' title='bbox 2332 2818 2387 2839; x_wconf 88' lang='lat' dir='ltr'>ne-</span> 
     </span>
     <span class='ocr_line' id='line_1_135' title="bbox 1383 2848 2385 2891; baseline 0.003 -12"><span class='ocrx_word' id='word_1_1071' title='bbox 1383 2856 1446 2886; x_wconf 80' lang='lat' dir='ltr'>que</span> <span class='ocrx_word' id='word_1_1072' title='bbox 1468 2848 1502 2880; x_wconf 92' lang='lat' dir='ltr'>in</span> <span class='ocrx_word' id='word_1_1073' title='bbox 1528 2856 1577 2881; x_wconf 89' lang='lat' dir='ltr'>tot</span> <span class='ocrx_word' id='word_1_1074' title='bbox 1600 2849 1704 2881; x_wconf 85' lang='lat' dir='ltr'>brutis</span> <span class='ocrx_word' id='word_1_1075' title='bbox 1727 2849 1966 2889; x_wconf 77' lang='lat' dir='ltr'>animantibus,</span> <span class='ocrx_word' id='word_1_1076' title='bbox 1990 2861 2128 2891; x_wconf 80' lang='lat' dir='ltr'>quorum</span> <span class='ocrx_word' id='word_1_1077' title='bbox 2152 2860 2241 2885; x_wconf 85' lang='lat' dir='ltr'>certe</span> <span class='ocrx_word' id='word_1_1078' title='bbox 2262 2850 2348 2884; x_wconf 78' lang='lat' dir='ltr'>oculi</span> <span class='ocrx_word' id='word_1_1079' title='bbox 2375 2871 2385 2887; x_wconf 91' lang='lat'>,</span> 
     </span>
     <span class='ocr_line' id='line_1_136' title="bbox 1382 2889 2385 2937; baseline 0.003 -15"><span class='ocrx_word' id='word_1_1080' title='bbox 1382 2889 1459 2937; x_wconf 80' lang='lat' dir='ltr'>dum</span> <span class='ocrx_word' id='word_1_1081' title='bbox 1484 2892 1655 2925; x_wconf 90' lang='lat' dir='ltr'>etiamtum</span> <span class='ocrx_word' id='word_1_1082' title='bbox 1679 2893 1855 2930; x_wconf 89' lang='lat' dir='ltr'>viverent,</span> <span class='ocrx_word' id='word_1_1083' title='bbox 1889 2902 1943 2926; x_wconf 88' lang='lat' dir='ltr'>aut</span> <span class='ocrx_word' id='word_1_1084' title='bbox 1981 2894 2173 2928; x_wconf 80' lang='lat' dir='ltr'>membranae</span> <span class='ocrx_word' id='word_1_1085' title='bbox 2208 2893 2317 2937; x_wconf 75' lang='lat' dir='ltr'>passim</span> <span class='ocrx_word' id='word_1_1086' title='bbox 2351 2895 2385 2926; x_wconf 90' lang='lat' dir='ltr'>in</span> 
     </span>
     <span class='ocr_line' id='line_1_137' title="bbox 1380 2931 2386 2980; baseline 0.004 -14"><span class='ocrx_word' id='word_1_1087' title='bbox 1380 2931 1520 2968; x_wconf 59' lang='lat' dir='ltr'>dissenis</span> <span class='ocrx_word' id='word_1_1088' title='bbox 1542 2936 1612 2976; x_wconf 86' lang='lat' dir='ltr'>post</span> <span class='ocrx_word' id='word_1_1089' title='bbox 1636 2945 1794 2977; x_wconf 84' lang='lat' dir='ltr'>mortem,</span> <span class='ocrx_word' id='word_1_1090' title='bbox 1818 2935 1984 2970; x_wconf 88' lang='lat' dir='ltr'>insolitum</span> <span class='ocrx_word' id='word_1_1091' title='bbox 2009 2938 2172 2976; x_wconf 84' lang='lat' dir='ltr'>colorem,</span> <span class='ocrx_word' id='word_1_1092' title='bbox 2208 2937 2386 2980; x_wconf 85' lang='lat' dir='ltr'>praesertim</span> 
     </span>
    </p>

    <p class='ocr_par' dir='ltr' id='par_1_7' title="bbox 1379 2973 2256 3022">
     <span class='ocr_line' id='line_1_138' title="bbox 1379 2973 2256 3022; baseline 0.005 -14"><span class='ocrx_word' id='word_1_1093' title='bbox 1379 2973 1503 3011; x_wconf 81' lang='lat' dir='ltr'>flavum</span> <span class='ocrx_word' id='word_1_1094' title='bbox 1518 3001 1527 3016; x_wconf 88' lang='lat'>,</span> <span class='ocrx_word' id='word_1_1095' title='bbox 1553 2980 1601 3013; x_wconf 87' lang='lat' dir='ltr'>vel</span> <span class='ocrx_word' id='word_1_1096' title='bbox 1625 2979 1741 3013; x_wconf 80' lang='lat' dir='ltr'>cursim</span> <span class='ocrx_word' id='word_1_1097' title='bbox 1764 2979 2008 3022; x_wconf 81' lang='lat' dir='ltr'>inspicientibus</span> <span class='ocrx_word' id='word_1_1098' title='bbox 2031 2980 2256 3015; x_wconf 62' lang='lat' dir='ltr'>ostendissent„</span> 
     </span>
    </p>

    <p class='ocr_par' dir='ltr' id='par_1_8' title="bbox 1375 3021 2386 3372">
     <span class='ocr_line' id='line_1_139' title="bbox 1424 3021 2385 3065; baseline 0.001 -9"><span class='ocrx_word' id='word_1_1099' title='bbox 1424 3031 1479 3064; x_wconf 72' lang='lat'>37.</span> <span class='ocrx_word' id='word_1_1100' title='bbox 1503 3023 1613 3056; x_wconf 89' lang='lat' dir='ltr'>Habes</span> <span class='ocrx_word' id='word_1_1101' title='bbox 1637 3023 1772 3065; x_wconf 79' lang='lat' dir='ltr'>longum</span> <span class='ocrx_word' id='word_1_1102' title='bbox 1800 3049 1809 3064; x_wconf 90' lang='lat'>,</span> <span class='ocrx_word' id='word_1_1103' title='bbox 1839 3021 1887 3056; x_wconf 90' lang='lat' dir='ltr'>sed</span> <span class='ocrx_word' id='word_1_1104' title='bbox 1913 3022 2043 3057; x_wconf 81' lang='lat' dir='ltr'>fortasse</span> <span class='ocrx_word' id='word_1_1105' title='bbox 2067 3028 2132 3057; x_wconf 81' lang='lat' dir='ltr'>tuis</span> <span class='ocrx_word' id='word_1_1106' title='bbox 2167 3025 2274 3058; x_wconf 73' lang='lat' dir='ltr'>studiis</span> <span class='ocrx_word' id='word_1_1107' title='bbox 2320 3035 2385 3057; x_wconf 91' lang='lat' dir='ltr'>non</span> 
     </span>
     <span class='ocr_line' id='line_1_140' title="bbox 1381 3066 2383 3110; baseline 0.002 -13"><span class='ocrx_word' id='word_1_1108' title='bbox 1381 3066 1511 3105; x_wconf 87' lang='lat' dir='ltr'>prorsus</span> <span class='ocrx_word' id='word_1_1109' title='bbox 1535 3069 1686 3101; x_wconf 83' lang='lat' dir='ltr'>inutilem</span> <span class='ocrx_word' id='word_1_1110' title='bbox 1703 3089 1712 3104; x_wconf 91' lang='lat'>‚</span> <span class='ocrx_word' id='word_1_1111' title='bbox 1738 3067 1775 3100; x_wconf 92' lang='lat' dir='ltr'>de</span> <span class='ocrx_word' id='word_1_1112' title='bbox 1808 3067 1928 3109; x_wconf 90' lang='lat' dir='ltr'>Vipera</span> <span class='ocrx_word' id='word_1_1113' title='bbox 1951 3066 2126 3106; x_wconf 78' lang='lat' dir='ltr'>sermonem</span> <span class='ocrx_word' id='word_1_1114' title='bbox 2153 3078 2191 3101; x_wconf 78' lang='lat' dir='ltr'>ex</span> <span class='ocrx_word' id='word_1_1115' title='bbox 2216 3079 2383 3110; x_wconf 79' lang='lat' dir='ltr'>compara-</span> 
     </span>
     <span class='ocr_line' id='line_1_141' title="bbox 1380 3108 2383 3153; baseline 0.007 -15"><span class='ocrx_word' id='word_1_1116' title='bbox 1380 3108 1423 3140; x_wconf 80' lang='lat' dir='ltr'>tis</span> <span class='ocrx_word' id='word_1_1117' title='bbox 1446 3111 1529 3143; x_wconf 90' lang='lat' dir='ltr'>inter</span> <span class='ocrx_word' id='word_1_1118' title='bbox 1552 3110 1582 3143; x_wconf 90' lang='lat' dir='ltr'>se</span> <span class='ocrx_word' id='word_1_1119' title='bbox 1607 3113 1646 3144; x_wconf 86' lang='lat' dir='ltr'>iis</span> <span class='ocrx_word' id='word_1_1120' title='bbox 1669 3111 1739 3153; x_wconf 72' lang='lat' dir='ltr'>quae</span> <span class='ocrx_word' id='word_1_1121' title='bbox 1766 3120 1850 3143; x_wconf 89' lang='lat' dir='ltr'>nunc</span> <span class='ocrx_word' id='word_1_1122' title='bbox 1871 3108 1956 3142; x_wconf 87' lang='lat' dir='ltr'>forte</span> <span class='ocrx_word' id='word_1_1123' title='bbox 1979 3112 2012 3143; x_wconf 90' lang='lat' dir='ltr'>in</span> <span class='ocrx_word' id='word_1_1124' title='bbox 2038 3112 2183 3145; x_wconf 84' lang='lat' dir='ltr'>manibus</span> <span class='ocrx_word' id='word_1_1125' title='bbox 2206 3122 2294 3144; x_wconf 78' lang='lat' dir='ltr'>erant</span> <span class='ocrx_word' id='word_1_1126' title='bbox 2318 3122 2383 3145; x_wconf 82' lang='lat' dir='ltr'>non</span> 
     </span>
     <span class='ocr_line' id='line_1_142' title="bbox 1379 3153 2380 3196; baseline 0.004 -14"><span class='ocrx_word' id='word_1_1127' title='bbox 1379 3161 1527 3187; x_wconf 88' lang='lat' dir='ltr'>veterum</span> <span class='ocrx_word' id='word_1_1128' title='bbox 1553 3154 1673 3194; x_wconf 84' lang='lat' dir='ltr'>modo,</span> <span class='ocrx_word' id='word_1_1129' title='bbox 1696 3153 1744 3187; x_wconf 89' lang='lat' dir='ltr'>sed</span> <span class='ocrx_word' id='word_1_1130' title='bbox 1766 3156 1798 3186; x_wconf 85' lang='lat'>&amp;</span> <span class='ocrx_word' id='word_1_1131' title='bbox 1821 3155 1997 3186; x_wconf 87' lang='lat' dir='ltr'>recentium</span> <span class='ocrx_word' id='word_1_1132' title='bbox 2024 3156 2203 3188; x_wconf 63' lang='lat' dir='ltr'>Aueiorum</span> <span class='ocrx_word' id='word_1_1133' title='bbox 2218 3155 2380 3196; x_wconf 83' lang='lat' dir='ltr'>Scriptis;</span> 
     </span>
     <span class='ocr_line' id='line_1_143' title="bbox 1378 3195 2378 3240; baseline 0.004 -14"><span class='ocrx_word' id='word_1_1134' title='bbox 1378 3203 1415 3227; x_wconf 87' lang='lat' dir='ltr'>ut</span> <span class='ocrx_word' id='word_1_1135' title='bbox 1439 3207 1503 3230; x_wconf 89' lang='lat' dir='ltr'>non</span> <span class='ocrx_word' id='word_1_1136' title='bbox 1528 3196 1638 3231; x_wconf 88' lang='lat' dir='ltr'>videar</span> <span class='ocrx_word' id='word_1_1137' title='bbox 1663 3198 1823 3239; x_wconf 57' lang='lat' dir='ltr'>expenare</span> <span class='ocrx_word' id='word_1_1138' title='bbox 1848 3208 1863 3229; x_wconf 85' lang='lat' dir='ltr'>a</span> <span class='ocrx_word' id='word_1_1139' title='bbox 1889 3206 1920 3229; x_wconf 86' lang='lat' dir='ltr'>te</span> <span class='ocrx_word' id='word_1_1140' title='bbox 1947 3195 2033 3239; x_wconf 83' lang='lat' dir='ltr'>poffe</span> <span class='ocrx_word' id='word_1_1141' title='bbox 2055 3199 2144 3240; x_wconf 83' lang='lat' dir='ltr'>quod</span> <span class='ocrx_word' id='word_1_1142' title='bbox 2168 3199 2249 3231; x_wconf 86' lang='lat' dir='ltr'>olim</span> <span class='ocrx_word' id='word_1_1143' title='bbox 2286 3198 2378 3239; x_wconf 88' lang='lat' dir='ltr'>super</span> 
     </span>
     <span class='ocr_line' id='line_1_144' title="bbox 1377 3238 2386 3281; baseline 0.002 -11"><span class='ocrx_word' id='word_1_1144' title='bbox 1377 3238 1533 3280; x_wconf 82' lang='lat' dir='ltr'>Epistolis</span> <span class='ocrx_word' id='word_1_1145' title='bbox 1556 3240 1594 3273; x_wconf 89' lang='lat' dir='ltr'>de</span> <span class='ocrx_word' id='word_1_1146' title='bbox 1618 3240 1751 3281; x_wconf 86' lang='lat' dir='ltr'>Aspidis</span> <span class='ocrx_word' id='word_1_1147' title='bbox 1775 3251 1898 3273; x_wconf 89' lang='lat' dir='ltr'>veneno</span> <span class='ocrx_word' id='word_1_1148' title='bbox 1923 3245 1962 3274; x_wconf 84' lang='lat' dir='ltr'>ad</span> <span class='ocrx_word' id='word_1_1149' title='bbox 1986 3241 2168 3275; x_wconf 84' lang='lat' dir='ltr'>Lancifium</span> <span class='ocrx_word' id='word_1_1150' title='bbox 2191 3242 2274 3276; x_wconf 74' lang='lat' dir='ltr'>datis</span> <span class='ocrx_word' id='word_1_1151' title='bbox 2298 3243 2311 3278; x_wconf 86' lang='lat'>(</span> <span class='ocrx_word' id='word_1_1152' title='bbox 2336 3248 2349 3272; x_wconf 84' lang='lat' dir='ltr'>t</span> <span class='ocrx_word' id='word_1_1153' title='bbox 2371 3245 2386 3281; x_wconf 87' lang='lat'><em>)</em></span> 
     </span>
     <span class='ocr_line' id='line_1_145' title="bbox 1378 3283 2384 3327; baseline 0.004 -15"><span class='ocrx_word' id='word_1_1154' title='bbox 1378 3284 1474 3315; x_wconf 89' lang='lat' dir='ltr'>retuli</span> <span class='ocrx_word' id='word_1_1155' title='bbox 1499 3284 1538 3317; x_wconf 87' lang='lat' dir='ltr'>ab</span> <span class='ocrx_word' id='word_1_1156' title='bbox 1560 3283 1759 3317; x_wconf 71' lang='lat' dir='ltr'>Doffiffimis</span> <span class='ocrx_word' id='word_1_1157' title='bbox 1781 3306 1793 3322; x_wconf 89' lang='lat'><em>,</em></span> <span class='ocrx_word' id='word_1_1158' title='bbox 1826 3286 1857 3315; x_wconf 72' lang='grc' dir='ltr'>δε</span> <span class='ocrx_word' id='word_1_1159' title='bbox 1883 3295 1954 3326; x_wconf 83' lang='lat' dir='ltr'>erga</span> <span class='ocrx_word' id='word_1_1160' title='bbox 1977 3294 2027 3317; x_wconf 85' lang='lat' dir='ltr'>me</span> <span class='ocrx_word' id='word_1_1161' title='bbox 2051 3287 2197 3327; x_wconf 87' lang='lat' dir='ltr'>alioquin</span> <span class='ocrx_word' id='word_1_1162' title='bbox 2217 3283 2384 3319; x_wconf 82' lang='lat' dir='ltr'>humanis-</span> 
     </span>
     <span class='ocr_line' id='line_1_146' title="bbox 1375 3325 2383 3372; baseline 0.001 -13"><span class='ocrx_word' id='word_1_1163' title='bbox 1375 3325 1463 3361; x_wconf 81' lang='lat' dir='ltr'>simis</span> <span class='ocrx_word' id='word_1_1164' title='bbox 1489 3328 1580 3361; x_wconf 85' lang='lat' dir='ltr'>Viris</span> <span class='ocrx_word' id='word_1_1165' title='bbox 1605 3354 1614 3369; x_wconf 91' lang='lat'>‚</span> <span class='ocrx_word' id='word_1_1166' title='bbox 1649 3327 1771 3360; x_wconf 87' lang='lat' dir='ltr'>scilicet</span> <span class='ocrx_word' id='word_1_1167' title='bbox 1791 3325 1958 3372; x_wconf 77' lang='lat' dir='ltr'>praestitz&#39;ffe</span> <span class='ocrx_word' id='word_1_1168' title='bbox 1977 3326 2064 3369; x_wconf 70' lang='lat' dir='ltr'>forte</span> <span class='ocrx_word' id='word_1_1169' title='bbox 2083 3329 2222 3371; x_wconf 80' lang='lat' dir='ltr'>propriis</span> <span class='ocrx_word' id='word_1_1170' title='bbox 2257 3329 2383 3368; x_wconf 85' lang='lat' dir='ltr'>experi-</span> 
     </span>
    </p>

    <p class='ocr_par' dir='ltr' id='par_1_9' title="bbox 2251 3380 2336 3405">
     <span class='ocr_line' id='line_1_147' title="bbox 2251 3380 2336 3405; baseline -0.047 0"><span class='ocrx_word' id='word_1_1171' title='bbox 2251 3380 2336 3405; x_wconf 79' lang='lat' dir='ltr'>men-</span> 
     </span>
    </p>
   </div>
   <div class='ocr_carea' id='block_1_5' title="bbox 316 3474 2381 3493">
    <p class='ocr_par' dir='ltr' id='par_1_10' title="bbox 316 3474 2381 3493">
     <span class='ocr_line' id='line_1_148' title="bbox 316 3474 2381 3493; baseline -0.002 0"><span class='ocrx_word' id='word_1_1172' title='bbox 316 3474 2381 3493; x_wconf 37' lang='lat' dir='ltr'>*ww—*w</span> 
     </span>
    </p>
   </div>
   <div class='ocr_carea' id='block_1_6' title="bbox 374 3554 1571 3800">
    <p class='ocr_par' dir='ltr' id='par_1_11' title="bbox 376 3554 1290 3589">
     <span class='ocr_line' id='line_1_149' title="bbox 376 3554 1290 3589; baseline -0.008 -4"><span class='ocrx_word' id='word_1_1173' title='bbox 376 3558 412 3585; x_wconf 81' lang='lat' dir='ltr'>sl</span> <span class='ocrx_word' id='word_1_1174' title='bbox 430 3558 444 3587; x_wconf 69' lang='lat'>2</span> <span class='ocrx_word' id='word_1_1175' title='bbox 459 3562 494 3584; x_wconf 86' lang='lat' dir='ltr'>De</span> <span class='ocrx_word' id='word_1_1176' title='bbox 511 3561 546 3584; x_wconf 83' lang='lat' dir='ltr'>Re</span> <span class='ocrx_word' id='word_1_1177' title='bbox 563 3557 634 3585; x_wconf 81' lang='lat' dir='ltr'>Med.</span> <span class='ocrx_word' id='word_1_1178' title='bbox 653 3556 668 3581; x_wconf 84' lang='lat' dir='ltr'>l.</span> <span class='ocrx_word' id='word_1_1179' title='bbox 688 3565 710 3586; x_wconf 82' lang='grc' dir='ltr'>ς.</span> <span class='ocrx_word' id='word_1_1180' title='bbox 731 3563 752 3581; x_wconf 88' lang='lat' dir='ltr'>c.</span> <span class='ocrx_word' id='word_1_1181' title='bbox 771 3564 808 3580; x_wconf 78' lang='grc' dir='ltr'>η.</span> <span class='ocrx_word' id='word_1_1182' title='bbox 835 3585 841 3589; x_wconf 31' lang='grc' dir='ltr'>ι</span> <span class='ocrx_word' id='word_1_1183' title='bbox 871 3555 885 3584; x_wconf 84' lang='lat'>(</span> <span class='ocrx_word' id='word_1_1184' title='bbox 899 3563 924 3579; x_wconf 84' lang='lat' dir='ltr'>m</span> <span class='ocrx_word' id='word_1_1185' title='bbox 943 3554 1074 3589; x_wconf 73' lang='lat' dir='ltr'>)Tetrab.</span> <span class='ocrx_word' id='word_1_1186' title='bbox 1092 3564 1114 3584; x_wconf 78' lang='grc'>4.</span> <span class='ocrx_word' id='word_1_1187' title='bbox 1133 3557 1156 3580; x_wconf 90' lang='lat' dir='ltr'>S.</span> <span class='ocrx_word' id='word_1_1188' title='bbox 1176 3563 1195 3581; x_wconf 85' lang='grc' dir='ltr'>Ι.</span> <span class='ocrx_word' id='word_1_1189' title='bbox 1213 3564 1236 3580; x_wconf 86' lang='lat' dir='ltr'>c.</span> <span class='ocrx_word' id='word_1_1190' title='bbox 1254 3562 1290 3579; x_wconf 81' lang='lat'>21.</span> 
     </span>
    </p>

    <p class='ocr_par' dir='ltr' id='par_1_12' title="bbox 378 3585 1257 3619">
     <span class='ocr_line' id='line_1_150' title="bbox 378 3585 1257 3619; baseline -0.005 -5"><span class='ocrx_word' id='word_1_1191' title='bbox 378 3588 423 3618; x_wconf 79' lang='lat' dir='ltr'>(p</span> <span class='ocrx_word' id='word_1_1192' title='bbox 444 3593 451 3618; x_wconf 86' lang='lat'><em>)</em></span> <span class='ocrx_word' id='word_1_1193' title='bbox 467 3599 481 3613; x_wconf 92' lang='lat' dir='ltr'>n</span> <span class='ocrx_word' id='word_1_1194' title='bbox 512 3598 545 3619; x_wconf 82' lang='lat'>33-</span> <span class='ocrx_word' id='word_1_1195' title='bbox 609 3594 613 3613; x_wconf 68' lang='grc' dir='ltr'>ι’</span> <span class='ocrx_word' id='word_1_1196' title='bbox 636 3597 650 3617; x_wconf 85' lang='lat' dir='ltr'><em>q</em></span> <span class='ocrx_word' id='word_1_1197' title='bbox 666 3589 677 3612; x_wconf 87' lang='lat'><em>)</em></span> <span class='ocrx_word' id='word_1_1198' title='bbox 693 3589 765 3611; x_wconf 85' lang='lat' dir='ltr'>Tent.</span> <span class='ocrx_word' id='word_1_1199' title='bbox 787 3596 803 3610; x_wconf 81' lang='grc' dir='ltr'>ι.</span> <span class='ocrx_word' id='word_1_1200' title='bbox 821 3590 863 3609; x_wconf 84' lang='lat' dir='ltr'>cit.</span> <span class='ocrx_word' id='word_1_1201' title='bbox 926 3586 940 3614; x_wconf 83' lang='lat'>(</span> <span class='ocrx_word' id='word_1_1202' title='bbox 956 3594 967 3607; x_wconf 83' lang='grc' dir='ltr'><strong><em>ν</em></strong></span> <span class='ocrx_word' id='word_1_1203' title='bbox 983 3585 997 3612; x_wconf 89' lang='grc'>)</span> <span class='ocrx_word' id='word_1_1204' title='bbox 1013 3592 1047 3609; x_wconf 78' lang='lat' dir='ltr'>cit</span> <span class='ocrx_word' id='word_1_1205' title='bbox 1072 3585 1154 3616; x_wconf 78' lang='lat' dir='ltr'>supra,</span> <span class='ocrx_word' id='word_1_1206' title='bbox 1171 3594 1195 3611; x_wconf 89' lang='lat' dir='ltr'>n.</span> <span class='ocrx_word' id='word_1_1207' title='bbox 1217 3594 1257 3613; x_wconf 85' lang='lat'>29.</span> 
     </span>
    </p>

    <p class='ocr_par' dir='ltr' id='par_1_13' title="bbox 379 3614 1378 3650">
     <span class='ocr_line' id='line_1_151' title="bbox 379 3614 1378 3650; baseline -0.005 -8"><span class='ocrx_word' id='word_1_1208' title='bbox 379 3618 394 3647; x_wconf 83' lang='lat'><strong>(</strong></span> <span class='ocrx_word' id='word_1_1209' title='bbox 406 3627 423 3647; x_wconf 82' lang='lat' dir='ltr'><em>y</em></span> <span class='ocrx_word' id='word_1_1210' title='bbox 440 3621 452 3647; x_wconf 86' lang='lat'>)</span> <span class='ocrx_word' id='word_1_1211' title='bbox 469 3620 591 3650; x_wconf 54' lang='lat' dir='ltr'>Sepulchra</span> <span class='ocrx_word' id='word_1_1212' title='bbox 610 3622 630 3642; x_wconf 64' lang='grc' dir='ltr'>ς.</span> <span class='ocrx_word' id='word_1_1213' title='bbox 650 3618 693 3642; x_wconf 87' lang='lat' dir='ltr'>hac</span> <span class='ocrx_word' id='word_1_1214' title='bbox 711 3625 746 3641; x_wconf 85' lang='grc' dir='ltr'>ιο.</span> <span class='ocrx_word' id='word_1_1215' title='bbox 766 3617 790 3641; x_wconf 89' lang='lat' dir='ltr'>in</span> <span class='ocrx_word' id='word_1_1216' title='bbox 807 3616 932 3641; x_wconf 83' lang='lat' dir='ltr'>Additam.</span> <span class='ocrx_word' id='word_1_1217' title='bbox 949 3614 1008 3639; x_wconf 82' lang='lat' dir='ltr'>Obs.</span> <span class='ocrx_word' id='word_1_1218' title='bbox 1026 3623 1047 3639; x_wconf 83' lang='lat'>2.</span> <span class='ocrx_word' id='word_1_1219' title='bbox 1109 3618 1123 3645; x_wconf 90' lang='lat'>(</span> <span class='ocrx_word' id='word_1_1220' title='bbox 1143 3625 1160 3645; x_wconf 68' lang='lat' dir='ltr'><em>z</em></span> <span class='ocrx_word' id='word_1_1221' title='bbox 1176 3618 1189 3646; x_wconf 91' lang='lat'><em>)</em></span> <span class='ocrx_word' id='word_1_1222' title='bbox 1208 3618 1291 3645; x_wconf 75' lang='lat' dir='ltr'>supra,</span> <span class='ocrx_word' id='word_1_1223' title='bbox 1310 3623 1378 3644; x_wconf 81' lang='lat' dir='ltr'>n.34.</span> 
     </span>
    </p>

    <p class='ocr_par' dir='ltr' id='par_1_14' title="bbox 374 3645 1557 3707">
     <span class='ocr_line' id='line_1_152' title="bbox 374 3645 1557 3677; baseline -0.003 -2"><span class='ocrx_word' id='word_1_1224' title='bbox 374 3648 381 3673; x_wconf 78' lang='lat' dir='ltr'>l</span> <span class='ocrx_word' id='word_1_1225' title='bbox 405 3656 416 3671; x_wconf 80' lang='lat' dir='ltr'><em>c</em></span> <span class='ocrx_word' id='word_1_1226' title='bbox 432 3649 446 3677; x_wconf 81' lang='grc'>)</span> <span class='ocrx_word' id='word_1_1227' title='bbox 462 3653 497 3674; x_wconf 82' lang='lat' dir='ltr'>De</span> <span class='ocrx_word' id='word_1_1228' title='bbox 514 3652 581 3675; x_wconf 85' lang='lat' dir='ltr'>Med.</span> <span class='ocrx_word' id='word_1_1229' title='bbox 598 3649 657 3674; x_wconf 82' lang='lat' dir='ltr'>Hist.</span> <span class='ocrx_word' id='word_1_1230' title='bbox 675 3648 767 3672; x_wconf 78' lang='lat' dir='ltr'>Mirab.</span> <span class='ocrx_word' id='word_1_1231' title='bbox 786 3650 802 3672; x_wconf 81' lang='lat'>1.</span> <span class='ocrx_word' id='word_1_1232' title='bbox 822 3655 841 3670; x_wconf 83' lang='lat'>1.</span> <span class='ocrx_word' id='word_1_1233' title='bbox 860 3655 881 3671; x_wconf 79' lang='lat' dir='ltr'>e.</span> <span class='ocrx_word' id='word_1_1234' title='bbox 899 3655 920 3675; x_wconf 84' lang='lat'>9.</span> <span class='ocrx_word' id='word_1_1235' title='bbox 983 3645 990 3671; x_wconf 85' lang='lat' dir='ltr'>s</span> <span class='ocrx_word' id='word_1_1236' title='bbox 1010 3646 1025 3668; x_wconf 80' lang='lat' dir='ltr'>d</span> <span class='ocrx_word' id='word_1_1237' title='bbox 1046 3647 1052 3670; x_wconf 84' lang='lat'><strong>)</strong></span> <span class='ocrx_word' id='word_1_1238' title='bbox 1069 3649 1103 3671; x_wconf 84' lang='lat' dir='ltr'>De</span> <span class='ocrx_word' id='word_1_1239' title='bbox 1124 3649 1181 3671; x_wconf 81' lang='lat' dir='ltr'>Loc.</span> <span class='ocrx_word' id='word_1_1240' title='bbox 1199 3647 1239 3671; x_wconf 80' lang='lat' dir='ltr'>aff·</span> <span class='ocrx_word' id='word_1_1241' title='bbox 1258 3647 1274 3669; x_wconf 86' lang='lat' dir='ltr'>l.</span> <span class='ocrx_word' id='word_1_1242' title='bbox 1297 3655 1318 3676; x_wconf 80' lang='grc'>5.</span> <span class='ocrx_word' id='word_1_1243' title='bbox 1335 3654 1355 3670; x_wconf 67' lang='grc' dir='ltr'>«εΔ</span> <span class='ocrx_word' id='word_1_1244' title='bbox 1377 3655 1423 3671; x_wconf 89' lang='lat' dir='ltr'>non</span> <span class='ocrx_word' id='word_1_1245' title='bbox 1440 3652 1462 3671; x_wconf 89' lang='lat'>6.</span> <span class='ocrx_word' id='word_1_1246' title='bbox 1481 3648 1518 3672; x_wconf 80' lang='lat' dir='ltr'>sed</span> <span class='ocrx_word' id='word_1_1247' title='bbox 1534 3656 1557 3675; x_wconf 90' lang='lat'>7.</span> 
     </span>
     <span class='ocr_line' id='line_1_153' title="bbox 379 3675 1466 3707; baseline -0.004 -1"><span class='ocrx_word' id='word_1_1248' title='bbox 379 3678 393 3706; x_wconf 86' lang='lat'><strong>(</strong></span> <span class='ocrx_word' id='word_1_1249' title='bbox 408 3679 420 3705; x_wconf 62' lang='grc' dir='ltr'><strong><em>ί</em></strong></span> <span class='ocrx_word' id='word_1_1250' title='bbox 437 3681 450 3705; x_wconf 69' lang='lat'><strong>3</strong></span> <span class='ocrx_word' id='word_1_1251' title='bbox 468 3683 537 3705; x_wconf 75' lang='lat' dir='ltr'>Frax.</span> <span class='ocrx_word' id='word_1_1252' title='bbox 555 3681 569 3704; x_wconf 86' lang='lat' dir='ltr'>l.</span> <span class='ocrx_word' id='word_1_1253' title='bbox 589 3689 609 3705; x_wconf 75' lang='grc' dir='ltr'>ι.</span> <span class='ocrx_word' id='word_1_1254' title='bbox 627 3682 650 3703; x_wconf 87' lang='lat' dir='ltr'>S.</span> <span class='ocrx_word' id='word_1_1255' title='bbox 669 3686 704 3706; x_wconf 84' lang='lat'>¹7-</span> <span class='ocrx_word' id='word_1_1256' title='bbox 721 3687 742 3703; x_wconf 82' lang='lat' dir='ltr'>c.</span> <span class='ocrx_word' id='word_1_1257' title='bbox 761 3686 782 3707; x_wconf 83' lang='lat'>3.</span> <span class='ocrx_word' id='word_1_1258' title='bbox 802 3683 846 3701; x_wconf 43' lang='lat' dir='ltr'>art&gt;</span> <span class='ocrx_word' id='word_1_1259' title='bbox 864 3687 888 3707; x_wconf 72' lang='lat'>4.</span> <span class='ocrx_word' id='word_1_1260' title='bbox 949 3677 964 3705; x_wconf 87' lang='lat'><strong>(</strong></span> <span class='ocrx_word' id='word_1_1261' title='bbox 979 3684 997 3705; x_wconf 73' lang='lat' dir='ltr'>g</span> <span class='ocrx_word' id='word_1_1262' title='bbox 1014 3679 1023 3706; x_wconf 84' lang='lat'><em>)</em></span> <span class='ocrx_word' id='word_1_1263' title='bbox 1042 3675 1099 3705; x_wconf 68' lang='lat' dir='ltr'>Eph.</span> <span class='ocrx_word' id='word_1_1264' title='bbox 1119 3679 1151 3700; x_wconf 65' lang='lat' dir='ltr'>N,</span> <span class='ocrx_word' id='word_1_1265' title='bbox 1171 3680 1200 3702; x_wconf 84' lang='lat' dir='ltr'>C.</span> <span class='ocrx_word' id='word_1_1266' title='bbox 1220 3680 1290 3703; x_wconf 82' lang='lat' dir='ltr'>Cent-</span> <span class='ocrx_word' id='word_1_1267' title='bbox 1311 3685 1331 3705; x_wconf 81' lang='lat'>9.</span> <span class='ocrx_word' id='word_1_1268' title='bbox 1351 3678 1411 3702; x_wconf 90' lang='lat' dir='ltr'>Obs.</span> <span class='ocrx_word' id='word_1_1269' title='bbox 1427 3686 1466 3706; x_wconf 78' lang='lat'>49.</span> 
     </span>
    </p>

    <p class='ocr_par' dir='ltr' id='par_1_15' title="bbox 379 3707 1366 3737">
     <span class='ocr_line' id='line_1_154' title="bbox 379 3707 1366 3737; baseline -0.006 -1"><span class='ocrx_word' id='word_1_1270' title='bbox 379 3711 390 3732; x_wconf 86' lang='lat'><strong>(</strong></span> <span class='ocrx_word' id='word_1_1271' title='bbox 408 3708 424 3731; x_wconf 69' lang='lat' dir='ltr'>l(</span> <span class='ocrx_word' id='word_1_1272' title='bbox 444 3710 457 3736; x_wconf 86' lang='lat'>)</span> <span class='ocrx_word' id='word_1_1273' title='bbox 474 3713 618 3735; x_wconf 77' lang='lat' dir='ltr'>Comi-nent.</span> <span class='ocrx_word' id='word_1_1274' title='bbox 635 3711 658 3733; x_wconf 91' lang='lat' dir='ltr'>in</span> <span class='ocrx_word' id='word_1_1275' title='bbox 675 3709 716 3733; x_wconf 87' lang='lat' dir='ltr'>cit.</span> <span class='ocrx_word' id='word_1_1276' title='bbox 737 3709 824 3737; x_wconf 76' lang='lat' dir='ltr'>Apnor.</span> <span class='ocrx_word' id='word_1_1277' title='bbox 844 3712 881 3732; x_wconf 84' lang='lat'>62.</span> <span class='ocrx_word' id='word_1_1278' title='bbox 947 3710 953 3735; x_wconf 66' lang='lat' dir='ltr'>s</span> <span class='ocrx_word' id='word_1_1279' title='bbox 972 3707 980 3730; x_wconf 79' lang='lat' dir='ltr'><em>l</em></span> <span class='ocrx_word' id='word_1_1280' title='bbox 1000 3708 1007 3736; x_wconf 79' lang='lat' dir='ltr'>J</span> <span class='ocrx_word' id='word_1_1281' title='bbox 1025 3708 1059 3730; x_wconf 89' lang='lat' dir='ltr'>De</span> <span class='ocrx_word' id='word_1_1282' title='bbox 1076 3709 1111 3731; x_wconf 90' lang='lat' dir='ltr'>Re</span> <span class='ocrx_word' id='word_1_1283' title='bbox 1129 3710 1196 3732; x_wconf 83' lang='lat' dir='ltr'>Med.</span> <span class='ocrx_word' id='word_1_1284' title='bbox 1215 3709 1231 3732; x_wconf 86' lang='lat' dir='ltr'>l.</span> <span class='ocrx_word' id='word_1_1285' title='bbox 1250 3717 1269 3737; x_wconf 87' lang='lat'>3.</span> <span class='ocrx_word' id='word_1_1286' title='bbox 1287 3715 1308 3730; x_wconf 82' lang='lat' dir='ltr'>c·</span> <span class='ocrx_word' id='word_1_1287' title='bbox 1329 3716 1366 3737; x_wconf 76' lang='lat'>30.</span> 
     </span>
    </p>

    <p class='ocr_par' dir='ltr' id='par_1_16' title="bbox 375 3738 1028 3768">
     <span class='ocr_line' id='line_1_155' title="bbox 375 3738 1028 3768; baseline -0.009 -3"><span class='ocrx_word' id='word_1_1288' title='bbox 375 3739 388 3765; x_wconf 88' lang='lat'><strong>(</strong></span> <span class='ocrx_word' id='word_1_1289' title='bbox 407 3746 418 3761; x_wconf 84' lang='lat' dir='ltr'>o</span> <span class='ocrx_word' id='word_1_1290' title='bbox 436 3740 446 3757; x_wconf 56' lang='lat' dir='ltr'>W</span> <span class='ocrx_word' id='word_1_1291' title='bbox 464 3740 479 3762; x_wconf 92' lang='grc'>1.</span> <span class='ocrx_word' id='word_1_1292' title='bbox 500 3750 519 3768; x_wconf 76' lang='lat'>5-</span> <span class='ocrx_word' id='word_1_1293' title='bbox 537 3749 555 3763; x_wconf 88' lang='lat' dir='ltr'>c.</span> <span class='ocrx_word' id='word_1_1294' title='bbox 576 3749 609 3763; x_wconf 71' lang='grc' dir='ltr'>η.</span> <span class='ocrx_word' id='word_1_1295' title='bbox 673 3741 717 3768; x_wconf 84' lang='grc' dir='ltr'>(ρ</span> <span class='ocrx_word' id='word_1_1296' title='bbox 736 3739 742 3765; x_wconf 83' lang='grc'>)</span> <span class='ocrx_word' id='word_1_1297' title='bbox 762 3739 803 3762; x_wconf 84' lang='lat' dir='ltr'>eit.</span> <span class='ocrx_word' id='word_1_1298' title='bbox 822 3738 888 3767; x_wconf 78' lang='lat' dir='ltr'>supra</span> <span class='ocrx_word' id='word_1_1299' title='bbox 904 3738 932 3761; x_wconf 81' lang='lat' dir='ltr'>ad</span> <span class='ocrx_word' id='word_1_1300' title='bbox 948 3745 973 3760; x_wconf 91' lang='lat' dir='ltr'>n.</span> <span class='ocrx_word' id='word_1_1301' title='bbox 992 3744 1028 3766; x_wconf 80' lang='lat'>35.</span> 
     </span>
    </p>

    <p class='ocr_par' dir='ltr' id='par_1_17' title="bbox 383 3767 1571 3800">
     <span class='ocr_line' id='line_1_156' title="bbox 383 3767 1571 3800; baseline -0.003 -5"><span class='ocrx_word' id='word_1_1302' title='bbox 383 3769 397 3797; x_wconf 88' lang='lat'>(</span> <span class='ocrx_word' id='word_1_1303' title='bbox 410 3768 454 3797; x_wconf 83' lang='lat' dir='ltr'>s)</span> <span class='ocrx_word' id='word_1_1304' title='bbox 470 3772 504 3794; x_wconf 83' lang='lat' dir='ltr'>De</span> <span class='ocrx_word' id='word_1_1305' title='bbox 522 3771 611 3795; x_wconf 43' lang='lat' dir='ltr'>Medic.</span> <span class='ocrx_word' id='word_1_1306' title='bbox 630 3770 706 3794; x_wconf 84' lang='lat' dir='ltr'>Princ.</span> <span class='ocrx_word' id='word_1_1307' title='bbox 724 3768 784 3793; x_wconf 84' lang='lat' dir='ltr'>Hist.</span> <span class='ocrx_word' id='word_1_1308' title='bbox 802 3769 818 3793; x_wconf 86' lang='lat'>1.</span> <span class='ocrx_word' id='word_1_1309' title='bbox 838 3777 859 3793; x_wconf 88' lang='lat'>2.</span> <span class='ocrx_word' id='word_1_1310' title='bbox 878 3768 938 3793; x_wconf 70' lang='lat' dir='ltr'>nist.</span> <span class='ocrx_word' id='word_1_1311' title='bbox 960 3774 1011 3796; x_wconf 78' lang='lat'>115.</span> <span class='ocrx_word' id='word_1_1312' title='bbox 1029 3767 1086 3791; x_wconf 89' lang='lat' dir='ltr'>Obs.</span> <span class='ocrx_word' id='word_1_1313' title='bbox 1104 3777 1142 3793; x_wconf 80' lang='lat'>20.</span> <span class='ocrx_word' id='word_1_1314' title='bbox 1206 3771 1212 3797; x_wconf 87' lang='lat'><strong>(</strong></span> <span class='ocrx_word' id='word_1_1315' title='bbox 1231 3776 1242 3793; x_wconf 75' lang='lat' dir='ltr'><em>t</em></span> <span class='ocrx_word' id='word_1_1316' title='bbox 1258 3778 1267 3800; x_wconf 80' lang='grc'>)</span> <span class='ocrx_word' id='word_1_1317' title='bbox 1293 3768 1317 3792; x_wconf 88' lang='lat' dir='ltr'>in</span> <span class='ocrx_word' id='word_1_1318' title='bbox 1336 3770 1442 3798; x_wconf 76' lang='lat' dir='ltr'>Append.</span> <span class='ocrx_word' id='word_1_1319' title='bbox 1458 3769 1488 3794; x_wconf 78' lang='lat' dir='ltr'>ad</span> <span class='ocrx_word' id='word_1_1320' title='bbox 1502 3770 1571 3794; x_wconf 78' lang='lat' dir='ltr'>Meta</span> 
     </span>
    </p>
   </div>
   <div class='ocr_carea' id='block_1_7' title="bbox 1321 3554 1874 3616">
    <p class='ocr_par' dir='ltr' id='par_1_18' title="bbox 1321 3554 1874 3616">
     <span class='ocr_line' id='line_1_157' title="bbox 1354 3554 1874 3587; baseline -0.002 -6"><span class='ocrx_word' id='word_1_1321' title='bbox 1354 3554 1363 3581; x_wconf 80' lang='lat' dir='ltr'><em>l</em></span> <span class='ocrx_word' id='word_1_1322' title='bbox 1382 3565 1399 3579; x_wconf 78' lang='grc' dir='ltr'><strong>ο</strong></span> <span class='ocrx_word' id='word_1_1323' title='bbox 1416 3556 1425 3587; x_wconf 88' lang='grc'><em>)</em></span> <span class='ocrx_word' id='word_1_1324' title='bbox 1442 3558 1534 3581; x_wconf 87' lang='lat' dir='ltr'>Canon.</span> <span class='ocrx_word' id='word_1_1325' title='bbox 1551 3556 1567 3580; x_wconf 89' lang='lat'>1.</span> <span class='ocrx_word' id='word_1_1326' title='bbox 1585 3564 1610 3584; x_wconf 78' lang='lat'>4.</span> <span class='ocrx_word' id='word_1_1327' title='bbox 1626 3556 1652 3579; x_wconf 86' lang='lat' dir='ltr'>F.</span> <span class='ocrx_word' id='word_1_1328' title='bbox 1668 3558 1692 3580; x_wconf 85' lang='lat'>6.</span> <span class='ocrx_word' id='word_1_1329' title='bbox 1709 3561 1740 3581; x_wconf 85' lang='lat' dir='ltr'>tr.</span> <span class='ocrx_word' id='word_1_1330' title='bbox 1759 3564 1782 3585; x_wconf 81' lang='lat'>3·</span> <span class='ocrx_word' id='word_1_1331' title='bbox 1799 3563 1820 3580; x_wconf 80' lang='lat' dir='ltr'>c.</span> <span class='ocrx_word' id='word_1_1332' title='bbox 1837 3563 1874 3586; x_wconf 77' lang='lat'>32.</span> 
     </span>
     <span class='ocr_line' id='line_1_158' title="bbox 1321 3585 1820 3616; baseline -0.012 -1"><span class='ocrx_word' id='word_1_1333' title='bbox 1321 3585 1820 3616; x_wconf 57' lang='lat' dir='ltr'>(s)(t)cu)(x)capitib.cit.</span> 
     </span>
    </p>
   </div>
   <div class='ocr_carea' id='block_1_8' title="bbox 1938 3555 2334 3587">
    <p class='ocr_par' dir='ltr' id='par_1_19' title="bbox 1938 3555 2334 3587">
     <span class='ocr_line' id='line_1_159' title="bbox 1938 3555 2334 3587; baseline 0 -7"><span class='ocrx_word' id='word_1_1334' title='bbox 1938 3558 1953 3587; x_wconf 85' lang='lat'>(</span> <span class='ocrx_word' id='word_1_1335' title='bbox 1968 3565 1981 3581; x_wconf 78' lang='grc' dir='ltr'><em>α</em></span> <span class='ocrx_word' id='word_1_1336' title='bbox 1997 3556 2008 3587; x_wconf 83' lang='grc'>)</span> <span class='ocrx_word' id='word_1_1337' title='bbox 2027 3557 2051 3587; x_wconf 83' lang='lat'>§.</span> <span class='ocrx_word' id='word_1_1338' title='bbox 2066 3555 2109 3581; x_wconf 83' lang='lat' dir='ltr'>cit.</span> <span class='ocrx_word' id='word_1_1339' title='bbox 2129 3557 2195 3587; x_wconf 83' lang='lat' dir='ltr'>supra</span> <span class='ocrx_word' id='word_1_1340' title='bbox 2212 3559 2242 3583; x_wconf 85' lang='lat' dir='ltr'>ad</span> <span class='ocrx_word' id='word_1_1341' title='bbox 2259 3565 2282 3582; x_wconf 79' lang='lat' dir='ltr'>n.</span> <span class='ocrx_word' id='word_1_1342' title='bbox 2296 3558 2334 3582; x_wconf 81' lang='lat'>16.</span> 
     </span>
    </p>
   </div>
   <div class='ocr_carea' id='block_1_9' title="bbox 1430 3616 2381 3741">
    <p class='ocr_par' dir='ltr' id='par_1_20' title="bbox 1430 3616 2381 3741">
     <span class='ocr_line' id='line_1_160' title="bbox 1441 3616 2381 3649; baseline 0 -9"><span class='ocrx_word' id='word_1_1343' title='bbox 1441 3618 1455 3646; x_wconf 84' lang='lat'>(</span> <span class='ocrx_word' id='word_1_1344' title='bbox 1472 3626 1486 3640; x_wconf 82' lang='lat' dir='ltr'>a</span> <span class='ocrx_word' id='word_1_1345' title='bbox 1503 3617 1515 3645; x_wconf 85' lang='grc'>)</span> <span class='ocrx_word' id='word_1_1346' title='bbox 1532 3616 1653 3641; x_wconf 74' lang='lat' dir='ltr'>Offervaz.</span> <span class='ocrx_word' id='word_1_1347' title='bbox 1670 3623 1711 3641; x_wconf 78' lang='lat' dir='ltr'>ert.</span> <span class='ocrx_word' id='word_1_1348' title='bbox 1775 3618 1788 3647; x_wconf 90' lang='lat'>(</span> <span class='ocrx_word' id='word_1_1349' title='bbox 1804 3617 1817 3640; x_wconf 86' lang='lat' dir='ltr'>b</span> <span class='ocrx_word' id='word_1_1350' title='bbox 1831 3617 1844 3645; x_wconf 86' lang='lat'><em>)</em></span> <span class='ocrx_word' id='word_1_1351' title='bbox 1863 3619 2009 3645; x_wconf 84' lang='lat' dir='ltr'>comment.</span> <span class='ocrx_word' id='word_1_1352' title='bbox 2025 3619 2052 3646; x_wconf 79' lang='lat' dir='ltr'>in</span> <span class='ocrx_word' id='word_1_1353' title='bbox 2067 3619 2186 3649; x_wconf 68' lang='lat' dir='ltr'>Hippon.</span> <span class='ocrx_word' id='word_1_1354' title='bbox 2204 3619 2265 3648; x_wconf 85' lang='lat' dir='ltr'>Aph.</span> <span class='ocrx_word' id='word_1_1355' title='bbox 2277 3620 2313 3641; x_wconf 75' lang='grc' dir='ltr'>ἀι.</span> <span class='ocrx_word' id='word_1_1356' title='bbox 2331 3616 2381 3645; x_wconf 81' lang='lat' dir='ltr'>l.4-</span> 
     </span>
     <span class='ocr_line' id='line_1_161' title="bbox 1533 3648 2306 3710; baseline 0.008 -10"><span class='ocrx_word' id='word_1_1357' title='bbox 1533 3680 1538 3704; x_wconf 69' lang='lat'>⁴.</span> <span class='ocrx_word' id='word_1_1358' title='bbox 1561 3677 1576 3700; x_wconf 85' lang='lat' dir='ltr'><em>h</em></span> <span class='ocrx_word' id='word_1_1359' title='bbox 1592 3676 1606 3705; x_wconf 88' lang='lat'>)</span> <span class='ocrx_word' id='word_1_1360' title='bbox 1619 3648 1660 3701; x_wconf 50' lang='lat' dir='ltr'>§Dee</span> <span class='ocrx_word' id='word_1_1361' title='bbox 1676 3649 1765 3702; x_wconf 50' lang='grc' dir='ltr'>ἒῖειηεέι.</span> <span class='ocrx_word' id='word_1_1362' title='bbox 1783 3654 1911 3702; x_wconf 58' lang='lat' dir='ltr'>Xuibinni</span> <span class='ocrx_word' id='word_1_1363' title='bbox 1928 3652 1955 3703; x_wconf 57' lang='grc' dir='ltr'>ἶ).</span> <span class='ocrx_word' id='word_1_1364' title='bbox 1969 3687 1990 3704; x_wconf 86' lang='lat'>1.</span> <span class='ocrx_word' id='word_1_1365' title='bbox 2054 3681 2087 3708; x_wconf 79' lang='lat' dir='ltr'>(i</span> <span class='ocrx_word' id='word_1_1366' title='bbox 2102 3681 2110 3710; x_wconf 87' lang='lat'><strong>)</strong></span> <span class='ocrx_word' id='word_1_1367' title='bbox 2128 3681 2211 3710; x_wconf 82' lang='lat' dir='ltr'>supra,</span> <span class='ocrx_word' id='word_1_1368' title='bbox 2228 3687 2251 3703; x_wconf 84' lang='lat' dir='ltr'>n·</span> <span class='ocrx_word' id='word_1_1369' title='bbox 2269 3685 2306 3706; x_wconf 66' lang='grc' dir='ltr'>Η·</span> 
     </span>
     <span class='ocr_line' id='line_1_162' title="bbox 1430 3707 2282 3741; baseline 0.006 -9"><span class='ocrx_word' id='word_1_1370' title='bbox 1430 3710 1482 3736; x_wconf 89' lang='lat' dir='ltr'>(m</span> <span class='ocrx_word' id='word_1_1371' title='bbox 1499 3709 1511 3738; x_wconf 83' lang='grc'>)</span> <span class='ocrx_word' id='word_1_1372' title='bbox 1527 3707 1626 3732; x_wconf 75' lang='lat' dir='ltr'>Tetrab.</span> <span class='ocrx_word' id='word_1_1373' title='bbox 1645 3716 1666 3736; x_wconf 80' lang='lat'>3.</span> <span class='ocrx_word' id='word_1_1374' title='bbox 1685 3710 1707 3732; x_wconf 85' lang='lat' dir='ltr'>S.</span> <span class='ocrx_word' id='word_1_1375' title='bbox 1727 3717 1746 3732; x_wconf 87' lang='lat'>1.</span> <span class='ocrx_word' id='word_1_1376' title='bbox 1766 3716 1787 3732; x_wconf 89' lang='lat' dir='ltr'>c.</span> <span class='ocrx_word' id='word_1_1377' title='bbox 1809 3716 1843 3736; x_wconf 79' lang='lat'>17.</span> <span class='ocrx_word' id='word_1_1378' title='bbox 1906 3711 1919 3738; x_wconf 88' lang='lat'>(</span> <span class='ocrx_word' id='word_1_1379' title='bbox 1931 3718 1946 3732; x_wconf 87' lang='lat' dir='ltr'>n</span> <span class='ocrx_word' id='word_1_1380' title='bbox 1961 3711 1969 3736; x_wconf 84' lang='lat'><em>)</em></span> <span class='ocrx_word' id='word_1_1381' title='bbox 1984 3711 2116 3741; x_wconf 73' lang='lat' dir='ltr'>Tetrab.4.</span> <span class='ocrx_word' id='word_1_1382' title='bbox 2133 3714 2158 3736; x_wconf 85' lang='lat' dir='ltr'>S.</span> <span class='ocrx_word' id='word_1_1383' title='bbox 2171 3720 2190 3736; x_wconf 77' lang='grc' dir='ltr'>ι.</span> <span class='ocrx_word' id='word_1_1384' title='bbox 2208 3718 2229 3734; x_wconf 82' lang='lat' dir='ltr'>c·</span> <span class='ocrx_word' id='word_1_1385' title='bbox 2247 3717 2282 3733; x_wconf 85' lang='lat'>21·</span> 
     </span>
    </p>
   </div>
   <div class='ocr_carea' id='block_1_10' title="bbox 1094 3737 2134 3792">
    <p class='ocr_par' dir='ltr' id='par_1_21' title="bbox 1094 3737 2134 3792">
     <span class='ocr_line' id='line_1_163' title="bbox 1094 3737 2134 3792; baseline 0.004 -30"><span class='ocrx_word' id='word_1_1386' title='bbox 1094 3739 1107 3766; x_wconf 82' lang='grc'>(</span> <span class='ocrx_word' id='word_1_1387' title='bbox 1124 3747 1138 3767; x_wconf 92' lang='lat' dir='ltr'><em>q</em></span> <span class='ocrx_word' id='word_1_1388' title='bbox 1156 3739 1169 3766; x_wconf 85' lang='lat'><em>)</em></span> <span class='ocrx_word' id='word_1_1389' title='bbox 1185 3739 1227 3763; x_wconf 80' lang='lat' dir='ltr'>eit.</span> <span class='ocrx_word' id='word_1_1390' title='bbox 1246 3740 1313 3766; x_wconf 71' lang='lat' dir='ltr'>supra</span> <span class='ocrx_word' id='word_1_1391' title='bbox 1329 3739 1358 3762; x_wconf 84' lang='lat' dir='ltr'>ad</span> <span class='ocrx_word' id='word_1_1392' title='bbox 1375 3746 1399 3761; x_wconf 90' lang='lat' dir='ltr'>n.</span> <span class='ocrx_word' id='word_1_1393' title='bbox 1419 3746 1458 3767; x_wconf 60' lang='lat'>34.</span> <span class='ocrx_word' id='word_1_1394' title='bbox 1522 3740 1529 3762; x_wconf 82' lang='lat' dir='ltr'>s</span> <span class='ocrx_word' id='word_1_1395' title='bbox 1547 3747 1558 3762; x_wconf 88' lang='lat' dir='ltr'>r</span> <span class='ocrx_word' id='word_1_1396' title='bbox 1573 3737 1661 3792; x_wconf 55' lang='grc' dir='ltr'>ᾗειριιά</span> <span class='ocrx_word' id='word_1_1397' title='bbox 1680 3739 1785 3763; x_wconf 83' lang='lat' dir='ltr'>Severin.</span> <span class='ocrx_word' id='word_1_1398' title='bbox 1804 3740 1884 3767; x_wconf 85' lang='lat' dir='ltr'>Viper.</span> <span class='ocrx_word' id='word_1_1399' title='bbox 1902 3739 1975 3768; x_wconf 80' lang='lat' dir='ltr'>Pyth.</span> <span class='ocrx_word' id='word_1_1400' title='bbox 1995 3742 2020 3765; x_wconf 86' lang='lat' dir='ltr'>P.</span> <span class='ocrx_word' id='word_1_1401' title='bbox 2038 3749 2061 3770; x_wconf 80' lang='lat'>3.</span> <span class='ocrx_word' id='word_1_1402' title='bbox 2079 3749 2102 3766; x_wconf 73' lang='grc' dir='ltr'>ο.</span> <span class='ocrx_word' id='word_1_1403' title='bbox 2115 3751 2134 3767; x_wconf 85' lang='grc' dir='ltr'>ι.</span> 
     </span>
    </p>
   </div>
   <div class='ocr_carea' id='block_1_11' title="bbox 1592 3770 2002 3796">
    <p class='ocr_par' dir='ltr' id='par_1_22' title="bbox 1592 3770 2002 3796">
     <span class='ocr_line' id='line_1_164' title="bbox 1592 3770 2002 3796; baseline 0.01 -4"><span class='ocrx_word' id='word_1_1404' title='bbox 1592 3770 1704 3794; x_wconf 78' lang='lat' dir='ltr'>ethecam</span> <span class='ocrx_word' id='word_1_1405' title='bbox 1722 3770 1864 3795; x_wconf 69' lang='lat' dir='ltr'>Vaticanarn</span> <span class='ocrx_word' id='word_1_1406' title='bbox 1880 3770 1984 3795; x_wconf 75' lang='lat' dir='ltr'>Mercari</span> <span class='ocrx_word' id='word_1_1407' title='bbox 1997 3789 2002 3796; x_wconf 85' lang='lat'>.</span> 
     </span>
    </p>
   </div>
  </div>
 </body>
</html>
