2498 4075
445 173 544 225 370

375 239 550 272 vationum
573 246 645 280 quae
668 236 819 271 Seetione
841 236 900 272 hac
924 234 1127 278 Sepulchreti
1149 236 1362 271 continentur
1378 260 1386 268 .

417 292 468 322 15.
491 281 573 314 Non
600 291 649 313 me
674 281 844 322 praeterit,
867 281 987 313 librum
1010 287 1104 312 :etate
1126 279 1232 312 nostra
1255 280 1385 318 exiisse,

369 326 405 359 de
427 324 646 358 'Pudendorum
669 322 817 363 Morbis,
839 323 881 356 ἐν
903 326 965 356 Lue
984 323 1129 359 ,Venerea
1161 322 1352 364 inscriptum
1375 348 1387 364 ,

368 380 438 410 quo
471 368 577 409 plures
609 365 647 399 ad
671 364 754 400 hanc
777 364 952 407 speestantes
986 366 1085 398 etiam
1114 365 1149 397 in
1180 365 1387 400 cadaveribus

368 410 630 445 Observationes
652 418 883 450 proponuntur
902 432 910 441 .
937 406 1030 441 Num
1056 418 1134 442 vero
1157 419 1247 451 aeque
1270 409 1387 452 poffint

371 453 446 495 hae,
468 465 503 488 ac
528 451 628 486 modo
650 450 824 492 indicatae,
847 453 881 484 in
896 451 1141 493 Sepulchretum
1164 451 1298 493 referri,
1320 463 1386 486 non

369 497 441 532 satis
475 496 566 530 scio.
590 494 710 537 Neque
745 494 808 529 hoc
830 506 871 529 eo
893 495 970 529 dico
994 516 1004 532 ,
1039 494 1128 537 quod
1160 495 1317 530 Auctoris
1348 496 1386 530 fi-

368 541 451 579 dei,
484 537 538 574 sed
572 537 661 580 quod
693 537 762 581 ejus
794 538 898 572 oculis
921 560 932 576 ,
964 541 996 572 &
1018 538 1199 581 diligentiae
1231 549 1387 581 quatenus

368 581 536 620 interdum
560 580 726 616 fidendum
751 581 813 621 fit,
836 582 996 615 nesciam.
1022 582 1100 615 Alia
1123 582 1208 615 enim
1219 581 1291 616 sunt
1314 594 1386 625 quae

369 628 405 661 in
437 625 509 659 aliis
541 625 679 666 Scriptis
710 624 741 659 se
775 624 908 667 vidisse,
931 624 1104 659 affirmavit
1127 647 1137 663 ,
1196 636 1243 659 uae
1277 627 1385 660 caeteri

366 668 473 707 visum
497 667 557 703 esse
581 667 689 702 videre
711 668 869 710 credunt,
891 681 967 703 cum
1002 668 1111 703 videre
1135 670 1169 711 ip
1184 680 1194 700 1
1219 680 1384 713 nunquam

368 714 564 758 potuerint.
588 712 709 755 Qalia
732 723 837 754 neque
868 714 902 746 in
924 711 988 746 hoc
1021 712 1162 755 Scripto'
1184 712 1298 747 desunt
1313 738 1322 753 ‚
1345 723 1382 747 ut

367 766 450 807 puta
472 766 547 790 cum
574 756 639 792 ait,
664 755 878 798 interpofitum
902 755 960 790 esse
984 762 1107 790 uterum
1130 756 1218 789 inter
1239 757 1381 790 Rectum

368 800 560 834 intestinum
575 820 585 835 ‚
608 801 639 832 δι
663 799 801 840 Vaginae
827 799 953 833 lacunas
968 812 979 832 .·
1002 799 1215 841 peritonaeum
1249 801 1380 834 eminere

362 841 617 889 superextensum
640 841 1036 885 glandulislnguinalibus
1061 841 1101 876 ab
1124 843 1283 877 exteriore
1307 855 1380 885 par.

365 898 419 924 te,
442 886 477 920 id
501 885 545 919 est
569 886 656 918 inter
680 884 787 928 ipsas,
811 889 843 919 &
865 895 994 920 cutem:
1018 884 1188 927 lympham
1221 896 1278 927 per
1299 886 1381 929 lym-

359 928 492 975 phatica
515 928 720 970 Mesenterica
743 928 880 962 derivari
902 931 940 962 aci
974 930 1087 970 ‘Peyeri
1113 928 1280 971 glandulas
1302 955 1312 970 ‚
1348 930 1381 963 id

361 974 406 1014 ‘est
427 973 532 1007 acinos
556 971 772 1011 Intestinales:
796 972 912 1006 Asellii
938 982 1091 1015 pancreas
1121 975 1266 1006 humano
1296 983 1380 1016 quo-

366 1027 431 1060 que
464 1013 563 1049 inesse
584 1014 771 1050 mesenterio
796 1029 805 1053 3
839 1017 884 1051 ait
909 1017 1050 1050 enimin
1084 1018 1225 1050 mortuis
1256 1029 1297 1051 ex
1329 1017 1380 1050 lue

361 1061 510 1094 Venerea
541 1056 602 1091 esse
633 1058 837 1101 ,Asellicznum
868 1065 1021 1094 Pancreas
1054 1060 1095 1093 ad
1127 1059 1263 1094 nihilum
1295 1060 1380 1093 reda-

361 1103 469 1140 Hum:
493 1105 524 1136 &
561 1102 646 1140 alia,
670 1114 743 1145 quae
779 1102 879 1137 sciens
903 1113 1058 1146 praetereo
1081 1125 1092 1141 ‚
1124 1102 1377 1145 ejusdemmodi.

364 1149 493 1181 Interea
517 1154 623 1179 autem
651 1145 728 1180 dum
752 1146 818 1188 ipse
858 1145 917 1181 ista
950 1146 1038 1180 videt
1070 1158 1142 1190 quae
1172 1148 1279 1181 caeteri
1313 1157 1379 1179 non

362 1191 498 1229 vident,
525 1198 639 1224 contra
662 1200 727 1224 non
751 1189 863 1229 videt,
888 1199 943 1223 aut
966 1190 1066 1225 nescit
1088 1202 1161 1233 quae
1197 1191 1305 1224 caeteri
1330 1192 1379 1222 vi-

363 1235 463 1272 dent,
487 1236 520 1266 &
544 1232 651 1266 sciunt
673 1256 686 1274 ‚
719 1233 807 1267 velut
841 1234 898 1267 ubi
922 1232 1055 1271 scribit,
1078 1233 1125 1266 nil
1148 1232 1378 1278 anfi-affuofitm

360 1279 397 1312 in
422 1274 566 1312 veficulis
588 1276 803 1310 Seminalibus
836 1277 1007 1315 contineri,
1031 1276 1122 1319 cujus
1144 1279 1263 1311 ratione
1280 1277 1379 1317 semi-

364 1321 398 1354 ni
421 1330 508 1357 mora
531 1319 638 1361 aliqua
657 1320 808 1361 praetendi
825 1319 916 1363 poffit
930 1344 939 1359 ,
961 1330 1016 1355 aut
1039 1320 1097 1353 ubi
1119 1320 1156 1354 de
1177 1321 1302 1364 Mucoso
1325 1322 1377 1352 in-

362 1374 414 1398 ter
436 1364 637 1403 cuticulam,
661 1365 813 1396 &cutem
826 1373 950 1404 corpore
973 1363 1093 1397 nullam
1107 1388 1116 1401 ‚
1140 1365 1250 1405 inquit
1264 1387 1275 1404 ,
1298 1364 1378 1406 apud

361 1406 528 1444 ,Authores
550 1407 784 1448 Anatomicos,
808 1407 947 1447 exceptis
968 1406 1268 1450 Monspelienfibus,
1292 1417 1377 1441 men-

363 1453 482 1486 tionem
506 1446 631 1492 faflam
645 1447 766 1493 fuiffl,
788 1449 935 1483 invenio:
959 1449 1035 1484 huic
1060 1461 1159 1493 porro
1182 1451 1267 1483 cutis
1297 1450 1379 1484 colo-

362 1505 413 1529 res
427 1515 437 1532 ,
462 1494 494 1526 in
512 1492 632 1535 primis
653 1502 727 1526 vero
749 1492 941 1535 nigredinem
963 1493 1148 1536 AEthiopum
1166 1494 1294 1536 primus
1316 1495 1376 1527 tri-

360 1537 434 1573 buit
457 1533 634 1579 ‘Polfenur-
658 1535 718 1570 Sed
740 1537 798 1579 qui
823 1535 1047 1579 Malpighium
1081 1539 1095 1575 (
1116 1548 1132 1569 r
1156 1540 1167 1576 )
1191 1559 1203 1576 ‚
1235 1537 1378 1580 aliosque

357 1593 399 1617 ex
421 1592 460 1615 eo
482 1580 551 1613 haec
574 1587 666 1613 antea
699 1579 850 1614 docentes
880 1578 988 1621 legisse
1011 1591 1076 1613 non
1110 1580 1261 1618 videtur,
1292 1583 1377 1614 mul-

358 1635 411 1658 tus
433 1622 475 1659 est
497 1624 531 1656 in
555 1623 705 1665 pluribus
726 1623 941 1666 producendis
965 1624 1187 1666 Scriptoribus
1209 1633 1280 1658 tum
1305 1626 1379 1658 Me-

358 1669 441 1703 dicis
463 1688 474 1704 ,
505 1674 578 1699 tum
611 1667 713 1700 etiam
747 1677 813 1699 non
844 1666 1009 1706 Medicis,
1031 1677 1069 1700 ut
1102 1667 1307 1702 confutatam
1338 1680 1377 1701 ex

358 1712 467 1747 multo
489 1709 638 1753 pluribus
660 1732 671 1748 ‚
707 1710 878 1752 multoque
910 1710 1115 1752 gravioribus
1148 1712 1374 1752 opinationem

358 1753 566 1798 persuadeat,
594 1752 681 1786 luem
714 1754 900 1786 Veneream
924 1753 1178 1794 antiquissimum
1202 1753 1262 1788 esse
1285 1766 1375 1788 mor-

356 1799 438 1834 bum
459 1823 470 1840 ,
505 1808 562 1831 nec
595 1797 697 1831 alium
730 1796 871 1839 denique
905 1807 941 1830 ac
976 1795 1222 1839 elephantiasim
1246 1822 1253 1831 .
1290 1799 1374 1834 Quae

354 1852 545 1886 nunquam,
570 1841 690 1884 opinor
714 1864 724 1881 ,
757 1848 893 1874 conatus
915 1839 1015 1878 esset,
1039 1839 1062 1872 fi
1095 1848 1169 1873 tum
1204 1840 1375 1874 Medicum

359 1885 594 1924 Dofflffimum
618 1892 714 1927 atque
736 1883 1002 1918 Eruditiffimum
1035 1882 1139 1924 legere
1161 1882 1319 1925 potuisset
1357 1895 1375 1918 a

356 1942 428 1975 quo
451 1929 580 1973 penitus
602 1926 757 1962 convulsa
782 1926 850 1961 haec
873 1927 970 1966 sunt,
991 1926 1153 1970 Joannem
1188 1926 1376 1961 Astrucium

356 1979 375 2016 ζ
391 1974 465 2019 s):
490 1982 677 2016 quanquam
712 1969 930 2004 nihilominus
966 1969 1050 2004 illud
1083 1971 1205 2003 mirum
1229 1970 1293 2008 est,
1318 1972 1376 2012 qui

359 2029 427 2055 non
449 2018 618 2060 ignoraret
641 2037 651 2052 ,
689 2023 814 2057 quanta
845 2014 928 2047 olim
952 2034 962 2050 ‚
994 2016 1026 2047 &
1047 2024 1147 2056 quam
1181 2012 1376 2048 immodera-

362 2071 420 2101 ta,
444 2060 523 2096 dum
546 2059 711 2095 Caesarum
734 2059 880 2101 potentia
904 2057 1050 2097 vigeret,
1072 2058 1107 2090 in
1143 2058 1302 2091 Romanis
1325 2059 1377 2091 lu-

361 2104 536 2152 panaribus
548 2101 620 2137 esset
646 2103 833 2136 Nationum
855 2100 1064 2138 commistio,
1088 2098 1277 2139 credidisse,
1301 2112 1377 2134 ean-

360 2152 436 2186 dem
458 2148 510 2182 vel
543 2158 583 2180 eo
615 2154 760 2188 tempore
784 2143 875 2179 fuisse
900 2144 1007 2182 luem,
1029 2143 1080 2177 sed
1103 2155 1120 2176 a
1143 2144 1284 2178 Medicis
1307 2145 1379 2187 plu-

359 2206 409 2229 res
432 2193 467 2226 in
491 2190 623 2225 morbos
656 2188 819 2229 divisam,
843 2198 908 2221 non
943 2196 1033 2220 antea
1066 2198 1127 2230 pro
1163 2198 1228 2221 uno
1261 2189 1379 2222 morbo

360 2238 424 2273 esse
448 2236 596 2279 agnitam
612 2255 622 2270 ‚
643 2243 742 2276 quam
766 2242 878 2266 eorum
911 2232 1061 2264 omnium
1094 2231 1285 2266 morborum
1317 2232 1380 2266 col-

363 2280 455 2317 lenio
478 2280 510 2313 in
533 2276 638 2318 castris
659 2277 699 2309 ad
719 2274 893 2317 'Neapolim
929 2274 1147 2308 animadversa
1179 2274 1259 2318 est4;
1289 2274 1379 2318 quasi

360 2335 439 2359 vero
460 2323 502 2356 iis
524 2323 558 2355 in
582 2319 692 2354 castris
714 2317 821 2360 major
832 2316 942 2351 fuisset
967 2318 1155 2352 Nationum
1169 2320 1378 2358 commistio,

362 2378 462 2411 quam
486 2366 603 2399 Romae
626 2362 793 2407 quondam
817 2373 892 2395 curn
917 2372 1016 2396 unum
1046 2361 1199 2403 idemque
1235 2362 1378 2397 scortum

360 2417 377 2452 (
402 2411 436 2445 id
459 2408 547 2453 quod
570 2406 638 2450 ipse
660 2406 782 2441 fatetur
793 2405 959 2439 Martialis
984 2410 995 2445 (
1017 2408 1033 2434 t
1056 2408 1068 2443 )
1092 2406 1197 2438 verbis
1216 2405 1233 2446 )
1256 2414 1378 2446 pateret

358 2454 493 2493 Cattis,
524 2451 720 2489 Germanis,
745 2450 862 2487 Dacis,
887 2449 1071 2485 Cilicibus,
1096 2450 1348 2490 Cappadocibus
1366 2471 1377 2487 ‚

363 2498 478 2537 Indis,
497 2494 643 2538 Judaeis‚
669 2496 730 2526 &c-
757 2493 834 2525 Una
859 2503 928 2525 tum
951 2493 1069 2525 Rornae
1092 2491 1200 2526 deerat
1234 2492 1341 2526 Natio
1363 2515 1377 2532 ,

362 2542 579 2577 Americana:
605 2547 746 2579 quacum
771 2537 828 2577 qui
849 2536 1082 2569 commercium
1104 2535 1201 2578 perse
1215 2560 1225 2577 ‚
1249 2545 1303 2569 aut
1321 2547 1376 2578 per

365 2587 447 2620 alios
470 2582 581 2616 saltem
616 2579 825 2619 habuissent,
848 2579 883 2611 in
906 2578 1016 2612 castris
1039 2579 1104 2611 illis
1128 2589 1193 2612 non
1216 2580 1374 2617 deerant3

361 2640 400 2664 ut
424 2627 506 2662 unde
529 2636 614 2659 nova
636 2635 704 2657 non
726 2622 918 2656 morborum
941 2622 1092 2655 cont-:etio
1115 2644 1128 2661 Β
1164 2622 1217 2658 sed
1251 2623 1317 2656 lues
1339 2624 1374 2656 in

360 2674 533 2713 Europam
559 2669 685 2702 venerit
702 2693 712 2708 ,
735 2666 960 2707 intelligatur.
986 2667 1113 2699 Verum
1126 2676 1192 2699 non
1218 2665 1317 2700 modo
1340 2667 1375 2701 in

364 2717 419 2751 his
434 2739 443 2753 ,
468 2713 520 2747 sed
542 2715 573 2746 &
597 2713 631 2745 in
657 2710 747 2744 facili
769 2710 916 2751 alioquin
941 2719 1098 2742 annorum
1123 2709 1163 2742 ab
1187 2721 1225 2742 eo
1248 2719 1375 2752 tempo-

361 2772 397 2794 re
421 2756 668 2793 numeratione,
694 2756 725 2787 &
748 2754 919 2786 meliorum
943 2751 1154 2786 Medicorum
1169 2752 1242 2786 inde
1266 2753 1305 2787 ad
1316 2764 1376 2786 no-

359 2805 460 2839 strum
483 2801 582 2843 usque
604 2808 709 2832 aevum
733 2797 869 2830 leffione
893 2807 1000 2838 parem
1035 2796 1272 2837 negligentiam
1306 2797 1376 2830 ani-

363 2846 566 2882 madvertas,
589 2843 646 2876 ubi
660 2851 737 2874 mox
749 2839 906 2881 scriptum
920 2839 964 2872 est
979 2860 989 2875 ‚
1012 2839 1099 2873 luem
1121 2840 1376 2882 Venereamjanz

363 2890 454 2924 ultra
478 2899 552 2930 300.
579 2896 675 2919 annos
691 2882 752 2927 suh
779 2882 840 2916 tali
861 2882 959 2916 titulo
970 2881 1147 2925 duraviffe,
1168 2883 1306 2925 nihilque
1328 2891 1375 2916 et-

362 2934 431 2967 iam
453 2932 488 2964 de
510 2930 629 2962 atrocia
644 2928 703 2970 sua
715 2924 879 2969 remzfiJse3
902 2925 1034 2968 quando
1057 2926 1140 2959 inter
1163 2937 1274 2961 omnes
1296 2938 1376 2960 con-

363 2976 447 3015 stat,
471 2973 728 3014 Neapolitanum
749 2971 831 3003 illud
855 2970 976 3003 bellum
987 2980 1053 3002 non
1077 2969 1209 3012 coepisle
1234 2979 1375 3004 antean-

365 3029 447 3053 num
474 3027 566 3060 1494.
589 3017 620 3048 δε
654 3018 693 3049 ab
706 3026 746 3048 eo
767 3024 865 3055 quem
878 3014 975 3056 paulo
989 3021 1060 3046 ante
1085 3012 1235 3052 laudavi,
1261 3013 1375 3048 Astru-

363 3064 422 3097 cio
444 3062 500 3104 (u
523 3063 537 3098 )
560 3067 611 3091 tot
636 3059 793 3091 Auetores
817 3057 1065 3098 producuntur,
1089 3057 1124 3090 in
1146 3056 1247 3100 iisque
1271 3057 1375 3100 plures

363 3107 446 3149 qui,
468 3113 504 3137 ut
538 3102 676 3136 celebres
698 3099 825 3134 Medici
856 3100 962 3136 fuere,
986 3101 1031 3133 ita
1064 3100 1099 3132 in
1130 3103 1278 3134 omnium
1311 3099 1375 3139 fere

366 3151 443 3185 sunt
474 3146 645 3186 manibus,
668 3154 811 3187 quorum
835 3142 1024 3177 testimonio
1048 3144 1179 3185 planum
1203 3144 1265 3185 fit,
1288 3143 1374 3178 hunc

365 3192 520 3228 morbum
556 3188 680 3223 fastum
703 3185 761 3220 esse
794 3188 951 3220 leviorem
975 3211 983 3219 .
1027 3186 1103 3221 Post
1125 3187 1217 3225 haec,
1239 3192 1270 3222 δε
1303 3188 1374 3230 post

370 3238 435 3271 alia
456 3245 528 3278 quae
551 3232 721 3266 brevitatis
744 3232 846 3273 gratia
869 3231 992 3263 omitto
1013 3252 1026 3269 ,
1059 3231 1093 3263 in
1119 3230 1234 3274 hisque
1266 3232 1377 3273 proxi-

367 3290 459 3313 mum
483 3277 577 3310 illum
601 3273 819 3318 aphorismum
832 3272 1098 3316 prognosticum,
1122 3274 1230 3308 Febris
1252 3274 1312 3307 Lm·
1323 3275 1377 3307 Ve-

370 3333 464 3356 nereae
480 3320 701 3363 superveniens
723 3316 865 3352 morbum
881 3317 982 3360 solvit
995 3340 1008 3357 ,
1033 3317 1098 3359 ipse
1131 3319 1292 3352 existimes
1325 3329 1377 3350 ve-

368 3367 429 3401 lim
447 3392 454 3405 ‚
478 3374 557 3397 num
579 3361 668 3396 istius
691 3362 795 3395 oculis
809 3384 822 3402 ,
843 3363 874 3394 δέ
896 3362 1077 3403 diligentiae
1100 3370 1227 3397 tantum
1253 3361 1377 3394 tribue-

366 3420 403 3444 re
427 3408 603 3452 poffimus‚
629 3416 664 3440 ut
686 3416 795 3439 omnes
817 3404 884 3446 eius
919 3403 1174 3439 Observationes
1205 3405 1290 3440 nihil
1325 3404 1376 3439 us-

364 3464 464 3496 quam
484 3450 689 3488 dubitantes,
715 3447 959 3491 haesitantesque
983 3449 1200 3491 accipiamus.·

415 3498 463 3531 16.
487 3496 577 3528 Cave
599 3493 730 3531 credas,
752 3492 821 3526 haec
846 3503 863 3525 a
887 3504 938 3526 me
961 3493 1026 3526 ulla
1051 3492 1112 3526 alia
1136 3492 1252 3534 causa,
1276 3503 1374 3536 quam

367 3542 436 3576 veri
469 3539 578 3573 studio
605 3563 616 3578 ‚
648 3536 687 3571 de
718 3536 863 3570 Auctore
895 3536 983 3570 dieta
1015 3535 1074 3570 esse
1107 3547 1209 3579 neque
1257 3535 1378 3580 injuria

692 157 849 213 Liber
884 158 975 212 1V.
1009 156 1096 210 De
1130 156 1326 213 Morbis
1362 156 1724 226 Chirurgic153
1757 158 1813 211 &
1848 154 2246 212 Universalibus

1439 233 1548 275 mihi,
1571 245 1676 277 neque
1697 232 1878 272 beneficio,
1903 233 1979 267 dum
1992 233 2137 270 viveret,
2159 234 2316 276 cognito,
2342 235 2444 268 &cu-

1438 277 1489 321 jus
1512 279 1598 312 libro
1631 277 1685 311 sua
1707 288 1838 320 quoque
1862 279 1946 311 bona
1967 275 2088 317 inesse,
2109 275 2195 311 haud
2228 287 2329 320 nego.
2356 277 2443 312 Noli

1437 332 1580 364 quaerere
1602 345 1615 362 ‚
1649 331 1728 353 num
1762 321 1796 352 in
1826 322 1951 356 ratione
1974 319 2029 353 illa
2051 320 2174 360 pariter
2192 330 2256 363 qua
2287 321 2441 356 morbum

1436 364 1523 398 hunc
1546 362 1607 398 esse
1630 363 1826 398 vincendum
1847 386 1858 401 ‚
1891 364 2028 398 docebat
2051 362 2065 397 ?
2096 363 2149 396 Ex
2168 374 2237 406 quo
2268 365 2355 397 enim
2385 363 2442 399 hic

1438 408 1577 441 Medicis
1601 408 1732 442 morbus
1766 409 1933 444 innotuit,
1957 407 2028 440 aliis
2061 406 2158 440 aliam
2190 406 2342 449 placuisse
2374 419 2443 442 rne-

1437 450 1532 485 dendi
1546 453 1724 491 rationem,
1747 451 1779 483 &
1803 461 1874 492 quae
1896 451 1977 484 olim
1990 450 2176 492 placuerat,
2198 450 2305 492 postea
2326 451 2441 486 iisdem

1438 494 1473 527 in
1499 495 1579 529 locis
1602 494 1662 528 esse
1683 494 1855 534 desertam,
1885 497 1916 527 &
1937 505 2009 535 quae
2031 492 2261 536 displicuerat,
2285 493 2436 529 substitu-

1437 547 1526 576 tam,
1549 538 1639 581 fiquo
1661 539 1696 570 in
1720 537 1785 570 alio
1807 558 1817 574 ,
1857 538 1891 569 in
1921 536 1984 571 hoc
2006 545 2094 570 certe
2117 536 2257 577 morbo,
2277 539 2440 572 neminem

1435 581 1532 616 credo
1556 580 1642 623 posse
1666 583 1837 624 ignorare5
1860 589 1895 614 ut
1919 578 2023 623 fiquid
2044 590 2130 614 nunc
2154 581 2256 622 magis
2291 581 2409 623 probes
2430 604 2441 623 ,

1436 635 1492 658 aut
1515 626 1703 666 improbes,
1728 623 1909 657 timendum
1932 623 1995 661 fit,
2018 635 2057 657 ne
2080 623 2136 656 alii
2168 631 2283 657 contra
2314 625 2440 668 impro-

1433 669 1534 707 bent,
1557 678 1612 701 aut
1636 668 1775 711 probent
1798 678 1863 700 non
1886 666 1985 701 modo
2008 678 2047 700 ex
2069 666 2219 710 posteris,
2244 677 2356 701 verum
2393 679 2441 704 et-

1432 713 1499 745 iam
1522 723 1561 745 ex
1583 712 1624 745 iis
1648 712 1705 754 qui
1737 721 1821 744 nunc
1855 711 1995 750 vivunt,
2018 712 2052 743 in
2086 719 2176 744 tanta
2208 710 2440 747 sententiarum

1433 754 1677 795 mutabilitate,
1700 757 1731 788 &
1753 753 1956 788 diverfitate.
1979 755 2030 787 De
2043 754 2167 787 duobus
2190 756 2277 787 enim
2299 755 2439 788 celebra-

1432 799 1557 833 tiffimis
1583 798 1729 833 adversus
1751 797 1833 832 hanc
1848 797 1935 830 luem
1957 798 2112 836 auxiliis,
2132 796 2297 841 decofio,
2318 807 2355 831 ut
2380 810 2442 832 vo-

1430 852 1506 877 cant
1531 843 1697 884 lignorum
1718 863 1729 880 ,
1763 845 1796 875 &
1829 840 2038 883 hydrargyro
2068 850 2152 883 quot
2189 842 2300 882 vigent
2333 841 2439 879 adhuc

1430 884 1658 921 dissenfiones?
1680 896 1738 919 nec
1761 885 1865 919 solum
1888 893 1996 918 utrum
2031 885 2099 918 utri
2121 884 2160 918 sit
2183 883 2439 929 praeferendum‚

1431 930 1483 964 sed
1519 940 1594 963 cum
1628 929 1818 962 alterutrum
1864 928 2042 970 praetuleris
2062 949 2073 965 ,
2115 938 2179 969 qua
2210 926 2274 964 hoc
2308 929 2437 964 ratione

1431 975 1473 1011 fit
1496 972 1714 1007 adhibendum
1738 995 1748 1005 .
1780 970 1919 1005 Constat
1953 979 2061 1004 autem
2084 992 2095 1008 ‚
2126 973 2211 1004 inter
2242 972 2309 1014 ipsa
2342 972 2439 1015 hujus

1431 1018 1540 1051 morbi
1563 1018 1658 1049 initia
1681 1015 1906 1055 mercuriales,
1937 1026 2017 1056 quas
2048 1014 2164 1049 dicunt
2183 1037 2196 1054 ‚
2230 1015 2435 1051 inunffiones

1431 1062 1465 1094 in
1488 1060 1579 1094 usum
1604 1061 1723 1093 tra‹.0tas
1744 1058 1856 1092 fuisse.-
1880 1058 1996 1091 deinde
2019 1069 2098 1091 vero
2119 1060 2158 1091 iis
2182 1059 2437 1101 praelataligno-

1432 1115 1504 1138 rum
1527 1103 1680 1137 decossa:
1705 1101 1812 1146 postea
1835 1102 2031 1137 mercurium
2064 1101 2252 1135 sumendum
2282 1102 2396 1136 datum
2419 1114 2434 1143 ;

1430 1159 1487 1180 nec
1511 1155 1678 1189 propterea
1702 1148 1865 1188 lignorum
1889 1146 2020 1179 decocta
2044 1146 2089 1178 ita
2111 1144 2302 1183 exolevisse,
2326 1155 2363 1180 ut
2398 1148 2433 1179 in

1429 1190 1620 1233 quibusdam
1645 1190 1822 1232 praesertim
1853 1188 2056 1223 Civitatibus
2088 1200 2152 1222 non
2184 1191 2432 1227 retinerentur3

1428 1236 1496 1267 imo
1510 1255 1520 1270 ‚
1542 1232 1663 1274 rejecfiso
1685 1233 1812 1275 prorsus
1834 1241 1973 1275 utroque
1997 1232 2238 1271 mercuriiusu,
2261 1233 2327 1275 ipsa
2337 1233 2433 1267 dum-

1429 1286 1520 1312 taxat
1544 1276 1663 1310 servata
1687 1285 1800 1316 erant,
1823 1275 1924 1310 donec
1936 1275 2066 1310 tandem
2089 1276 2127 1309 ad
2140 1277 2329 1310 alterutram
2347 1288 2434 1310 mer-

1428 1322 1512 1356 curii
1537 1319 1712 1354 adhibendi
1735 1321 1913 1358 rationem,
1939 1320 1996 1354 ubi
2029 1319 2096 1352 lues
2128 1319 2260 1361 gravior
2292 1320 2434 1357 decokiis

1428 1376 1494 1399 non
1531 1364 1659 1398 cederet
1681 1387 1694 1404 ,
1724 1364 1761 1396 in
1795 1363 1909 1396 iisdem
1939 1363 2145 1396 Civitatibus
2178 1363 2322 1397 reditum
2353 1363 2400 1397 est
2425 1388 2433 1395 .

1429 1408 1572 1443 Memini
1596 1429 1605 1445 ‚
1637 1419 1712 1442 cum
1735 1417 1795 1449 ego
1820 1406 2072 1440 adolescentulus
2105 1407 2286 1440 Bononiam
2321 1409 2400 1450 petii
2425 1431 2437 1448 ,

1430 1451 1529 1496 usque
1553 1451 1631 1485 adeo
1664 1451 1727 1493 jam
1749 1450 1912 1485 desertum
1936 1458 2111 1493 utrumque
2133 1452 2283 1484 mercurii
2308 1451 2399 1485 usum
2422 1475 2437 1490 ‚

1428 1505 1466 1529 ut
1489 1497 1579 1529 annis
1601 1495 1679 1528 oeto
1700 1506 1782 1537 quos
1816 1495 1866 1528 ibi
1890 1494 2066 1530 Medicinae
2090 1495 2195 1528 studio
2229 1495 2330 1528 tribui
2353 1517 2364 1533 ,
2396 1506 2435 1528 ne

1429 1550 1530 1573 unum
1552 1538 1684 1581 quidem
1707 1534 1884 1572 audiverim
1908 1537 2099 1577 Medicum,
2122 1537 2240 1571 nedum
2263 1538 2400 1571 viderim
2423 1561 2435 1577 ,

1429 1583 1582 1616 alterutra
1616 1583 1742 1615 ratione
1775 1590 1944 1618 utentem,
1967 1583 2086 1615 mirum
2109 1582 2143 1613 in
2166 1592 2202 1614 ea
2227 1581 2374 1616 Civitate
2399 1582 2435 1615 in

1427 1638 1491 1670 qua
1515 1626 1595 1658 olim
1615 1624 1773 1658 floruisset
1793 1624 1937 1668 Jacobus
1960 1624 2171 1666 Berengarius
2204 1625 2396 1669 Carpensis,
2419 1637 2437 1658 a

1428 1683 1445 1705 a
1470 1669 1653 1702 mercuriali
1677 1669 1869 1701 inunfflone
1891 1667 1995 1703 clarus
2016 1690 2028 1707 ‚
2062 1679 2160 1710 quarn
2192 1669 2279 1702 inter
2313 1670 2436 1711 primos

1428 1713 1571 1746 excoluit
1587 1733 1597 1749 ‚
1622 1710 1753 1744 fortasse
1775 1713 1896 1750 etiarn,
1921 1720 1957 1745 ut
1969 1712 2114 1754 plerique
2138 1711 2287 1751 censent,
2310 1714 2435 1754 primus

1427 1756 1649 1796 excogitavit:
1672 1763 1763 1800 certe·
1786 1753 1809 1787 fi
1845 1755 1935 1787 annis
1968 1755 2097 1797 aliquot
2130 1763 2199 1788 erat
2232 1765 2327 1789 natus
2362 1765 2435 1789 ante

1425 1802 1469 1833 A.
1495 1801 1587 1840 1467.
1613 1799 1701 1840 quod
1734 1808 1802 1839 ejus
1825 1797 1936 1837 locus,
1961 1809 1978 1829 a
2001 1809 2050 1831 me
2082 1796 2162 1832 alibi
2193 1800 2249 1836 (x
2270 1803 2283 1837 )
2314 1797 2435 1840 produ-

1426 1843 1520 1883 ἃιιε,
1541 1841 1683 1875 indicare
1708 1840 1856 1876 videtum
1880 1851 1913 1873 ea
1936 1850 2003 1874 erat
2026 1849 2119 1875 aetate
2140 1851 2215 1875 cum
2237 1841 2304 1875 lues
2327 1842 2436 1875 Vene-

1429 1897 1481 1919 rea
1507 1886 1650 1927 primum
1675 1885 1710 1917 in
1734 1885 1866 1926 Europa
1889 1886 2023 1926 cognita
2046 1883 2109 1923 est,
2135 1893 2171 1918 ut
2195 1884 2246 1918 vel
2270 1887 2356 1918 inter
2378 1886 2437 1919 illa

1427 1930 1531 1974 prima
1554 1929 1652 1960 initia
1674 1928 1708 1961 id
1731 1927 1895 1961 instituere
1908 1929 2054 1970 potuerit
2069 1951 2077 1961 .
2101 1928 2237 1968 Quanto
2248 1937 2355 1963 autem
2379 1938 2437 1961 an-

1433 1983 1486 2007 tea
1509 1983 1605 2015 quam
1628 1970 1694 2013 ipse
1719 1970 1903 2004 Bononiam
1926 1972 2029 2011 irem,
2052 1972 2230 2005 mercurius
2265 1975 2297 2005 &
2331 1972 2438 2014 suspe-

1430 2017 1502 2050 &us
1527 2015 1611 2054 esse,
1633 2017 1665 2047 δε
1688 2025 1816 2057 perraro
1841 2015 1887 2047 ibi
1910 2014 2056 2048 adhiberi
2079 2014 2249 2057 coepisset3
2272 2024 2307 2049 ut
2343 2024 2438 2049 vetu-

1430 2060 1538 2093 stiores
1560 2058 1714 2101 quosdam
1738 2068 1776 2090 ex
1798 2057 2052 2091 Bononiensibus
2064 2058 2281 2100 Scriptoribus
2305 2068 2438 2100 praeter-

1431 2104 1590 2139 mittam3
1615 2100 1689 2134 satis
1711 2100 1849 2135 ostendit
1873 2101 2030 2134 Claudini
2060 2100 2222 2143 empirica
2256 2101 2438 2142 Rationalis

1432 2147 1487 2188 (y
1510 2149 1546 2186 ),
1568 2145 1626 2178 ubi
1648 2145 1686 2178 de
1709 2144 1904 2187 hydrargyri
1929 2144 2090 2178 utrolibet
2113 2144 2171 2178 usu
2193 2166 2203 2182 ,
2237 2156 2303 2179 non
2335 2146 2438 2179 modo

1430 2189 1470 2224 de
1494 2188 1680 2231 perniciofis
1704 2187 1843 2230 saepius,
1866 2187 2005 2230 ideoque
2027 2187 2082 2222 hic
2104 2199 2121 2221 a
2144 2199 2194 2222 me
2206 2199 2246 2223 ne
2260 2189 2438 2222 nominatis

1430 2233 1561 2276 quidem
1578 2257 1587 2272 ,
1609 2243 1650 2264 ex
1672 2244 1709 2265 eo
1732 2230 1892 2265 suffitibus
1914 2231 2009 2265 verba
2032 2230 2137 2266 fiunt.
2170 2232 2302 2272 Qibus
2333 2233 2437 2274 igitur

1431 2274 1704 2311 Praesiantiffimos
1737 2275 1810 2309 illos
1844 2275 1992 2309 Medicos
2024 2275 2154 2313 vidisti,
2176 2276 2313 2317 inquis,
2336 2287 2438 2309 reme-

1429 2321 1493 2353 diis
1516 2327 1641 2352 utentes
1661 2328 1776 2352 contra
1800 2319 1978 2352 Veneream
2003 2318 2112 2352 luem?
2137 2319 2311 2353 Nimirum
2336 2321 2434 2353 deco-

1430 2364 1493 2397 &is
1516 2362 1578 2396 sive
1603 2362 1813 2404 pervulgata,
1837 2361 1936 2405 idque
1959 2362 2207 2405 utplurimum,
2230 2365 2358 2398 ratione
2379 2363 2437 2396 da—

1428 2408 1494 2445 tis,
1519 2405 1582 2439 five
1607 2407 1666 2439 alia
1690 2416 1788 2447 quam
1813 2405 1993 2446 Valsalvae,
2018 2418 2075 2440 nec
2100 2417 2193 2445 raro,
2218 2408 2253 2439 in
2276 2407 2332 2440 usu
2356 2405 2438 2440 fuis-

1429 2450 1458 2483 se
1482 2472 1494 2489 ,
1527 2448 1595 2482 vidi
1619 2472 1627 2479 .
1661 2449 1751 2483 Cum
1783 2450 1868 2483 enirn
1892 2449 2048 2491 quosdam
2071 2449 2346 2484 animadvertisset
2370 2462 2437 2483 ma-

1428 2503 1526 2536 gnam
1551 2492 1676 2526 decoffi
1700 2493 1789 2526 illius
1813 2494 1881 2526 virn
1904 2493 2044 2527 feliciter
2076 2494 2315 2537 ingurgitantes
2345 2493 2437 2536 quod

1427 2538 1559 2579 Aquam
1594 2536 1766 2569 Stibiatam
1791 2562 1802 2577 ‚
1834 2536 1898 2569 five
1922 2539 2052 2580 Aquam
2074 2536 2154 2579 Corsi
2186 2538 2334 2571 vocitant
2357 2548 2369 2575 3
2400 2539 2435 2570 in

1428 2588 1569 2613 mentem
1593 2579 1653 2612 fibi
1671 2579 1811 2619 venisse,
1833 2579 1957 2621 ajebat,
1980 2581 2090 2615 eadem
2114 2581 2162 2614 uti
2185 2580 2270 2614 haud
2293 2580 2386 2613 aliter
2399 2592 2435 2614 ac

1427 2621 1639 2658 thermalibus
1651 2624 1742 2664 aquis
1766 2622 1902 2657 solemus
1920 2647 1928 2655 .
1951 2625 2064 2666 Itaque
2088 2622 2205 2657 dedisse
2229 2624 2371 2666 primum
2395 2623 2434 2657 ad

1427 2665 1528 2704 duas,
1551 2665 1656 2701 tresve
1677 2667 1801 2704 libras,
1825 2666 2112 2701 animadvertendo
2136 2691 2146 2707 ,
2180 2678 2219 2700 an
2242 2664 2335 2700 facile
2357 2688 2369 2705 ,
2402 2669 2434 2700 δε

1426 2720 1481 2752 per
1503 2711 1657 2748 vesicam,
1682 2720 1747 2742 non
1771 2720 1827 2751 per
1850 2709 2000 2743 intestina
2027 2732 2039 2749 ,
2068 2719 2123 2743 aut
2156 2719 2289 2749 cutem,
2312 2719 2349 2743 ut
2372 2709 2434 2742 ali-

1425 2754 1580 2795 quando,
1602 2752 1805 2787 redderetur.
1831 2753 1921 2786 Nam
1943 2752 1966 2786 fi
1992 2763 2057 2788 non
2080 2752 2176 2787 facile
2201 2775 2210 2791 ‚
2244 2763 2298 2788 aut
2329 2753 2351 2786 fi
2377 2764 2433 2794 per

1426 2795 1482 2834 has
1506 2797 1584 2831 duas
1606 2797 1709 2830 exiret
1731 2796 1798 2829 vias
1822 2810 1831 2834 ;
1864 2795 2014 2830 destitisse
2037 2822 2046 2829 .
2080 2797 2137 2830 Sin
2161 2796 2278 2836 facile,
2303 2799 2336 2830 δε
2358 2805 2432 2830 tan-

1426 2849 1499 2874 tum
1522 2842 1687 2884 perurinae
1710 2840 1773 2872 iter
1796 2839 1967 2883 prodiret5
1990 2840 2142 2880 postridie
2164 2840 2309 2883 pondus,
2333 2841 2365 2872 δι
2388 2840 2432 2874 sic

1426 2885 1549 2926 magis,
1573 2884 1736 2927 magisque
1758 2883 1794 2917 in
1816 2883 1883 2917 dies
1906 2882 2024 2917 auxisse
2047 2884 2149 2917 donec
2185 2885 2369 2926 perveniret
2391 2884 2431 2917 ad

1427 2928 1525 2961 libras
1546 2930 1678 2961 decem.
1701 2928 1752 2960 Sic
1776 2937 1881 2961 autem
1893 2927 2054 2966 multum,
2078 2928 2210 2970 citoque
2234 2925 2431 2968 profecisse3

1428 2979 1464 3004 ut
1488 2969 1661 3014 aliquando
1692 2971 1778 3004 intra
1799 2980 1885 3008 tres,
1910 2970 1995 3003 haud
2027 2972 2187 3012 amplius,
2209 2970 2275 3005 dies
2309 2968 2430 3004 vetusta

1426 3015 1534 3049 ulcera
1559 3015 1682 3052 sanari,
1706 3013 2047 3056 gummatadeprimi‚
2066 3024 2102 3048 ut
2125 3016 2159 3046 in
2183 3015 2306 3056 Equite
2328 3024 2429 3056 quem

1425 3058 1508 3092 mihi
1531 3059 1738 3097 nominavit,
1760 3056 1972 3099 conspexisset
1995 3081 2004 3089 .
2037 3059 2083 3091 Et
2105 3065 2192 3091 certe
2214 3068 2249 3090 ea
2283 3056 2433 3104 medendi

1425 3103 1552 3135 ratione
1595 3102 1665 3135 vidi
1708 3100 1776 3142 ipse
1819 3100 2022 3142 persanatam
2055 3101 2223 3135 mulierem
2258 3111 2331 3142 quae
2362 3111 2430 3142 jam

1425 3146 1593 3178 biennium
1617 3156 1747 3179 venerea
1781 3145 1885 3178 ulcera
1919 3145 2119 3187 pertulerat,
2143 3154 2297 3186 magnum
2329 3155 2430 3180 unum

1424 3191 1458 3222 in
1490 3189 1591 3222 altero
1623 3199 1706 3230 genu
1730 3209 1740 3224 ‚
1772 3189 1835 3220 tria
1868 3197 1977 3222 autem
2002 3213 2013 3229 ‚
2046 3199 2084 3220 an
2129 3196 2271 3229 quatuor
2301 3188 2337 3221 in
2373 3199 2430 3230 pa-

1426 3233 1519 3272 lato,
1541 3243 1638 3274 parva
1667 3230 1800 3275 quidem
1826 3252 1835 3268 ‚
1866 3230 1919 3266 sed
1939 3243 1993 3273 per
2027 3243 2098 3274 quae
2135 3240 2243 3264 tamen
2273 3231 2428 3266 alimenta

1427 3288 1467 3310 ex
1499 3287 1554 3309 ore
1587 3277 1620 3308 in
1666 3285 1755 3308 nares
1799 3276 1890 3317 gravi
1933 3286 2008 3310 curn
2058 3273 2269 3309 incommodo
2313 3275 2426 3308 transi-

1427 3329 1499 3353 rent
1521 3341 1535 3358 ,
1579 3319 1721 3361 itemque
1756 3318 1944 3360 generosum
1985 3318 2106 3352 Virum
2129 3340 2141 3356 ,
2171 3318 2277 3352 civem
2317 3323 2428 3354 meum*

1427 3364 1481 3397 cui
1514 3373 1553 3395 ex
1575 3362 1681 3395 eadem
1713 3361 1803 3401 causa
1838 3361 2085 3406 hypogastrium
2107 3383 2120 3401 ,
2150 3364 2182 3395 &
2214 3359 2337 3394 femora
2361 3363 2423 3395 late

1427 3415 1542 3442 erant,
1568 3406 1717 3447 foedeque
1740 3406 1921 3440 exulcerata
1955 3431 1963 3438 .
1996 3405 2082 3449 Qae
2112 3415 2186 3439 cum
2217 3405 2303 3438 intra
2340 3403 2424 3447 ipsos

1427 3450 1609 3492 potationis
1642 3449 1712 3483 dies
1745 3452 1974 3493 contingerent
2005 3460 2016 3487 ς
2057 3448 2131 3482 illos
2164 3445 2265 3481 adesse
2302 3447 2422 3481 voluis-

1432 3493 1499 3527 sem
1524 3516 1534 3530 ,
1567 3494 1626 3536 qui
1660 3503 1792 3543 propter
1827 3496 1962 3529 celerem
2000 3503 2124 3535 magnae
2148 3491 2361 3525 thermaliurn
2388 3503 2424 3524 a·

1434 3546 1573 3580 quatum
1616 3547 1720 3579 coprae
1761 3548 1817 3580 per
1861 3535 1996 3571 vesicam
2042 3537 2261 3572 excretionem
2302 3557 2314 3575 ,
2353 3533 2422 3608 Plias

2286 3588 2380 3619 qua-

511 3697 546 3718 De
564 3697 622 3719 Ext.
637 3696 707 3719 Tati.
725 3697 839 3724 Organa.

425 3695 500 3754 {ij}
517 3726 592 3753 Epist.
610 3728 687 3751 Anat.
703 3730 728 3751 6.
747 3734 772 3750 a.
791 3733 811 3750 ι.
828 3727 853 3750 in
870 3725 912 3750 fin.
972 3727 986 3756 (
1000 3733 1018 3756 y
1034 3725 1083 3755 31.
1101 3730 1123 3752 ί.
1141 3727 1164 3750 S.
1182 3732 1204 3749 ι.
1223 3730 1254 3752 tr.
1272 3734 1295 3752 ι.
1310 3732 1328 3750 c·
1348 3733 1372 3754 3.

902 3695 947 3725 (s
961 3697 969 3726 J
984 3696 1020 3719 De
1038 3695 1121 3720 Morb.
1136 3697 1221 3719 Vener.
1239 3694 1256 3719 l.
1277 3703 1295 3721 1.
1313 3702 1335 3718 c.
1354 3701 1374 3718 1.
1392 3696 1413 3720 δι
1429 3694 1493 3725 seqq.

1557 3695 1565 3724 (
1586 3700 1597 3718 t
1613 3694 1624 3726 )
1639 3693 1656 3718 l.
1676 3702 1699 3724 7.
1716 3693 1799 3726 Epigr-
1815 3701 1856 3725 ²9·
1916 3694 1928 3726 (
1943 3703 1960 3719 u
1981 3693 2025 3726 )1.
2041 3693 2085 3721 eit.
2101 3701 2125 3721 Ι.
2139 3701 2162 3720 c.
2181 3702 2218 3724 ια.
