2498 4075
305 238 457 306 Epist.
492 236 665 291 Anat(
685 236 900 292 Medica
935 234 1137 291 xuxi
1152 234 1275 288 Art.
1293 250 1372 289 22.
1391 249 1466 306 23·
1484 246 1564 298 24⁶
1585 233 1739 297 6125.
1773 243 1777 246 ⁴

49 315 119 360 jam
141 313 296 360 defundis
312 317 330 359 )
353 317 468 363 copiose
478 327 547 351 cum
568 316 660 350 urina
671 316 766 357 minei
779 338 788 353 ‚
813 314 958 358 scripsit,
983 314 1055 350 nul·-

53 358 86 393 la
107 357 159 394 vel
179 360 324 402 praesente
339 386 347 401 ‚
368 360 420 396 vel
438 360 599 403 praeterita
622 358 911 398 etiamnephritide
936 383 944 392 .
969 360 1055 393 Gra-

51 403 124 437 dius
149 414 224 436 vero
245 404 325 438 olim
347 405 500 439 docuerat
523 425 532 440 ‚
568 413 673 436 arenas
695 412 840 444 apparere
862 401 895 437 in
917 401 1054 438 declina-

52 447 134 482 tione
151 444 313 490 febrium,
337 448 380 483 εἴα·
402 446 462 488 post
483 446 589 487 longas
604 443 711 488 febres
734 457 741 478 ε
766 445 917 485 distingui
944 452 1053 479 autem

53 489 94 524 ab
117 490 181 523 illis
204 502 274 531 quae
299 488 475 533 significant
499 490 638 523 calculos
655 510 663 525 ‚
686 488 829 530 quoniam
846 487 874 530 fi
890 485 1053 530 fricentur

53 533 166 576 digitis
197 534 419 574 comprimendo
443 558 452 573 ,
479 530 578 577 [παῖε
600 531 806 575 dissolvuntur
828 555 836 564 .
867 533 966 565 Porro
988 540 1050 572 ego

52 588 116 612 non
143 580 175 610 in
201 574 342 611 febribus
366 578 468 612 solum
489 601 499 615 ,
530 576 591 609 sive
614 575 710 609 essent
735 585 837 610 vernae
857 598 866 614 ‚
890 582 944 607 aut
969 574 1053 608 aesti-

52 632 122 660 νε,
147 620 208 654 sive
232 620 450 659 autumnales,
475 627 527 653 aut
542 618 703 654 hvemales
722 639 731 655 ‚
756 616 1053 653 fiveintermitten-

52 674 122 702 tes,
148 664 209 698 live
232 665 395 698 continuae
419 688 426 701 ,
450 664 513 697 live
537 663 681 705 benignae
702 686 712 700 ‚
743 660 805 696 five
831 662 978 704 malignae
1005 658 1054 694 vel

49 721 123 744 cum
149 707 299 749 peticulis
321 706 461 748 junetae,
488 710 551 741 sive
576 708 658 741 inter
682 705 749 738 illas
773 705 907 743 medice,
932 714 986 737 aut
1007 705 1055 737 in-

51 757 179 788 terdum
205 749 384 789 levrffimae,
407 749 591 790 diuturne,
614 759 667 785 aut
690 749 822 786 breves,
846 748 908 782 sive
931 748 963 780 in
977 759 1054 789 pue-

50 797 118 835 ris,
140 804 193 829 aut
218 793 468 828 adolescentibus
487 819 495 832 ,
518 791 581 828 sive
603 795 636 826 in
662 793 740 825 viris
761 816 772 833 ‚
792 790 855 825 sive
880 794 911 824 in
939 791 1053 824 mulie-

49 840 159 875 ribus,
184 839 213 871 &
238 836 289 871 his
315 835 488 879 aliquando
511 836 608 869 etiam
632 835 893 879 praegnantibus,
917 833 980 869 sive
998 835 1053 867 de-

51 892 140 917 mum
172 891 208 913 ex
233 879 506 922 frequentioribus
537 879 635 913 causis
657 880 739 912 ortae'
763 903 771 917 ,
805 877 866 911 five
890 877 1053 911 interdurn

51 937 92 961 ex
117 924 348 965 singularibus,
374 932 409 957 ut
432 934 471 957 ex
493 925 619 964 ingesto
643 921 792 955 erodente
816 932 961 960 veneno;
980 931 1051 954 non

53 969 154 1004 solum
178 989 187 1003 ,
222 969 352 1010 inquam
376 988 386 1004 ,
411 967 444 1000 in
468 964 633 1002 febribus,
657 976 767 999 verum
791 966 890 998 etiam
914 966 946 997 in
971 974 1051 997 non-

51 1012 150 1047 nullis
172 1011 246 1046 aliis
268 1011 412 1050 morbis,
435 1022 450 1043 a
475 1009 555 1045 febri
582 1008 734 1051 sejunctis
757 1033 766 1047 ‚
800 1010 832 1040 &
856 1009 1052 1042 nominatim

50 1059 85 1090 in
116 1055 233 1096 capitis
256 1055 377 1090 acerbis
400 1053 566 1087 doloribus
587 1074 596 1089 ‚
628 1054 659 1087 &
682 1051 887 1093 apopleeticis
917 1049 1054 1094 quibus-

49 1099 124 1135 dam
150 1096 318 1136 affectibus
340 1121 351 1136 ,
385 1107 614 1139 nonnunquam
639 1097 736 1129 etiam
761 1094 913 1130 senilibus
942 1117 951 1132 ,
985 1094 1055 1128 ani-

48 1141 209 1177 madverti
230 1163 239 1178 ,
275 1140 531 1183 quotiescunque
554 1140 620 1174 istae
645 1139 781 1173 arenulae
805 1149 1021 1179 apparuerunt
1044 1160 1053 1175 ,

48 1186 162 1229 saepius
182 1184 314 1227 quidem
338 1183 454 1218 febrim
482 1205 492 1221 ,
524 1192 578 1218 aut
603 1183 752 1218 morbum
782 1180 875 1217 fuisse
899 1191 952 1217 aut
976 1180 1054 1215 fini-

47 1238 121 1263 tum
137 1249 146 1266 ‚
170 1237 222 1261 aut
249 1227 302 1260 fini
329 1230 515 1271 proximum
539 1249 548 1264 ‚
572 1226 621 1260 sed
646 1225 729 1260 baud
756 1237 829 1259 raro
852 1234 957 1259 tamen
981 1235 1055 1258 cum

50 1273 100 1308 vel
124 1272 282 1306 declinare
305 1271 441 1306 necdum
464 1269 633 1312 coepisset,
659 1271 728 1306 vel,
751 1268 772 1302 fi
795 1267 941 1309 coepisset
958 1290 966 1304 ,
990 1279 1056 1302 non

49 1318 95 1351 ita
129 1314 295 1350 manifest-i
317 1314 475 1349 declinare
509 1322 652 1357 pergeret
673 1336 682 1351 ‚
717 1321 753 1347 ut
783 1310 918 1346 dubium
951 1311 1055 1345 adhuc

49 1368 199 1395 eventum
224 1359 325 1399 magis
347 1369 445 1403 quam
459 1358 593 1394 veliem,
616 1368 680 1390 non
693 1356 906 1398 relinqueret.
931 1356 1056 1397 Qem.

48 1403 225 1437 admodum
250 1412 357 1437 aurern
381 1403 414 1436 in
439 1402 545 1435 morbi
580 1400 668 1440 fine,
691 1410 745 1435 aut
769 1401 803 1433 in
837 1399 1053 1434 declinatione

48 1446 115 1490 jam
138 1456 224 1483 certa
245 1470 255 1486 ‚
286 1448 317 1479 δι
341 1449 374 1478 in
397 1444 464 1479 dies
489 1443 605 1487 majori
630 1442 711 1477 faeta
736 1452 855 1476 naturae
882 1443 1054 1478 vistoriam

48 1489 310 1527 confirmarunt5
334 1488 375 1522 fic
399 1499 472 1523 ante
496 1487 724 1522 declinationis
748 1488 880 1519 initium
907 1510 915 1525 ‚
941 1495 996 1519 aut
1021 1487 1055 1520 in

46 1535 145 1568 dubia
178 1533 282 1568 adhuc
305 1531 522 1566 declinatione
558 1531 690 1565 eandem
716 1529 886 1563 victoriam
922 1540 955 1562 ut
983 1529 1055 1571 plu-

49 1579 171 1612 rimum
196 1576 429 1621 portenderunt
456 1590 464 1613 ;
496 1586 637 1617 namque
673 1583 726 1607 aut
751 1573 882 1607 morbus
916 1570 1056 1607 feliciter

51 1624 188 1655 omnino
211 1619 324 1657 defiit,
351 1629 428 1656 aut,
451 1617 474 1651 si
497 1619 638 1651 recidiva
663 1616 768 1651 secuta
792 1616 855 1653 est,
880 1628 914 1649 ea
928 1617 1030 1650 levior
1046 1641 1056 1656 ,

49 1665 245 1707 breviorque
268 1661 332 1696 fuit
357 1685 365 1694 .
389 1662 489 1695 Semel
514 1662 682 1695 dumtaxat
707 1684 717 1700 ,
749 1658 838 1702 quod
863 1659 901 1694 ad
923 1669 955 1694 te
978 1659 1056 1693 alias

49 1713 103 1753 (y
126 1711 137 1748 )
163 1705 271 1749 scripsi
290 1729 299 1744 ,
325 1704 464 1747 hydropi
490 1708 544 1747 qui
570 1704 688 1738 febrim
712 1713 880 1744 exceperat
904 1725 913 1739 ,
947 1702 1055 1737 soluto

47 1751 156 1785 morbi
179 1751 235 1784 alii
259 1760 371 1792 graves
393 1773 404 1789 ,
426 1759 529 1791 neque
552 1750 597 1782 ita
620 1749 731 1781 breves
753 1768 766 1785 ,
800 1745 852 1781 sed
876 1749 900 1779 ii
924 1758 1055 1789 quoque

46 1793 222 1837 ejusmodi,
246 1803 282 1827 ut
306 1805 345 1827 ex
367 1794 407 1826 iis
431 1802 512 1834 aeger
535 1790 788 1826 convalesceret,
812 1789 1020 1823 succeslerunt
1043 1814 1054 1823 .

45 1842 94 1873 At
127 1838 221 1873 semel
243 1838 379 1871 omnino
409 1836 486 1877 :egri
508 1836 661 1870 interitus
686 1845 724 1867 ex
755 1835 936 1868 autumnali
962 1835 1056 1866 mali-

44 1893 107 1925 gna
128 1881 233 1917 febri,
257 1891 352 1924 quem
366 1888 427 1922 ego
450 1889 551 1923 neque
562 1888 656 1917 ante,
680 1888 734 1910 nec
757 1876 824 1919 post
848 1877 942 1911 illurn
955 1888 1056 1911 unum

47 1926 135 1961 diem
157 1921 274 1962 invisi,
300 1933 336 1958 ut
358 1921 520 1959 febrisne,
543 1933 581 1956 an
606 1930 774 1962 peccatum
800 1922 923 1963 aliquid
949 1920 1055 1961 postea

46 1978 101 2004 aut
124 1968 164 2003 ab
187 1966 279 2010 ipso,
306 1974 361 2000 aut
387 1965 427 1998 ab
450 1964 673 2007 assidentibus,
698 1972 752 1998 aut
776 1975 791 1996 a
814 1964 945 1997 Medico
967 1966 1056 1996 occi.

10 2030 16 2033 -
45 2013 152 2053 derit,
171 2023 232 2054 pro
254 2020 343 2044 certo
366 2007 527 2046 nesciam,
551 2019 587 2043 ut
612 2018 712 2050 neque
726 2017 764 2039 an
789 2018 889 2040 arenae
912 2006 975 2039 illae
1000 2017 1055 2040 to-

45 2067 82 2092 to
104 2055 211 2090 morbi
234 2063 382 2096 tempore
403 2049 534 2086 fuissent
557 2077 566 2092 ‚
590 2062 629 2085 an
652 2062 693 2084 eo
718 2050 860 2092 primum
881 2050 934 2084 die
957 2061 1056 2092 appa-

45 2098 200 2134 ruissent.
224 2097 343 2140 Neque
358 2096 454 2135 ¹enirn
474 2094 515 2129 de
538 2097 577 2129 iis
599 2095 718 2136 loquor
741 2102 812 2135 quae
838 2094 976 2135 semper,
1004 2094 1055 2128 sed

45 2144 85 2179 Ge
119 2144 160 2177 iis
183 2150 310 2176 tantum
341 2151 412 2182 quae
446 2141 560 2181 vigore
594 2138 702 2170 morbi
733 2139 771 2170 ad
803 2138 1053 2171 declinationen

47 2187 114 2232 jam
148 2185 317 2221 accedente
339 2207 348 2223 ,
379 2191 434 2216 aut
456 2181 515 2215 hac
540 2180 692 2215 inchoata
714 2201 723 2216 ,
761 2180 789 2213 se
813 2180 948 2223 prodere
971 2181 1055 2214 inci-

46 2234 142 2275 piunt
173 2227 359 2263 adhaerentes
375 2224 551 2269 superficiei
574 2248 586 2266 ,
619 2234 654 2257 ut
680 2222 823 2257 Gradius
854 2228 867 2264 (
892 2236 916 2267 z
932 2224 949 2265 )
974 2227 1017 2256 ait
1044 2250 1053 2264 ,

48 2272 181 2309 urinalis
205 2283 214 2311 3
238 2282 303 2305 non
326 2270 442 2309 urinae,
467 2279 503 2302 ut
527 2270 561 2302 in
585 2267 793 2308 Sepulchreto
818 2270 833 2307 (
856 2269 908 2309 a)
933 2268 1054 2301 descri-

49 2327 144 2361 ptum
168 2317 251 2356 leges
274 2337 286 2354 ‚
319 2312 375 2347 ubi
398 2322 438 2345 ne
471 2311 553 2345 liber
577 2312 710 2355 quidem
735 2313 767 2344 in
791 2322 856 2354 quo
884 2311 950 2344 haec
977 2310 1055 2345 scri-

49 2360 113 2405 psit
131 2382 140 2398 ,
162 2359 324 2393 indicatur
348 2380 355 2387 .
380 2355 510 2397 Nempe
534 2355 653 2389 lotium
677 2355 710 2387 in
734 2355 884 2396 praeclara
910 2356 980 2388 luce
1003 2355 1054 2387 in.

50 2404 185 2449 spiciens
209 2425 218 2440 ,
252 2399 485 2436 animadvertes
508 2400 617 2433 vitreae
657 2398 783 2431 macule
806 2398 963 2432 lateribus
990 2408 1051 2431 are-

49 2449 141 2483 nulas
163 2455 274 2480 tenues
298 2442 495 2477 adhaerentes
516 2465 528 2482 ,
564 2451 798 2482 nonnunquam
823 2452 929 2477 tamen
962 2441 1054 2475 simul

51 2494 86 2525 in
109 2491 209 2524 urinae
234 2485 398 2530 superficie
424 2495 589 2526 natantes,
612 2483 758 2519 subrufas
785 2494 819 2519 ut
844 2484 1021 2525 plurimum
1046 2506 1057 2523 ,

51 2534 199 2569 subalbas
222 2541 349 2576 perraro
373 2552 385 2570 ‚
415 2529 523 2573 quales
544 2531 578 2563 in
598 2528 723 2572 Juvene
746 2528 889 2570 quodam
913 2539 988 2561 cum
1013 2529 1058 2562 fe-

51 2579 120 2613 bris
144 2576 283 2620 maligna
307 2595 317 2613 ,
341 2576 373 2607 &
395 2574 543 2617 periculis
567 2572 680 2615 stipata
701 2570 876 2607 declinaret
902 2597 913 2613 ,
945 2571 1057 2606 vidisse

55 2631 191 2657 memini
206 2644 213 2652 .

97 2675 147 2699 22.
174 2662 266 2698 Facta
297 2658 387 2695 istius
405 2659 556 2705 juvenis·
572 2659 696 2693 mentio
719 2658 758 2701 ad
790 2659 982 2694 memoriam
1006 2670 1055 2693 re-

52 2706 136 2750 digit
161 2706 367 2748 sanguinem,
389 2705 447 2747 qui
470 2705 504 2737 in
528 2712 595 2744 ejus
619 2702 735 2736 morbo
759 2712 893 2745 quater,
917 2702 993 2736 alias
1017 2714 1056 2736 ex

52 2750 154 2785 incisa
177 2760 255 2785 vena
278 2748 386 2783 misius
411 2771 421 2787 ‚
452 2747 528 2781 alias
551 2757 606 2789 per
638 2746 858 2781 cucurbitulas
890 2746 1021 2780 eductus
1045 2768 1055 2784 ‚

53 2802 268 2837 praeterquam
290 2790 496 2834 quodaequo
519 2789 673 2831 fluidior,
696 2790 748 2824 seu
771 2789 918 2823 molliori
943 2787 1056 2823 crassa-

54 2847 166 2873 mento
189 2835 307 2877 semper
330 2832 415 2873 fuit,
438 2835 542 2869 tribus
563 2842 651 2874 certe
663 2833 826 2875 postremis
849 2832 910 2867 sive
936 2832 1059 2867 miffio-

55 2881 149 2915 nibus
173 2903 182 2917 ,
213 2878 278 2914 sive
301 2876 528 2913 educ'tionibus
564 2877 626 2911 hoc
648 2875 880 2912 circumfusum
907 2875 977 2910 sero
1001 2875 1054 2909 ha-

54 2925 129 2960 buit
152 2922 239 2967 quafi
265 2933 282 2965 a
304 2921 474 2955 commisto
496 2920 596 2962 chylo
621 2918 800 2955 albescente
823 2944 831 2953 .
868 2919 966 2959 Quod
992 2931 1058 2962 non

57 2968 253 3002 adnotassem
276 2987 286 3002 ²
308 2963 331 2997 fi
354 2965 389 2997 in
412 2966 493 2999 bene
518 2964 606 3007 pasto
629 2987 639 3002 ,
675 2973 710 2997 ut
734 2964 809 2997 alias
834 2989 843 3003 ,
878 2967 909 2997 ὃς
932 2972 1016 2997 certa
1041 2975 1057 2996 a

56 3011 193 3052 sumptis
208 3008 376 3043 *alimentis
388 3006 466 3041 hora
488 3008 521 3042 id
533 3006 696 3042 vidissem.
722 3006 780 3041 Sed
804 3007 949 3042 insecuto
971 3019 1059 3042 men-

57 3058 88 3091 se
111 3054 204 3089 alteri
228 3062 359 3096 quoque
378 3049 498 3094 Juveni
521 3051 648 3094 sanguis
672 3049 779 3083 misius
802 3052 921 3091 tertia,
944 3055 974 3085 δι
990 3063 1059 3086 rur-

58 3100 110 3135 sus
129 3096 260 3141 quinsta
278 3094 391 3133 ‚morbi
415 3093 486 3132 die,
511 3104 647 3138 utraque
674 3093 777 3128 serum
789 3096 928 3128 albicans
953 3097 1059 3129 osten-

57 3143 109 3177 dit
133 3163 143 3179 ,
173 3141 290 3181 exigua
311 3136 442 3180 quidem
465 3139 557 3181 copia
579 3162 591 3178 ‚
622 3140 691 3172 imo
715 3136 753 3170 ad
789 3150 901 3177 paucas
923 3140 1060 3174 omnino

60 3194 170 3229 guttas
203 3182 300 3218 tertia
323 3180 378 3214 illa
411 3180 464 3214 die
490 3207 498 3220 ‚
527 3193 601 3216 cum
624 3181 698 3216 esset
731 3181 977 3215 craffamentum
999 3183 1055 3218 du.

1952 234 2042 286 261

1105 314 1257 350 liffimum
1279 313 1550 355 cassamentum,
1572 315 1639 347 imo
1663 310 1725 347 hoc
1747 310 1915 347 interdum
1937 320 2032 351 aequo
2048 308 2110 344 dua.

1106 362 1191 394 rius.
1216 358 1295 400 quin
1320 357 1518 393 duriffirnum
1542 357 1576 389 in
1601 356 1711 397 aliquo
1732 357 1786 390 cui
1809 353 1930 390 solebat
1954 354 2031 388 alias
2050 351 2108 387 effe

1106 402 1258 438 mollius.
1286 401 1440 436 Praeterea
1463 400 1618 438 memini,
1643 410 1718 434 cum
1743 398 1837 442 super
1850 396 1995 433 febribus
2017 394 2107 445 quasi

1104 444 1325 488 pestilentibus
1346 467 1356 483 ,
1378 456 1449 487 qnae
1472 443 1582 486 paffim
1600 445 1651 477 A.
1681 452 1773 487 1731.
1799 443 1883 478 veris
1905 449 2051 481 tempore
2072 447 2109 473 m

1102 502 1138 524 ea
1162 499 1250 531 parte
1273 499 1339 529 agri
1367 488 1511 522 Patavini
1539 487 1711 522 saeviebant
1732 497 1803 529 quae
1826 486 1951 521 circum
1971 483 2109 517 Monta-

1104 543 1238 569 neanam
1262 530 1306 565 est
1329 534 1340 572 (
1364 530 1404 565 sic
1428 532 1515 566 enim
1539 531 1611 567 sunt
1633 532 1691 574 qui
1714 540 1799 565 nunc
1810 528 1946 565 dicant·,
1969 526 2111 561 Monta-

1105 579 1238 610 nianum
1273 576 1381 610 Petrus
1415 575 1552 610 Bembus
1578 578 1588 613 (
1612 573 1667 615 b)
1688 572 1853 617 dicebat)
1887 572 1954 605 duo
1976 580 2015 604 ex
2044 566 2110 605 hoc

1102 617 1286 660 Gymnasio
1310 617 1432 651 Medici
1458 641 1467 655 ,
1501 617 1651 653 mandato
1675 615 1872 658 Ampliffimi
1904 615 2109 652 Venetorum

1106 664 1316 705 Magistratus
1338 660 1597 701 consuleremur,
1620 659 1801 703 expositum
1824 659 1917 692 nobis
1941 656 2001 691 effe
2020 677 2030 694 ‚
2051 653 2109 691 etfi

1104 708 1204 741 initio
1227 716 1388 747 aegrorum
1413 705 1539 748 sanguis
1562 705 1661 737 nimis
1692 711 1728 736 ut
1751 703 1929 745 plurimum
1952 700 2075 735 solutus
2097 719 2110 737 ‚
2144 732 2149 738 ζ

1105 759 1182 783 tunc
1205 759 1311 783 autem
1336 750 1432 781 nimis
1453 757 1622 782 concretus
1645 756 1830 789 appareret,
1852 754 1991 786 utroque
2002 751 2112 776 tamen

1102 792 1361 828 constitutionis
1385 791 1471 827 illius
1496 802 1641 833 tempore
1665 790 1820 831 peticulas
1853 788 1882 822 se
1903 783 2113 835 prodidisse—2

1103 840 1134 870 δι
1169 836 1217 870 vel
1241 846 1318 869 tunc
1352 836 1433 878 siqui
1458 834 1543 870 forte
1575 832 1766 868 dissolutum
1790 833 1942 868 haberent
1980 828 2114 879 sangui-

1104 891 1176 914 nem
1201 904 1210 919 ,
1247 879 1295 914 his
1317 890 1447 921 quoque
1471 877 1651 920 promiscue
1683 888 1746 910 non
1772 876 1858 910 secus
1887 886 1922 909 ac
1954 881 2114 920 caetetls)

1104 925 1226 958 easdem
1249 921 1441 965 provenire;
1470 933 1503 955 ut
1529 921 1671 964 proclive
1695 919 1768 954 effet
1793 919 1994 961 intelligere,
2019 915 2115 948 mali-

1104 978 1200 1010 gnam
1223 966 1356 1010 quidem
1379 966 1468 1004 illam
1493 967 1581 1004 vim,
1605 975 1676 1006 quae
1699 966 1731 997 in
1755 975 1853 1007 quam
1866 972 1965 1005 pauca
1981 985 1992 1000 ‚
2014 961 2045 991 &
2066 968 2117 994 te-

1105 1012 1162 1044 nui
1186 1011 1320 1044 materia
1332 1007 1532 1047 consisteret,
1555 1009 1813 1042 communicatio
1837 1005 1942 1044 morb÷
1957 1015 2011 1046 per
2035 1013 2115 1038 con-

1106 1056 1233 1096 tagium
1255 1051 1440 1086 ostendebat
1456 1078 1465 1093 ,
1490 1053 1601 1089 illam,
1627 1053 1760 1092 inquam
1775 1077 1784 1091 ‚
1809 1052 1891 1084 utin
1915 1060 1978 1083 una
1990 1047 2116 1087 eademi

1106 1109 1170 1141 que
1203 1096 1317 1131 eodem
1341 1096 1415 1128 loco
1437 1118 1450 1135 ,
1483 1098 1513 1129 δι
1536 1105 1680 1136 tempore
1704 1093 1947 1129 Constitutione
1972 1112 1982 1128 2
2015 1099 2115 1125 unam

1105 1140 1301 1181 eandemque
1324 1137 1405 1175 effe3
1430 1147 1461 1170 at
1485 1139 1694 1181 sanguinem,
1719 1148 1753 1172 ut
1778 1139 1811 1171 in
1833 1136 1907 1177 his,
1931 1133 2036 1172 illisve
2048 1140 2116 1165 erat

1107 1185 1200 1218 aliter
1224 1181 1411 1224 dispositus,
1432 1182 1480 1214 ita
1505 1183 1537 1214 in
1563 1182 1634 1214 aliis
1658 1182 1750 1214 aliter
1767 1183 1920 1215 vitiatum
1945 1186 2117 1220 apparere.-

1109 1229 1220 1271 Atque
1243 1236 1278 1261 ut
1303 1225 1391 1259 aliud
1415 1226 1449 1257 in
1474 1225 1545 1259 aliis
1572 1222 1780 1258 manifestum
1804 1223 1972 1265 sanguinis
1996 1220 2119 1267 vitium

1108 1281 1178 1305 tum
1204 1272 1264 1306 alia
1280 1292 1288 1308 ‚
1314 1278 1367 1302 aut
1392 1269 1485 1302 aliter
1508 1271 1541 1301 in
1568 1269 1638 1301 aliis
1659 1270 1807 1309 quaedam
1832 1267 2054 1309 symptomata
2069 1272 2122 1295 iri-

1108 1314 1263 1355 duceret,
1286 1324 1356 1347 tum
1380 1313 1441 1345 alia
1465 1313 1613 1355 quaedam
1631 1337 1639 1350 ‚
1664 1321 1718 1344 aut
1743 1312 1838 1345 aliter
1862 1313 1895 1344 in
1920 1308 1991 1343 aliis
2015 1316 2121 1355 reme-

1107 1357 1160 1393 dia
1186 1357 1325 1400 posceret
1350 1369 1360 1393 5
1382 1354 1441 1389 esse
1465 1365 1572 1389 tamen
1597 1358 1627 1390 &
1649 1354 1795 1396 quaedam
1820 1364 1893 1388 tum
1916 1353 2123 1399 symptoma-

1107 1411 1167 1441 ta,
1190 1412 1261 1435 tum
1286 1400 1423 1434 remedia
1447 1400 1599 1433 omnibus
1622 1401 1810 1433 communia
1825 1424 1834 1438 ‚
1856 1405 2041 1440 quanquam
2063 1392 2121 1428 illa

1108 1444 1159 1481 his
1183 1445 1286 1479 multo
1308 1444 1440 1477 notiora
1455 1455 1464 1473 .-
1488 1444 1560 1485 quis
1583 1444 1668 1475 enim
1695 1442 1845 1485 malignae
1857 1442 1946 1475 illius
1968 1440 2126 1473 viscom-

1109 1490 1252 1522 muniter
1276 1497 1387 1521 omnes
1420 1485 1598 1519 inficientis
1623 1487 1820 1527 peculi-arem
1843 1493 1994 1520 naturam
2018 1507 2030 1523 ‚
2060 1478 2122 1531 nist

1108 1544 1147 1565 ex
1171 1533 1211 1564 iis
1232 1543 1304 1574 quae
1328 1532 1548 1563 communiter
1570 1531 1726 1563 omnibus
1749 1529 1893 1572 proficua
1908 1550 1919 1567 ‚
1946 1534 2002 1561 aut
2024 1535 2123 1559 noxia.

1108 1574 1279 1609 observata
1302 1573 1423 1610 essent,
1447 1573 1671 1615 quadantenus
1695 1572 1853 1614 conjicere
1876 1571 1906 1606 se
1919 1568 2031 1613 posse,
2055 1578 2126 1602 cre-

1111 1617 1229 1652 deret?
1255 1618 1370 1659 Neque
1395 1618 1482 1651 enim
1505 1616 1560 1651 etsi
1586 1614 1687 1650 febres
1712 1614 1761 1650 hae
1786 1627 1852 1649 non
1869 1614 2006 1648 omnino
2029 1611 2126 1662 essent

1112 1663 1295 1704 pestilentes
1321 1682 1329 1697 ‚
1363 1660 1415 1694 hic
1439 1669 1589 1702 cogitare
1623 1660 1695 1700 quis
1719 1658 1821 1701 posset
1845 1670 1920 1693 cum
1944 1656 2064 1690 celebri
2087 1655 2127 1691 de

1109 1706 1161 1739 Re
1187 1705 1315 1738 Medica
1340 1705 1502 1746 Scriptore
1528 1727 1538 1741 ,
1571 1713 1736 1744 aegrorum
1761 1704 1862 1738 robur
1894 1712 1960 1735 non
1985 1698 2127 1741 maligna

1109 1761 1142 1782 vi
1170 1774 1178 1786 ,
1201 1747 1253 1781 sed
1277 1759 1373 1789 copia
1400 1747 1565 1789 sanguinis
1588 1747 1685 1781 obrui
1709 1768 1719 1783 ‚
1751 1746 1881 1789 quando
1905 1741 2125 1787 praecess'erant

1109 1792 1207 1825 causae
1233 1803 1304 1833 quae
1328 1791 1409 1824 hanc
1436 1798 1617 1824 minuerent
1643 1790 1752 1832 potius
1776 1813 1784 1827 ‚
1809 1795 2088 1832 quamg-:augerent
2104 1809 2125 1831 V,

1109 1839 1140 1868 &
1163 1835 1327 1877 sanguinis
1352 1833 1529 1872 missionem
1553 1835 1772 1875 experimenta
1787 1831 1854 1876 jam
1877 1831 1950 1867 satis
1967 1831 2125 1875 superque

1109 1881 1249 1922 repetita
1272 1876 1480 1912 ostenderant
1506 1876 1743 1918 perniciosam.
2141 1882 2144 1886 ’

1152 1933 1203 1965 23.
1228 1919 1401 1963 Cinjungi
1436 1923 1539 1963 igitur
1562 1932 1636 1955 cum
1673 1921 1813 1963 maligna
1839 1921 1871 1954 vi
1907 1919 2084 1954 solutivam
2109 1941 2119 1957 ‚

1108 1977 1163 1999 aut
1186 1965 1429 2006 coagulativam
1454 1965 1637 2007 sanguinis,
1663 1967 1696 1998 in
1721 1974 1902 2009 neutraque
1916 1964 2030 2000 harum
2055 1973 2125 2001 ma-

1107 2011 1296 2051 lignitatem
1319 2008 1487 2042 consistere
1514 2032 1523 2046 ,
1558 2008 1712 2043 credibile
1735 2008 1777 2042 est
1798 2034 1807 2049 ‚
1844 2007 2023 2051 praesertim
2047 2018 2124 2041 cum

1109 2054 1299 2086 alterutram
1323 2055 1355 2085 in
1381 2063 1431 2086 tot
1456 2052 1547 2092 aliis,
1572 2054 1630 2094 qui
1656 2052 1793 2094 maligni
1817 2063 1882 2086 non
1906 2051 1978 2091 sunt
1999 2074 2010 2090 ‚
2037 2061 2125 2085 mor-

1108 2096 1158 2129 bis
1184 2096 1365 2132 videamus.
1393 2098 1554 2131 Attamen
1579 2097 1635 2129 ubi
1660 2096 1817 2129 alterutra
1844 2106 1959 2138 magna
1984 2093 2021 2129 sit
2047 2117 2056 2132 ‚
2090 2097 2123 2127 &

1109 2139 1259 2180 adjunsta
1284 2139 1398 2174 habeat
1422 2141 1643 2182 symptomata
1667 2139 1785 2182 quibus
1809 2140 1997 2183 malignitas
2022 2138 2123 2180 signi-

1107 2183 1223 2216 ficetur
1239 2205 1249 2220 ,
1275 2192 1310 2216 ut
1336 2185 1368 2216 in
1393 2185 1507 2225 prin-nis
1531 2185 1631 2217 citam
1655 2184 1896 2227 maximamque
1933 2180 2125 2224 prostratio-

1109 2236 1183 2259 nem
1209 2226 1350 2265 virium;
1376 2238 1447 2269 quae
1472 2239 1574 2271 neque
1598 2228 1631 2259 in
1656 2225 1836 2268 praegreffas
1860 2226 2023 2260 evidentes
2047 2236 2125 2259 cau-

1111 2270 1177 2308 sas,
1201 2279 1304 2310 neque
1328 2273 1361 2304 in
1387 2273 1519 2303 nimiam
1542 2269 1632 2312 rejici
1645 2270 1756 2312 poffit,
1780 2271 2038 2312 obruentemque
2051 2268 2126 2303 san-

1107 2314 1215 2355 guinis
1238 2315 1392 2355 copiam;
1417 2314 1483 2355 ipsa
1506 2325 1659 2356 quoque,
1685 2324 1721 2348 ut
1745 2326 1816 2356 quae
1837 2315 2031 2348 creberrime
2057 2338 2066 2353 ,
2090 2315 2124 2345 Sc

1106 2358 1220 2398 gravia
1242 2357 1376 2398 quidem
1400 2357 1516 2391 addens
1541 2357 1759 2400 symptomata
1779 2380 1792 2397 ,
1815 2368 1893 2391 cum
1916 2357 2124 2399 malignitate

1108 2400 1190 2433 solet
1214 2399 1388 2444 conjungi,
1415 2401 1496 2435 hanc
1521 2400 1764 2442 quodammodo
1787 2402 2044 2444 comprobabit,
2070 2411 2130 2432 ve..

1109 2443 1160 2476 lut
1183 2445 1216 2475 in
1243 2445 1378 2490 multis,
1402 2446 1435 2477 in
1461 2455 1559 2486 eaque
1583 2446 1682 2479 etiam
1696 2456 1792 2487 quam
1815 2457 1854 2479 eit
1879 2445 2045 2479 Mediavia
2060 2456 2124 2478 no-

1113 2488 1178 2520 stro
1198 2486 1370 2528 ‘subjiciam
1389 2510 1398 2524 ,
1421 2487 1684 2522 observatione.

1155 2541 1206 2572 24.
1237 2532 1425 2564 NlULlER
1451 2542 1549 2564 annos
1572 2540 1645 2564 nata
1669 2532 1708 2565 ad
1732 2533 1969 2575 quinquaginta
1994 2554 2004 2570 ‚
2030 2532 2128 2565 mali-

1111 2584 1173 2615 gna
1197 2573 1430 2607 evidentiffime
1454 2573 1536 2616 febri
1560 2584 1709 2618 correpta
1726 2597 1734 2612 ‚
1757 2578 1789 2609 in
1815 2576 2056 2610 Nosocomium
2080 2576 2123 2611 il-

1109 2617 1175 2651 lata
1199 2617 1265 2650 est.
1291 2617 1400 2652 Pulsus
1422 2619 1536 2652 diebus
1561 2618 1612 2655 sex
1637 2621 1749 2662 primis
1774 2622 1914 2662 exigui,
1951 2622 1983 2653 δε
2005 2618 2125 2652 obscu-

1111 2662 1160 2699 ri,
1186 2660 1242 2694 visi
1267 2661 1400 2704 quidem
1424 2661 1631 2704 postmodum
1657 2662 1728 2696 sunt
1755 2664 1851 2706 paulo
1866 2664 2044 2697 vividiores
2066 2662 2125 2695 fie-

1111 2705 1138 2737 ri
1164 2730 1171 2737 .
1207 2704 1267 2738 Sed
1291 2705 1577 2748 ingens-pefioris
1601 2717 1632 2738 in
1666 2706 1851 2746 respirando
1876 2707 2018 2749 angustia
2042 2729 2051 2743 ,
2085 2707 2118 2738 &

1110 2747 1217 2781 cordis
1242 2749 1418 2791 palpitatio
1440 2751 1624 2790 ingruentes
1646 2771 1655 2788 ‚
1679 2751 1766 2782 intra
1790 2750 1925 2783 biduum
1951 2751 2121 2783 mulierem

1111 2790 1321 2825 confecerunt
1338 2816 1345 2824 .
1482 2792 1715 2825 ''sl-IORACE
1748 2803 1920 2836 propterea
1952 2793 2124 2829 dumtaxat

1112 2844 1244 2877 aperto,
1268 2834 1394 2876 sanguis
1417 2844 1561 2876 repertus
1584 2835 1627 2868 est
1659 2836 1693 2868 in
1718 2834 1846 2870 sinistro
1868 2835 1975 2870 cordis
1999 2837 2125 2869 venari-

1110 2879 1185 2911 culo
1210 2877 1459 2912 sem1coucretus
1483 2892 1493 2916 3
1519 2879 1551 2910 in
1575 2878 1709 2911 dextero
1733 2889 1841 2912 autem
1865 2892 1931 2913 non
1955 2879 2054 2914 modo
2077 2878 2121 2913 fic

1109 2922 1300 2963 congestus,
1325 2931 1359 2955 ut
1386 2921 1492 2962 ipsum
1515 2921 1729 2960 distenderet,
1755 2921 1919 2957 sed'totus
1943 2924 1976 2956 in
1988 2934 2124 2957 concre-

1110 2969 1233 3005 tionem
1258 2965 1446 3007 polyposam
1472 2965 1549 2999 adeo
1573 2965 1797 3007 constipatus,
1823 2977 1858 3000 ut
1882 2968 2029 3009 quamvis
2052 2966 2120 2999 haec

1111 3020 1224 3042 carnea
1239 3034 1247 3047 ‚
1271 3019 1344 3040 cum
1370 3008 1548 3050 aspiceres,
1572 3009 1758 3047 videretur5
1782 3022 1845 3043 non
1862 3012 1966 3045 minus
1989 3019 2119 3049 tamen,

1111 3054 1166 3086 ubi
1193 3051 1333 3085 incidere
1356 3054 1542 3091 conareris,
1563 3052 1671 3085 cultro
1694 3051 1858 3087 obfisteret
1873 3080 1881 3094 ,
1905 3065 2002 3093 quarn
2029 3064 2119 3087 tena-

1110 3096 1230 3129 ciffima
1264 3097 1386 3138 quaevis
1418 3094 1520 3130 crusta
1540 3119 1549 3136 ‚
1584 3094 1731 3138 sanguini
1766 3097 2120 3140 insidens-pleuritico-

1112 3151 1185 3173 rum
1199 3164 1206 3171 .

1154 3194 1204 3222 25.
1230 3183 1383 3223 Sanguini
1409 3185 1514 3216 autem
1538 3185 1754 3217 concretionis
1781 3208 1789 3223 ‚
1820 3184 1883 3218 five
1906 3208 1918 3224 ,
1950 3191 1989 3218 ut
2013 3184 2118 3226 plures

61 3240 133 3264 rum
158 3249 167 3264 ,
201 3231 232 3261 &
263 3225 368 3260 crusta
399 3224 574 3259 obduffi'mm
607 3225 778 3258 mediocris
813 3224 1310 3268 cralfitudinfflquuntur,
1333 3226 1571 3268 coagulationis
1595 3238 1672 3260 num
1699 3227 1824 3261 causam
1849 3227 1984 3261 afferant
2009 3226 2120 3264 acida,

59 3271 148 3315 quod
180 3269 244 3304 fuit
265 3268 398 3312 quimsta
431 3268 560 3302 mollius
583 3279 678 3311 quam
713 3280 769 3310 par
793 3271 833 3304 fit
858 3293 870 3309 ‚
902 3271 932 3301 δε
955 3270 1058 3303 obdu-

57 3317 146 3350 &um
168 3313 276 3355 crusta
294 3321 358 3345 non
384 3313 490 3346 minus
511 3323 608 3355 quam
629 3311 754 3354 ipsum,
777 3311 896 3352 craffa,
920 3324 977 3345 nec
1001 3314 1058 3347 du-

60 3371 94 3393 ra
117 3359 173 3391 illa
195 3355 347 3401 quidem,
371 3353 421 3387 sed
444 3355 490 3387 ita
513 3357 616 3389 tenaci
631 3378 640 3392 ‚
664 3358 694 3388 δε
717 3355 852 3390 sectioni
878 3355 1057 3397 resistente,

60 3412 97 3438 ut
120 3401 227 3437 cultro
248 3400 305 3433 vix
328 3409 363 3433 ac
386 3408 424 3431 ne
447 3400 502 3432 vix
524 3399 653 3440 quidem
677 3398 778 3435 scindi
804 3401 944 3442 potuerit
960 3425 967 3431 .
992 3400 1059 3434 Hic

60 3457 138 3479 vero
160 3447 239 3478 alter
257 3442 392 3486 juvenis
417 3439 498 3476 febri
520 3442 684 3476 laborabat
709 3468 717 3481 ,
750 3455 822 3486 quae
846 3444 884 3477 ad
909 3443 1058 3485 maligni.

59 3498 159 3524 tatem
182 3487 290 3529 potius
313 3485 463 3528 vergebat
488 3510 497 3524 ,
531 3497 628 3527 quam
646 3487 722 3519 esset
747 3488 886 3529 maligna
913 3512 920 3525 ‚
956 3488 1059 3521 multo

64 3534 170 3575 priore
194 3531 246 3564 illa
270 3539 340 3564 tum
364 3529 515 3565 brevior,
537 3538 608 3561 tum
633 3529 736 3563 levior
760 3555 767 3566 ,
792 3533 823 3563 δι
847 3530 910 3564 sine
936 3534 1059 3572 peticu-

63 3577 103 3610 lis
125 3601 134 3609 .
169 3576 207 3607 In
231 3572 308 3609 aliis
336 3582 443 3606 autem
465 3572 616 3614 malignis
649 3571 791 3607 febribus
815 3575 848 3607 in
871 3575 988 3617 quibus
1011 3573 1059 3608 hae

63 3625 305 3665 apparuerunt,
328 3627 429 3660 neque
452 3617 593 3650 albicans
617 3614 718 3652 serum
742 3616 838 3658 vidi,
860 3629 963 3660 neque
977 3619 1061 3651 mol-

1111 3280 1146 3303 ιιι
1170 3270 1267 3302 iidem
1293 3278 1463 3302 autumant
1490 3295 1499 3309 ,
1524 3280 1561 3302 an
1583 3270 1637 3304 etfi
1661 3270 1806 3312 quaedam
1831 3270 1967 3304 afferunt
1993 3270 2083 3304 acida
2108 3295 2119 3310 ,

1109 3324 1174 3360 ηομ
1199 3313 1309 3359 omnia
1334 3322 1464 3352 tamen,
1488 3322 1524 3346 ut
1548 3314 1618 3346 aliis
1631 3314 1781 3351 videtur,
1807 3323 1862 3347 aut
1882 3313 2038 3353 afferant,
2063 3322 2117 3347 aut

1109 3357 1218 3389 asterre
1242 3365 1392 3397 pergant.
1420 3356 1441 3389 ii
1466 3354 1551 3390 forte
1576 3368 1614 3403 ea}
1629 3369 1675 3390 me
1700 3369 1844 3398 quaerass
1869 3358 1962 3391 simul
1985 3357 2113 3394 dicam,

1111 3401 1186 3433 alias
1210 3410 1322 3446 praeter
1347 3398 1433 3432 acida
1458 3400 1514 3432 esse
1539 3400 1622 3442 posle
1645 3400 1751 3434 causas
1783 3400 1865 3434 unde
1888 3401 2017 3443 sanguis
2036 3409 2118 3434 con-

1110 3443 1229 3477 crescat
1254 3466 1262 3479 ,
1293 3442 1385 3475 simul
1410 3443 1560 3484 quasdam
1586 3455 1670 3477 meas
1693 3446 1725 3477 in
1750 3443 1842 3477 misso
1864 3457 1879 3478 e
1901 3446 1991 3478 venis
2013 3455 2116 3486 aegro-

1110 3498 1183 3521 rum
1208 3487 1359 3531 sanguine
1383 3496 1521 3524 attente,
1546 3488 1744 3531 propiusque
1768 3487 1979 3529 inspeetaiido
2007 3487 2116 3521 obser-

1112 3533 1259 3563 vationes
1283 3529 1432 3570 adjiciam
1449 3555 1456 3563 .
1481 3531 1524 3562 Et
1550 3533 1690 3572 primum
1706 3556 1714 3571 ‚
1736 3542 1808 3565 curn
1833 3542 1917 3573 eg0,
1939 3532 2036 3574 idque
2048 3541 2116 3564 non

1111 3572 1232 3612 semel,
1256 3575 1290 3606 in
1313 3573 1500 3614 sanguinem
1523 3573 1714 3612 inciderim,
1737 3575 1794 3618 qui
1818 3574 1946 3609 acidum
1959 3574 2120 3617 quendam

1110 3619 1242 3651 odorem
1265 3615 1470 3655 nauseosum,
1496 3627 1611 3660 atque,
1636 3627 1671 3652 ut
1694 3620 1742 3653 ita
1764 3617 1872 3653 dicam
1896 3644 1905 3660 ‚
1930 3617 2118 3695 sylvegcrem

1981 3673 2019 3695 ex
2046 3674 2080 3695 a-

153 3820 171 3843 y
188 3813 201 3841 )
217 3812 294 3841 Epist.
311 3812 332 3835 8.
352 3819 375 3835 n.
394 3820 432 3837 ιο.

155 3842 169 3867 b
186 3847 196 3874 )
211 3845 303 3870 Rerum
321 3844 433 3868 Venetas.
449 3841 538 3868 Histoi.
553 3842 570 3867 l.
588 3851 614 3873 9.
631 3846 653 3868 &
669 3845 689 3869 1.
704 3849 741 3867 ιο,

494 3811 502 3837 (
522 3820 539 3841 z
558 3812 566 3841 )
584 3814 658 3837 Prax.
677 3811 702 3835 in
718 3813 787 3837 Non.
803 3813 941 3837 Almansor,
958 3816 990 3836 tr,
1011 3820 1033 3841 3-
1052 3820 1072 3837 t,
1090 3824 1128 3843 14-

1192 3816 1202 3845 (
1219 3825 1234 3840 a
1249 3817 1263 3846 3
1278 3816 1302 3840 in
1320 3813 1398 3839 Schol.
1417 3813 1462 3838 eita
