2498 4075
383 72 449 127 26

308 148 492 186 videretur„
516 150 553 183 In
576 146 642 192 ejus
665 145 855 189 ventriculis
878 145 1005 188 sanguis
1039 145 1158 180 fluidus
1184 169 1194 185 ,
1228 156 1323 188 atque

311 196 358 233 ita
383 193 569 238 spumosus,
589 200 626 227 ut
651 192 811 234 agitatum
836 189 1026 224 Tonsorurn
1051 189 1200 224 lixivium
1223 189 1323 223 refer-

310 248 380 272 ret.
407 237 467 272 Sed
490 240 522 272 25<
554 245 667 268 omnes
702 246 785 270 venae
818 243 943 266 tantam
973 232 1210 267 concludebant
1241 234 1324 267 aeris

312 282 471 323 copiam,
494 288 530 313 ut
556 275 679 312 tametsi
705 289 841 320 paucum
865 277 1051 319 sanguinem
1083 279 1286 310 continerent
1310 299 1323 316 ,

310 324 402 360 valde
426 333 532 357 tamen
554 321 650 356 essent
673 320 833 364 turgidae‚
856 322 890 353 in
914 320 1027 363 primis
1051 331 1156 353 ramus
1189 320 1323 364 quidam

312 370 417 410 major
439 377 546 400 earum
569 376 721 401 venarum
742 376 813 408 quae
848 365 986 396 attinent
1021 362 1059 396 ad
1093 364 1240 401 lienem5
1273 363 1327 395 ille

312 413 398 445 euim
421 421 525 447 ramus
548 420 621 442 curn
644 409 746 451 magis
769 408 902 442 dilatari
926 416 991 441 non
1016 405 1101 449 posse
1132 407 1294 441 videretur
1315 429 1329 447 ,

313 456 372 487 vix
416 455 520 489 ullum
564 452 727 495 sanguinis
772 450 939 493 vestigium
972 449 1107 483 servabat
1133 474 1140 481 .
1276 452 1330 482 In-

314 507 364 531 tra
401 498 557 531 Cranium
605 495 770 538 paululum
815 492 873 527 seri
919 495 1084 527 inventum
1131 493 1211 534 est:
1252 504 1336 525 cere-

317 541 413 591 brum
447 540 553 584 ipsum
586 540 711 576 nullum
746 537 880 581 nsquam
912 536 1048 572 laefionis
1082 536 1219 570 ostendit
1244 536 1333 571 indi-

315 595 426 622 cium.

357 639 388 671 3.
414 628 535 670 Magna
558 627 608 660 vis
631 624 832 670 putredinis3
856 634 894 659 ut
918 636 934 657 a
958 623 1333 668 posterioribusincipia-

314 682 414 712 mus,
438 671 476 704 ad
499 672 610 714 priora
633 670 688 703 illa
711 669 819 703 statim
842 668 1015 707 1·eversuri;
1039 669 1073 700 in
1097 666 1160 700 hoc
1184 668 1333 701 cadavere

311 715 459 758 apparuit
483 725 522 746 ex
544 722 632 747 tanta
657 713 736 747 aeris
758 713 816 755 qui
839 711 868 746 se
892 712 1077 751 evolverat,
1100 711 1192 752 copia
1207 735 1214 743 .
1239 713 1332 745 Sum-

314 770 367 791 ma
389 756 496 792 cordis
520 758 634 790 laxitas
658 767 732 790 curn
757 756 860 800 parvis
883 755 971 793 illis,
996 766 1031 787 ac
1054 753 1217 788 debilibus
1240 755 1336 797 pulfi-

311 802 369 836 bus
391 800 600 835 conveniebat
614 825 621 832 .
647 800 782 834 Lienem
809 808 958 841 magnum
981 797 1066 832 haud
1090 809 1162 832 raro
1177 798 1254 832 alias
1267 798 1335 841 post

310 856 376 882 non
399 845 530 884 breves,
554 842 737 885 easdemque
760 842 960 883 multiplices
985 841 1087 876 febres
1098 840 1210 878 fuisse,
1233 842 1335 875 adno-

314 889 455 922 tavimus
471 912 480 922 .
619 885 703 929 Sed,
726 895 762 920 ut
786 886 882 919 millis
908 885 1002 923 aliis,
1035 885 1073 920 ad
1105 897 1139 919 ea
1171 887 1334 920 veniamus

318 941 458 975 quorum
481 930 679 974 potissimum
703 931 807 973 gratia
833 929 913 965 hanc
938 929 1001 962 tibi
1025 929 1089 963 hoc
1113 930 1191 962 loco
1214 929 1335 964 Obser2-

314 977 479 1011 vationem
505 974 697 1012 retulimus;
719 973 806 1006 vides
843 973 986 1017 primum
1008 994 1018 1010 ‚
1050 982 1173 1016 quanto
1204 972 1335 1007 demum

312 1018 434 1053 steterit
459 1020 486 1050 ei
512 1017 701 1052 adolescenti
726 1018 834 1052 alvum
857 1026 1014 1061 perpetuo
1037 1016 1194 1051 lubricam
1205 1016 1334 1051 habuis-

315 1063 369 1103 se,
395 1061 429 1095 id
452 1061 493 1095 est
517 1073 582 1096 non
606 1059 669 1103 jam
695 1060 859 1095 moderate
882 1059 1051 1095 humidam
1069 1071 1083 1100 ‚⁶
1112 1072 1212 1102 neque
1243 1061 1331 1094 enim

318 1107 536 1149 Hippocratis
561 1104 784 1148 aphorismum
806 1107 821 1143 (
843 1114 858 1137 e
882 1108 894 1144 )
920 1105 1128 1146 ignoramus3
1153 1104 1204 1137 sed
1238 1115 1331 1147 aequo

314 1149 444 1183 demum
460 1173 471 1189 ,
494 1152 526 1182 ἃ
551 1149 646 1182 facile
671 1149 769 1182 etiam
793 1147 832 1181 ab
853 1148 1029 1191 incongrua
1052 1146 1180 1180 vivendi
1194 1158 1304 1181 norma
1320 1172 1332 1188 ,

315 1192 535 1229 humidiorem
560 1190 731 1226 effeetam.
759 1194 797 1225 In
822 1191 894 1225 laxa
917 1191 1027 1233 itaque
1051 1189 1200 1223 intestina
1234 1192 1261 1223 is
1293 1191 1333 1225 ab

320 1234 573 1270 redundantibus
598 1234 786 1278 vitiofisque
811 1233 1003 1268 humoribus
1027 1233 1132 1267 fastus
1155 1234 1197 1267 est
1228 1235 1333 1278 impe-

307 1288 384 1321 tus,
407 1288 443 1313 ut
467 1278 599 1312 ferendo
622 1279 708 1321 paria
733 1288 795 1311 non
819 1277 1165 1320 fuerint.Dysenteria
1188 1279 1333 1320 primum

313 1332 425 1357 vexata
450 1323 597 1358 fuerant.
624 1323 706 1357 Haec
731 1321 1031 1361 exulcerationum,
1053 1329 1090 1355 ut
1113 1320 1260 1359 videtur,
1285 1333 1333 1355 re-

316 1367 417 1414 liquit
441 1367 563 1408 initia,
585 1366 692 1399 minus
715 1364 953 1407 animadversa,
977 1365 1054 1409 quia
1079 1374 1150 1398 tum
1182 1365 1331 1401 intestina

311 1422 376 1454 Jarn
400 1412 502 1454 magis
524 1410 656 1449 laxata,
681 1407 849 1444 doloribus
874 1419 939 1443 non
961 1411 1006 1444 ita
1031 1410 1148 1441 acriter
1181 1410 1330 1451 percelle-

310 1456 450 1496 bantur,
474 1465 544 1488 tum
569 1451 710 1488 saniosus
735 1452 830 1487 ichor
852 1452 966 1486 aflavo
988 1451 1215 1491 occulebatur,
1240 1451 1330 1496 quod

306 1497 511 1538 successerat,
536 1498 600 1533 alvi
623 1496 787 1541 profluvio
810 1521 818 1531 0
855 1496 932 1530 Hoc
966 1505 1072 1530 autern
1109 1495 1289 1532 successerat
1313 1519 1328 1538 ,

307 1543 407 1579 relata
429 1544 463 1577 in
488 1543 677 1585 sanguinem
700 1552 740 1573 ex
763 1539 922 1575 intestinis
945 1540 1071 1574 vitiatae
1105 1540 1140 1574 in
1170 1540 1246 1584 ipsis
1278 1541 1328 1574 vel

310 1588 441 1629 magis,
463 1586 632 1620 deterioris
655 1585 798 1617 materiae
822 1592 931 1627 parte.
957 1583 1032 1620 Qua
1066 1584 1180 1618 reduce
1210 1585 1329 1619 iterum

307 1631 343 1664 in
366 1630 515 1665 intestina
537 1628 629 1669 fimul
657 1639 731 1661 cum
756 1627 843 1668 bile,
868 1626 1001 1669 aliisque
1025 1627 1124 1661 succis
1147 1651 1160 1669 ,
1190 1639 1329 1671 quorum

309 1675 565 1718 conceptacula,
589 1675 622 1706 ἅτ
645 1671 731 1705 sedes
751 1669 982 1705 haecirritabat
995 1670 1151 1709 admista,
1176 1682 1241 1704 non
1254 1683 1329 1714 pro-

311 1718 447 1754 fluvium
469 1714 570 1752 modo
593 1714 795 1755 servabatur,
827 1711 878 1747 sed
917 1714 949 1747 &
983 1713 1138 1748 erosiones
1169 1715 1328 1757 augeban-

313 1772 392 1801 tur3
415 1771 452 1796 ut
476 1760 687 1794 infirmiffima
712 1759 843 1792 demum
869 1756 925 1792 ubi
950 1765 1038 1790 erant
1063 1757 1113 1790 hae
1136 1756 1223 1792 facita
1247 1759 1331 1791 inte-

305 1806 385 1841 stina
407 1808 439 1840 δε
461 1815 628 1849 gangraena
664 1802 934 1845 prehenderentur
952 1823 965 1841 ,
997 1803 1029 1834 δέ
1060 1800 1190 1842 peffimo
1221 1801 1330 1835 ichore

307 1849 596 1892 pertunderentur.
623 1847 771 1880 Relatam
797 1854 905 1880 autem
920 1869 932 1887 ,
954 1852 989 1878 ut
1013 1844 1110 1888 paulo
1133 1853 1206 1877 ante
1240 1844 1331 1879 dice-

309 1895 406 1935 bam,
427 1895 461 1927 in
486 1892 670 1934 sanguinem
692 1901 822 1933 pravam
844 1889 936 1923 illam
960 1888 1128 1922 materiam
1162 1898 1225 1920 non
1262 1897 1330 1922 tam

306 1936 485 1973 consecutae
508 1935 636 1976 febres,
659 1944 755 1977 quarn
779 1933 950 1976 proximus
972 1929 1332 1965 exulceratointcstino-

312 1992 385 2016 rum
418 1980 538 2014 tra&ui
577 1979 754 2013 mesenterii
791 1987 901 2011 tumor
934 1974 1070 2011 ostendit
1092 1999 1099 2007 .
1136 1975 1220 2007 Mali
1245 1977 1331 2008 enim

307 2024 436 2059 ichores
459 2035 534 2058 cum
558 2034 599 2056 ex
632 2033 671 2055 eo
703 2021 808 2055 trafiu
844 2019 882 2054 ad
916 2019 1039 2053 vicinas
1073 2017 1240 2062 glandulas
1275 2028 1330 2060 per

308 2068 488 2113 chyliferos
509 2067 624 2101 duetus
650 2064 761 2100 affidue
787 2064 1051 2104 traducerentur,
1075 2062 1331 2104 earumdemque

308 2113 460 2147 intimam
484 2111 674 2145 structuram
699 2108 912 2151 depravarunt
938 2130 947 2145 ,
982 2116 1018 2140 ut
1050 2104 1109 2138 fibi
1148 2106 1331 2149 intercepto

309 2155 470 2195 transitu,
495 2154 558 2199 jam
583 2155 616 2186 in
641 2154 681 2187 iis
705 2150 878 2186 manifesto
901 2149 1121 2190 subsisterent,
1147 2148 1332 2193 easdemque

310 2200 346 2238 in
369 2209 529 2233 tumorem
554 2197 761 2232 attollerent.
1253 2226 1256 2227 γ

353 2256 384 2287 4.
410 2243 501 2276 Hinc
524 2251 632 2276 autem
657 2239 747 2274 causa
773 2237 940 2273 accedebat
966 2240 1026 2273 alia
1052 2261 1063 2278 ,
1095 2247 1169 2281 quae
1206 2237 1333 2280 proflu-

310 2288 400 2322 vium
425 2295 554 2329 augeret
572 2308 583 2325 ,
606 2284 755 2319 videlicet
781 2282 962 2317 restitantes
987 2285 1022 2317 in
1045 2282 1150 2315 canali
1163 2281 1334 2315 intestino-

314 2343 387 2366 rum
410 2329 539 2365 ichores
562 2329 613 2362 illi
637 2329 692 2370 qui
719 2337 809 2360 antea
834 2338 890 2369 per
914 2328 1005 2368 vias,
1029 2323 1332 2362 nuncinterclusas,

313 2373 525 2408 efferebantur
559 2397 567 2405 .
615 2369 813 2414 Cujusmodi
859 2369 950 2403 causa
998 2380 1071 2403 curn
1118 2369 1151 2399 in
1177 2368 1335 2410 plerisque

314 2418 356 2451 est
380 2428 489 2451 earum
513 2418 661 2456 viarum,
686 2425 749 2446 non
774 2411 873 2445 modo
909 2420 1004 2455 auget
1041 2412 1103 2445 alvi
1136 2411 1296 2453 profluvia
1320 2433 1334 2450 ,

314 2462 366 2496 sed
391 2461 492 2499 facit,
518 2459 662 2501 illudque
685 2459 718 2492 in
746 2457 859 2500 primis
899 2455 986 2498 quod
1028 2453 1190 2497 appellant
1220 2453 1334 2488 coelia—

313 2517 388 2540 cum
406 2519 416 2538 .·
439 2515 581 2547 quocum
607 2501 681 2535 vide
705 2512 742 2534 ne
765 2501 937 2534 coeliacum
953 2525 961 2539 ‚
997 2500 1055 2542 qui
1080 2509 1096 2531 a
1119 2495 1216 2531 Celso
1248 2495 1334 2540 (f)

313 2548 529 2588 describitur,
552 2546 701 2580 morbum
725 2542 925 2577 confundas.
952 2545 991 2576 In
1026 2542 1089 2577 hoc
1122 2542 1208 2574 enim
1241 2540 1335 2574 alvus

316 2593 401 2627 nihil
424 2592 550 2630 reddin
574 2593 609 2624 in
634 2590 696 2622 illo
720 2597 825 2622 autem
849 2588 916 2630 ipse
947 2597 1078 2630 quoque
1112 2584 1226 2627 chylus
1260 2595 1334 2627 pro-

313 2637 388 2672 fluit
404 2661 414 2676 ,
437 2634 604 2678 permistus
627 2633 784 2667 nimirum
807 2642 880 2665 curn
904 2630 1122 2668 recrementis,
1148 2638 1184 2663 ut
1208 2629 1335 2661 cinereo

313 2681 414 2715 ferme
437 2680 548 2712 colore
572 2678 633 2711 fint
657 2687 691 2710 ea
715 2687 788 2719 quae
808 2684 1002 2717 egeruntur,
1025 2684 1089 2707 non
1113 2671 1274 2712 candida,
1298 2681 1334 2704 ut

314 2732 432 2768 putant
456 2723 515 2766 qui
537 2721 693 2764 chylum,
716 2720 852 2752 minime
887 2716 1167 2753 animadvertunt,
1191 2727 1255 2749 non
1285 2716 1334 2747 ni-

315 2768 340 2802 fi
364 2769 446 2801 intra
472 2766 525 2800 sua
548 2764 671 2799 vascula
697 2762 853 2797 secretum
876 2762 988 2796 haberi
1014 2773 1029 2794 a
1052 2761 1178 2795 caeteris
1202 2759 1332 2793 inutili-

314 2812 375 2846 bus
400 2812 626 2844 alimentorum
651 2807 812 2851 partibus.
841 2807 915 2840 Nec
939 2806 995 2849 qui
1020 2804 1091 2838 alba
1114 2805 1197 2847 egeri
1223 2802 1251 2835 se
1283 2802 1332 2834 vi-

317 2855 418 2894 disse,
441 2852 629 2895 scripserunt
643 2873 652 2889 ‚
678 2851 764 2885 aliud
787 2849 1007 2892 significarunt
1031 2859 1126 2892 quam
1139 2846 1311 2880 albicantia
1325 2870 1339 2887 ,

318 2899 342 2932 fi
365 2896 516 2931 videlicet
540 2906 615 2929 cum
637 2896 839 2927 recrementis
862 2893 1065 2927 naturalibus
1087 2890 1338 2930 conferrentur,

320 2951 376 2975 aut
399 2939 422 2975 fi
447 2939 516 2972 alba
548 2939 742 2977 voluerunt,
765 2938 814 2970 vel
839 2949 897 2981 pus
921 2936 1002 2970 illud
1027 2935 1092 2970 fuit
1113 2959 1126 2976 ,
1160 2935 1210 2967 vel
1247 2933 1338 2976 puris

319 2984 433 3019 similis
457 2992 593 3022 mucus,
613 2981 662 3014 vel
688 2992 735 3013 res
759 2981 820 3014 alia
844 2979 1023 3022 ejusmodi3
1048 2990 1083 3014 ut
1107 2988 1185 3022 puta
1220 2977 1242 3010 {i
1267 2977 1340 3019 quis

320 3039 387 3062 non
410 3037 477 3061 tarn
500 3025 679 3065 coeliacus,
701 3035 800 3067 quam
823 3024 1033 3064 flenter-icus,
1057 3021 1274 3066 ingestumlac
1287 3019 1341 3053 de-

321 3071 431 3116 jiceret
456 3081 520 3104 non
544 3077 727 3103 mutatum.
752 3068 868 3110 Neque
894 3069 978 3101 enim
1002 3078 1038 3101 ut
1063 3069 1095 3101 in
1110 3067 1270 3103 coeliaco,
1293 3064 1339 3096 ita

321 3120 355 3149 in
380 3115 551 3148 lienterico
574 3111 743 3156 profluvio
764 3110 984 3145 conficiuntur
999 3112 1178 3150 alimenta,
1201 3109 1340 3142 fiveine-

322 3161 374 3203 pti
398 3158 458 3192 sint
483 3156 524 3191 ad
547 3157 581 3194 id
603 3156 721 3200 quibus
743 3153 860 3189 confici
885 3154 1055 3193 deberent,
1083 3154 1189 3195 succi,
1212 3152 1273 3186 sive
1286 3162 1338 3184 ac-

322 3213 438 3245 cepta,
466 3212 675 3244 praepropero
698 3209 793 3233 motu
816 3198 924 3242 ejiciat
949 3200 1147 3233 ventriculus
1162 3221 1174 3238 ,
1196 3196 1258 3230 sive
1291 3195 1337 3227 la-

323 3258 382 3281 xus
406 3245 496 3289 ipse,
521 3253 574 3278 aut
599 3244 741 3277 resoluto
764 3265 773 3281 ‚
807 3244 977 3286 minusque
1009 3242 1187 3276 constriffim
1219 3239 1339 3282 pyloro

325 3291 407 3323 elabi
433 3288 535 3326 finat3
558 3299 742 3331 quanquam
768 3288 926 3320 lienterici
950 3286 1033 3319 nihil
1058 3285 1123 3320 fuit
1146 3286 1180 3317 in
1206 3286 1285 3317 Sene
1297 3281 1341 3315 il-

330 3335 363 3367 lo
387 3331 477 3375 cujus
500 3332 608 3374 pylori
632 3330 799 3365 orificium
823 3331 885 3364 tibi
920 3330 997 3364 alias
1033 3333 1087 3373 (g
1108 3333 1122 3370 >
1156 3324 1304 3369 descripsi
1328 3348 1341 3365 ,

326 3389 399 3411 cum
422 3375 527 3419 ipsum
549 3387 603 3419 per
628 3375 658 3410 se
681 3375 787 3409 multo
809 3386 906 3419 quam
929 3373 1051 3414 soleat,
1075 3374 1214 3415 amplius
1233 3394 1245 3411 ‚
1269 3380 1340 3404 tum

328 3420 506 3464 praesertim
531 3419 622 3453 nullo
645 3427 774 3451 extante
799 3419 918 3452 annulo
941 3416 1130 3453 insti·u&um
1151 3414 1267 3458 majori
1300 3424 1339 3445 ex

330 3474 437 3511 parte.
462 3461 522 3498 Sed
544 3473 643 3506 neque
665 3463 797 3497 coeliaci
822 3461 1001 3507 quidquam
1023 3471 1118 3501 erat,·
1140 3471 1207 3503 quo
1229 3467 1337 3491 tamen

856 109 859 111 -
902 69 1061 130 Liber
1094 68 1189 121 ΙΙΙ.
1224 68 1311 121 De
1345 68 1556 123 Morbis
1590 67 1806 122 Ventris

1372 143 1471 175 etiam
1496 144 1529 175 in
1552 142 1666 189 morbo
1691 142 1761 176 sunt
1787 143 1865 178 Viri
1888 142 2073 178 Doffiffimi
2098 145 2274 188 qui,nimis
2303 156 2374 183 ama-

1368 186 1459 229 plum
1482 185 1635 233 pylorum'
1655 186 1803 231 credant.
1827 189 1902 229 Ego
1924 196 2100 226 vero-tunc
2137 187 2173 222 in
2206 191 2386 224 ventriculo

1373 228 1456 261 nihil
1479 228 1643 276 desider05
1665 230 1716 264 scd
1740 230 1913 273 aliquando
1935 231 1970 263 in
2001 232 2082 264 tubo
2119 234 2228 274 potius
2264 234 2387 267 intesti-

1371 283 1487 305 norum
1500 296 1511 313 ,
1531 274 1592 322 sive
1616 274 1791 317 accelerato
1813 283 1906 307 motu
1928 283 2019 306 antea
2042 273 2192 309 deturbet
2225 287 2355 320 excepta
2375 298 2389 320 ,

1375 327 1471 358 quam
1500 316 1574 349 satis
1596 315 1688 357 chyli
1713 314 1851 350 secedere
1875 317 1913 349 ab
1935 316 1988 350 his
2014 317 2105 358 poffit
2122 341 2131 356 ‚
2157 318 2218 352 five
2242 321 2388 354 retarda-

1376 368 1413 391 to
1427 382 1440 400 ,
1462 362 1495 402 δέ
1518 359 1675 401 languido
1699 370 1772 393 eum
1789 360 2009 402 „quiseceffib
2033 361 2168 399 ulterius
2191 365 2388 407 nonimpel..

1381 403 1426 436 lat
1451 415 1461 442 ς
1495 412 1530 437 ut
1553 402 1695 436 restitans
1721 404 1755 435 in
1776 405 1902 445 primis
1934 403 2066 437 suorum
2102 405 2306 441 vasculorum
2337 419 2386 441 ra.

1386 446 1529 488 diculis,
1553 444 1704 480 seceffuro
1728 457 1793 479 non
1816 448 1900 480 secus
1925 446 2048 487 obstet,
2080 459 2115 481 ac
2159 449 2287 491 quando
2328 451 2391 484 ob-

1384 490 1596 531 structarum,
1621 498 1658 523 ut
1682 490 1779 533 paulo
1810 501 1881 522 ante
1899 490 2130 529 dicebamus,
2164 492 2388 536 glandularum

1385 534 1568 567 mesenterii
1591 534 1676 566 vitio
1699 543 1796 575 porro
1818 545 1945 576 pergere
1969 534 2185 576 prohibetur:
2211 548 2249 569 ne
2271 537 2311 570 de
2340 540 2388 571 ci-

1381 578 1554 612 catricibus
1564 601 1577 619 ,
1602 576 1816 610 radicularum
1830 577 1935 613 oscula
1946 580 2179 612 occaecantibus
2193 580 2390 623 ,quidquam

1382 621 1520 662 addam5
1543 620 1633 663 cujus
1660 621 1785 657 tuvrei,
1808 629 1845 653 ut
1869 619 2096 655 obsti-uetionis
2118 634 2248 666 quoque
2282 635 2391 659 earum

1383 665 1605 708 glandularum
1628 665 1661 698 in
1684 664 1849 704 coeliacis,
1872 663 2014 706 exempla
2047 668 2180 709 reperies
2212 668 2245 699 in
2280 668 2393 710 Sepul-

1384 708 1496 742 chreto
1518 712 1531 750 (
1554 709 1575 742 h
1598 711 1631 747 )'.
1656 708 1830 741 Lienterici
1855 717 1959 740 autem
1982 705 2113 751 fluxus,
2133 709 2181 743 vel
2213 710 2252 744 ad
2285 721 2294 742 1
2334 711 2391 746 um

1386 752 1564 787 accedentis
1587 751 1837 785 Observationes
1861 750 1990 784 habebis
2011 763 2086 794 quas
2121 752 2215 788 addas
2246 712 2391 788 exssg'ae-

1384 797 1476 831 sareae
1501 795 1686 830 Academiae
1707 794 1943 836 ,voluminibus
1966 798 1980 834 (
2002 796 2015 829 ί
2034 799 2048 835 )
2071 808 2134 829 non
2166 794 2228 830 sine
2259 797 2390 832 illarum

1383 840 1549 884 quidem,
1583 839 1780 882 aliarumque
1812 837 2034 881 glandularurn
2079 840 2352 875 obstruftionibus
2376 866 2390 883 ,

1384 884 1436 919 sed
1461 895 1536 918 cum
1559 883 1728 916 ventriculi
1753 881 1869 922 simul,
1891 883 1980 914 omni
2006 882 2123 916 robore
2146 884 2277 924 orbati,
2312 886 2390 920 alias

1386 931 1420 962 ἃ-
1442 927 1530 972 ejus,
1553 930 1585 961 &
1609 926 1834 963 intestinorum
1862 936 1959 967 prope
1982 927 2127 966 omniurn
2152 928 2326 970 parietibus
2352 930 2392 965 ad

1384 973 1502 1015 papyri
1527 972 1718 1005 tenuitatem
1741 969 1875 1003 redaftis
1891 993 1900 1000 .
2030 969 2153 1003 Verum
2164 971 2200 1003 ab
2211 971 2261 1004 his
2274 972 2305 1004 in
2318 984 2390 1015 quae

1386 1015 1474 1049 forte
1497 1014 1695 1055 incidimus,
1718 1016 1750 1048 &
1776 1024 1846 1056 quae
1891 1011 2106 1047 nihilominus
2150 1013 2204 1047 hic
2250 1016 2391 1057 attigisse
2412 1040 2420 1054 f,

1384 1059 1470 1093 haud
1492 1059 1609 1093 inutile
1632 1057 1759 1102 prorsus
1792 1056 1915 1097 fuerit,
1938 1054 1978 1090 ad
2002 1056 2157 1091 Vals'alvae
2181 1057 2409 1094 Observatioe

1383 1114 1436 1138 nes
1459 1102 1639 1146 redeamus.

1430 1158 1460 1189 5.
1486 1147 1661 1180 INFANS
1686 1145 1805 1178 menses
1827 1151 1919 1176 natus
1940 1144 2054 1178 XVII.
2090 1143 2253 1179 diarrhoea
2285 1155 2393 1180 tenta-
2421 1177 2423 1179 .

1382 1190 1499 1224 batur.
1525 1191 1615 1223 Huic
1638 1188 1738 1222 febris
1762 1187 1880 1221 acceffit
1903 1197 1978 1220 cum
2022 1187 2091 1222 tuffi
2115 1211 2128 1227 ,
2171 1192 2203 1222 v&
2248 1190 2392 1233 quodam

1388 1235 1616 1278 gingivarum,
1642 1243 1676 1266 ac
1700 1232 1827 1266 narium
1850 1232 2002 1272 pruritu,
2034 1242 2130 1273 quem
2160 1231 2268 1266 crebra
2304 1234 2393 1276 digi-

1386 1287 1495 1312 torum
1519 1277 1556 1310 ad
1591 1287 1641 1310 eas
1672 1285 1778 1318 partes
1814 1274 2013 1309 affricatione
2047 1272 2246 1315 significabat
2270 1300 2278 1308 .
2312 1278 2394 1310 Cre-

1387 1321 1468 1356 scere
1491 1322 1622 1355 interim
1647 1319 1808 1353 diarrhoea
1833 1343 1841 1357 ‚
1873 1320 1905 1350 δι
1948 1329 2022 1352 cum
2066 1317 2260 1360 dejectiones
2304 1329 2395 1354 antea

1383 1365 1478 1399 flavae
1501 1388 1514 1406 ,
1558 1374 1615 1400 aut
1659 1363 1779 1397 virides
1825 1359 1964 1396 fuissent·
1979 1385 1992 1402 ,
2035 1362 2179 1404 primum
2225 1363 2395 1405 sanguinea

1383 1411 1525 1443 tinctura
1547 1406 1638 1441 infici
1654 1431 1666 1448 ,
1689 1406 1839 1447 tandem,
1862 1404 1959 1448 idque
1981 1405 2066 1438 circa
2087 1405 2173 1439 diern
2197 1405 2395 1450 septimum,

1380 1456 1414 1488 δι
1436 1464 1511 1488 curn
1536 1450 1701 1495 singultu,
1725 1452 1760 1484 in
1782 1450 1975 1493 nigerrimas
2010 1451 2205 1485 commutari
2229 1475 2236 1482 .
2286 1452 2392 1486 Nono

1375 1499 1508 1531 ineunte
1539 1495 1591 1530 die
1612 1520 1625 1537 ,
1657 1494 1770 1538 sponte
1789 1518 1802 1534 ,
1845 1504 1884 1526 an
1930 1494 1964 1525 vi
1994 1492 2188 1528 adstrietorii
2228 1493 2396 1538 cujusdam

1381 1540 1516 1576 remedii
1536 1565 1545 1582 ‚
1570 1539 1609 1574 de
1632 1538 1828 1573 mulierculae
1851 1534 1989 1570 consilio
2010 1536 2050 1570 ad
2082 1536 2177 1581 pedes
2209 1540 2392 1581 appliciti,

1377 1586 1519 1618 omnino
1543 1582 1724 1618 substitere.
1752 1582 1873 1615 Verum
1896 1579 2039 1624 septem,
2064 1590 2118 1615 aut
2140 1582 2217 1615 osto
2242 1583 2298 1615 vix
2332 1582 2395 1616 ho-

1380 1631 1425 1662 ris
1448 1626 1653 1670 interjectis,
1676 1625 1931 1672 praecordiorum
1952 1623 2107 1667 angustiis
2125 1625 2262 1666 presius,
2292 1628 2323 1659 &
2349 1626 2396 1660 as.

1380 1671 1469 1706 sidua
1490 1673 1592 1705 totius
1612 1669 1763 1712 corporis
1784 1669 1960 1712 jactatione
1983 1666 2149 1701 concussus
2167 1691 2183 1709 ⁷>
2217 1680 2306 1702 nono
2340 1681 2397 1703 eo-

1380 1715 1455 1749 dem
1477 1715 1619 1749 moritur
1651 1712 1724 1748 die.
1858 1709 2135 1744 INTESTINA
2168 1722 2236 1744 aere
2267 1714 2397 1756 turgida

1381 1770 1518 1802 paucam
1541 1758 1775 1800 nigerrimam,
1796 1754 1924 1798 qualern
1947 1762 2035 1786 antea
2059 1764 2262 1788 excreverant
2285 1779 2297 1795 ,
2323 1751 2397 1790 ὶῃᾶ-

1382 1804 1497 1836 teriam
1520 1801 1752 1835 continebant.
1778 1800 1816 1831 In
1839 1796 2029 1831 mesenterio
2052 1798 2148 1831 multi
2173 1797 2295 1840 adiposi
2331 1800 2399 1833 sac-

1382 1847 1473 1883 culi,
1496 1844 1552 1878 etfi
1577 1845 1658 1878 hora
1683 1856 1698 1876 a
1723 1849 1828 1875 morte
1852 1840 1918 1884 jam
1941 1839 2105 1874 transierat
2130 1841 2280 1884 vigesima
2304 1855 2400 1886 quar-

1384 1898 1441 1928 ta,
1464 1890 1618 1921 minimas
1641 1897 1747 1922 tamen
1772 1883 1977 1928 pinguedinis
1998 1882 2202 1919 ostenderunt
2225 1888 2399 1927 particulas

1382 1944 1454 1975 quae
1476 1932 1692 1965 tumultuario
1714 1931 1798 1964 inter
1821 1933 1850 1962 se
1861 1937 1955 1962 motu
1968 1927 2187 1970 agitabantur.
2324 1933 2401 1966 Pul-

1383 1987 1493 2009 mones
1517 1975 1555 2008 ad
1578 1975 1711 2008 dorsum
1734 1969 1888 2006 nonnihil
1910 1970 2137 2014 nigrica'oant,
2161 1972 2274 2006 dexter
2312 1986 2398 2017 prae-

1383 2018 1513 2052 sertim:
1538 2018 1604 2051 sani
1627 2027 1715 2051 erant
1738 2025 1864 2050 tamen.
1890 2016 1929 2048 In
1954 2015 2134 2057 pericardio
2157 2028 2244 2059 aquae
2259 2029 2396 2059 parum:

1383 2062 1418 2095 in
1439 2060 1536 2096 corde
1561 2070 1665 2096 autem
1700 2060 1826 2094 nullum
1859 2059 2025 2103 polyposae
2058 2062 2277 2095 concretionis
2314 2062 2400 2096 indi-

1384 2108 1472 2142 cium
1490 2131 1498 2139 .
1630 2105 1668 2138 In
1692 2103 1835 2137 Cerebro
1860 2114 1997 2145 paucum
2019 2101 2121 2136 serum
2146 2105 2312 2140 inventum
2334 2106 2397 2140 cst.

1429 2153 1459 2184 6.
1487 2148 1665 2184 Diarrhoea
1687 2158 1762 2182 cum
1786 2146 1881 2187 tuffi,
1903 2147 1936 2178 &
1962 2147 2088 2190 narium
2114 2150 2240 2189 pruritu
2263 2149 2400 2192 conjun-

1388 2194 1460 2232 ἃᾶ,
1488 2194 1724 2227 lumbricorurn
1746 2192 1780 2224 in
1803 2189 1865 2224 hoc
1889 2189 1996 2232 puello
2029 2189 2081 2222 ius
2102 2191 2243 2225 icionem
2274 2204 2400 2227 movere

1390 2245 1517 2280 poterat
1538 2248 1545 2269 .·
1570 2238 1626 2280 qui
1651 2234 1732 2268 nulli
1756 2244 1863 2268 tamen
1886 2233 1959 2268 sunt
1983 2201 2185 2275 deprehensi.
2213 2236 2272 2269 Sed
2293 2239 2402 2280 gingi-

1386 2291 1500 2316 varum
1523 2281 1669 2323 pruritus
1694 2278 1797 2321 reapse
1831 2277 2049 2312 dentitionem
2081 2276 2282 2320 significabat
2304 2306 2312 2314 .
2347 2282 2401 2315 Sic

1388 2327 1473 2358 enim
1497 2325 1524 2357 is
1547 2324 1606 2367 qui
1629 2321 1699 2357 haec
1723 2322 1831 2362 vidit,
1857 2320 2005 2356 Valsalva
2029 2321 2155 2356 censuit
2178 2335 2252 2357 cuni
2278 2324 2402 2358 Obser-

1388 2369 1553 2401 vationem
1577 2367 1658 2400 hanc
1681 2368 1715 2399 in
1741 2365 1797 2400 suo
1834 2376 1934 2408 parvo
1969 2363 2080 2398 Indice
2112 2365 2153 2399 sic
2186 2367 2363 2409 designavit
2389 2392 2404 2410 ,

1386 2411 1550 2445 Diarrhoea
1574 2421 1645 2444 cum
1668 2409 1841 2443 dentitione
1853 2406 1973 2451 difficili
1985 2431 1997 2448 ,
2022 2415 2115 2450 atque
2125 2410 2319 2452 convuljzvis
2335 2422 2403 2445 mo-

1385 2453 1494 2488 tibus.
1520 2454 1677 2488 Dentitio
1700 2461 1806 2486 autem
1830 2461 1928 2494 quam
1951 2451 2046 2484 facile
2069 2452 2291 2486 convulsiones
2316 2456 2403 2488 exci-

1385 2506 1458 2538 tet,
1481 2507 1580 2540 neque
1604 2497 1755 2538 ignotum
1779 2494 1844 2535 est,
1867 2497 1899 2527 ὃς
1924 2505 1981 2528 nos
2006 2495 2082 2528 alias
2105 2497 2120 2535 (
2142 2495 2161 2536 l<
2184 2501 2194 2536 )
2218 2497 2345 2532 duobus
2363 2499 2403 2534 ad

1386 2550 1418 2575 te
1442 2541 1570 2583 scriptis
1595 2539 1727 2574 funestis
1749 2537 1914 2572 infantum
1949 2537 2069 2571 casibus
2103 2540 2365 2576 confirmavimus
2388 2567 2402 2585 ‚

1387 2584 1479 2618 simul
1506 2583 1685 2617 indicantes
1709 2582 1763 2618 ubi
1786 2581 2017 2616 ostenderimus
2040 2605 2053 2621 ,
2076 2593 2139 2624 qua
2172 2586 2302 2619 -ratione
2336 2588 2402 2621 alvi

1387 2628 1494 2663 fluxus
1517 2629 1616 2661 etiam
1639 2635 1792 2667 moveat,
1814 2628 1846 2659 &
1870 2636 1932 2668 qua
1946 2624 1981 2658 hi
2002 2650 2011 2663 ,
2035 2624 2056 2657 ii
2068 2626 2151 2660 intra
2166 2628 2301 2663 modurn
2314 2629 2375 2663 fint
2393 2656 2403 2673 ‚

1385 2671 1605 2705 convulsiones
1631 2679 1776 2703 arceant.
1800 2670 1891 2703 Hinc
1915 2669 2071 2711 intelligis
2091 2691 2100 2706 ‚
2127 2671 2251 2706 eosdem
2275 2673 2402 2717 fluxus,

1386 2716 1444 2757 qui
1469 2715 1591 2758 semper
1614 2714 1764 2757 alioquin
1788 2723 1853 2746 non
1877 2711 1940 2745 siue
1965 2713 2109 2758 periculo
2134 2725 2260 2758 repente
2285 2728 2324 2751 ex
2349 2727 2404 2752 to-

1385 2768 1423 2792 ‘to
1447 2758 1617 2793 subsistunt
1633 2781 1645 2799 ,
1668 2766 1793 2801 quanto
1816 2754 1931 2798 majori
1956 2756 2117 2791 subsistant
2153 2770 2191 2792 eo
2223 2769 2368 2804 ternpore
2392 2787 2402 2795 .

1386 2802 1489 2841 Quod
1512 2801 1535 2836 fi
1559 2814 1629 2845 quae
1652 2800 1873 2843 dejiciuntur,
1896 2798 1957 2834 sint
1981 2800 2107 2843 insuper
2131 2801 2302 2839 deterrima
2324 2817 2334 2844 3
2370 2818 2405 2840 ea

1389 2857 1467 2879 vero
1490 2846 1638 2880 cohibita
1653 2870 1662 2886 ‚
1685 2855 1750 2880 non
1775 2853 1913 2877 mortem
1937 2843 2061 2885 solum,
2086 2844 2136 2879 sed
2168 2848 2366 2882 celerrimam
2389 2874 2403 2891 ,

1391 2889 1683 2932 acerbissimamque
1707 2887 1836 2931 possunt
1862 2886 1989 2920 afferre.
2023 2888 2091 2921 Hic
2124 2900 2231 2926 autem
2263 2893 2405 2941 maligna

1391 2943 1487 2976 atque
1510 2934 1636 2967 exitiali
1661 2931 1753 2966 fuiss'e
1777 2940 1909 2969 natura,
1931 2934 1964 2964 δε
1986 2942 2098 2965 eorum
2123 2936 2217 2968 color
2243 2958 2253 2976 ,
2286 2939 2318 2970 &
2341 2938 2405 2970 sm.

1390 2979 1521 3019 gultus,
1547 2980 1579 3010 δε
1603 2978 1787 3019 quicunque
1810 2976 1837 3009 is
1866 2974 1931 3008 fuit
1955 2976 1988 3007 in
2012 2976 2221 3018 pinguedinis
2234 2981 2405 3023 particulis

1391 3030 1520 3064 motus,
1544 3019 1698 3054 insolitus
1722 3018 1799 3052 adeo
1822 3028 1858 3053 ut
1881 3020 1991 3061 paucis
2014 3028 2131 3061 praeter
2154 3023 2336 3058 valsalvam
2369 3024 2406 3060 id

1391 3064 1550 3098 crederem
1571 3087 1584 3106 ,
1617 3063 1693 3097 satis
1716 3062 1869 3104 superque
1891 3062 2163 3098 commonstrant.
2299 3067 2358 3103 Sed
2368 3078 2406 3103 ut

1391 3108 1430 3141 de
1454 3108 1565 3143 colore
1591 3116 1719 3141 tantum
1743 3106 1874 3145 dicam,
1898 3107 1967 3140 noli
1989 3105 2141 3150 credere,
2162 3111 2240 3153 quia
2273 3111 2403 3156 sangui..

1389 3162 1455 3184 neae
1477 3152 1626 3185 ῑὶηᾶιιιῖε
1650 3150 1840 3193 nigerrimus
1863 3150 1917 3182 ille
1951 3149 2088 3185 succeffit
2131 3154 2307 3196 egestorum
2352 3166 2406 3188 co-

1391 3195 1443 3229 lor
1469 3221 1479 3236 ‚
1511 3194 1597 3228 nihil
1619 3193 1689 3228 haec
1711 3192 1802 3227 fuisse
1826 3192 1884 3226 nisi
1921 3194 2105 3238 sanguinem
2129 3221 2137 3230 .
2171 3199 2288 3242 Neque
2318 3200 2404 3232 enim

1391 3240 1418 3273 is
1443 3247 1509 3272 erat
1533 3237 1709 3278 Valsalva,
1732 3238 1787 3280 qui
1813 3247 1866 3270 aut
1889 3236 2027 3279 ejectum
2051 3261 2064 3278 ‚
2088 3248 2142 3273 aut
2179 3242 2335 3277 residuum
2369 3243 2404 3276 in

1392 3284 1515 3317 mortui
1539 3281 1697 3315 intestinis
1721 3281 1929 3323 sanguinem,
1954 3281 1976 3315 fi
2000 3280 2132 3325 quidem
2168 3284 2295 3330 sanguis
2324 3284 2404 3320 fuis-

1392 3326 1435 3361 set
1462 3350 1475 3368 ,
1506 3325 1599 3359 facile
1623 3324 1788 3366 agnoscere
1812 3327 1941 3358 nesciret
1957 3349 1965 3355 .
1991 3328 2098 3369 Igitur
2122 3337 2176 3361 aut
2199 3331 2339 3363 nubtura
2363 3330 2405 3362 il—

1393 3370 1421 3418 la
1445 3381 1517 3412 quae
1541 3368 1710 3411 sanguinea
1733 3380 1748 3401 a
1770 3369 1967 3404 mulierculis
1991 3369 2114 3404 credita
2125 3372 2191 3413 est,
2216 3375 2321 3416 aliqua
2338 3373 2405 3416 pes-

1393 3415 1464 3446 simi
1491 3413 1639 3446 humoris
1662 3413 1774 3454 portio
1796 3410 1862 3446 fuit
1880 3438 1888 3452 ‚
1913 3423 1992 3447 tunc
2017 3414 2159 3456 primum
2172 3427 2351 3460 erumpere,
2372 3419 2405 3450 &

1390 3468 1460 3500 quae
1483 3455 1643 3490 intestinis
1666 3465 1756 3489 antea
1766 3456 2036 3498 continebantur,
2059 3457 2187 3493 inficere
2201 3462 2408 3502 incipientis,

2305 3514 2360 3537 aut

565 3669 588 3685 ι..
650 3659 660 3687 (
703 3660 750 3690 21.
767 3668 790 3690 4.
807 3668 828 3685 e.
848 3669 884 3686 u.
950 3660 964 3689 (
978 3667 996 3688 g
1016 3659 1114 3690 >Epist
1132 3666 1170 3683 ιι.
1186 3666 1210 3682 n.
1222 3665 1258 3690 ¹5-

553 3692 586 3715 Ns.
605 3693 633 3717 Ο.
651 3692 728 3716 Tor».
745 3699 768 3716 ι»
786 3692 847 3717 obs.
864 3696 902 3722 ⁶5·
921 3692 943 3716 ἃ
961 3692 1033 3716 Cent,
1051 3695 1075 3716 6.
1095 3690 1157 3716 ΟΜ.
1177 3697 1215 3721 94·

1322 3657 1329 3680 (
1350 3656 1364 3680 h
1380 3656 1394 3684 )
1409 3657 1472 3691 §efi-
1489 3656 1534 3681 hae
1553 3663 1587 3681 ιο.
1604 3657 1665 3682 Obs.
1684 3665 1705 3681 2.
1723 3657 1745 3680 8(
1763 3665 1788 3686 4.
1806 3666 1834 3683 ac
1849 3667 1874 3690 5.

1276 3688 1290 3720 (
1307 3687 1446 3717 k)Ep1st.
1466 3695 1489 3717 9.
1508 3696 1534 3713 η.
1550 3695 1575 3716 4.
1591 3690 1614 3712 ἃ
1632 3688 1705 3718 Epist.
1723 3696 1757 3712 ie.
1776 3697 1801 3713 n.
1819 3697 1842 3718 ο.
