2498 4075
481 200 635 270 Epist,
671 202 834 258 Anat.
870 200 1088 258 Medica
1120 201 1243 258 LII.
1278 203 1400 260 Art.
1421 218 1499 273 4ο.
1524 207 1583 262 δε
1605 218 1688 273 41.

52 282 283 328 produffionei
304 290 316 324 3
355 293 493 326 quarum
536 281 678 316 maxima
722 282 867 323 digitum
911 282 1057 325 longitu-

53 327 130 362 dine
153 349 162 365 ‚
207 329 239 363 &
282 326 487 361 craffitudine
531 323 706 370 aequabat3
740 325 830 360 fimul
865 334 971 361 autern
1006 326 1060 363 fo-

50 382 160 415 ramen
185 381 240 413 per
261 369 350 413 quod
373 371 492 403 arteria
502 380 539 403 os
551 368 678 405 subibat
692 392 701 408 ‚
725 370 948 411 perangustum
963 370 1060 413 alias,

49 415 85 450 in
106 425 149 448 eo
170 412 234 449 offe
257 424 336 447 aoeo
359 411 616 454 amplificatum,
639 422 673 445 ut
698 413 788 448 nullo
812 414 946 455 negotio
959 414 1058 450 mini..

50 461 142 493 mum
168 457 356 493 admitteret
378 456 541 499 digitum.
568 453 648 489 Ossa
670 454 736 491 duo
766 457 891 499 reliqua
937 466 1055 498 praeter

48 499 247 539 fracturam„
274 512 345 543 quae
369 501 454 533 olim
479 496 673 543 praecesserat
688 522 698 538 ‚
722 498 979 539 consolidatam,
1004 500 1055 536 af..

49 543 173 579 feuum
196 546 281 579 carie
303 544 465 580 habebant
488 552 670 581 tumorem,
694 544 796 585 &pro
809 545 923 576 arteria
938 544 1054 577 inscul-

49 597 145 631 ptum
171 588 225 622 offi
250 587 395 623 foramen
420 588 540 629 pariter
563 586 881 629 dilatatum-Itaque
896 586 959 620 hoc
971 599 1059 621 mor.

48 632 86 666 bi
112 643 210 674 genus
231 631 369 665 necdum
392 638 553 673 quantum
576 637 737 670 mereret,
761 628 979 671 illustratum,
1004 642 1059 667 ex-

31 675 272 721 „plicatumque
294 674 440 709 censebat
452 698 459 706 .
591 673 651 707 Sed
662 672 729 711 haec
741 683 779 705 ex
791 673 857 713 ejus
869 674 906 708 ad
921 686 972 707 me
984 674 1058 706 Lit-

47 720 128 753 teris
152 717 325 753 haetenus.
348 719 532 753 ‘rumorem
556 724 664 750 autem
687 726 784 758 quem
807 715 873 757 ipse
895 718 928 750 in
942 717 1056 750 foemi-

47 772 87 795 na
111 760 169 795 ista
196 761 303 798 vidit,
327 764 356 796 &
381 760 470 799 sede,
493 762 525 795 &
560 759 723 795 diuturnis
744 783 755 798 ‚
777 759 1055 806 'graviffimisque

45 804 236 844 doloribus,
259 807 290 840 <Sc
311 803 438 839 incluso
461 803 636 845 sanguine,
657 805 688 835 &
712 801 852 844 subjecta
864 806 966 840 cranii
979 814 1053 847 par-

48 857 82 881 te
104 847 198 883 osseis
222 848 448 891 prominentiis
471 848 574 880 acutis
596 846 702 889 aspera
718 867 727 882 ,
753 845 900 880 conferre
911 847 1055 891 quadan-

48 900 143 927 tenus
163 902 238 925 cum
262 903 299 924 eo
323 892 443 934 poteris
466 890 524 933 qui
568 901 606 923 ex
638 889 787 930 Anglicis
815 888 1056 933 Philosophicis

50 933 325 977 Transaflionibus
346 942 620 969 commemoratur
643 933 676 967 in
699 933 826 969 laudata
851 932 927 969 alias
949 935 958 971 5
981 944 1055 975 quae

49 978 107 1012 sub
130 976 185 1009 Cl.
211 977 329 1011 Kulmi
353 976 503 1021 praefidio
527 975 656 1010 Gedani
679 976 721 1009 A.
761 986 856 1018 1732.
888 978 1075 1019 proposita·

48 1021 114 1060 est,
140 1018 377 1057 Differtatione
398 1024 412 1060 (
434 1031 456 1054 x
477 1024 513 1065 >5
536 1029 664 1054 externa
689 1030 764 1052 vero
787 1018 880 1053 causa
893 1020 1052 1062 speciata,

49 1067 81 1099 &
105 1073 198 1100 tumo
216 1064 243 1099 is
266 1063 358 1099 tardo
383 1064 453 1105 post
475 1064 576 1097 ilium
598 1063 696 1100 initio
712 1085 721 1100 ‚
745 1065 776 1096 δε
822 1062 914 1100 nullo
959 1063 1017 1096 diu
1040 1085 1053 1103 ,

49 1107 156 1151 postea
180 1119 196 1141 a
222 1115 286 1142 tem
312 1108 455 1147 acerbo,
475 1107 699 1150 quamvisnon
711 1106 870 1142 continuo
886 1131 894 1145 ‚
918 1105 1030 1142 dolore
1044 1131 1053 1148 ,

50 1154 83 1186 δε
106 1151 208 1187 cranii
232 1154 338 1191 carie,
362 1152 521 1193 hiatuque
544 1160 609 1184 non
633 1149 788 1189 modico,
813 1149 906 1192 poffis
938 1160 1053 1191 magna

49 1205 90 1228 ex
113 1203 205 1236 parte
227 1206 300 1228 cum
325 1207 362 1230 eo
385 1205 572 1236 comparare
598 1204 695 1235 <piem
719 1193 752 1226 in
775 1192 873 1228 altera
920 1194 1054 1229 muliere

46 1237 88 1273 ab
108 1238 161 1282 Jo.
189 1238 400 1272 Saltzmanno
423 1238 477 1280 (y
497 1241 512 1284 2
535 1236 726 1273 adnotatum
750 1235 925 1270 habemus.

91 1292 145 1327 40.
174 1280 227 1315 Ad
249 1281 382 1326 Caput,
407 1282 553 1316 universe
566 1290 752 1323 acceptum,
774 1291 848 1313 cum
861 1280 990 1313 vulnera
1012 1279 1054 1312 il-

48 1324 81 1360 la
103 1333 233 1369 quoque
256 1327 414 1361 attineant
438 1336 509 1367 quae
534 1322 628 1358 faciei
664 1323 860 1367 infliguntur
883 1333 894 1363 3
937 1321 1053 1360 cursim

46 1367 111 1403 huc
134 1368 242 1413 aliqua
266 1368 440 1412 adjungere
467 1367 571 1402 visum
596 1366 639 1403 est
662 1367 703 1401 de
725 1367 921 1406 oculorum,
952 1367 1018 1400 nafi
1041 1389 1054 1406 ,

44 1413 233 1454 labrorum,
257 1412 376 1455 linguae
402 1411 606 1448 vulneribus.
631 1412 681 1445 Ac
705 1410 743 1444 de
764 1411 804 1445 iis
828 1409 958 1453 quidem
980 1421 1054 1451 quae,

43 1467 108 1489 non
133 1465 201 1490 tam
223 1456 395 1490 oculorum
417 1456 510 1495 sunt,
531 1461 628 1497 quam
652 1455 857 1491 orbatarum3
883 1455 913 1489 &
958 1464 1050 1487 cere-

43 1499 120 1536 bri,
145 1500 307 1543 superiore
332 1498 476 1543 Epistola
501 1499 653 1539 scriptum
677 1497 741 1532 est.
767 1496 898 1536 Quibus
932 1499 963 1542 ,βε
997 1497 1051 1533 illa

42 1542 175 1586 adjicias
198 1553 269 1586 quae
293 1552 368 1577 toto
390 1542 509 1578 orbitae
532 1554 612 1576 cavo
635 1541 783 1578 emenso,
806 1551 862 1583 per
885 1538 1053 1589 hujus-fo-

42 1588 168 1622 ramina
183 1608 192 1624 ‚
216 1585 414 1628 ultimosque
439 1586 572 1629 parietes
598 1584 636 1620 ad
659 1584 825 1618 cerebrum
848 1585 882 1618 in
907 1583 1051 1617 homini-2

46 1630 108 1666 bus
130 1630 331 1672 aliquando,
356 1630 479 1671 semper
503 1637 610 1662 autem
632 1630 666 1663 in
690 1628 729 1661 iis
752 1628 870 1660 ovibus
901 1637 1052 1667 pervene-

42 1682 119 1709 runt
141 1685 220 1717 quas
245 1674 362 1709 Romae
385 1671 559 1714 Wepferus
583 1672 644 1714 (z
664 1674 679 1712 )
699 1671 827 1705 cunetas
853 1670 937 1705 vidit
961 1670 1053 1703 omni

43 1716 156 1758 sensu,
180 1725 337 1757 motuque
360 1715 503 1758 privatas
528 1715 638 1750 statim
663 1725 698 1748 ac
720 1714 808 1748 lanio
840 1713 983 1748 cultrum
1017 1712 1057 1749 ad

44 1758 254 1796 manubrium
278 1759 378 1803 usque
401 1760 436 1791 in
460 1759 654 1794 alterutrum
677 1757 811 1793 oculum
844 1757 1021 1792 immiserat
1043 1768 1052 1791 ι

43 1802 134 1848 quod
158 1814 215 1836 non
239 1802 295 1846 nisi
318 1802 510 1840 carotidibus
528 1802 625 1844 juxta
649 1798 881 1843 infundibulum
903 1799 1052 1841 absmffis,

47 1846 240 1882 ventriculis
263 1847 416 1882 omnbus
438 1845 571 1890 integris
600 1843 854 1886 permanentibus
878 1867 888 1883 ,
925 1842 1055 1886 fabium

47 1888 222 1932 Wepferus
233 1899 291 1923 non
305 1887 491 1924 dubitabat:
516 1898 724 1931 quanquam,
748 1888 792 1924 fi„
818 1886 907 1930 quod
917 1887 1055 1920 obvium

42 1941 111 1969 erat
134 1932 261 1974 facere,
282 1932 323 1966 fic
349 1932 558 1966 mastatarum
580 1932 724 1965 cranium
748 1930 814 1973 ipse
839 1929 1054 1966 diffecuiffet;

42 1978 77 2011 in
99 1976 289 2020 quibusdam
311 1973 443 2009 fortasse
464 1975 734 2010 convulneratum
757 1984 889 2018 quoque
912 1974 1050 2015 aliquem

44 2032 83 2054 ex
103 2020 294 2057 ventriculis
317 2017 591 2061 deprehendisset.
723 2019 776 2053 De
810 2017 899 2050 oculi
944 2026 1051 2050 autem

41 2062 139 2106 ipsius
164 2063 350 2097 vulneribus
373 2074 427 2105 per
449 2073 521 2106 quae
545 2061 697 2097 humores
737 2058 949 2095 effunduntur
972 2082 985 2100 ‚
1027 2059 1052 2095 fi

42 2106 177 2151 quidem
201 2108 337 2149 Aqueus
359 2105 589 2141 tantummodo
612 2103 725 2152 effusus
750 2103 788 2137 sit
804 2128 812 2142 ,
850 2114 908 2138 nec
953 2102 1052 2146 quid..

42 2161 140 2194 quarn
159 2151 338 2194 punfium,
360 2158 413 2183 aut
434 2149 595 2189 incisum,
619 2148 676 2182 nih
699 2149 829 2182 Cornea
840 2148 947 2181 tunica
962 2169 972 2184 ‚
998 2146 1055 2180 be-

43 2204 84 2233 ne
108 2192 296 2236 sperandum
321 2191 401 2232 effe,
423 2190 703 2236 jamAril’toteles
723 2191 791 2237 (a),
818 2188 934 2224 Celsus
960 2189 1053 2231 (b),

43 2237 171 2274 Plinius
195 2236 265 2280 (c)
287 2236 435 2280 exemplo
458 2234 672 2270 hirundinum
687 2256 696 2272 ‚
719 2235 971 2274 columbarum,
994 2245 1053 2277 pa.

42 2280 249 2320 lnmbarum‚
272 2280 461 2315 lacertarum
484 2279 664 2318 viridium,
687 2276 895 2313 mustelarum
917 2288 1049 2321 quoque

43 2325 268 2360 indicaverant
291 2323 380 2366 prius
402 2333 500 2365 quarn
535 2322 604 2366 post
635 2321 756 2356 Galeni
778 2324 793 2362 (
815 2321 834 2354 d
855 2324 869 2361 )
892 2323 926 2354 in
950 2331 1051 2363 puero

44 2368 344 2407 Observationem,
369 2366 487 2401 Galeni
512 2367 610 2399 etiam
632 2364 752 2400 asseclae
776 2374 848 2398 tum
871 2366 904 2398 in
940 2363 1050 2399 homi-

44 2411 160 2451 nibus,
183 2420 255 2445 tum
277 2411 311 2444 in
336 2409 407 2444 aliis
430 2409 648 2443 animantibus
692 2407 939 2442 confirmarent.
988 2409 1049 2443 Sed

45 2455 166 2490 Vitreo
190 2454 349 2492 humore,
372 2455 404 2487 δε
427 2453 533 2487 multo
556 2453 658 2494 magis
679 2450 883 2495 crystallino
913 2451 1014 2486 effuso
1037 2473 1048 2489 ‚

44 2508 123 2533 num
147 2498 257 2535 reete,
283 2506 319 2531 ut
344 2505 455 2536 antea,
480 2498 569 2531 cerni
594 2494 708 2539 posfit:
735 2494 768 2529 id
794 2507 870 2530 vero
894 2494 935 2529 est
957 2496 1048 2538 quod

43 2541 175 2576 difficile
197 2540 324 2575 credant
348 2541 372 2573 ii
397 2540 455 2583 qui
479 2538 628 2574 humores
652 2538 710 2574 hos
734 2549 789 2581 per
811 2539 974 2573 Cornearn
985 2539 1049 2582 eji-

41 2585 183 2624 cienteS,
205 2593 241 2619 ut
264 2585 328 2619 Iris
342 2608 352 2625 ‚
377 2583 544 2620 &Giliare
562 2593 684 2625 *corpus
706 2579 962 2622 labefactentur,
978 2583 1050 2616 ani-

44 2628 303 2667 madverterint,
327 2637 469 2669 quorum
492 2625 658 2668 utriusque
681 2626 851 2667 integritas
877 2626 916 2660 ad
941 2624 1051 2667 perfe-

43 2672 96 2705 ἃε
118 2671 294 2707 videndum
317 2670 363 2706 est
387 2668 580 2708 neceffaria.3
604 2680 642 2703 ne
664 2668 703 2702 de
726 2669 847 2703 Retina
869 2669 1050 2712 quidquam

43 2714 188 2749 dicamus
202 2736 213 2754 ,
236 2714 299 2749 sine
323 2725 386 2757 qua
409 2713 513 2748 videri
538 2723 602 2747 non
627 2710 729 2757 potest
752 2735 765 2754 ,
787 2723 858 2756 quae
891 2712 1054 2747 ίιὼάυᾶο

44 2757 167 2793 vitreo
191 2754 327 2793 humore
349 2757 557 2797 collabascit,
579 2765 633 2791 aut
656 2763 741 2790 certe
764 2765 956 2798 corrugatur
970 2780 977 2787 .
992 2757 1052 2790 Fac

45 2810 178 2838 tamen,
201 2800 319 2842 Aqueo
341 2798 503 2839 humore,
524 2808 559 2834 ut
583 2798 637 2835 sua
661 2801 695 2832 in
720 2798 791 2833 sede
806 2822 814 2835 ‚
838 2801 884 2833 ita
906 2800 939 2832 in
973 2801 1052 2833 reli-

45 2844 118 2887 quis
140 2842 228 2877 forte
253 2840 444 2885 quibusdam
469 2843 579 2878 Vitrei
603 2842 726 2877 cellulis
748 2841 853 2878 rursus
875 2842 1016 2877 collecto
1039 2866 1049 2881 ‚

45 2886 121 2925 has,
147 2889 178 2922 δε
200 2884 296 2928 fiquae
318 2884 502 2929 compress'ae
527 2886 614 2919 intra
637 2885 692 2919 has
714 2885 858 2920 latebant
873 2911 882 2926 ‚
906 2885 1055 2927 distendi,

46 2932 79 2963 δε
103 2931 258 2965 {sennam
284 2929 464 2971 explicare3
489 2939 565 2962 num
589 2927 807 2970 crystallinus
831 2929 972 2966 humor,
997 2942 1053 2972 per

45 2973 163 3007 vulnus
185 2981 304 3009 temere
325 2971 491 3008 infinitum
515 2982 589 3006 cum
616 2973 734 3006 Vitreo
756 2971 903 3015 elapsus,
936 2975 1051 3016 gigne-

45 3026 101 3052 tur
124 3018 267 3051 iterum?
289 3015 348 3057 qui
370 3015 574 3059 posteaquam
600 3026 615 3048 a
636 3014 771 3049 dextero
795 3014 963 3058 Chirurgo
995 3017 1052 3050 de-

45 3060 164 3103 pressus
187 3059 252 3098 est,
276 3069 341 3091 non
366 3068 554 3100 reparaturr
579 3058 687 3100 estque
711 3059 790 3093 adeo
839 3061 875 3094 ad
923 3062 1051 3101 optime

46 3102 219 3138 videndum
244 3100 431 3137 necessarius
445 3125 454 3139 ,
479 3110 515 3136 ut
538 3102 586 3135 illi
609 3102 729 3144 quibus
742 3102 898 3144 depressus
910 3103 972 3141 est,
990 3114 1050 3136 no-

45 3155 144 3188 runt.
170 3147 215 3182 Et
239 3145 308 3181 sane
331 3144 370 3178 de
394 3143 488 3190 hujus
510 3145 712 3180 restitutione
743 3147 939 3180 unanimiter
985 3147 1050 3181 des.

43 3189 164 3232 perasse
186 3190 244 3232 qui
266 3189 305 3223 de
328 3189 449 3223 vitreo
472 3198 538 3225 non
562 3189 794 3230 ambigebant,
817 3200 855 3222 ex
866 3188 923 3222 illo
936 3189 1050 3224 Elsne—

44 3235 75 3267 ri
99 3233 231 3268 scholio
255 3235 265 3273 (
289 3242 304 3266 e
325 3234 339 3273 )
362 3240 510 3274 apparet:
533 3233 566 3265 in
591 3244 658 3274 quo
680 3242 790 3266 tamen
811 3234 868 3274 qui
891 3233 1048 3274 expressos

45 3277 133 3312 oculi
156 3274 307 3311 humores
328 3285 462 3315 omnes,
485 3276 516 3307 δι
541 3274 644 3309 visum
680 3276 820 3318 pristinae¹
866 3276 1049 3318 integritati

47 3329 121 3353 ante
145 3318 308 3355 Burrhum
331 3317 500 3353 restituisse
520 3319 727 3358 credebatur,
750 3323 1050 3359 commemorat,&

46 3363 188 3399 Thornae
213 3360 401 3395 Bartholini
423 3362 461 3396 de
506 3360 616 3397 eodem
660 3362 780 3397 Burrhi
825 3364 1051 3405 experimento

48 3405 214 3448 quoddam
239 3405 456 3439 testimonium
478 3404 628 3446 profert,
652 3416 717 3439 non
741 3406 947 3448 prolaturus,
972 3408 1051 3441 file-

48 3460 122 3491 gere
145 3458 222 3484 tunc
246 3446 425 3494 potuisset,
449 3448 527 3490 quid
551 3458 616 3482 non
628 3450 763 3491 privatis
774 3449 891 3484 litteris
902 3449 1052 3493 preffius,

46 3491 100 3535 =sed
127 3491 257 3526 publico
280 3492 400 3534 scripto
423 3489 522 3525 fusius
546 3491 583 3526 de
621 3493 715 3526 unius
731 3517 739 3530 ,
762 3492 845 3527 haud
881 3494 1017 3535 amplius
1041 3517 1050 3533 ,

51 3547 69 3573 a
95 3536 124 3571 se
150 3533 205 3567 visi
230 3533 419 3577 hujusmodi
442 3534 653 3574 experimenti
677 3534 816 3571 successu
833 3558 846 3575 ,
866 3547 968 3579 eoque
992 3537 1052 3571 du-

52 3578 128 3618 bio,
151 3582 182 3613 &
205 3577 422 3624 imperfesto,
444 3576 549 3612 testari
575 3577 605 3612 se
628 3578 732 3620 posse,
756 3579 878 3620 scripsit
888 3581 1052 3622 perpaucis

1947 223 2037 275 3¹¹

1114 284 1183 328 post
1206 285 1297 319 annis
1320 285 1406 321 idem
1429 285 1640 323 Bartholinus
1662 289 1678 328 ζ
1692 281 1722 329 f
1734 286 1771 325 ).
1794 273 1869 322 Nee
1882 287 2115 326 veroChirur:

1113 339 1171 373 gus
1195 328 1368 363 Scriverius
1392 331 1477 375 (g),
1500 330 1527 363 is
1549 330 1608 371 qui
1630 328 1668 363 ad
1701 326 1934 364 Bartholinu'm
1967 329 2111 364 scribens

1111 372 1151 409 de
1172 372 1260 407 oculi
1283 370 1494 410 humoribus,
1515 384 1534 406 a
1557 372 1707 409 Burrho,
1729 373 1763 407 δι’
1785 372 1829 405 ab
1851 372 1881 408 se
1899 384 2034 417 quoque
2056 382 2114 405 an-

1108 415 1169 449 seri
1197 415 1362 457 expreffis,
1383 418 1416 449 &
1441 416 1615 457 restitutis,
1638 414 1766 452 dubium
1779 413 1843 460 fibi
1856 413 1933 462 effi’,
1955 415 2110 458 negabat,

1105 459 1186 493 idem
1208 458 1242 496 in
1265 458 1338 492 aliis
1360 458 1502 494 omnibus
1513 459 1686 502 contingere
1695 456 1899 500 volatilibus,
1921 459 2026 494 visum
2040 468 2114 502 per-

1104 502 1189 538 fecte
1213 501 1394 539 restitutum
1418 502 1500 544 effe,
1521 501 1716 539 affirmavit,
1740 500 1792 536 sed
1813 511 1852 538 ex
1871 511 1984 543 parte,
2008 504 2113 537 &non

1109 556 1191 588 aeque
1207 542 1351 587 feliciter
1370 544 1433 579 five
1454 547 1490 581 in
1513 545 1644 586 ansere,
1665 543 1730 579 five
1756 545 1792 578 in
1814 544 1903 587 gallo
1917 569 1929 586 ‚
1972 545 2113 589 gallina-

1109 601 1198 631 que,
1220 589 1253 621 in
1277 589 1393 629 quibus
1416 590 1595 631 periculum
1617 588 1719 623 fecit.
1743 589 1782 624 In
1807 586 1868 624 hac
1889 599 1996 625 tamen
2019 599 2112 624 rena-

1109 642 1183 666 tum
1204 629 1298 667 fuisse
1321 631 1493 667 humorem
1514 633 1749 675 crystallinum
1770 631 1857 665 intra
1876 632 1957 678 osto
1990 631 2113 669 hebdo-

1110 674 1239 711 madas,
1264 674 1378 709 scribit
1400 675 1558 717 quidem,
1583 675 1634 712 sed
1656 674 1794 710 necdum
1818 674 1857 710 ad
1880 674 1997 718 justam
2041 685 2115 718 per-

1108 717 1228 754 venisse
1254 719 1535 761 magnitudinem:
1557 721 1590 755 ὃς
1612 728 1799 763 quanquam
1821 716 1932 754 addit,
1952 716 1981 768 fi
2013 717 2114 753 adhuc

1101 771 1162 808 per
1184 760 1303 803 aliquot
1325 760 1476 806 asservata
1491 760 1603 807 fuiffet
1623 760 1858 798 hebdomadas.
1880 759 2010 796 dublum
2052 770 2114 795 non

1107 802 1182 848 effe,
1208 815 1276 838 eum
1298 804 1398 850 ipsum
1416 804 1509 848 plane
1530 804 1746 849 restituendum
1760 800 1877 850 fuisses
1899 802 2016 838 dubios
2056 810 2111 837 ta·

1107 859 1179 881 rnen
1205 848 1359 891 relinquit
1381 848 1546 890 legentes,
1571 850 1691 891 quippe
1713 857 1788 881 cum
1812 846 1919 890 postea
1942 847 1975 880 in
2000 854 2115 881 tetam

1105 889 1194 928 facili
1218 892 1474 933 experimentum
1496 903 1562 927 non
1585 890 1771 929 iteraverit,
1796 899 1832 926 ut
1845 891 1879 925 in
1892 890 2021 932 longius
2031 899 2116 924 tern-

1107 945 1166 976 pus
1190 934 1382 976 produceret
1396 958 1404 968 .
1427 934 1485 970 Sed
1510 938 1542 968 &
1565 934 1812 970 Zambeccarius
1832 935 1847 976 (
1869 932 1890 967 h
1912 936 1923 973 )
1945 944 2019 969 cum
2030 933 2114 968 olim

1107 976 1312 1015 affirmasset,
1336 987 1370 1012 ut
1396 979 1542 1015 humoris
1587 979 1697 1023 Aquei
1739 978 1943 1024 regeneratio
1986 986 2114 1012 merum

1107 1022 1218 1063 (quod
1242 1020 1386 1061 fatetur)
1410 1022 1549 1056 Naturae
1572 1021 1617 1057 est
1639 1031 1721 1063 opus
1736 1042 1745 1057 ,
1767 1020 1811 1056 sic
1832 1020 1976 1062 ejusdem
2000 1020 2116 1055 Natu-

1105 1075 1148 1100 rae
1172 1076 1252 1106 opus
1275 1064 1334 1098 esse
1357 1063 1496 1098 humoris
1520 1065 1620 1100 Vitrei
1632 1090 1642 1105 ‚
1665 1062 2115 1109 &Crystalliniregeneratio-

1105 1117 1176 1142 nem
1196 1108 1241 1140 &¹
1264 1107 1511 1146 restitutionem3
1535 1107 1609 1148 quid
1630 1114 1738 1153 autem
1760 1116 1798 1142 ex
1818 1103 1970 1148 ejusmodi
1992 1115 2115 1149 regene-

1106 1150 1226 1188 ratione
1248 1150 1419 1189 accidcret‚
1436 1150 1470 1193 se
1492 1151 1555 1185 alia
1566 1150 1634 1183 vice
1647 1148 1701 1193 effe
1712 1148 1924 1189 elocuturum5
1949 1160 2115 1194 nunquam

1106 1193 1242 1233 deinde,
1266 1193 1354 1236 quod
1380 1192 1479 1227 sciam
1495 1221 1503 1234 ‚
1526 1192 1581 1227 etsi
1603 1192 1778 1227 diutiffime
1801 1192 1908 1230 vixit,
1931 1204 1966 1227 ea
1997 1192 2036 1227 de
2081 1203 2117 1226 re

1107 1237 1212 1271 edidit
1235 1235 1436 1280 quidquam.
1459 1239 1533 1273 Imo
1546 1235 1637 1279 scio,
1661 1234 1866 1273 Sancaffano,
1890 1235 1928 1269 de
1940 1235 2049 1270 eadem
2060 1245 2117 1278 per

1105 1281 1232 1317 litteras
1254 1281 1433 1323 quaerenti‚
1458 1282 1502 1314 A.
1530 1290 1620 1324 ¹724·
1639 1276 1854 1321 respondisse,
1877 1277 1936 1313 fibi
1951 1279 2117 1322 postquam

1106 1335 1141 1358 ea
1165 1323 1373 1367 scripserat„
1398 1334 1461 1357 non
1486 1323 1580 1359 fuiffe
1605 1332 1734 1365 tempus
1757 1321 1938 1364 periculum
1951 1322 2117 1357 faciendi:

1106 1377 1213 1401 tamen
1236 1366 1384 1405 credere,
1406 1366 1492 1409 posse
1514 1367 1595 1401 duos
1617 1366 1691 1400 illos
1714 1365 1865 1403 humores
1880 1368 1996 1403 iterum
2010 1367 2118 1409 gigni,

1107 1410 1158 1445 sed
1182 1411 1304 1445 tardius
1332 1413 1469 1453 Aqueo:
1493 1410 1526 1443 id
1551 1418 1658 1445 autern
1680 1408 1808 1444 credere
1831 1417 1903 1444 tum
1914 1411 1992 1455 quia
2007 1421 2046 1443 ex
2057 1409 2120 1444 Be-

1107 1455 1224 1490 nevolo
1247 1454 1403 1491 constaret
1417 1478 1426 1493 ,
1449 1454 1568 1497 quibus
1591 1452 1807 1493 Crystallinus
1830 1451 1948 1488 humor
1971 1464 2032 1488 acu
2045 1451 2120 1487 fue-

1107 1507 1156 1532 rat
1180 1507 1313 1540 propter
1337 1498 1530 1538 opacitatem
1553 1494 1733 1541 depoeffus,
1757 1495 1795 1530 ad
1807 1494 1902 1537 hujus
1915 1494 2119 1539 implendum

1106 1542 1216 1574 locum
1241 1541 1399 1575 Vitreum
1424 1538 1621 1581 proceffisse‚
1647 1550 1719 1575 tum
1740 1540 1816 1581 quia
1842 1538 1874 1572 hi
1890 1539 1955 1577 duo
1968 1539 2119 1575 humores

1104 1587 1317 1623 nutriuntur,
1343 1584 1484 1617 nutritio
1508 1592 1616 1617 autem
1640 1583 1683 1616 est
1717 1583 1909 1623 generatio,
1930 1585 2039 1626 itaque
2083 1591 2119 1618 ut

1104 1628 1331 1663 nutriebantur
1348 1649 1358 1665 ‚
1383 1625 1426 1661 fic
1448 1627 1566 1660 iterum
1590 1626 1682 1668 gigni
1708 1624 1813 1669 posse.
1838 1625 1924 1669 Qae
1946 1627 2021 1660 ideo
2044 1636 2124 1669 pros

1109 1672 1197 1711 tuli,
1219 1680 1255 1705 ut
1279 1670 1359 1712 quid
1385 1670 1545 1711 expectari
1569 1670 1610 1705 ab
1632 1669 1694 1704 illo
1718 1667 1895 1709 potuisset,
1927 1669 2086 1704 existimes
2109 1675 2122 1703 ;

1108 1715 1262 1757 Denique
1286 1725 1361 1750 cum
1387 1712 1584 1747 Theodorus
1608 1711 1849 1754 Kerckringius
1873 1711 1919 1756 (i
1939 1717 1955 1755 )
1998 1712 2120 1747 diserte

1109 1756 1307 1794 asseverasset
1321 1782 1329 1796 ,
1353 1757 1382 1789 se
1405 1755 1535 1791 cuilibet
1556 1754 1660 1789 oblato
1685 1754 1821 1790 animali
1839 1754 1949 1799 paffim
1970 1756 2122 1799 discinde-

1106 1811 1138 1836 re
1160 1800 1262 1835 oculos
1277 1825 1285 1839 ‚
1312 1800 1483 1841 exprimere
1506 1808 1610 1833 omnes
1631 1797 1804 1838 humores,
1828 1797 1935 1842 eosque
1960 1798 2121 1844 spet‘lato-

1106 1843 1197 1880 ribus
1219 1845 1316 1878 etiam
1338 1839 1521 1886 auferendos
1543 1841 1664 1878 tradere
1677 1865 1686 1880 ‚
1708 1848 1803 1883 atque
1825 1842 1938 1885 exiguo
1981 1850 2120 1885 tempore

1106 1886 1208 1929 visum
1231 1887 1262 1922 in
1285 1886 1441 1928 integrum
1464 1884 1641 1924 reslituere:
1665 1884 1755 1926 idque
1779 1882 1944 1928 aliquando
1966 1886 2121 1921 exercita-

1108 1931 1207 1964 tionis
1229 1929 1319 1973 causa
1343 1930 1392 1963 ita
1415 1926 1541 1973 effecisse
1555 1951 1567 1968 ,
1589 1935 1627 1961 ut
1649 1927 1705 1963 uni
1727 1927 1884 1973 eidemque
1915 1929 1989 1965 cant⁴
2023 1939 2122 1964 unum

1104 1973 1288 2014 eundemque
1309 1970 1433 2008 oculum
1457 1972 1552 2008 tertio
1574 1970 1781 2016 discinderet,
1801 1982 1838 2006 ac
1850 1971 1948 2006 tertia
1965 1971 2118 2016 sanaret,¹

1104 2028 1216 2057 quaero
1241 2027 1278 2049 ex
1302 2024 1357 2053 te,
1383 2013 1405 2047 fi
1431 2025 1538 2048 revera
1561 2013 1706 2049 omnibus
1727 2014 1875 2058 expreffis
1898 2013 2117 2055 humoribus,

1106 2058 1191 2094 visus
1204 2070 1311 2093 revera
1320 2061 1352 2092 in
1367 2058 1525 2101 integrum
1538 2057 1767 2093 restituebatur
1782 2080 1792 2096 ‚
1809 2069 1921 2102 quaero
1932 2083 1945 2098 ,
1967 2062 2120 2104 inquam,

1107 2115 1148 2137 ex
1171 2112 1201 2137 te
1216 2127 1224 2141 ,
1249 2103 1329 2148 quid
1352 2102 1452 2137 causae
1475 2100 1557 2144 esse,
1581 2112 1694 2146 puteS,
1717 2112 1774 2136 cur
1786 2101 1935 2138 industrii
1949 2103 2018 2147 ejus
2030 2105 2122 2137 Ana-

1108 2148 1226 2181 tomici
1249 2158 1324 2183 cum
1347 2155 1461 2181 caetera
1488 2146 1592 2182 adhuc
1615 2153 1861 2185 memorentur,
1887 2158 1935 2180 res
1956 2147 2014 2182 ista
2044 2148 2119 2181 exi-

1107 2192 1172 2224 mia
1197 2201 1260 2226 una
1282 2190 1362 2224 adeo
1387 2201 1404 2224 a
1426 2182 1536 2233 longso
1548 2190 1614 2233 jam
1637 2199 1786 2232 tempore
1810 2189 1961 2231 sileatur,
1986 2199 2023 2224 ut
2048 2189 2120 2235 ejus

1105 2233 1194 2275 quasi
1217 2235 1436 2267 intermortua
1459 2235 1639 2278 memoria,
1664 2244 1703 2266 ne
1726 2235 1852 2266 mentio
1894 2233 2028 2276 quidem
2074 2235 2118 2269 ab

1104 2276 1340 2311 Eruditiffirnis
1364 2277 1458 2311 Viris
1481 2288 1566 2311 nunc
1590 2276 1647 2310 fiat
1670 2277 1706 2310 in
1741 2277 1941 2313 recensendis
1977 2278 2119 2314 aliorum

1102 2319 1166 2355 huc
1191 2319 1406 2364 spectantibus
1428 2317 1684 2363 experimentis?

1144 2374 1198 2408 41.
1224 2362 1277 2398 Ad
1300 2362 1381 2398 Nafi
1404 2373 1513 2398 autem
1536 2365 1667 2399 vulnera
1690 2362 1833 2408 speetant
1856 2364 2003 2411 quaedam
2016 2367 2117 2403 etiam

1101 2419 1140 2442 ex
1163 2407 1309 2443 mirificis
1332 2408 1399 2442 illis
1418 2420 1491 2451 quae
1515 2408 1553 2442 ad
1576 2409 1743 2443 cerebrum
1788 2410 1950 2446 attinuisse
1995 2410 2119 2447 credita

1102 2451 1204 2492 sunt,
1229 2452 1316 2485 velut
1339 2451 1428 2494 quod
1452 2451 1490 2485 ad
1518 2451 1709 2494 Wepferum
1732 2453 1750 2495 (
1771 2455 1790 2495 le
1810 2459 1825 2494 )
1867 2455 2027 2499 scriptum
2070 2454 2115 2489 est

1101 2494 1194 2529 fuisse
1218 2496 1337 2538 Equiti
1363 2495 1488 2528 Polono
1509 2493 1678 2530 inflic‘tum
1695 2520 1704 2535 ,
1729 2496 1845 2540 sagitta
1868 2499 1908 2533 ab
1918 2511 1986 2534 uno
1996 2498 2115 2542 capitis

1101 2538 1198 2573 latere
1224 2540 1263 2572 ad
1285 2539 1424 2572 alterum
1450 2537 1491 2572 sic
1517 2538 1649 2577 adasta,
1673 2549 1709 2573 ut
1753 2553 1792 2575 ex
1838 2554 1936 2585 :equo
1978 2545 2114 2579 exstaret

1100 2583 1273 2626 utrinque.
1299 2583 1387 2615 Cum
1411 2582 1498 2615 enim
1522 2581 1621 2616 infixa
1645 2581 1743 2618 fuerit
1765 2583 1853 2628 infra
1876 2594 2048 2628 temporum
2064 2585 2114 2628 os-

1092 2624 1131 2668 sa
1153 2626 1262 2668 tersus
1278 2625 1525 2667 prominentiam
1548 2624 1651 2668 offium
1669 2626 1828 2669 jugalium
1851 2629 2010 2671 utriusque
2032 2630 2113 2665 late-

1103 2669 1171 2710 ris,
1198 2670 1307 2711 Eques
1330 2678 1437 2702 autem
1456 2677 1571 2710 praeter
1584 2666 1707 2712 febrem
1721 2669 2024 2714 symptomaticam,
2054 2673 2114 2707 vix

1102 2711 1168 2746 alia
1186 2714 1358 2755 graviora,
1383 2722 1475 2753 quam
1497 2723 1560 2754 quie
1582 2711 1762 2747 vulneratos
1785 2716 1990 2748 communiter
2012 2717 2109 2750 comi-

1104 2756 1169 2788 tari
1185 2755 1312 2797 solent,
1330 2753 1436 2798 paffiaes
1451 2754 1498 2798 fit
1515 2755 1750 2797 symptomataf,
1774 2756 1861 2789 mihi
1885 2759 2016 2800 quidem
2042 2770 2109 2793 non

1105 2797 1205 2832 modo
1227 2797 1311 2832 infra
1322 2799 1425 2832 cranii
1438 2797 1536 2832 basim
1553 2819 1563 2835 ,
1588 2797 1638 2830 sed
1650 2809 1705 2838 per
1715 2799 2110 2843 MaxillariumSinuum,

1103 2843 1135 2875 &
1159 2839 1224 2875 nafi
1246 2852 1356 2876 caveas
1378 2839 1470 2874 fuisse
1493 2840 1625 2875 videtur
1646 2840 1772 2882 sagittae
1798 2845 1870 2876 via.
1915 2844 1969 2879 Ad
2015 2847 2108 2880 Sinus

1103 2896 1232 2927 quoque
1246 2908 1259 2924 ,
1280 2887 1359 2919 alios
1382 2883 1513 2925 quidem
1529 2907 1538 2922 ‚
1553 2882 1617 2930 'sed
1640 2885 1758 2925 pariter
1784 2885 1822 2920 ad
1844 2885 1909 2920 nasi
1931 2899 2008 2922 cava
2034 2900 2109 2932 per-

1103 2930 1263 2965 tinentes,
1288 2926 1460 2970 spestaffe,
1483 2927 1648 2968 comicie,
1673 2929 1789 2962 vulnus
1810 2929 1890 2964 illud
1934 2932 2021 2974 quod
2064 2944 2107 2967 ex

1103 2972 1266 3014 Procopio
1287 2969 1455 3017 Freindius
1478 2975 1489 3010 (
1513 2970 1525 3004 l
1546 2974 1561 3009 )
1584 2969 1705 3004 refert.
1728 2972 1862 3006 Subiens
1885 2975 1972 3009 enirn
2008 2975 2105 3019 supra

1102 3014 1246 3049 dextrum
1269 3013 1391 3048 oculum
1411 3025 1508 3055 Juxta
1530 3025 1563 3047 os
1585 3013 1647 3047 nafi
1661 3039 1671 3055 ,
1686 3012 1814 3057 sagittae
1836 3017 1941 3061 cuspis
1962 3016 2070 3061 ferrea
2093 3041 2106 3057 2

1102 3065 1257 3100 utcunque
1279 3056 1382 3100 ampla
1404 3067 1440 3089 ac
1462 3057 1576 3100 longa,
1598 3058 1644 3089 ita
1667 3058 1732 3091 alte
1755 3059 1894 3101 desedit,
1914 3068 1951 3095 ut
1980 3061 2106 3105 consjvess

1102 3102 1187 3135 tium
1211 3098 1352 3145 effugerit
1377 3111 1479 3134 annos
1500 3102 1603 3143 plures
1627 3101 1691 3135 sine
1713 3101 1824 3136 dolore
1839 3125 1851 3141 ‚
1873 3108 1905 3137 δε
1929 3106 2069 3142 molestia
2092 3117 2104 3144 ς

1103 3144 1259 3186 ejusmodi
1279 3144 1434 3185 >intelligo
1456 3155 1526 3187 quae
1551 3144 1747 3178 nobiliorem
1770 3147 1932 3181 indicaret
1964 3147 2104 3190 cuspidis

1102 3188 1227 3222 sedern.
1252 3189 1394 3229 Excepta
1418 3189 1504 3221 enim
1527 3188 1670 3222 Frontali
1693 3190 1793 3229 Sinu,
1827 3191 1923 3233 eique
1943 3192 2103 3233 proximis

1100 3230 1336 3268 Ethmoidaeis‚
1361 3232 1392 3263 δι
1414 3230 1553 3272 denique
1565 3230 1798 3272 Sphenoidaeo,
1822 3233 1896 3266 satis
1918 3234 2032 3276 spatii,
2054 3236 2089 3269 in

1100 3286 1217 3318 magno
1241 3274 1415 3316 praesertim
1438 3276 1560 3320 capite,
1584 3274 1699 3309 habere
1722 3277 1831 3318 potuit
1846 3298 1857 3314 ‚
1879 3277 1935 3310 ubi
1949 3276 2013 3311 sine
2023 3282 2104 3319 prae'

1100 3321 1255 3354 stantium
1277 3319 1418 3360 partium
1439 3318 1557 3358 injuria
1580 3317 1799 3356 delitesceret,
1823 3321 1970 3361 quamvis
1995 3322 2103 3364 longi-

1100 3363 1232 3398 tudine,
1255 3363 1285 3394 &
1309 3359 1409 3395 ferme
1431 3363 1530 3394 etiarn
1552 3362 1756 3395 craffitudine
1778 3364 1950 3397 minimum
1960 3363 2104 3406 digitum

1101 3404 1270 3448 aequasset.
1296 3405 1347 3438 Sic
1371 3405 1467 3437 ctiam
1490 3416 1566 3438 cum
1598 3402 1677 3437 scite
1723 3405 1900 3447 explicavit
1942 3407 2103 3443 Hildanus

1102 3452 1183 3493 (m),
1204 3459 1261 3483 cur
1284 3447 1398 3482 lethale
1421 3458 1486 3481 non
1510 3446 1607 3481 fuerit
1620 3448 1736 3482 vulnus
1746 3447 1802 3482 sub
1816 3451 2102 3492 oculoincipiens,

1102 3496 1133 3527 &
1155 3496 1188 3526 in
1211 3490 1357 3534 opposita
1383 3491 1546 3534 superiore
1569 3492 1702 3525 cervicis
1726 3494 1855 3534 regione
1876 3492 2039 3532 defitiens,
2070 3497 2103 3529 &

1103 3538 1165 3570 viae
1188 3535 1264 3569 ferri
1289 3545 1412 3576 partem
1434 3537 1572 3576 primam
1596 3546 1650 3577 per
1675 3534 1883 3570 Maxillarem
1904 3536 2017 3571 Sinum
2042 3549 2103 3580 po-

1105 3579 1194 3618 suit5
1216 3578 1248 3612 id
1272 3580 1392 3622 pariter
1416 3579 1529 3612 vulnus
1553 3588 1614 3620 pro
1635 3579 1692 3612 illa
1716 3588 1806 3621 parte
1831 3579 1868 3613 ad
1893 3580 2002 3614 nasum
2025 3582 2104 3615 atti-

1968 3634 2061 3659 nuit.

139 3699 180 3729 x)
194 3700 230 3723 De
247 3698 330 3733 Exest..
341 3699 418 3724 Steat.
439 3697 532 3724 Cluvio.
550 3706 573 3723 e.
590 3706 612 3723 2.
630 3698 652 3729 §.
669 3706 706 3723 υ.
819 3730 825 3734 Ι

142 3737 159 3753 a
175 3730 188 3760 2
206 3729 266 3753 trist.
284 3731 392 3754 Animal.
409 3731 428 3754 1.
446 3732 472 3753 6.
488 3737 511 3754 c.
530 3738 552 3759 5.
614 3730 628 3759 (
643 3729 657 3753 b
672 3730 686 3758 )
703 3731 739 3753 De
754 3729 849 3754 Medic.

72 3789 78 3794 ,
114 3760 124 3789 (
141 3767 153 3784 e
171 3763 181 3787 2
196 3760 223 3795 ³5¹
242 3759 299 3785 obs.
316 3767 354 3784 1².
368 3762 428 3794 pec.
445 3767 468 3785 1.
485 3761 518 3785 A.
535 3767 558 3795 ¹7
573 3761 688 3795 Epir-*lm
706 3761 737 3784 C.
801 3760 809 3790 (
824 3760 842 3790 f

55 3788 480 3853 diveisamefgznegegt..&legerem-ir.
501 3791 531 3846 ²n(
547 3798 556 3814 ι
572 3790 586 3821 )
603 3790 714 3820 spicileg.
729 3791 804 3817 Anat.
819 3790 878 3816 obs.
895 3797 947 3817 ιοο,

109 3699 125 3755 ξ

770 3698 784 3727 (
796 3707 814 3729 y
832 3699 841 3730 )
856 3698 912 3725 Aa.
929 3700 963 3723 N.
983 3700 1012 3723 C.
1028 3701 1103 3724 Tom.
1119 3709 1141 3725 2.
1157 3700 1217 3725 Obs.
1237 3707 1287 3724 100.

864 3733 882 3754 1.
899 3733 920 3753 6Δ
938 3736 958 3754 ε.
975 3732 998 3753 6.
1015 3737 1039 3754 n.
1057 3738 1097 3759 39.

856 3762 866 3790 )
883 3759 937 3784 Ast.
954 3759 1023 3784 Med.
1039 3761 1114 3785 Hafn.
1131 3763 1162 3786 A.
1179 3765 1246 3791 1672.
1264 3762 1321 3786 Obs.
1339 3769 1392 3791 132.

1009 3790 1018 3821 (
1036 3790 1053 3815 k
1069 3792 1084 3821 )
1100 3792 1206 3818 Exercit.
1223 3792 1290 3822 supra
1305 3792 1333 3817 ad
1351 3801 1375 3817 n.
1393 3799 1430 3822 4⁰·
1447 3791 1489 3818 cit.

1349 3701 1359 3729 ζ
1375 3708 1393 3729 z
1410 3698 1419 3730 )
1437 3701 1523 3724 Exere.
1540 3700 1569 3724 de
1586 3700 1635 3725 loc.
1652 3699 1698 3724 Aff.
1716 3698 1740 3722 in
1758 3700 1848 3729 Apopl.

1159 3735 1169 3758 (
1185 3739 1197 3755 c
1213 3731 1226 3759 )
1244 3732 1302 3755 Nat.
1319 3731 1381 3756 nist.
1401 3731 1419 3755 l.
1434 3739 1472 3760 29·
1489 3737 1510 3755 c.
1527 3731 1574 3755 ult.
1634 3730 1648 3759 (
1662 3731 1678 3754 d
1694 3730 1707 3759 )
1726 3732 1761 3753 De
1778 3732 1874 3759 sympt.
1892 3730 1959 3755 Caus.
1977 3732 1994 3755 l.
2013 3738 2034 3755 x.
2051 3736 2100 3764 ‘3⁵²-

1455 3764 1467 3787 (
1482 3769 1501 3791 g
1516 3763 1530 3788 >
1546 3761 1610 3785 lbid.
1627 3759 1687 3784 Obs.
1704 3768 1753 3788 ¹33-
1780 3790 1785 3794 -
1815 3761 1829 3789 (
1844 3760 1858 3782 b
1874 3761 1887 3788 )
1906 3761 2103 3790 Experim.ctrca

1555 3793 1565 3822 (
1582 3792 1592 3815 Ι
1607 3790 1624 3819 )
1637 3791 1697 3816 Hist.
1716 3791 1808 3817 Medic.
1826 3791 1856 3816 ad
1873 3793 1900 3816 A.
1920 3796 1971 3823 5⁶0·
