2498 4075
420 81 516 129 224

362 144 447 178 infra
472 154 585 187 aquarn
610 151 722 183 magna
746 139 887 173 concreti
912 137 1072 180 sanguinis
1094 137 1189 179 copia
1222 145 1370 168 occurre-

356 198 403 222 ret
431 200 442 226 3
475 186 674 221 intellefmm
698 183 762 224 est,
788 182 882 225 hujus
907 181 1006 214 serum
1042 178 1200 222 hydropis
1234 180 1370 221 speciem

357 229 604 274 repraesentasse.
631 227 881 266 Qmemibus,
907 224 988 257 unde
1012 222 1138 265 sanguis
1171 220 1337 265 prodiisset
1361 245 1370 260 ‚

359 286 512 316 magnum
538 274 565 305 se
589 271 711 304 obtulit
735 272 847 303 Aortae
882 266 1064 308 aneutysma
1087 289 1096 304 ,
1129 265 1224 308 idque
1262 275 1370 308 perru-

358 328 471 360 ptum.
499 319 606 355 Qam
631 315 779 347 arteriam
802 323 875 346 cum
899 310 1068 352 diligenter
1093 309 1262 352 speftarem
1289 320 1300 346 5
1332 306 1373 340 sic

358 361 543 394 observavi.
573 361 641 401 Iam
665 357 737 390 inde
763 355 800 389 ab
823 356 944 394 initio,
968 365 1059 396 :equo
1082 363 1148 385 erat
1171 352 1298 391 latior,
1320 352 1373 383 in-

357 403 468 444 tusque
492 398 678 445 inaequalis.
710 401 779 433 Nec
804 409 868 432 tam
892 399 925 429 in
959 396 1156 440 manifestius
1192 397 1374 439 aneurylma

359 447 387 481 se
413 445 569 479 dilatabat
593 443 778 487 priusquam
803 441 1004 474 Subclaviam
1028 439 1180 473 sinistram
1204 437 1371 471 emifisset.

362 489 443 523 Inde
469 501 532 522 non
555 490 588 521 in
614 488 736 521 saccum
761 484 1112 528 quendamlateralem,
1138 481 1186 515 sed
1199 482 1233 514 in
1245 492 1373 514 omnem

359 542 482 576 partem
507 543 639 565 truncus
663 530 727 573 ipse
752 529 780 561 se
804 526 1001 570 expandebat
1017 550 1026 564 ,
1050 536 1085 560 ut
1108 536 1218 559 cavum
1241 524 1375 557 efficeret

359 588 511 618 magnum
527 601 540 617 ,
562 575 665 608 forma
690 571 728 606 ad
752 570 964 614 sphaeroidem
988 569 1158 602 accedens:
1205 567 1241 601 ad
1287 567 1376 610 cujus

359 619 505 653 infimam
531 629 652 662 partem
669 640 677 654 ,
704 617 821 649 iterum
847 614 873 647 se
898 617 931 647 in
955 615 1079 646 arteriae
1103 610 1235 645 modum
1250 621 1375 644 contra-

360 662 483 704 hebat,
507 662 677 695 secundum
710 658 878 692 inferiores
912 656 1053 690 thoracis
1098 655 1255 687 vertebras
1282 677 1290 691 ,
1338 664 1375 688 ut

359 707 464 747 solet,
487 704 678 739 descendens
693 727 700 735 .
726 704 773 735 At
799 701 964 742 superius,
987 700 1042 733 ubi
1068 698 1234 732 dilatatam
1259 696 1375 739 fuisse,

356 750 449 787 dixi,
474 749 553 782 hinc
578 749 726 780 altiorem
750 744 863 778 sinistri
896 744 1060 785 pulmonis
1095 750 1217 784 partem
1251 752 1374 784 preme-

357 794 410 827 bat
428 817 439 833 ,
463 792 536 825 inde
560 790 776 823 vertebrarum
800 787 927 830 aliquot
960 797 1093 829 corpora
1115 809 1129 826 ,
1162 788 1194 818 &
1233 785 1375 820 laterales

360 833 541 879 processus,
566 837 598 866 δε
627 834 809 876 proximam
831 829 984 863 costarum
1010 840 1132 872 partem
1159 852 1167 866 ‚
1205 840 1219 860 a
1245 828 1375 863 sinistris

359 882 505 922 pariter,
530 878 660 920 urgebat
679 901 686 907 .
714 876 759 908 Et
783 874 851 907 haec
883 873 1015 916 quidem
1049 873 1114 905 ossa
1148 872 1256 905 omnia
1287 882 1375 906 erant

355 924 404 956 ibi
451 921 542 954 valde
587 928 767 958 excavata,·
810 918 866 950 illa
902 927 1005 951 autem
1030 917 1194 960 pulmonis
1218 926 1288 958 pars
1310 926 1376 950 atra

359 976 425 998 erat
450 989 462 1005 ,
497 975 568 998 tum
592 964 668 997 dura
694 961 797 1002 adeo,
819 971 914 1003 atque
937 961 1104 1002 compacta
1122 983 1134 1000 ,
1156 969 1193 993 ut
1229 959 1376 993 mirabile

354 1010 411 1044 hic
436 1007 605 1048 officium,
633 1005 722 1049 quod
744 1005 841 1037 verbo
875 1005 970 1048 attigi
1003 1006 1037 1037 in
1083 1005 1129 1036 II.
1177 1001 1375 1037 Adversariis

355 1057 369 1093 (
393 1065 412 1087 u
435 1056 448 1092 )
472 1051 651 1093 praes'taret.
681 1049 808 1082 Scilicet
835 1048 1063 1090 aneurysmatis
1086 1047 1222 1078 interior
1245 1045 1342 1079 facies
1362 1070 1376 1087 ,

354 1097 454 1130 nullis
478 1095 511 1127 in
537 1095 594 1128 hac
619 1094 753 1127 muliere
776 1091 953 1125 corticibus
978 1089 1375 1134 polypofisobduftafin-

357 1142 474 1173 timam
498 1140 622 1171 arteriae
648 1136 854 1170 substantiam
871 1157 879 1171 ‚
904 1134 997 1168 sicuti
1023 1133 1186 1166 nonnullis
1210 1133 1243 1164 in
1268 1134 1375 1173 locis,

354 1185 491 1227 perraris
517 1192 646 1221 tamen,
671 1183 703 1213 ἃ
728 1179 886 1222 angustis,
910 1179 1014 1211 laxam
1048 1176 1126 1209 adeo
1155 1174 1339 1210 ostendebat
1361 1200 1372 1216 ‚

353 1236 390 1259 ut
415 1238 453 1260 ex
478 1236 510 1258 ea
536 1223 622 1267 quasi
647 1223 820 1266 squamulae
845 1222 937 1255 nullo
960 1222 1091 1263 negotio
1115 1219 1206 1252 avelli
1231 1220 1376 1261 possent,

352 1271 398 1303 ita
423 1272 455 1303 &
479 1267 631 1303 eandem,
657 1270 689 1299 δι
714 1268 870 1299 extimam
902 1265 957 1298 ubi
993 1275 1066 1298 cum
1099 1262 1249 1305 pulmone
1283 1275 1376 1298 aneu.

357 1313 462 1356 rysma
488 1311 653 1345 arffiffime
676 1310 984 1352 conglutinabatur,
1006 1306 1129 1341 exesam
1146 1329 1159 1346 ,
1183 1309 1215 1339 &
1249 1307 1374 1349 prorsus

354 1356 559 1391 deficientem
584 1355 688 1396 spatio
712 1353 855 1387 duorum
878 1350 1061 1394 digitorum
1076 1350 1371 1384 commonstrabat:

353 1412 422 1434 eam
448 1409 556 1433 autem
581 1398 713 1439 parietis
736 1395 880 1429 arterioii
908 1404 1030 1438 partem
1055 1393 1220 1436 supplebat
1256 1394 1372 1427 mirifi-

350 1455 407 1482 ce,
434 1443 484 1477 sed
508 1442 692 1481 evidenter,
717 1442 853 1483 pulmo,
877 1448 912 1472 ut
946 1450 1047 1481 neque
1082 1449 1136 1479 per
1169 1448 1239 1470 oras
1274 1437 1370 1480 spatii

353 1488 446 1520 illius
471 1486 513 1519 ob
542 1485 772 1524 firmiffimam,
796 1484 1001 1525 amplamque
1027 1482 1342 1523 conglutinationem
1359 1506 1367 1520 ,

353 1543 454 1574 neque
479 1541 533 1572 per
557 1529 719 1571 pulmonis
745 1527 979 1565 substantiam,
1004 1528 1122 1568 quippe
1146 1523 1222 1557 adeo
1247 1525 1313 1564 ibi,
1337 1528 1367 1558 ὃς

351 1577 384 1608 in
409 1585 442 1607 ea
467 1574 588 1606 vicinia
610 1572 812 1614 compactam
829 1595 836 1608 ,
872 1568 1053 1612 quidquam
1086 1567 1247 1610 sanguinis
1285 1570 1370 1602 exire

356 1615 481 1660 posset:
506 1618 613 1658 itaque
637 1627 694 1648 nec
717 1622 847 1648 cruenta
871 1613 962 1654 sputa
987 1612 1114 1646 mulieri
1139 1611 1265 1644 fuerant
1289 1636 1301 1651 ,
1338 1614 1371 1645 &

352 1661 418 1705 ipse
443 1662 639 1693 incruentam
663 1657 790 1701 prorsus
816 1657 940 1690 arteriae
963 1655 1117 1697 Asperae,
1141 1657 1173 1688 &
1195 1654 1372 1688 bronchio-

351 1716 422 1739 rum
447 1704 597 1737 intimam
623 1702 738 1735 faciem
762 1701 892 1733 inveni.
918 1701 1080 1732 Caeterutn
1105 1698 1229 1731 nullum
1253 1700 1287 1731 in
1299 1709 1373 1732 cor-

351 1748 389 1782 de
413 1749 553 1783 vitium,
577 1746 665 1779 nulla
690 1743 846 1788 polyposa
871 1742 1064 1782 concretio,
1096 1739 1119 1774 si
1155 1752 1252 1774 unam
1285 1743 1372 1775 exci-

357 1793 446 1835 pias,
472 1790 640 1833 longulam
663 1787 817 1831 quidem,
842 1785 891 1820 sed
917 1787 1057 1825 exilem,
1079 1796 1150 1826 quae
1175 1796 1213 1817 ex
1246 1784 1372 1818 sinistro

356 1834 538 1868 ventriculo
573 1845 630 1875 per
662 1834 800 1865 Aortam
833 1830 872 1863 ad
903 1828 1001 1872 huJus
1033 1827 1132 1870 usque
1165 1838 1370 1862 curvaturam

352 1877 552 1922 pertinebat.-
573 1878 654 1920 quin
679 1875 805 1917 sanguis
840 1875 875 1906 in
907 1872 1005 1906 corde
1027 1894 1041 1911 2
1074 1874 1106 1904 δε
1140 1871 1218 1904 alibi
1253 1871 1372 1906 fluidus

358 1934 421 1961 non
446 1922 552 1955 minus
568 1944 579 1961 ,
603 1931 698 1963 quam
723 1928 809 1956 ater,
834 1915 1023 1957 conspectus
1046 1913 1106 1947 est.
1253 1915 1370 1949 Abdo-

352 1967 457 2001 mine‚
481 1964 570 2007 quod
595 1965 683 2006 rugis
707 1974 770 1995 non
794 1960 940 1996 carebat,
966 1957 1128 1994 diducto,
1152 1966 1268 2000 praeter
1296 1971 1369 1993 eum

352 2010 562 2045 fineularem.
588 2018 684 2050 quem
706 2018 744 2040 ex
767 2004 825 2039 hac
851 2005 983 2038 muliere
1008 2002 1083 2036 satis
1106 2001 1140 2033 in
1172 2000 1370 2036 Adversariis

353 2055 421 2088 ΙΙΙ.
446 2056 514 2093 (x)
537 2050 705 2093 descripfi‚
732 2049 850 2083 flexum
865 2071 874 2086 ,
899 2050 931 2081 δε
954 2045 1050 2080 situm
1072 2045 1261 2087 incipientis
1276 2046 1371 2078 Cras-

355 2097 376 2131 fi
403 2096 573 2135 intestini,
598 2097 628 2127 &
655 2093 742 2135 jecur
773 2092 938 2129 decolor,
972 2089 1170 2133 generationi
1205 2088 1371 2122 attributae

354 2151 458 2185 partes
482 2139 633 2171 nonnulla
659 2135 872 2170 exh1buerunt
891 2135 989 2176 digna
1014 2133 1240 2166 adnotatione.
1269 2133 1367 2165 Uter-

353 2197 413 2228 que
437 2185 522 2216 enim
545 2181 630 2215 testis
654 2191 717 2213 erat
741 2177 995 2223 nigerafinister
1019 2186 1127 2210 autem
1159 2174 1257 2209 durus
1290 2186 1370 2218 prae-

355 2238 437 2266 terea
454 2252 463 2265 ,
487 2230 518 2260 &
543 2238 582 2259 ex
608 2236 694 2268 parte
720 2223 829 2266 plenus
854 2222 1018 2264 sanguinis
1035 2220 1372 2254 semiconcreti.Am-

355 2272 398 2306 bo
424 2271 459 2304 ad
486 2271 623 2309 Tubas,
647 2272 677 2301 ὃ(
704 2268 867 2309 proximas
892 2275 999 2308 partes
1023 2263 1064 2297 fic
1087 2265 1202 2296 annexi
1223 2289 1231 2302 ‚
1256 2271 1295 2296 ut
1314 2273 1373 2302 pro

356 2324 444 2349 certo
470 2313 547 2347 scire
569 2324 632 2345 non
656 2309 757 2354 posses
775 2336 782 2349 ,
805 2309 843 2343 ad
867 2320 945 2351 quas
971 2307 1169 2351 potiffimum
1194 2307 1371 2339 attinerent

358 2357 526 2401 hydatides
551 2354 786 2398 circumjec‘tce,
811 2366 825 2386 a
849 2352 973 2386 dextris
1006 2350 1137 2393 quidem
1172 2350 1279 2383 multo
1309 2351 1372 2381 mi-

357 2413 475 2440 nores;
499 2413 514 2434 a
537 2400 668 2434 sinistris
693 2407 797 2431 autem
833 2407 947 2437 magna
985 2405 1045 2428 una
1067 2418 1079 2434 ,
1111 2393 1243 2435 aliaeque
1276 2391 1372 2434 hujus

358 2445 537 2490 parietibus
559 2443 754 2476 adhaerentes
778 2451 816 2472 eo
839 2449 994 2477 numero,
1016 2448 1049 2469 ac
1073 2435 1314 2478 magnitudine,
1338 2446 1372 2469 ut

359 2493 511 2525 unlvel‘iae
532 2486 662 2522 creditae
687 2484 746 2517 sint
772 2494 886 2526 aquam
909 2481 1075 2514 continere
1098 2479 1137 2513 ad
1162 2481 1271 2513 uncias
1294 2491 1374 2523 qua-

360 2543 455 2567 tuor.
482 2532 563 2565 Haec
588 2539 653 2563 erat
678 2527 841 2562 subflava:
865 2523 1062 2568 hydatidum
1096 2532 1203 2556 autem
1235 2522 1374 2564 singula-

364 2588 437 2610 rum
462 2577 568 2608 tunica
594 2573 736 2615 duplex,
762 2581 897 2613 quarum
923 2570 1041 2600 intima
1065 2567 1213 2605 tenuior,
1239 2567 1374 2600 vasculis

361 2631 428 2654 erat
453 2617 603 2652 instrueta
629 2614 859 2650 albescentibus
875 2639 882 2652 ‚
906 2623 941 2646 ut
955 2621 1031 2645 tunc
1043 2611 1259 2654 apparebant.

363 2663 531 2699 Tubarum
557 2671 692 2703 utraque
714 2660 798 2692 inter
822 2656 992 2699 hydatides
1016 2655 1089 2688 illas
1110 2674 1122 2694 ,
1161 2657 1192 2686 δε
1229 2654 1377 2697 deinceps

363 2707 541 2749 impervia,
566 2716 665 2747 prope
690 2712 814 2736 uterum
840 2711 945 2734 autem
967 2698 1090 2732 craffior
1115 2696 1222 2737 faeta,
1246 2700 1278 2730 &
1313 2708 1378 2731 non

363 2750 465 2785 modo
489 2750 593 2791 pervia
608 2772 621 2788 ,
645 2745 695 2780 sed
717 2745 877 2780 dilatata:
901 2744 1010 2787 ibique
1033 2740 1153 2775 finisti-a
1188 2742 1277 2783 plena
1313 2750 1378 2773 erat

364 2795 452 2829 muci
477 2792 575 2826 ferme
598 2789 727 2833 limpidi
783 2788 842 2822 Sed
875 2789 911 2820 in
945 2788 1027 2832 uteri
1063 2786 1187 2817 interna
1220 2787 1343 2817 cervice
1367 2808 1377 2822 ,

366 2850 434 2881 quae
459 2835 513 2870 hic
538 2845 602 2868 erat
627 2834 813 2876 praelonga,
836 2843 946 2866 mucus
969 2831 1033 2863 suit
1058 2840 1096 2862 ex
1133 2836 1207 2861 atro
1244 2828 1343 2861 flavus
1369 2853 1378 2869 ‚

366 2879 597 2915 tenacissimus.
624 2877 738 2911 Osculi
765 2885 868 2908 autem
894 2876 1010 2907 uterini
1035 2883 1155 2905 corona
1178 2883 1248 2915 quae
1272 2872 1306 2904 in
1330 2883 1382 2903 va-

368 2927 442 2967 gina
466 2924 651 2965 prominet,
675 2932 709 2952 ac
736 2921 848 2961 vagina
872 2918 938 2960 ipsa
963 2918 1066 2950 oblita
1100 2924 1166 2948 erat
1200 2925 1270 2948 tota
1304 2926 1382 2959 qua-

368 2968 442 3003 dam
469 2966 573 2998 albida
599 2965 730 2997 materia
746 2986 753 2999 ‚
776 2963 860 3005 quass
885 2963 1021 2999 mulier3
1046 2959 1079 2992 id
1103 2958 1189 3002 quod
1214 2971 1272 3001 pro
1294 2968 1384 2991 certo

369 3012 442 3045 sciti
468 3020 532 3042 non
557 3009 691 3051 potuit,
716 3006 816 3040 fluore
838 3004 977 3048 quodam
1003 3004 1184 3044 laboraret,
1206 3014 1306 3044 eoque
1318 3004 1383 3035 ori-

366 3056 476 3099 ginem
502 3051 585 3086 haud
612 3052 761 3083 altiorem
787 3049 937 3082 habente:
964 3048 1051 3091 quod
1076 3049 1159 3080 muci
1184 3047 1275 3080 color
1299 3046 1383 3079 indi-

368 3109 419 3133 cat
445 3099 539 3138 longe
564 3095 648 3129 alius
671 3096 703 3127 in
727 3094 871 3132 cervice,
896 3092 1053 3134 Tubaque
1079 3091 1271 3133 descriptus.

370 3144 455 3176 Scire
479 3142 579 3173 etiam
604 3137 715 3171 frustra
738 3137 905 3178 cupiebam
920 3159 931 3175 ,
957 3135 1112 3177 numquid
1140 3135 1253 3168 mulier
1275 3133 1382 3177 questa

371 3185 443 3219 esset
489 3184 527 3218 de
577 3192 725 3216 mammis
749 3205 757 3212 .
797 3180 866 3213 Has
890 3180 975 3210 enim
999 3190 1073 3212 cum
1096 3190 1210 3217 extra,
1234 3177 1383 3220 intiric1ue

372 3230 548 3266 scrutarer,
574 3230 603 3258 δι’
630 3224 685 3259 hic
710 3225 780 3257 illic
804 3222 948 3257 duriores
972 3234 1067 3264 quam
1100 3233 1230 3263 aequum
1262 3220 1383 3253 videre-

373 3284 446 3309 tur,
471 3274 503 3304 in
529 3268 651 3312 rugofis
677 3268 873 3310 praesertim,
898 3276 933 3297 ac
949 3266 1212 3307 procidentibus,
1240 3264 1386 3296 animad-

371 3326 520 3349 verterem
543 3327 554 3352 3
577 3310 821 3354 comprimendo
848 3310 948 3343 serum
974 3309 1100 3352 expreffi
1122 3337 1124 3340 .
1153 3307 1241 3352 quod
1252 3320 1290 3341 ex
1305 3319 1386 3342 non-

373 3360 470 3394 nullis
495 3356 686 3401 papillarum
713 3353 918 3388 foraminulis
942 3353 1131 3388 turbidum,
1159 3356 1188 3386 &
1214 3353 1323 3386 colore
1336 3350 1386 3384 di-

375 3404 445 3435 luto
469 3401 598 3446 quidem
616 3422 624 3436 ,
650 3399 700 3432 led
725 3397 761 3431 ad
789 3409 860 3431 eum
885 3407 978 3438 quem
992 3397 1285 3436 tabaccidicimus,
1311 3407 1386 3437 pro-

376 3448 461 3480 xime
486 3446 676 3483 accedente5
702 3453 739 3476 ex
761 3442 833 3476 aliis
859 3450 965 3475 autem
989 3439 1140 3482 prodibat
1164 3440 1271 3473 colore
1282 3439 1385 3472 omni-

942 42 1094 113 Μῦες
1130 59 1191 110 11.
1224 57 1308 109 De
1345 53 1551 109 Morbis
1583 53 1836 106 Thoracis

1419 144 1463 165 no
1484 144 1522 166 ex
1542 131 1641 164 viridi
1675 132 1853 173 nigricante
1877 157 1885 165 .
1918 133 2009 174 Qu
2043 143 2081 166 ex
2112 131 2209 165 ineisa
2241 127 2424 175 glandulosa

1421 186 1631 209 mammarum
1656 173 1827 208 substantia
1851 174 1953 209 serum
1976 174 2120 208 alicunde
2143 174 2323 217 erumpebat
2349 174 2428 205 viri-

1422 219 1460 252 de
1475 242 1484 257 ,
1508 219 1635 252 aliunde
1659 227 1763 251 autem
1788 228 1914 251 atrurn:
1938 228 2041 251 tamen
2055 217 2102 251 ''eo
2124 217 2192 251 sero
2207 217 2339 252 absterso
2355 215 2426 250 sub-

1423 262 1535 296 stantia
1559 262 1615 294 illa
1640 262 1806 303 apparebat
1831 262 1923 301 alba,
1946 260 2082 305 satisque
2114 259 2183 294 sana
2210 287 2217 293 .
2357 263 2426 296 De-

1425 308 1542 349 nique,
1565 316 1639 338 cum
1664 315 1777 346 aquam
1800 305 1834 337 in
1858 306 1962 347 Spinae
1975 304 2055 338 tubo
2076 305 2156 345 esse,
2178 304 2425 344 intellexissem,

1424 349 1617 391 perlustratis
1641 348 1752 385 intus,
1778 357 1927 390 extraque
1951 350 1992 381 iis
2015 348 2159 382 thoracis
2181 348 2334 381 vertebris
2347 358 2425 388 quas

1425 393 1463 425 ad
1487 391 1669 437 aneurysma
1693 399 1857 425 excavatas
1880 390 1971 426 fuisse
1992 414 2006 432 ,
2034 391 2104 425 dixi
2129 417 2137 431 ,
2173 391 2286 426 harum
2308 391 2426 426 vitium

1425 437 1557 513 ῐέιίρίπιε
1601 435 1642 469 ad
1685 435 1756 469 tubi
1798 446 1912 469 cavum
1958 434 2127 479 pervenisse
2159 459 2173 477 ,
2224 432 2427 470 manifestum

1442 489 1491 514 uit
1505 504 1512 512 .

1471 525 1524 568 48.
1550 525 1600 558 De
1622 521 1723 555 viridi
1747 522 1827 561 illo,
1859 531 1988 566 atroque
2017 534 2227 557 mammarum
2267 524 2332 559 sero
2364 527 2425 559 ali-

1426 566 1503 611 quid
1528 566 1662 599 scribam
1687 566 1752 599 alio
1784 566 1859 599 loco
1894 571 1947 608 (y
1969 571 1984 607 )
2003 578 2017 606 ,·
2048 578 2086 599 ne
2109 578 2124 599 a
2149 566 2316 610 proposito
2340 581 2424 605 nunc

1428 613 1600 658 divertam.
1629 610 1697 642 Hic
1720 619 1825 643 autem
1846 608 1869 642 si
1895 609 1980 642 forte
2012 611 2141 643 miraris
2160 633 2173 650 ‚
2208 613 2390 654 aneurysma
2412 639 2423 654 ,

1425 666 1515 697 cujus
1539 655 1587 687 vis
1609 650 1672 685 offa
1696 653 1752 686 illa
1775 652 1944 686 excavasset
1961 675 1975 693 ,
2006 662 2102 687 tanto
2135 655 2318 690 molliorem
2352 658 2425 700 pul-

1425 700 1532 731 monis
1556 695 1759 730 substantiam
1784 697 1905 739 pariter
1927 696 2043 729 vitiare
2076 708 2140 731 non
2171 699 2307 741 potuisle
2327 724 2339 741 ,
2370 712 2426 736 aut

1425 753 1494 775 eam
1517 741 1627 775 saltem
1648 751 1720 782 quae
1741 748 1807 772 erat
1832 740 1954 772 circum
1977 737 2085 775 hiatus
2106 753 2198 781 oras,
2223 745 2427 780 conclutina-

1427 787 1548 819 tionem
1572 783 1742 822 divellere,-
1767 782 1947 823 hortabor,
1969 792 2006 818 ut
2039 773 2307 821 Observationetil
2341 790 2425 833 legas

1428 830 1482 862 c1.
1510 827 1662 862 Maloetii
1686 830 1700 866 (
1722 838 1746 869 z
1768 830 1804 867 ),
1828 827 1861 859 in
1886 837 1946 868 qua
1967 837 2042 861 curn
2073 830 2253 871 aneurysma
2287 831 2427 867 adhaere-

1428 882 1475 906 ret
1498 882 1613 905 trunco
1636 872 1761 904 arteriae
1782 869 1932 912 Asperae,
1956 869 2050 912 hujus
2086 880 2190 906 autem
2223 875 2427 920 cartilagines

1429 917 1556 958 aliquot
1600 922 1723 958 partem
1767 913 1908 946 facerent
1953 914 2083 955 parietis
2107 916 2364 962 aneurysinatis‚
2388 932 2425 957 u:

1427 960 1539 1003 pulmo
1563 958 1696 992 faciebat
1720 959 1752 990 in
1777 956 1909 996 nostro,·
1930 967 1964 989 ea
1986 966 2092 991 tamen
2114 959 2163 992 vis
2186 959 2346 1000 sanguinis
2358 978 2429 1008 quae

1427 1004 1497 1036 illas
1520 1002 1722 1044 cartilagines
1747 1002 1930 1037 attriverat,
1954 1003 1986 1033 δε
2010 1012 2047 1034 ex
2071 1011 2159 1044 parte
2180 998 2316 1040 eroserat
2332 1033 2340 1046 ,
2375 1020 2429 1043 ne.

1426 1057 1488 1090 que
1511 1044 1722 1079 adhoefionem
1745 1044 1835 1077 illam
1856 1055 1926 1087 quae
1949 1044 2072 1078 circum
2094 1055 2160 1079 erat
2176 1070 2184 1084 ‚
2209 1046 2395 1085 dissolverat

1426 1101 1525 1133 neque
1548 1098 1641 1123 tanto
1664 1089 1850 1128 molliores,
1874 1090 1905 1120 ἃ
1930 1089 2088 1122 tenuiores
2120 1090 2252 1131 parietes
2291 1077 2431 1137 reliquo}

1427 1134 1655 1176 aneurysmatis
1679 1133 1880 1171 corroserat,
1905 1141 1958 1164 aut
1983 1130 2197 1173 perforaverat
2212 1160 2219 1166 .
2255 1136 2429 1174 Nimirum

1427 1189 1495 1220 quae
1520 1177 1639 1210 iffibus
1663 1177 1763 1217 tnagis
1786 1174 1920 1213 cedunt,
1942 1177 2048 1209 minus
2071 1176 2253 1217 laeduntur,
2278 1191 2349 1222 quae
2371 1193 2429 1218 au..

1427 1230 1492 1254 tern
1516 1220 1672 1253 valentius
1697 1218 1861 1258 resistunt,
1887 1229 1922 1250 ea
1946 1229 2020 1251 vero
2054 1219 2284 1256 detrimentum
2318 1227 2429 1260 multo

1425 1266 1551 1307 gravius
1574 1263 1757 1306 accipiunt.
1782 1262 1834 1295 Sic
1854 1262 1975 1300 etiam3
2000 1269 2036 1295 ut
2059 1264 2144 1295 inter
2165 1266 2292 1306 multa,
2324 1280 2429 1304 recen-

1426 1310 1509 1342 tiore
1532 1308 1680 1350 exemplo
1693 1315 1787 1344 utar,
1810 1316 1848 1338 ex
1860 1306 1914 1337 Cl.
1927 1303 2103 1339 Schreiberi
2116 1306 2350 1345 Observatione
2361 1316 2374 1352 (
2385 1319 2429 1354 a)

1423 1351 1598 1394 cognosces
1613 1361 1722 1396 ,cum
1746 1352 1858 1391 ingens
1881 1349 1991 1381 Aortae
2015 1350 2199 1392 aneurysma
2224 1351 2279 1386 sub
2312 1357 2430 1390 Pecto-

1423 1396 1542 1429 salibus
1566 1394 1716 1427 musculis
1741 1392 1892 1432 Minori,
1917 1394 1949 1425 δε
1983 1391 2106 1434 Maiori
2140 1395 2186 1427 ita
2219 1395 2293 1431 effet
2323 1399 2430 1435 disru-

1422 1447 1540 1483 ptum,
1564 1448 1600 1472 ut
1624 1436 1766 1470 foramen
1790 1434 1892 1483 posset
1914 1447 2058 1478 pugnum
2081 1436 2272 1479 admittere,
2305 1442 2430 1486 tresque

1424 1483 1471 1515 ibi
1497 1481 1596 1515 costas
1621 1478 1868 1522 absumpsisset5
1902 1488 2007 1512 tamen
2045 1492 2144 1524 neque
2177 1483 2265 1518 intus
2298 1487 2430 1528 pulmo-

1424 1538 1514 1564 nem,
1540 1523 1847 1567 quemrcprefferat‚
1871 1532 1924 1556 aut
1937 1522 2147 1565 diaphragma
2163 1549 2176 1566 ,
2198 1539 2336 1570 quocum
2351 1541 2433 1564 con-

1422 1577 1587 1609 creverat,
1611 1579 1710 1610 neque
1734 1575 1822 1600 extra
1847 1564 1977 1599 violasse
2001 1568 2187 1609 musculos,
2223 1573 2341 1615 quibus
2374 1586 2431 1608 oc-

1422 1610 1839 1659 eludebatur,Pe5torales.
1976 1611 2034 1644 Sed
2057 1610 2122 1654 jam
2146 1613 2183 1646 ad
2195 1615 2345 1652 ultimam
2355 1619 2431 1652 Ob-

1425 1657 1636 1690 ier-vationem
1660 1655 1818 1686 veniamus
1831 1679 1838 1685 .

1467 1711 1518 1742 49.
1540 1698 1749 1742 JUVENIS
1773 1697 1889 1729 meraci
1915 1697 1983 1743 vini
2008 1700 2232 1740 potationibus
2264 1703 2391 1740 deditus

1423 1754 1524 1786 eoque
1548 1740 1742 1784 largioribus
1758 1764 1770 1781 ,
1793 1738 1883 1782 quod
1905 1740 1990 1773 litim
2014 1752 2062 1774 ars
2086 1743 2138 1776 sua
2164 1746 2312 1781 movebat
2359 1729 2432 1792 qua'e

1426 1797 1491 1820 erat
1515 1786 1723 1831 coqui-naria,
1748 1784 1818 1827 post
1841 1784 1959 1817 nimios
1982 1785 2016 1817 in
2041 1784 2101 1820 hac
2124 1787 2267 1830 labores,
2289 1773 2434 1834 cmperat

1428 1840 1500 1864 ante
1525 1830 1660 1862 mensem
1684 1827 1837 1867 thorace,
1861 1830 1893 1860 &
1917 1826 2084 1862 stomacho
2106 1832 2188 1864 male
2213 1831 2329 1868 habere
2397 1839 2445 1870 ἅτ’

1430 1873 1565 1907 difficile
1611 1871 1792 1918 respirare:
1824 1882 1902 1903 mox
1935 1873 2032 1904 etiam
2064 1872 2200 1909 durities
2224 1860 2370 1919 quaedarii
2393 1879 2435 1915 ad.

1423 1916 1615 1952 umbilicum
1640 1915 1820 1948 accesserat.
1846 1915 1948 1947 Erant
1971 1915 2038 1948 haec
2073 1919 2182 1951 omnia
2216 1919 2277 1954 fine
2310 1921 2396 1957 febre
2419 1948 2434 1957 .

1423 1961 1580 2002 Sanguine
1603 1959 1672 1998 bis,
1697 1958 1748 2005 sed
1772 1959 1857 1990 intra
1882 1956 2037 1999 modurn,
2060 1972 2076 1993 e
2097 1961 2238 1997 brachiis
2261 1965 2375 2006 miffo,
2400 1971 2435 2001 δε

1421 2005 1506 2038 datis
1528 2014 1598 2045 quae
1623 2000 1662 2035 ad
1685 2000 1954 2041 demulcendum,
1979 2004 2010 2035 Sc
2035 2005 2309 2047 expecanandum
2345 2010 2432 2045 face..

1424 2056 1517 2087 rent,
1539 2047 1585 2078 ita
1610 2045 1724 2078 melius
1748 2044 1887 2084 habuit,
1910 2054 1947 2079 ut
1970 2044 2028 2078 fibi
2052 2047 2236 2090 persanatus
2247 2051 2411 2089 videretur
2421 2061 2436 2087 .²

1430 2089 1490 2124 Sed
1515 2088 1586 2130 post
1610 2088 1678 2121 dies
1701 2088 1802 2128 ocfto,
1824 2098 1897 2120 cum
1923 2090 1957 2120 in
1989 2101 2027 2121 eo
2062 2090 2166 2125 solum
2198 2094 2333 2136 peccasse
2367 2098 2395 2131 se

1429 2134 1552 2166 diceret
1568 2154 1578 2170 ‚
1600 2129 1690 2175 quod
1712 2130 1923 2165 debilioribus
1947 2133 2044 2164 etiam
2067 2143 2136 2167 tum
2159 2138 2311 2173 cruribus
2334 2122 2436 2176 nimis³

1427 2173 1632 2213 ambulasset,
1657 2175 1817 2209 redierunt
1840 2173 1896 2206 illa
1919 2177 2049 2216 omnia,
2075 2179 2239 2223 multoque
2263 2186 2409 2224 graviora

1425 2221 1508 2254 Vidi
1533 2230 1594 2261 ego
1617 2230 1690 2252 cum
1712 2217 1841 2252 demum
1867 2218 1900 2250 in
1926 2219 2124 2254 Bononienle
2147 2223 2388 2262 Nosocomium
2400 2211 2437 2262 S·

1423 2264 1540 2298 Mariae
1564 2261 1602 2310 de
1626 2263 1706 2294 Vita
1730 2261 1802 2296 esset
1828 2261 1937 2295 illatus
1963 2261 2067 2304 pridie
2093 2253 2437 2315 Kal.MajiA.1703‡

1424 2307 1476 2340 die
1501 2318 1517 2339 a
1540 2304 1681 2337 recidiva
1704 2306 1846 2346 ostavo,
1869 2316 1907 2337 an
1932 2317 2037 2339 nono.
2063 2310 2155 2343 Facie
2192 2322 2257 2344 erat
2293 2314 2397 2349 albida

1426 2359 1457 2383 at
1484 2361 1520 2382 ue
1545 2347 1746 2394 subtumida‚
1771 2347 1904 2391 frigidis
1927 2349 2085 2392 pedibus,
2109 2356 2139 2386 δι
2172 2366 2187 2387 a
2220 2354 2331 2391 diebus
2371 2339 2436 2402 jan-’1

1425 2395 1467 2426 tri
1493 2405 1528 2427 us
1552 2402 1616 2424 non
1640 2394 1723 2439 {ecus
1746 2402 1783 2425 ac
1807 2402 1898 2425 crura
1922 2396 2143 2430 tumentibus.
2169 2399 2270 2433 Pauca
2309 2403 2437 2445 minge-

1426 2437 1505 2484 batq,
1530 2435 1669 2482 multum
1693 2436 1837 2469 sitiebat.
1865 2437 1938 2468 Pari
1963 2439 1997 2469 in
2031 2440 2145 2481 quovis
2168 2439 2230 2475 situ
2261 2442 2438 2479 difficulta-

1427 2490 1458 2513 te
1481 2478 1625 2523 jacebat:
1648 2478 1700 2512 sed
1723 2478 1744 2511 si
1768 2488 1865 2521 caput
1889 2480 2037 2515 attollere
2069 2491 2206 2517 tentaret
2230 2498 2241 2524 3
2275 2486 2368 2521 sudor
2401 2490 2437 2522 in

1427 2523 1535 2558 fronte
1559 2523 1805 2564 prorumpebat.
1830 2524 1916 2555 Cum
1938 2522 1976 2556 de
2001 2523 2076 2566 his,
2099 2531 2130 2559 δι’
2153 2526 2191 2560 de
2215 2529 2255 2562 iis
2279 2542 2350 2574 quae
2384 2532 2439 2566 su..

1429 2579 1485 2611 pra
1509 2565 1595 2600 dieta
1620 2565 1715 2604 sunt,
1741 2574 1950 2609 quereretur3
1975 2576 2046 2601 tum
2071 2571 2209 2604 maxime
2232 2572 2270 2607 de
2294 2575 2437 2617 postoris

1430 2609 1572 2654 angustia
1593 2633 1606 2649 ,
1636 2613 1669 2643 &
1701 2610 1824 2656 ingenti
1861 2610 2038 2652 praesertim
2071 2614 2209 2655 pondere
2243 2618 2436 2659 querebatur

1431 2653 1668 2700 propemodum
1693 2665 1727 2686 ac
1751 2658 1793 2692 11,
1820 2661 1855 2686 ut
1879 2652 2004 2695 ajebat,
2027 2656 2146 2690 molam
2169 2658 2209 2692 ad
2241 2662 2349 2702 pestus
2381 2662 2440 2696 ha..

1430 2699 1517 2732 beret
1541 2698 1784 2730 frumentariam
1802 2721 1811 2730 .
1837 2697 1946 2730 Pulsus
1980 2699 2145 2741 explorare
2182 2714 2256 2737 cum
2288 2706 2402 2739 vellem
2430 2718 2438 2725 ·

1431 2741 1543 2776 frustra
1569 2751 1699 2782 carpum
1724 2750 1896 2782 utrumque
1919 2742 2037 2784 tetigi,
2072 2745 2106 2776 in
2152 2756 2267 2780 neutro
2314 2729 2440 2792 percipi

1430 2794 1556 2829 poterat
1580 2810 1588 2820 .
1612 2782 1766 2824 homine,
1788 2783 1875 2827 quod
1899 2784 1936 2817 ad
1959 2795 2054 2826 caput
2079 2788 2214 2830 attinet,
2240 2794 2363 2833 egresse
2386 2805 2442 2826 va..

1432 2832 1542 2868 lente,
1566 2830 1597 2861 &
1630 2838 1789 2870 quantum
1822 2828 2042 2870 respirationis
2075 2830 2249 2868 difficultas
2283 2821 2403 2870 fifi’ebat

1434 2874 1508 2906 satis
1532 2881 1684 2915 prompte
1705 2873 1813 2905 omnia
1836 2883 1905 2913 quae
1928 2872 2023 2913 dixi,
2047 2884 2212 2914 narrante,
2235 2880 2267 2911 &
2291 2877 2355 2913 hoc
2388 2860 2441 2913 in:

1434 2916 1526 2958 super
1549 2914 1707 2955 addente,
1729 2915 1757 2948 se
1781 2926 1864 2948 nunc
1885 2918 1996 2956 quavis
2021 2919 2115 2952 noccte
2138 2918 2224 2953 febre
2248 2924 2371 2966 corripi
2421 2933 2441 2957 a

1434 2972 1495 3003 qua
1519 2968 1624 2991 tamen
1648 2969 1765 3001 corpus
1789 2958 1989 2992 incalesceret
2013 2959 2181 2996 dumtaxat
2207 2977 2223 2997 a
2247 2965 2355 2999 medio
2375 2949 2444 3000 siff-

1438 3008 1525 3037 lum.
1551 3004 1637 3036 Cum
1661 3001 1739 3035 scire
1763 3013 1907 3041 averem,
1940 3015 1976 3035 an
2016 3012 2094 3038 tunc
2130 3006 2240 3041 saltem
2275 3009 2381 3051 pulsus
2412 3011 2442 3044 se

1435 3045 1630 3089 proderent,
1653 3046 1708 3088 qui
1732 3046 1873 3079 interdiu
1897 3045 2037 3079 latebant
2054 3060 2068 3088 ,·
2100 3052 2251 3084 omnibus
2284 3054 2318 3085 in
2353 3052 2442 3097 pejus

1435 3091 1598 3124 ruentibus
1622 3087 1662 3122 fic
1677 3112 1686 3126 ,
1710 3098 1746 3121 ut
1770 3088 1919 3131 postridie
1942 3092 2110 3134 interiret,
2132 3105 2231 3137 neque
2254 3095 2309 3135 id,
2342 3107 2443 3139 neque

1435 3135 1494 3166 alia
1518 3132 1703 3180 inquirendi
1728 3131 1861 3167 facultas
1886 3132 1949 3166 fuit
1965 3155 1973 3171 ‚
1997 3134 2054 3168 nisi
2080 3148 2133 3178 pet
2155 3137 2315 3172 cadaveris
2349 3139 2443 3173 disse-

1434 3178 1599 3211 ctionem.-
1623 3187 1712 3219 euJus
1735 3187 1773 3209 ex
1796 3189 1849 3208 ore
1874 3177 2046 3217 plurimum
2071 3181 2231 3223 sanguinis
2255 3183 2440 3223 prodierat.

1567 3222 1619 3253 IN
1648 3220 1908 3260 THORACE‚
1931 3223 1963 3254 δε
1988 3223 2109 3257 Ventre
2134 3236 2211 3267 aqua
2247 3236 2312 3258 erat
2334 3238 2347 3267 ,¹
2379 3223 2443 3259 non

1436 3276 1549 3307 magna
1582 3274 1688 3298 tamen
1712 3266 1829 3305 copia.
1855 3263 1913 3296 Sed
1937 3267 1971 3297 in
2007 3267 2067 3300 illo
2099 3279 2155 3301 cor
2190 3280 2229 3302 ex
2267 3269 2443 3311 majoribus

1437 3320 1508 3350 quae
1532 3318 1670 3349 unquam
1693 3307 1852 3349 viderim,
1875 3307 1991 3351 idque,
2015 3321 2050 3343 ut
2072 3312 2215 3346 auricula
2229 3324 2357 3356 quoque
2368 3311 2445 3346 dex-

1438 3361 1529 3391 tera,
1554 3362 1624 3393 quae
1647 3350 1737 3385 valde
1761 3361 1827 3384 erat
1851 3351 2005 3391 dilatata,
2028 3357 2061 3387 ὃ(
2084 3354 2153 3387 vasa
2164 3358 2445 3397 Coronaria‚quae

1438 3395 1544 3445 ampla
1568 3394 1757 3435 exstabant,
1783 3396 1948 3438 sanguinis
1983 3398 2110 3439 plenum
2145 3401 2209 3432 atri
2233 3422 2246 3438 ,
2281 3403 2312 3432 ἃς
2345 3399 2446 3432 ferme

1439 3438 1553 3478 fluidi,
1576 3438 1637 3472 fine
1661 3439 1724 3472 ulla
1749 3438 1907 3482 polyposa
1931 3443 2152 3475 concretione.
2194 3443 2309 3484 Magni
2343 3452 2451 3481 autem·⁴

2308 3486 2402 3529 hujus

525 3651 638 3676 Animad.
658 3658 696 3682 3⁹·
715 3649 744 3674 ad
763 3648 795 3673 fin
869 3649 879 3669 t
894 3656 908 3671 x
924 3647 938 3670 't
959 3647 1070 3671 Animad.
1088 3655 1125 3673 η.

438 3653 452 3680 (
468 3653 508 3679 υ)
1189 3647 1232 3677 (y
1251 3646 1350 3679 J-Epist.
1369 3655 1404 3676 50.
1424 3655 1447 3671 n.
1468 3655 1507 3675 ⁴7·

439 3683 453 3711 (
470 3690 486 3706 a
500 3681 514 3712 )
531 3683 597 3707 Nov.
619 3685 759 3709 comment.
777 3678 850 3704 acad.
868 3679 904 3704 Sc.
920 3679 985 3707 xmp.
1004 3680 1126 3708 Petropol.
1142 3679 1216 3702 Tom.
1235 3682 1257 3704 3.
1273 3684 1299 3700 in
1316 3678 1411 3708 Phylic.
1430 3678 1485 3703 Obs.
1505 3686 1527 3705 4·

2353 3588 2439 3595 m*-

1567 3644 1576 3676 (
1598 3655 1615 3675 ζ
1630 3651 1640 3674 >
1660 3649 1738 3673 Mem.
1757 3648 1785 3673 de
1802 3648 1898 3675 l'Acad.
1916 3650 1947 3672 R.
1963 3649 2003 3673 des
2019 3650 2055 3673 Sc.
2074 3651 2103 3673 A.
2122 3657 2189 3680 1733.
