2498 4075
364 199 463 234 Tunc
482 208 560 231 vero
581 207 681 239 neque
704 203 777 239 apte
797 196 906 231 cedere
929 195 999 230 haec
1034 195 1148 229 arteria
1181 194 1220 228 ad
1252 195 1378 238 sangui-

366 253 440 277 nem
464 239 690 289 excipiendum
711 264 723 280 ,
755 251 856 283 neque
879 240 906 274 se
930 239 1142 280 constringere
1176 238 1213 271 ad
1248 251 1379 282 promo-

367 284 507 320 vendum
531 295 595 328 Jam
619 285 748 326 potuit.
773 283 928 318 Restitare
951 284 1054 325 igitur
1076 284 1110 315 in
1144 281 1238 316 corde
1269 283 1375 325 aliqua

363 329 529 370 sanguinis
554 328 665 369 portio
688 326 798 361 debuit
821 350 830 364 ‚
855 330 887 360 ὃ(
911 339 950 359 eo
982 324 1086 367 major
1121 325 1208 368 quod
1241 326 1373 363 valvulae

361 383 460 414 neque
483 371 525 404 ob
549 369 748 412 rigiditatem
773 379 920 412 poterant
946 370 1020 403 satis
1045 368 1074 403 se
1097 369 1134 402 ad
1160 370 1286 401 arteriae
1321 381 1375 411 pa-

362 417 459 450 rietes
485 415 663 454 reclinare,
685 424 721 448 ut
758 412 910 455 egressum
946 413 1085 446 liberum
1118 414 1340 454 permitterent
1364 437 1374 453 ‚

360 469 463 500 neque
487 458 531 491 ob
554 456 685 491 eandem
709 456 937 499 rigiditatem,
962 456 1102 499 huicque
1124 456 1268 488 additam
1293 455 1375 489 'stri-

362 502 475 544 gosam
497 501 758 536 contractionem
783 499 859 533 satis
885 500 912 532 se
938 500 1121 542 explicare,
1144 508 1180 532 ut
1214 510 1291 532 mox
1325 511 1373 531 re-

359 545 468 579 ditum
492 544 760 578 intercluderent.
785 546 896 585 Itaque
921 553 957 577 ut
981 545 1014 576 in
1041 543 1111 576 aliis
1136 565 1144 579 ‚
1179 551 1255 584 puta
1292 544 1374 575 Ver-

358 588 467 622 driefii
491 587 574 630 (f)
599 612 611 628 ,
635 590 666 620 &
693 586 857 629 Zwingeri
889 589 945 629 (g
968 590 981 627 )
1003 611 1013 627 ,
1048 585 1340 631 Observationibus
1362 609 1373 625 ,

360 643 500 674 quorum
525 631 581 663 ille
617 631 759 663 Aortam
794 641 895 673 prope
927 641 982 662 cor
1015 630 1105 662 intus
1138 629 1252 661 osseam
1273 652 1283 667 ,
1320 628 1374 662 hic

358 677 476 710 Aortae
501 674 640 708 valvulas
665 673 776 710 duras,
804 676 837 706 ἃ
860 672 1098 715 cartilaginofizs
1121 672 1263 711 invenit,
1287 671 1327 705 fic
1340 673 1373 705 in

354 719 461 756 nostra
486 729 616 761 quoque
641 716 726 751 haud
750 716 882 749 obscure
905 715 993 748 vides
1018 739 1029 755 ,
1066 726 1137 757 quae
1170 716 1267 749 causae
1304 715 1374 749 refi-

355 762 464 797 stende)
489 761 604 796 cordi,
631 763 662 792 ἃ
688 761 722 792 in
747 770 807 799 eo,
835 768 955 801 quanto
979 758 1050 804 plus
1076 757 1237 800 sanguinis
1259 782 1271 799 ,
1305 769 1374 793 tan-

355 814 394 838 to
429 805 532 844 magis
556 803 743 841 irritaturi,
767 805 800 834 δε
824 803 966 835 renixuri
992 812 1058 842 ejus
1083 801 1224 837 adau6ffls
1248 804 1374 836 conati--

354 849 416 886 bus
434 872 445 888 ,
471 843 665 886 retinendo,
690 846 858 888 potuerint
898 842 1008 877 sensim
1044 846 1145 887 magis
1167 868 1175 882 ‚
1208 845 1372 890 magisque

355 904 414 926 cor
439 889 634 929 distrahere,
657 891 689 922 &
713 888 871 929 dilatare,
897 899 1000 931 eoque
1022 886 1076 921 hic
1099 887 1227 922 facilius
1248 913 1260 929 ,
1283 889 1372 932 quod

355 938 389 970 ,ἃ
415 935 489 967 vitii
516 943 688 975 utrumque
711 943 812 974 genus
835 942 902 964 erat
928 934 962 964 in
986 932 1091 965 Aorta
1123 932 1333 975 conjunctum
1357 957 1367 973 ,

355 982 389 1013 δι
416 978 542 1020 sanguis
567 986 637 1010 tum
663 976 716 1010 sua
740 975 874 1009 crassitie
899 977 1002 1018 magis
1038 975 1233 1010 renitebatur
1252 1000 1262 1015 ,
1301 987 1369 1011 turn

353 1022 473 1057 salibus
498 1021 597 1055 foetus
620 1019 828 1053 erodentibus
851 1043 864 1060 ,
896 1020 1003 1062 quales
1027 1021 1074 1052 vel
1099 1019 1215 1053 scabies
1239 1021 1294 1053 illa
1319 1021 1371 1053 in-

353 1067 512 1105 dicabat,
536 1065 727 1106 abrumpere
752 1072 880 1105 poterat
904 1064 1039 1096 minima
1072 1069 1083 1103 (
1104 1075 1303 1107 quaecunque
1335 1075 1368 1097 ea

352 1111 437 1151 sint)
463 1110 589 1142 vincula
615 1119 686 1151 quae
711 1105 817 1140 cordis
843 1106 935 1140 fibras
968 1106 1199 1140 connectebant
1223 1131 1229 1137 .
1266 1107 1367 1149 Qod

351 1154 374 1188 fi
398 1153 461 1186 hoc
484 1152 594 1192 forte,
618 1160 671 1185 aut
696 1160 766 1193 pars
793 1149 858 1194 ejus
891 1151 999 1193 aliqua
1034 1151 1140 1185 laxior
1175 1162 1190 1183 a
1227 1152 1367 1193 primor-

349 1197 438 1236 diis,
462 1200 493 1230 δε
519 1195 678 1228 infirmior
703 1192 790 1232 fuit3
815 1203 908 1227 tanto
928 1193 1056 1236 ipsum,
1080 1203 1134 1227 aut
1158 1192 1226 1228 haec
1249 1194 1367 1229 dilata-

351 1244 380 1276 ri
403 1239 532 1274 facilius
559 1239 687 1280 potuit.

395 1296 425 1327 5.
452 1281 675 1317 Necessarium
699 1290 808 1314 autem
831 1281 984 1321 videtur,
1007 1280 1029 1313 si
1052 1292 1118 1313 non
1153 1280 1215 1315 hoc
1248 1283 1283 1315 in
1316 1294 1366 1316 ca-

348 1329 402 1367 su,
425 1336 457 1361 at
482 1329 516 1362 in
540 1325 705 1361 nonnullis
729 1335 812 1358 certe
836 1324 915 1358 hanc
941 1325 1092 1358 ultimam
1115 1324 1239 1358 causam
1263 1337 1365 1369 agno-

347 1372 431 1409 scere
457 1394 467 1410 ,
500 1371 588 1404 velut
621 1381 696 1404 cum
727 1369 809 1402 obex
855 1368 898 1402 est
943 1367 981 1401 ad
1014 1370 1153 1401 Aortam
1176 1391 1184 1406 ‚
1232 1380 1288 1403 nec
1313 1381 1362 1404 ta-

347 1427 422 1451 men
457 1413 578 1447 finister
602 1437 611 1452 ,
653 1411 705 1446 sed
728 1412 839 1445 dexter
870 1412 977 1446 cordis
1009 1413 1206 1446 ventriculus
1241 1413 1360 1447 dilata-

345 1469 430 1500 tur,
453 1460 546 1493 utin
581 1468 619 1490 eo
652 1458 824 1490 Canonico
856 1456 948 1498 cujus
979 1453 1200 1490 diffeetionem
1237 1457 1359 1500 profert

346 1501 515 1539 Lancifius
541 1507 550 1541 (
574 1500 594 1534 l)
617 1504 652 1541 ).
677 1500 767 1533 Nam
793 1500 915 1543 alioqui
940 1498 1031 1542 cujus
1056 1500 1231 1533 ventriculi
1267 1502 1360 1535 emis-

345 1547 429 1581 sario
451 1546 630 1588 opponitur
653 1543 736 1577 obex
753 1567 765 1583 ,
788 1545 815 1576 is
839 1543 905 1578 fere
929 1543 1126 1577 ventriculus
1150 1546 1253 1587 magis
1278 1545 1359 1578 solet

345 1591 505 1630 dilatari,
530 1599 565 1621 ut
591 1597 668 1631 puta
691 1586 836 1626 sinister,
859 1598 933 1620 cum
957 1586 1231 1629 impedimentum
1256 1588 1298 1622 est
1322 1587 1360 1622 ad

345 1635 496 1669 arteriam
520 1633 695 1674 Magnam.
722 1630 946 1669 Qamobrem
969 1630 1111 1670 dubito,
1134 1642 1211 1664 num
1245 1633 1361 1665 Lanci-

343 1679 430 1719 sius,
455 1676 475 1710 si
502 1675 565 1710 suis
588 1674 655 1718 ipse
671 1675 817 1722 ‘Scriptis
838 1674 1019 1720 sup-remam
1044 1685 1173 1707 manum
1196 1676 1361 1717 imponere

343 1720 522 1767 potuisset,
548 1730 584 1752 ea
610 1718 804 1760 subjenfturus
830 1718 960 1751 suislet:
982 1722 1057 1749 cum
1083 1716 1121 1750 ad
1147 1719 1287 1752 Aortam
1321 1719 1362 1752 est

345 1765 546 1801 obstaculum
569 1787 576 1800 ,
627 1761 855 1795 dilatationem
901 1761 934 1794 in
970 1761 1091 1794 dextris
1124 1760 1231 1795 cordis
1276 1765 1361 1796 cavis

341 1810 527 1854 plerumque
567 1805 665 1849 solere
713 1805 850 1839 accidere
876 1816 884 1837 :
930 1814 1001 1837 cum
1045 1814 1119 1837 vcro
1165 1805 1196 1838 in
1224 1804 1359 1848 sins-stris

345 1853 464 1888 accidit
486 1875 499 1892 ,
529 1849 600 1893 fere
618 1848 742 1892 semper
764 1850 797 1882 in
820 1846 963 1881 auricula
986 1870 999 1887 ,
1032 1857 1090 1879 mm
1116 1847 1148 1880 in
1181 1849 1357 1883 ventri-'culo

337 1896 497 1940 obst-mari
521 1917 531 1932 ,
568 1892 664 1936 idque
683 1900 794 1933 patere
817 1892 849 1924 in
873 1889 944 1933 casu
969 1889 1067 1923 relato
1091 1889 1128 1922 ab
1151 1891 1222 1933 ipso
1249 1892 1353 1925 Bone-

335 1952 371 1975 to
406 1941 440 1973 in
486 1939 551 1972 hoc
599 1935 802 1977 Sepulchreti
826 1933 881 1967 lib.
910 1945 939 1965 2.
969 1932 1047 1976 fibi.
1075 1944 1106 1975 7.
1143 1934 1261 1979 qhfhrv.
1296 1946 1350 1978 49.

334 1995 373 2019 ex
396 1983 519 2016 Daniel.
546 1979 666 2019 Horflii
689 1975 953 2020 animadversione
977 2001 985 2007 .
1019 1976 1107 2010 Nam
1141 1978 1161 2008 si
1200 1989 1271 2010 eum
1306 1990 1353 2011 re-

331 2026 456 2063 jecisset
502 2025 608 2059 casum
633 2035 642 2061 3
683 2020 839 2065 sinistram
884 2019 1018 2061 quidem
1063 2020 1239 2054 auriculam
1284 2033 1353 2055 ma-

327 2057 432 2117 jossem
476 2064 647 2111 apparmffe
692 2066 803 2099 dextra,
827 2088 840 2104 ,
872 2061 999 2097 vidisset
1016 2087 1025 2102 ,
1051 2063 1102 2097 sed
1128 2063 1168 2096 de
1192 2067 1353 2098 ventricu-

336 2116 445 2149 lorum
471 2111 692 2154 magnitudine
717 2107 801 2141 nihil
826 2106 996 2149 sigillatim
1019 2118 1032 2147 ;
1064 2106 1148 2140 illud
1183 2107 1353 2142 dumtaxat

339 2159 520 2196 aenei-atim
568 2154 694 2188 dicium
718 2175 730 2192 ,
787 2161 838 2184 cor
883 2151 983 2183 nimia
1027 2151 1207 2192 quantitate
1253 2151 1354 2195 exces-

329 2199 398 2249 sisse
428 2226 438 2243 ‚
483 2208 520 2234 ut
565 2206 631 2231 tam
677 2205 825 2238 magnum
871 2193 1027 2233 adstantes
1054 2193 1180 2236 summe
1214 2195 1356 2228 admira-

336 2239 445 2281 er-ur
469 2270 477 2276 .
526 2242 559 2275 Si
603 2251 678 2273 vero
724 2250 787 2271 non
834 2238 934 2271 modo
968 2237 1107 2271 aliorum
1130 2260 1143 2277 ,
1176 2237 1228 2271 sed
1251 2241 1283 2271 ἃ
1308 2239 1356 2271 sui

337 2289 436 2333 ipsius
461 2284 643 2329 respcxiffct
667 2281 925 2327 Observationes
945 2292 959 2320 ,·
978 2281 1153 2327 ¹continuo
1178 2279 1235 2315 sibi
1262 2282 1357 2314 aliter

339 2331 541 2368 stnticndum
563 2352 575 2368 ,
608 2325 907 2362 animadvertisset3
931 2326 988 2356 nili
1015 2325 1102 2357 sorte
1134 2335 1173 2356 ne
1218 2325 1357 2359 alterum

340 2376 472 2419 quidem
518 2371 778 2405 Celeberrimum
825 2368 943 2400 Virum
990 2365 1054 2399 hoc
1102 2378 1157 2408 per
1203 2367 1231 2400 se
1286 2369 1355 2401 edi-

341 2431 452 2455 turum
476 2414 567 2452 fuisse
582 2439 590 2454 ,
615 2413 804 2446 arbitremur
826 2432 839 2449 ,
872 2420 923 2443 cor
946 2410 1090 2442 dextrum
1117 2411 1223 2443 rarius
1244 2433 1257 2450 ,
1283 2410 1354 2454 fre-

342 2472 488 2508 quenttus
510 2471 583 2493 vero
600 2455 758 2501 finffstrtsm
771 2477 783 2493 ‚
806 2463 845 2486 ex
869 2451 1001 2495 Lanczfii
1024 2454 1250 2493 experimentis
1262 2464 1356 2487 aneu-

344 2507 446 2551 rjsma
466 2503 539 2547 pati
564 2527 571 2535 .
709 2497 768 2531 Sed
792 2507 852 2538 ego
878 2505 962 2529 certe
987 2495 1037 2528 seu
1065 2506 1148 2529 meas
1164 2519 1176 2535 ,
1199 2494 1262 2529 five
1285 2498 1362 2530 alie-

343 2563 399 2585 nas
423 2549 560 2592 spe-&em
585 2542 866 2579 Observationes3
892 2540 983 2582 plura
1005 2540 1183 2572 ventriculi
1220 2538 1361 2579 sinistri,

342 2606 438 2639 quam
462 2591 586 2626 dexteri
611 2613 623 2629 ‚
653 2583 826 2625 invenisse,
849 2587 878 2617 ὃ(
904 2580 1012 2625 legisse
1034 2581 1253 2625 aneurysmata
1277 2608 1285 2622 ‚
1311 2584 1359 2616 vi-

342 2641 419 2672 deor
446 2631 620 2670 meminisse
646 2643 656 2670 5
679 2628 808 2663 sinistrae
834 2636 940 2660 autem
965 2626 1115 2660 auriculae
1140 2637 1204 2659 non
1232 2628 1357 2661 multa.-

344 2684 484 2721 itemque
508 2677 624 2711 sinistri
649 2672 821 2706 ventriculi
848 2669 1066 2711 aneurysmata
1089 2681 1164 2703 cum
1185 2671 1272 2717 yitio
1310 2680 1363 2705 aut

345 2726 504 2769 proximae
527 2722 667 2758 on-tre,
693 2726 745 2750 aut
769 2713 864 2757 hujus
887 2713 1088 2746 valvularum
1111 2712 1204 2746 fuisle
1226 2713 1362 2756 conjun-

345 2770 397 2803 &a
442 2765 565 2801 dexteri
590 2772 697 2798 autem
721 2770 795 2793 cum
820 2756 1060 2800 impedimento
1084 2755 1149 2790 fere
1174 2757 1285 2799 aliquo
1309 2767 1362 2790 aut

345 2812 386 2847 ad
408 2793 571 2844 'valvulas
616 2817 687 2849 quae
735 2802 801 2845 ejus
847 2800 1007 2835 emissario
1042 2799 1287 2842 praeficiuntur,
1310 2810 1364 2834 aut

345 2856 385 2891 ad
409 2854 570 2896 sanguinis
594 2850 676 2891 ipsas
702 2858 758 2889 per
783 2846 969 2888 pulmonem
1004 2842 1070 2892 vias
1090 2867 1102 2884 ,
1139 2853 1192 2877 aut
1227 2842 1365 2887 denique

348 2898 388 2933 ad
411 2894 637 2931 immissarium
661 2889 837 2924 ventriculi
861 2888 972 2922 sinistri
999 2899 1008 2925 3
1042 2889 1063 2920 si
1097 2887 1243 2930 quaedam
1278 2889 1365 2920 exci-

348 2943 418 2987 pias
440 2942 475 2974 in
499 2948 636 2982 quorum
660 2933 878 2967 observatione
901 2942 955 2965 aut
981 2930 1047 2964 haec
1071 2943 1142 2974 quae
1166 2929 1266 2964 modo
1278 2931 1365 2965 dieta

350 2987 447 3025 sunt,
470 2994 535 3017 non
559 2977 729 3024 perquisita
764 2974 823 3009 ess‘e
855 2976 1005 3009 videntur
1027 2998 1044 3022 ‚q
1069 2984 1122 3008 aut
1160 2974 1364 3008 haereditaria

351 3030 468 3064 laxitas
493 3026 699 3060 dexterarum
723 3018 896 3060 fibrarum,
922 3020 1068 3051 Lancilio
1101 3017 1172 3061 ipso
1205 3028 1366 3061 praeeunte

351 3075 398 3117 (ι’
420 3077 433 3113 )
452 3096 464 3113 ,
490 3069 533 3104 est
556 3068 660 3102 facile
676 3063 892 3106 agnoscenda.
919 3063 1001 3096 Non
1023 3061 1065 3096 est
1097 3074 1172 3105 ergo
1206 3064 1332 3096 tenuior
1355 3087 1363 3101 ,

353 3117 504 3159 inquies,
526 3116 558 3147 &
580 3107 669 3155 quod
692 3106 899 3150 consequitur
921 3129 934 3146 ,
966 3105 1128 3138 infirmior
1159 3107 1259 3148 paries
1291 3117 1368 3148 pro-

353 3161 442 3204 prius
464 3156 634 3192 ventriculi
657 3151 803 3190 dexteri,
826 3161 925 3192 eoque
936 3149 1182 3182 dilatationibus
1205 3160 1366 3191 opportu-

353 3205 450 3238 nior?
475 3201 530 3237 Est
553 3209 652 3236 ver03
676 3194 698 3229 si
722 3205 809 3237 pares
831 3193 953 3232 causae‚
978 3196 1009 3226 ὃς
1034 3193 1073 3225 ad
1085 3193 1221 3227 eundem
1234 3192 1366 3226 modum

354 3247 549 3291 applicatae,
573 3244 605 3276 vi
630 3240 700 3285 pari
722 3238 761 3271 ad
784 3238 1035 3270 ventriculorum
1057 3236 1286 3283 dilatationem
1318 3238 1366 3269 ni-

356 3300 489 3326 tantur.
515 3286 574 3321 Sed
598 3285 636 3320 de
662 3295 692 3317 re
716 3282 749 3314 in
775 3280 860 3315 hunc
884 3279 1019 3312 modum
1043 3283 1203 3323 proposita
1230 3281 1366 3313 minime

357 3335 412 3369 hic
441 3332 588 3367 instituta
613 3329 655 3363 est
678 3325 878 3368 disputatio.
906 3326 1020 3366 Itaque
1031 3335 1104 3357 cum
1120 3323 1366 3357 ademislarium

354 3377 472 3416 finiffri
495 3372 667 3408 ventriculi
691 3369 892 3402 obstaculum
920 3365 987 3406 est,
1012 3378 1111 3409 neque
1135 3367 1188 3401 hic
1226 3377 1331 3400 tamen
1356 3391 1365 3405 ‚

358 3423 408 3456 sed
432 3420 564 3459 dexter,
589 3427 641 3451 aut
666 3414 686 3447 si
711 3423 842 3455 uterque
859 3435 870 3452 ‚
891 3410 1001 3445 dexter
1025 3414 1125 3453 magis
1135 3411 1178 3444 est
1193 3410 1370 3456 dilatatusj

360 3465 489 3499 videtur
511 3460 613 3504 majus
637 3459 767 3503 quidem
795 3456 893 3489 robur
925 3465 1020 3497 quam
1052 3455 1151 3488 soleat
1172 3479 1186 3496 ,
1218 3455 1369 3497 obtigisle

358 3507 539 3544 ventriculo
562 3502 711 3542 linistrO,
736 3500 842 3534 minus
866 3508 970 3533 autem
993 3496 1148 3540 dextero,
1172 3498 1233 3532 five
1270 3499 1330 3531 hoc
1355 3510 1370 3530 a

958 117 1117 172 Liber
1149 116 1213 169 11.
1247 117 1332 171 De
1367 116 1576 170 Morbis
1609 82 1875 174 Thoracis

1428 195 1642 237 primordiis,
1664 196 1726 228 sive
1748 195 1850 237 postea
1873 205 2060 238 quacunque
2083 194 2121 229 de
2143 194 2234 229 causa
2257 195 2434 237 acciderit,

1428 239 1515 271 velut
1538 239 1571 271 in
1596 250 1633 272 eo
1656 236 1813 280 homine,
1834 238 1926 281 cujus
1950 238 2076 275 morbi,
2101 242 2132 273 δε
2156 238 2353 275 ἀίίΐεξὲῐοηίς
2365 241 2434 274 bre-

1428 292 1501 314 vem
1523 281 1693 316 historiam
1716 283 1796 314 olim
1822 293 1946 315 mecum
1978 283 2235 316 communicavit
2271 284 2335 317 Vir
2366 294 2432 317 non

1429 326 1536 358 minus
1560 323 1779 364 humanitate,
1802 337 1898 369 quam
1920 326 2091 362 doc‘hina,
2114 328 2147 358 ὃς
2170 327 2312 367 virtute,
2335 326 2382 359 vel
2394 338 2433 360 eo

1429 376 1593 410 tempore,
1617 369 1651 400 in
1676 369 1788 410 primis
1813 370 1992 411 spediatus,
2016 378 2227 409 nuperautem
2239 380 2357 412 magno
2367 381 2433 403 rne-

1426 413 1493 444 rito
1518 411 1574 445 suo
1597 410 1847 447 Archiatrorum
1873 412 2021 445 Pontific.
2044 414 2163 447 Comes
2185 414 2315 447 Marcus
2325 415 2432 447 Anto-

1426 456 1498 488 nius
1521 456 1697 488 Laurenti.
1724 456 1775 487 Sic
1800 464 1907 488 autem
1931 455 2054 498 ajebat.

1464 501 1495 530 6.
1522 498 1724 539 QJIDAM
1747 496 1936 539 affeetione,
1961 499 2084 533 Incubo
2107 498 2204 533 simili
2224 523 2237 541 ‚
2269 499 2347 543 saepe
2378 511 2433 534 ve-

1423 551 1516 575 xatus
1543 565 1553 580 ‚
1583 543 1725 584 itemque
1749 541 1872 574 difficili
1899 542 2132 585 respiratione,
2157 542 2194 580 acl
2216 554 2312 586 quam
2336 543 2364 576 se
2387 544 2432 582 ls-

1425 587 1472 618 vis
1497 584 1599 618 febris
1623 584 1831 628 adjunxerat,
1856 585 2003 619 detraeto
2027 586 2177 629 sanguine
2210 585 2430 625 convalescere

1425 628 1522 661 ferme
1544 640 1582 662 ex
1605 637 1678 661 toto
1702 627 1785 662 visus
1808 627 1850 662 est
1874 654 1880 660 .
1918 629 1977 663 Sed
2012 630 2247 664 recrudescente
2278 629 2395 663 morbo
2418 653 2428 668 ,

1426 673 1576 711 interiit,
1600 672 1704 713 facie,
1728 672 1876 715 colloque
1900 672 2093 707 liventibus.
2241 674 2431 707 THORA-

1425 717 1487 749 ΟΕ
1512 715 1655 756 recluso,
1680 719 1711 748 &
1736 727 1814 759 aqua
1841 719 1874 749 in
1898 726 1937 748 eo
1960 717 2173 752 animadversa
2197 741 2207 757 ,
2239 716 2430 759 magnitudo

1425 759 1535 792 cordis
1558 760 1702 793 occurrit
1728 768 1816 792 tanta
1842 785 1851 799 ,
1886 769 2004 800 quanta
2035 771 2197 804 nunquam
2229 771 2320 794 antea
2341 783 2354 800 ,
2386 760 2430 793 ob

1424 803 1578 836 summam
1603 802 1777 845 praesertim
1801 804 1971 836 ventriculi
1994 802 2137 843 dexteri,
2162 815 2351 846 annexceque
2374 815 2430 838 au-

1423 848 1533 880 riculae
1557 846 1806 880 dilatationem.
1833 847 1964 879 Arteria
1989 856 2093 881 autem
2119 849 2239 891 Magna
2263 857 2329 880 era-t
2352 858 2431 890 pro-

1424 901 1464 933 pe
1487 902 1544 924 cor
1569 890 1606 924 ad
1630 891 1746 924 miram
1771 888 1945 932 angustiam
1968 892 2151 925 conti-aeta.

1423 977 1432 1010 1
1465 946 1494 977 7.
1543 933 1600 968 Est
1645 935 1742 967 etiarn
1788 934 1961 976 aliquando
2002 945 2075 967 cum
2122 933 2236 967 sinistri
2269 935 2430 969 ventricu-

1438 989 1448 1010 1
1474 1001 1488 1018 >

1421 1022 1511 1054 nitur
1551 1045 1564 1061 ,
1608 1030 1644 1054 ut
1691 1022 1725 1054 in
1771 1033 1803 1053 ea
1850 1020 2086 1053 Observatione
2119 1044 2130 1059 ,
2175 1033 2272 1063 quam
2314 1021 2425 1055 medio

1419 1063 1485 1106 jam
1520 1074 1675 1099 autumno
1704 1066 1745 1097 A.
1787 1064 1877 1106 1708.
1914 1065 2062 1097 Venetiis
2096 1063 2135 1097 ab
2169 1064 2197 1097 se
2229 1075 2335 1098 recens
2371 1064 2430 1098 ha-

1419 1109 1524 1141 bitam
1548 1132 1561 1149 ,
1596 1112 1626 1142 ἃ
1653 1120 1725 1142 cum
1751 1108 1889 1150 quadam
1915 1106 2073 1140 Valsalvae
2108 1111 2122 1147 <
2145 1107 2199 1148 lq>
2233 1120 2249 1140 a
2283 1117 2314 1141 te
2338 1119 2431 1142 com-

1419 1150 1592 1193 parandam
1618 1175 1629 1192 ,
1662 1154 1696 1185 in
1718 1152 1804 1185 hunc
1826 1149 1960 1185 modum
1984 1152 2123 1185 narravit
2157 1151 2430 1187 Praestanuffimus

1420 1196 1631 1228 Santorinus.

1463 1240 1492 1272 8-
1527 1240 1612 1273 VIR
1645 1240 1701 1281 qui
1733 1247 1823 1271 antea
1855 1237 2059 1272 laboraverat
2082 1250 2136 1279 per
2159 1239 2327 1273 intervalla
2359 1240 2431 1274 bre-

1418 1283 1451 1317 vi
1498 1282 1673 1326 respirandi
1717 1281 1909 1317 difficultate
1930 1305 1943 1320 ,
1987 1282 2149 1315 noviffime
2193 1282 2222 1315 se
2255 1284 2340 1316 mori
2363 1284 2431 1317 cla-

1416 1338 1506 1361 mans
1532 1353 1542 1369 ‚
1589 1325 1793 1360 vehementer
1839 1325 2000 1359 ambulare
2045 1336 2101 1367 per
2147 1326 2335 1360 cubiculum
2359 1338 2428 1361 cce-

1416 1372 1466 1414 pit
1501 1395 1514 1412 ,
1568 1374 1599 1405 &
1644 1370 1772 1405 demum
1818 1371 1852 1403 in
1900 1369 2017 1401 lceeum
2064 1370 2235 1403 concidens
2271 1392 2280 1407 ‚
2336 1370 2430 1404 illico

1413 1424 1560 1449 mortuus
1581 1413 1642 1448 est.
1778 1413 1985 1447 THORAX
2008 1412 2112 1453 plures
2136 1413 2233 1447 libras
2246 1412 2361 1447 habuit
2385 1416 2430 1448 se·

1412 1460 1439 1491 ri
1462 1460 1608 1495 cruenti,
1633 1469 1697 1490 non
1724 1459 1792 1499 pari
1817 1467 1923 1490 tamen
1948 1457 2100 1499 utrinque
2136 1458 2229 1498 copia
2256 1481 2263 1489 .
2299 1459 2429 1492 Arteria

1412 1503 1532 1545 Magna
1556 1501 1694 1545 squamis
1717 1500 1829 1540 ofl'eis,
1855 1503 1886 1533 &
1911 1500 1996 1532 inter
2017 1498 2075 1532 has
2098 1500 2273 1534 tuberculis
2295 1501 2429 1544 quibus-

1411 1545 1507 1584 dam,
1528 1547 1617 1579 intus
1652 1545 1755 1587 aspera
1790 1542 1981 1586 deprehensa
2028 1542 2068 1575 est
2094 1568 2102 1575 .
2151 1543 2272 1578 Cordis
2305 1546 2429 1579 ventri-

1413 1590 1505 1623 culus
1530 1588 1674 1628 sinister,
1697 1591 1729 1621 &
1754 1587 1895 1621 auricula
1919 1585 2046 1619 dextera
2060 1585 2343 1631 dilatata.Caput
2359 1588 2430 1632 post

1413 1631 1481 1666 haec
1506 1631 1689 1671 recludere,
1715 1632 1939 1673 supervacuum
1966 1629 2067 1663 visum
2090 1630 2153 1664 cst.

1458 1690 1487 1717 9.
1514 1677 1597 1715 Qae
1622 1675 1743 1708 duabus
1768 1675 1926 1715 proximis
1950 1673 2242 1709 Observationibus
2265 1674 2429 1718 propofita

1416 1720 1509 1756 sunt,
1535 1731 1599 1752 nou
1624 1718 1743 1751 dubito
1766 1718 1845 1763 quin
1872 1718 2025 1759 pleraque
2049 1718 2098 1750 vel
2122 1729 2177 1760 per
2210 1730 2243 1751 ea
2275 1731 2347 1762 quse
2381 1720 2430 1753 su-

1415 1776 1470 1807 pra
1495 1763 1609 1804 posui,
1635 1762 1697 1795 tibi
1723 1763 1787 1803 ipse
1813 1762 1952 1807 explices
1976 1785 1983 1791 .
2135 1763 2248 1796 Unum
2283 1763 2393 1804 potius
2417 1786 2430 1803 ‚

1414 1807 1505 1850 quod
1529 1807 1560 1839 in
1586 1814 1695 1840 neutra
1720 1805 1790 1845 est,
1816 1804 1944 1837 sortasse
1970 1816 2006 1838 ex
2032 1816 2082 1837 mc
2116 1817 2235 1843 quaeres
2261 1831 2269 1843 ‚
2300 1816 2339 1838 an
2375 1805 2430 1839 de-

1414 1851 1511 1885 suerit
1537 1875 1543 1888 ,
1581 1852 1610 1882 Ξῖ
1635 1849 1655 1882 ii
1683 1848 1857 1891 praesertim
1882 1851 1914 1880 iu
1942 1850 2045 1890 prima
2070 1847 2176 1881 defuit
2201 1873 2213 1889 ,
2248 1847 2328 1893 quid
2352 1860 2430 1890 ergo

1410 1894 1609 1927 sentiendum
1633 1893 1670 1925 lit
1694 1892 1731 1927 de
1754 1890 1893 1924 Lancilii
1921 1892 1968 1934 (l
1990 1896 2004 1931 )
2028 1892 2209 1933 dogmate,
2233 1905 2299 1936 quo
2324 1904 2362 1926 ex
2376 1891 2431 1926 di-

1406 1939 1562 1971 latatione
1587 1937 1757 1972 auriculae,
1783 1947 1816 1967 ac
1840 1936 2012 1968 ventriculi
2038 1935 2144 1968 cordis
2170 1935 2294 1970 dexteri
2319 1935 2430 1978 sequi,

1407 1980 1544 2014 tradidit
1567 2004 1579 2020 ,
1616 1989 1651 2012 ut
1674 1978 1842 2012 orificium
1866 1990 1995 2021 quoque
2019 1978 2100 2012 illud
2134 1981 2264 2022 utrique
2298 1980 2431 2022 interje-

1405 2025 1495 2058 etum
1519 2047 1531 2064 ‚
1565 2022 1652 2065 quod
1678 2022 1949 2064 Triangularibus
1975 2022 2109 2055 valvulis
2134 2022 2324 2056 insitu-stum
2351 2024 2394 2057 cst
2417 2047 2429 2065 ‚

1405 2067 1561 2100 dilatetur
1583 2065 1663 2099 adeo
1686 2087 1695 2101 ‚
1744 2074 1780 2099 ut
1803 2076 1877 2110 cum
1921 2066 2060 2107 amplius
2105 2064 2191 2100 haud
2239 2067 2331 2109 pollit
2377 2067 2429 2102 his

1406 2112 1543 2144 omnino
1591 2107 1748 2151 praecludi
1771 2131 1783 2147 ,
1830 2109 1994 2149 sanguini-s
2039 2111 2150 2151 portio
2194 2121 2249 2152 per
2294 2112 2392 2145 rimas
2415 2135 2429 2152 ,

1406 2154 1490 2187 inter
1536 2152 1592 2187 has
1651 2150 1820 2185 neceffario
1876 2151 2002 2184 hiantes
2039 2176 2051 2192 ,
2108 2165 2123 2185 a
2169 2155 2353 2188 ventriculo
2400 2154 2430 2188 se

1412 2197 1650 2239 constringente
1674 2197 1707 2228 in
1731 2205 1845 2228 venam
1868 2196 1992 2228 Cavam
2025 2196 2196 2237 repellatur
2221 2219 2231 2234 ‚
2264 2197 2346 2232 unde
2378 2209 2429 2230 ea-

1413 2252 1484 2274 rum
1503 2239 1714 2284 Jugularium
1736 2249 1884 2272 venarum
1909 2262 1921 2279 ,
1959 2250 2030 2282 quse
2057 2249 2191 2273 externae
2224 2252 2297 2275 cum
2334 2239 2395 2274 fint
2418 2263 2428 2279 ‚

1413 2285 1565 2317 omnium
1589 2282 1694 2315 oculis
1717 2282 1751 2313 in
1777 2283 1865 2315 collo
1888 2291 2025 2324 patent,
2047 2283 2217 2326 conspicua
2242 2284 2394 2318 dilatatio
2417 2308 2430 2326 ‚

1410 2330 1443 2361 &
1466 2338 1565 2362 mox,
1592 2324 1620 2358 se
1635 2325 1791 2358 dilatante
1814 2327 2019 2365 ventriculo,
2043 2337 2101 2368 par
2125 2326 2312 2361 consti-ifflo
2337 2330 2431 2362 alter-

1410 2382 1448 2403 na
1475 2371 1669 2410 contingant
1694 2392 1706 2409 ,
1744 2379 1816 2410 quae
1840 2369 1945 2401 minus
1969 2370 2075 2402 cautis
2110 2370 2252 2404 Medicis
2287 2382 2348 2412 pro
2381 2383 2432 2405 ar-

1411 2416 1564 2447 teriarum
1585 2412 1782 2446 Car-otidum
1806 2411 1983 2452 pulsatione
2006 2435 2019 2451 ,
2056 2414 2089 2444 &
2125 2414 2347 2447 contraffione
2370 2415 2431 2448 ali-

1412 2456 1544 2500 quando
1567 2456 1742 2497 imponant
1767 2479 1774 2486 .
1802 2455 1938 2494 Qaeres
1961 2456 2089 2498 igitur,
2111 2466 2150 2488 an
2176 2456 2316 2497 pulsatio
2339 2457 2431 2496 haec,

1414 2502 1465 2534 seu
1491 2499 1661 2533 fluctuatio
1679 2498 1890 2544 Jugularium
1916 2509 2065 2532 venarum
2098 2499 2130 2531 in
2155 2499 2197 2532 iis
2220 2499 2320 2532 fuerit
2346 2525 2357 2541 ‚
2392 2500 2432 2536 de

1414 2543 1534 2586 quibus
1579 2539 1682 2575 modo
1726 2540 1852 2574 dietum
1899 2541 1941 2575 est
1975 2553 1983 2575 ε
2028 2550 2082 2574 aut
2128 2540 2151 2575 si
2196 2553 2261 2576 non
2318 2543 2384 2578 fuit
2419 2557 2431 2584 5

1414 2588 1471 2630 qui
1518 2585 1610 2629 poffit
1658 2585 1763 2626 igitur
1808 2583 1864 2617 illa
1884 2584 2203 2627 pathognomonicum
2219 2586 2344 2629 signum
2366 2598 2432 2622 me-

1415 2632 1479 2665 rito
1525 2629 1589 2663 dici
1633 2626 1839 2661 dilatationis
1887 2628 2079 2661 dextrorum
2112 2628 2220 2663 cordis
2253 2630 2431 2665 cavorum?

1548 2674 1623 2714 Ego
1647 2683 1722 2704 vcro
1747 2673 1780 2703 in
1804 2671 1871 2704 illis
1897 2671 1996 2705 fuerit
2024 2694 2034 2709 ,
2067 2683 2103 2704 an
2129 2672 2269 2706 defuerit
2292 2685 2327 2707 ea
2358 2674 2432 2717 pul-

1416 2718 1520 2754 satio,
1545 2727 1604 2759 pro
1626 2725 1717 2748 certo
1741 2714 1846 2748 dicere
1871 2725 1934 2747 non
1959 2714 2084 2757 possum
2104 2738 2116 2755 ,
2142 2717 2197 2758 qui
2231 2717 2328 2758 presse
2350 2741 2362 2758 ,
2395 2727 2433 2752 ut

1415 2760 1452 2794 sit
1478 2763 1511 2793 in
1544 2759 1721 2802 colloquiis
1744 2782 1756 2798 ‚
1790 2758 1912 2792 summa
1958 2758 2124 2792 dumtaxat
2169 2761 2275 2801 capita
2321 2771 2434 2796 eorum

1419 2816 1491 2847 quae
1514 2802 1554 2837 acl
1579 2802 1650 2835 illas
1675 2802 1823 2836 historias
1849 2803 2050 2841 attinerent,
2077 2814 2092 2834 a
2115 2802 2306 2837 Clariffiiuis
2330 2827 2339 2843 ,
2365 2805 2433 2848 spe-

1417 2849 1571 2890 etataeque
1595 2845 1670 2879 fidei
1696 2847 1788 2880 Viris
1813 2845 2012 2888 acceperim.
2037 2845 2123 2879 Illud
2147 2854 2253 2879 tamen
2286 2859 2350 2881 non
2382 2860 2433 2882 me

1418 2892 1496 2924 latet
1529 2890 1618 2932 quod
1652 2901 1707 2923 nec
1741 2887 1925 2923 Lancisium
1948 2912 1962 2929 ,
2007 2889 2040 2921 in
2089 2890 2207 2924 Nobili
2244 2892 2395 2925 Matrona
2418 2916 2432 2934 ‚

1417 2934 1614 2967 asthmaticis
1662 2933 1863 2975 paroxysmis
1907 2931 2048 2965 obnoxia
2074 2958 2084 2974 ,
2131 2934 2166 2966 in
2209 2945 2272 2976 qua
2297 2946 2404 2968 earum
2422 2957 2431 2973 ,

1418 2982 1450 3011 ἃ
1476 2977 1698 3011 Brachialium
1719 2985 1869 3019 praeterea
1902 2987 2052 3009 venarum
2099 2977 2239 3019 pulsatio
2284 2976 2431 3021 frequens

1417 3031 1482 3054 erat
1507 3045 1519 3062 ,
1559 3019 1708 3054 censuisse
1753 3020 1995 3061 Homber-aium
2043 3025 2107 3059 (m
2132 3024 2176 3062 >³
2218 3020 2433 3055 vehementis-

1418 3066 1526 3098 simam
1542 3088 1555 3104 ,
1577 3064 1639 3097 {ine
1661 3075 1724 3106 qua
1748 3061 1818 3095 haec
1842 3074 2005 3104 nunquam
2031 3063 2215 3104 accidebat,
2237 3065 2346 3099 cordis
2362 3066 2434 3107 pal-

1417 3110 1634 3151 pitationem,
1660 3107 1732 3140 illas
1755 3105 1888 3148 quidem
1911 3107 2074 3147 valvulas,
2097 3107 2119 3140 si
2144 3108 2227 3140 reete
2252 3109 2406 3150 intelligo
2423 3132 2433 3146 ‚

1418 3164 1482 3186 non
1506 3149 1664 3186 diduxilse
1693 3176 1700 3190 ⁷
1736 3148 1786 3182 sed
1822 3162 1860 3195 eo
1895 3148 2062 3185 dumtaxat
2096 3151 2220 3193 impetu
2251 3152 2433 3186 extrorsum

1417 3196 1521 3229 versus
1559 3196 1678 3228 alterne
1722 3193 1858 3234 coegisse
1881 3215 1889 3230 ‚
1925 3203 1960 3227 ut
1993 3195 2026 3228 in
2064 3204 2214 3227 venarum
2248 3194 2434 3237 sanguinem

1420 3252 1472 3274 eos
1497 3239 1636 3282 singulos
1660 3236 1823 3270 concussus
1858 3238 2066 3271 transferrent
2089 3262 2101 3278 ,
2133 3246 2225 3270 tanto
2259 3239 2397 3282 majores
2423 3262 2433 3277 ‚

1418 3293 1540 3326 quanto
1561 3281 1727 3315 difficilius
1752 3279 1904 3322 sanguis,
1928 3282 1984 3324 qui
2008 3281 2203 3314 ventriculos
2227 3281 2318 3314 valde
2351 3282 2435 3316 dila-

1418 3336 1539 3361 taverat
1565 3328 1596 3358 in
1624 3327 1750 3356 arterias
1774 3324 1912 3357 immitti
1939 3336 2087 3366 poterat,
2112 3323 2176 3365 jam
2192 3326 2435 3369 polypisisnpe-

1422 3370 1506 3403 ditas
1534 3383 1543 3403 .-
1576 3379 1758 3411 quanquam
1793 3378 1866 3400 curn
1891 3367 1923 3401 id
1948 3380 2006 3401 cor
2028 3367 2198 3402 flaccidum
2222 3392 2230 3406 ,
2254 3368 2348 3402 instar
2372 3369 2435 3402 sac-

1423 3415 1487 3448 culi
1514 3426 1551 3446 ex
1576 3414 1666 3445 corio
1690 3411 1806 3450 molli,
1842 3410 1933 3444 suill'e
1957 3411 2083 3445 dicatur
2108 3423 2118 3450 5
2153 3414 2186 3444 in
2220 3413 2359 3455 proclivi
2393 3411 2436 3447 est

1425 3458 1575 3500 suspicari
1611 3478 1621 3492 ‚
1666 3454 1829 3489 orificium
1851 3478 1864 3495 ,
1908 3454 1948 3488 ad
1992 3466 2084 3487 venas
2110 3457 2294 3496 pertinens,
2318 3457 2436 3495 ampli-

1424 3501 1555 3534 ficatum
1579 3497 1696 3540 fuisse,
1719 3508 1754 3532 ut
1778 3499 1886 3532 exaGte
1909 3511 1925 3532 a
1947 3499 2083 3533 valvulis
2106 3497 2213 3532 claudi
2236 3497 2437 3575 nonlposset.

2334 3551 2395 3575 tra-

356 3636 2441 3657 W

424 3717 438 3745 (
454 3714 467 3741 f
481 3716 489 3744 )
504 3713 565 3741 Eph.
583 3714 616 3736 N.
633 3713 662 3736 C.
679 3713 753 3735 Cent.
770 3713 794 3735 6.
810 3709 872 3733 obs.
890 3717 927 3739 5¹·

423 3748 432 3778 (
450 3746 467 3771 k
485 3745 494 3778 )
510 3743 585 3774 Epist.
605 3750 643 3773 ¹7-
661 3749 686 3766 n.
705 3748 741 3768 ιο.
805 3742 819 3769 (
835 3741 844 3764 Ι
861 3745 871 3771 ,1
888 3743 923 3765 De
939 3741 1030 3764 Aneur.
1048 3740 1144 3770 Propos.
1163 3749 1199 3771 57.
1219 3740 1242 3764 δι
1256 3744 1297 3765 60.

991 3709 1036 3738 (g
1054 3708 1061 3736 )
1080 3709 1175 3733 Eorund
1203 3710 1247 3733 A&
1274 3711 1348 3734 Tom.
1369 3717 1389 3735 1.

1405 3710 1462 3735 Obs.
1483 3711 1516 3734 18.
1581 3710 1594 3738 (
1612 3711 1624 3733 b
1646 3709 1652 3736 l
1672 3712 1706 3733 'Oe
1725 3711 1813 3733 Aneur.
1832 3707 1890 3732 Obs.
1907 3715 1945 3737 532
2010 3707 2024 3735 ζ
2039 3706 2050 3728 θ’
2066 3706 2079 3734 )
2097 3705 2157 3730 lbi-l-
2178 3706 2275 3736 Rupis.
2293 3717 2321 3736 ,μ’

1359 3744 1364 3768 (
1386 3750 1409 3765 m
1427 3742 1441 3772 >
1458 3743 1536 3766 Mem.
1555 3740 1583 3765 de
1601 3741 1690 3765 Patarl
1718 3742 1738 3764 R
1765 3742 1806 3764 ciat
1825 3742 1863 3765 Se.
1881 3741 1909 3763 A.
1931 3746 1996 3766 ¹704·

1532 977 1583 1011 sed
1628 976 1720 1011 simul
1767 977 1917 1012 auricula:
1961 976 2096 1010 dexterae
2141 978 2295 1011 dilatatio
2339 980 2430 1011 inve·
2480 990 2482 992 ’
