2498 4075
421 134 518 187 272

359 206 459 239 animi
481 215 552 248 quae
576 209 714 237 mortem
738 200 951 247 praecesserim
975 201 1079 245 ipsam
1114 202 1260 244 pulsuum
1307 202 1358 234 in-

353 248 573 283 termissionem
598 247 709 281 multis
732 257 804 281 ante
826 258 959 280 mortem
983 246 1094 280 diebus
1117 245 1180 289 jam
1212 244 1322 289 defiiffe
1350 269 1358 284 ,

353 292 587 333 intelligemus.
614 291 670 323 Sic·
689 291 810 331 etiam,
832 288 852 321 si
879 288 960 322 forte
982 289 1129 328 dubitas,
1157 290 1190 323 in
1213 290 1272 322 XI.
1287 287 1359 320 Ob-

353 336 528 369 servatione
553 335 609 366 IX.
637 334 794 368 Secstionis
819 332 943 375 aliquid
967 333 1063 366 deesse
1095 332 1184 376 quod
1219 332 1356 364 attineat

352 378 391 411 ad
413 377 573 418 deliquia,
599 377 725 411 eandem
749 387 852 418 Quaere
874 376 928 411 ubi
955 376 1076 418 plenius
1100 374 1258 419 proposita
1281 373 1323 406 est
1346 397 1358 414 ,

352 422 409 458 sub
433 431 519 454 num.
544 421 687 455 XXVII.
713 420 868 453 SeRionis
894 422 922 459 13
955 419 1094 461 spondeo
1114 443 1127 460 ‚
1158 417 1225 451 fore
1249 441 1261 458 ,
1293 428 1357 450 non

354 463 457 498 modo
480 472 516 496 ut
541 462 623 496 nihil
647 463 684 497 de
707 465 748 496 iis
771 465 930 504 reperias3
957 463 1005 496 sed
1030 474 1104 497 cum
1137 462 1274 495 Riverio
1296 485 1305 500 ‚
1339 471 1358 494 a

353 519 419 550 quo
443 506 633 549 diligenter,
657 516 692 540 ut
718 507 808 547 prior
830 507 909 545 illa,
931 505 1049 539 tradita
1063 504 1128 545 est,
1151 502 1276 537 fortasse
1299 514 1358 546 pu-

350 560 399 584 tes
419 576 428 590 ‚
453 550 542 583 fimul
567 561 638 583 cum
664 550 896 583 exulceratione
920 549 1026 583 cordis
1045 573 1058 589 ‚
1093 547 1230 581 dexterae
1261 547 1358 579 etiarn

350 594 417 636 ejus
443 594 593 628 auriculae
616 591 840 626 dilatationem
864 592 987 634 causam
1003 589 1099 634 fuiffe
1123 598 1217 625 tanta
1244 587 1354 632 pulsus

353 636 578 678 inaequalitatis
602 659 614 676 ,
646 638 688 669 (ff
721 634 968 679 intermiffionis.
1002 636 1047 669 Et
1079 634 1231 676 quoniam
1265 632 1355 674 supra

350 682 371 724 ζ
388 691 403 713 r
425 682 438 720 )
461 677 763 719 animadvertimus,
787 678 947 721 quandam
970 678 1128 711 Seftionis
1162 677 1203 709 X.
1235 675 1354 708 Obser-

351 725 541 761 vationem,
564 734 632 764 quae
659 721 713 755 sub
736 733 823 755 num.
851 723 948 754 XIII.
973 726 1002 756 §.
1029 732 1059 754 2.
1084 721 1265 761 iterumque
1300 717 1355 751 sub

351 778 440 800 num.
465 767 596 798 XVIII.
622 767 650 804 §.
675 776 705 807 4.
733 765 949 806 proponitur,
973 763 996 796 fi
1018 763 1097 796 alibi
1119 761 1202 806 (s)
1224 761 1281 794 ubi
1303 770 1354 794 to-

349 819 380 842 ta
405 809 524 852 perlegi
549 807 671 850 potest,
696 807 911 849 inspiciatur,
930 818 987 841 cor
1011 809 1044 840 in
1069 814 1157 849 parte
1180 804 1299 847 exefiim
1321 807 1354 838 δε

347 853 521 886 marcidum
544 850 715 889 exhibere,
739 861 777 883 ne
804 850 887 883 forte
912 859 1021 892 putes,
1046 849 1093 882 ibi
1117 848 1225 882 saltem
1241 856 1354 890 praeter

347 896 448 929 animi
471 893 685 931 defestiones,
709 895 959 927 intermittentes
984 893 1090 936 pulsus
1122 902 1353 926 commemora-

348 941 400 976 ri,
425 949 485 983 pro
505 947 594 970 certo
617 936 717 976 habe,
740 949 778 971 ne
800 938 850 971 ibi
872 936 1001 981 quidem
1025 937 1063 970 de
1095 935 1146 969 his
1179 934 1352 979 quidquam

351 981 408 1017 esse
431 993 461 1014 te
486 993 517 1014 re
545 991 706 1015 erturum.

395 1036 446 1058 21-
475 1027 512 1058 Se
558 1036 634 1059 num
656 1026 750 1065 aliae,
773 1026 880 1068 inquis
899 1048 911 1065 ,
937 1032 1049 1066 praeter
1072 1023 1144 1057 istas
1176 1023 1209 1056 in
1242 1020 1355 1063 Sepul-

346 1069 460 1103 chreto
482 1080 546 1103 non
569 1068 813 1111 producuntur,
836 1078 889 1102 aut
912 1068 1094 1101 indicantur
1106 1066 1273 1100 exulcerati
1285 1075 1355 1097 cor-

341 1113 398 1146 ‘dis
442 1112 692 1146 Observationes
722 1111 736 1145 ?
783 1115 820 1145 In
868 1111 1070 1145 Sefflonibus
1126 1108 1256 1152 quidem
1303 1105 1354 1140 his

342 1155 463 1190 duabus
488 1157 544 1189 IX.
571 1159 601 1189 ἃ».
624 1158 665 1189 Χ.
689 1155 757 1190 aliae
783 1163 930 1198 praeterea
954 1165 1017 1187 non
1041 1149 1355 1194 producuntur-misi

342 1200 427 1233 forte
449 1211 488 1232 ex
512 1200 569 1232 IX.
595 1200 727 1232 attinere
752 1199 814 1233 huc
839 1198 916 1231 velis
934 1199 1062 1230 XXIII.
1087 1199 1121 1229 in
1150 1207 1211 1238 qua
1244 1193 1349 1226 cordis

341 1242 521 1277 membrana
545 1241 628 1284 erosa
652 1245 866 1283 excoriataque
892 1249 1110 1274 memoratur:
1146 1250 1215 1281 quae
1250 1249 1264 1270 a
1300 1247 1350 1269 me

341 1286 540 1320 Observatio
584 1284 733 1320 consulto
778 1283 979 1327 praetermiss‘a
1023 1283 1067 1317 est
1099 1293 1173 1316 cum
1195 1282 1270 1323 quia
1293 1291 1348 1314 cor

342 1329 449 1374 ipsum
473 1338 540 1362 erat
562 1328 718 1368 illaesum,
741 1327 1011 1370 tum'praesertim
1034 1327 1111 1370 quia
1135 1325 1221 1359 nulla
1251 1324 1349 1358 diser-

339 1383 373 1408 te
416 1384 487 1416 quae
531 1370 701 1415 conjunffta
734 1370 829 1405 essent
852 1371 934 1404 mala
957 1377 1272 1408 commemorantur,
1295 1375 1349 1401 aut

340 1415 455 1461 siquod
480 1414 634 1458 designari
657 1415 783 1448 videtur
805 1438 818 1454 ,
848 1413 881 1448 id
906 1412 943 1448 ad
967 1413 1114 1457 pulsuum
1137 1412 1352 1455 frequentiam

338 1461 484 1504 spectat,
505 1471 570 1492 non
602 1458 864 1493 intermiffionem
888 1483 895 1490 .
1031 1456 1089 1491 Sed
1133 1458 1166 1489 in
1214 1453 1352 1488 Scholiis

340 1503 532 1548 quibusdam
579 1504 738 1537 Set-‘tionis
761 1503 801 1534 X.
827 1501 1079 1535 Observationes
1104 1498 1235 1543 quidem
1260 1498 1352 1532 indi-

342 1556 458 1587 cantur
481 1547 668 1588 nonnullae,
691 1556 726 1580 ut
751 1544 807 1579 sub
830 1555 917 1578 num.
944 1546 990 1578 II.
1016 1554 1086 1578 tum
1109 1545 1143 1576 in
1168 1554 1202 1575 ea
1227 1542 1350 1575 8εᾶἰο-

341 1602 401 1632 ne,
425 1601 493 1624 tum
518 1592 551 1623 in
575 1589 641 1633 ejus
665 1589 908 1623 Additamentis
930 1586 1054 1620 videbis
1078 1613 1085 1619 .
1122 1589 1246 1620 Verum
1280 1586 1347 1627 pri-

338 1645 419 1672 mce,
444 1645 514 1678 quae
527 1634 647 1676 Tulpii
672 1633 764 1669 sunt,
789 1642 824 1665 ut
847 1643 921 1665 cum
947 1630 1043 1672 ipsius
1066 1628 1212 1664 conferas
1236 1628 1346 1668 libro,

339 1677 480 1721 deliquia
507 1676 649 1717 habent,·
672 1687 737 1709 non
762 1674 870 1717 pulsus
893 1673 1140 1708 intermissiones
1162 1688 1169 1706 z
1204 1673 1309 1705 alterae
1334 1694 1344 1709 ,

361 1734 409 1756 uae
433 1721 474 1755 ad
484 1720 676 1754 Cabrolium
701 1719 864 1753 auetorem
887 1717 1053 1759 speetant,
1076 1727 1114 1749 ne
1137 1728 1171 1749 ea
1194 1715 1346 1758 quidem,

338 1734 391 1800 sed
414 1765 477 1799 hoc
500 1773 651 1797 tantum:
677 1774 713 1796 ne
735 1764 806 1805 quis
828 1761 899 1794 hinc
922 1761 964 1793 iis
988 1767 1119 1794 mortem
1143 1758 1274 1792 allatam
1297 1769 1347 1790 ar-

338 1808 476 1843 bitretur
500 1820 510 1846 5
542 1805 632 1841 ambo
663 1806 771 1848 laqueo
801 1805 906 1839 vitam
923 1802 1054 1845 finiere.
1079 1801 1178 1843 Qod
1212 1800 1234 1834 fi
1257 1801 1346 1835 illius

338 1854 436 1886 etiarn
460 1850 604 1885 mirificae
628 1849 875 1883 Observationis
903 1846 985 1880 ratio
1009 1845 1151 1879 habenda
1175 1844 1240 1884 est,
1277 1856 1347 1887 quae

339 1906 410 1930 ante
434 1896 490 1929 has
514 1893 698 1931 indicatur,
724 1891 912 1926 Bernarditii
937 1888 1078 1929 Telesii,
1104 1899 1284 1932 quanquam
1311 1889 1346 1919 in

340 1939 373 1974 ea
396 1950 461 1973 non
483 1937 522 1972 de
545 1936 709 1977 erofioue,
734 1935 785 1968 sed
808 1935 846 1969 de
870 1933 992 1968 hectica
1016 1932 1167 1966 ariditate
1198 1931 1348 1965 consum-

362 1984 390 2017 ti
413 1982 522 2017 cordis
537 2004 545 2020 ‚
570 1984 602 2014 &
625 1980 709 2014 salva
733 1980 801 2020 ejus
825 1985 950 2012 mnium
975 1977 1103 2015 tunica,
1128 1974 1256 2019 prorsus
1292 1974 1347 2006 de-

339 1997 398 2061 seii
422 2027 544 2061 mentio
567 2025 628 2065 fit,
651 2024 683 2057 id
708 2022 774 2063 est,
798 2032 834 2056 ut
859 2033 919 2064 ego
952 2019 1103 2061 intelligo
1124 2043 1133 2059 ,
1166 2029 1230 2052 non
1265 2016 1348 2051 secus

337 2070 434 2115 atque
457 2073 489 2104 in
513 2068 658 2114 quodam¹
677 2063 839 2111 phthisico
883 2064 1008 2098 invenit
1055 2065 1189 2106 Peyerus
1231 2061 1251 2103 (
1265 2063 1315 2109 r)
1339 2081 1348 2096 ‚

341 2117 414 2150 adeo
439 2111 622 2153 extenuati,
646 2119 682 2145 ut
698 2109 820 2154 finister
843 2108 910 2151 ejus
934 2106 1094 2140 thalamus
1117 2107 1174 2140 vix
1196 2104 1348 2137 mediocre

345 2160 486 2199 corium,
510 2159 617 2191 dexter
640 2165 714 2188 vero
731 2153 905 2196 firnplicem
927 2150 1066 2183 tunicam
1084 2149 1245 2191 parietum
1265 2146 1347 2189 cras-

339 2202 413 2246 sitie
436 2208 598 2245 aquarn,
622 2209 706 2232 certe
733 2194 815 2229 nihil
841 2193 927 2228 aliud
950 2193 1032 2235 leges
1057 2191 1140 2235 apud
1164 2188 1351 2230 Telesiam,

344 2245 402 2279 nisi
429 2257 500 2279 eum
523 2245 628 2277 virum
654 2243 800 2275 diuturno
834 2238 937 2272 morbo
982 2235 1073 2270 fuisse
1116 2234 1314 2278 absumptum
1340 2244 1348 2265 .·

341 2301 462 2333 quaeres
508 2294 613 2321 autern
649 2288 682 2318 in
705 2286 808 2318 citato
829 2281 895 2325 ejus
919 2291 977 2314 rer.
1002 2287 1068 2313 nat.
1093 2278 1114 2312 l.
1141 2289 1173 2320 5;
1194 2289 1221 2311 c.
1246 2286 1352 2311 autem

344 2345 397 2377 ²4⁵
422 2344 485 2366 non
510 2332 560 2364 28.
586 2329 669 2372 apud
696 2326 917 2361 Meekrenium
941 2322 1046 2366 ipsum
1069 2321 1216 2370 indicato
1240 2344 1254 2361 ,
1297 2320 1353 2370 lii-

343 2378 471 2410 storiam
496 2375 595 2410 hanc,
620 2370 735 2405 nifi'ea
758 2381 819 2412 qua
843 2368 934 2406 dixi,
958 2369 1080 2398 ratione
1102 2364 1239 2406 explices
1260 2386 1270 2402 ‚
1303 2374 1353 2396 ln-

344 2419 559 2453 credibilem:
587 2418 619 2448 &
643 2415 664 2448 si
689 2415 722 2446 in
746 2425 779 2446 ea
803 2422 864 2453 pro
886 2410 985 2443 cordis
1009 2409 1115 2441 tunica
1138 2407 1199 2439 tibi
1224 2417 1354 2449 quoquc

346 2473 382 2498 ut
408 2456 863 2501 Meekrenio,‘pericardium
896 2449 1141 2493 intelligendum
1173 2448 1317 2482 videatur
1340 2461 1351 2488 ,-

345 2517 401 2541 cor
422 2505 528 2549 ipsum
542 2528 554 2545 ,
578 2511 614 2536 ut
636 2504 672 2534 in
696 2499 830 2534 hefticis
855 2508 917 2530 non
941 2495 1088 2529 rarissime
1112 2492 1255 2532 accidit,
1277 2503 1351 2526 cum

344 2549 524 2595 pericardio
546 2555 717 2580 connatum
740 2542 924 2583 intelliges:
949 2549 1133 2588 quanquam
1165 2546 1270 2570 autem
1303 2535 1353 2568 vel

345 2591 451 2628 minus
474 2587 789 2626 credibilis¹videtur
810 2609 821 2625 ‚
855 2584 975 2628 quippe
1008 2592 1050 2630 in·
1077 2581 1151 2631 sano
1171 2602 1184 2621 ,
1229 2587 1356 2629 repente

348 2641 504 2673 mortuo,
528 2633 724 2669 observatio
748 2630 845 2663 altera
870 2628 885 2670 (
907 2637 926 2659 u
948 2628 961 2665 )
980 2626 1170 2667 pernarum,
1195 2631 1355 2656 continen-

315 2683 319 2686 ’
345 2683 390 2715 tis
410 2678 621 2714 membranam
639 2675 765 2711 cordis,
789 2668 1044 2714 parenchymatis
1062 2669 1192 2709 penitus
1215 2666 1356 2708 consum—

348 2724 375 2758 ti
403 2724 467 2758 loco
489 2747 502 2764 ,
540 2719 692 2764 sanguine
713 2717 888 2759 nigricante
912 2710 1090 2761 repletam3
1124 2709 1284 2758 quidquid
1308 2717 1356 2759 ta-

346 2779 418 2801 men
444 2768 511 2801 veri
534 2764 672 2800 habeat3
696 2759 781 2794 haud
804 2758 892 2797 alia,
916 2765 1056 2797 opinor,
1079 2753 1356 2802 quamprimail-

346 2812 375 2844 la
399 2811 526 2843 ratione
535 2806 751 2850 explicabitur
764 2828 772 2835 .
911 2798 969 2833 Sed
984 2807 1096 2839 praeter
1108 2798 1269 2831 Seehones
1286 2796 1358 2829 istas

346 2854 424 2887 duas
451 2854 507 2886 IX.
533 2854 565 2884 &
590 2851 629 2882 X.
645 2851 678 2881 in
704 2847 820 2890 quibus
831 2843 984 2877 haetenus
996 2839 1259 2884 perquisivimus,
1281 2839 1358 2872 alias

349 2895 406 2930 esse
430 2907 499 2938 quae
524 2892 773 2928 Observationes
797 2889 876 2922 alias
902 2884 1064 2930 proferant
1109 2883 1241 2917 ulcerati
1286 2893 1357 2932 cor-

348 2941 421 2979 dis,
446 2939 579 2972 minime
604 2935 721 2969 dubito
737 2959 746 2974 ‚
768 2936 799 2966 ἅς
822 2943 860 2965 ex
885 2939 975 2973 parte
1020 2928 1086 2974 seio
1109 2949 1118 2957 .
1155 2928 1193 2959 In
1238 2925 1355 2968 quibus

349 2993 454 3017 tamen
479 2992 553 3014 cave
575 2988 716 3012 numeres
739 2988 807 3019 quae
830 2974 914 3007 libro
937 2974 963 3005 I.
991 2973 1070 3005 Sesti.
1096 2973 1142 3003 ΙΙ.
1170 2969 1358 3013 producitur

335 3027 409 3061 *sub
433 3037 518 3059 num.
545 3026 602 3058 IX.
629 3023 752 3055 Fucum
775 3019 858 3051 enim
883 3015 1074 3049 Blancardus
1097 3013 1175 3046 fecit
1210 3014 1358 3054 Bonem,

351 3070 458 3113 ipsum
491 3079 548 3111 pro
573 3063 823 3100 observationis
848 3061 991 3093 Aueiore
1016 3060 1049 3091 in
1075 3055 1209 3091 Scholio
1239 3055 1358 3089 haben-

351 3116 398 3147 ti.
424 3112 548 3146 Eadem
571 3109 614 3143 est
636 3109 720 3141 enirn
737 3117 795 3143 re,
820 3115 884 3137 non
906 3103 1008 3135 verbis
1023 3129 1031 3142 ‚
1056 3112 1089 3135 ac
1114 3101 1210 3147 altera
1233 3099 1271 3134 de
1282 3099 1358 3131 dua-

350 3158 408 3190 bus
431 3167 500 3198 quae
524 3155 614 3196 supra
639 3156 649 3191 (
673 3161 695 3184 x
718 3154 729 3189 )
757 3162 773 3182 a
796 3147 908 3186 nobis,
932 3149 964 3178 δε
988 3157 1004 3177 a
1029 3146 1155 3178 Boneto
1188 3154 1256 3186 Jure
1289 3154 1353 3174 nie-

352 3203 480 3242 ritoque
504 3198 624 3231 tributa
648 3195 783 3229 Riverio
805 3189 870 3230 est,
892 3201 930 3222 ex
962 3201 1027 3231 quo
1061 3190 1197 3234 primam
1227 3197 1353 3229 quoque

352 3244 449 3276 tacite
473 3241 631 3283 sumptam
658 3234 851 3272 Blancardus
875 3236 928 3274 (y
951 3236 963 3271 )
987 3233 1175 3278 proposui-t.
1201 3229 1260 3263 Sed
1282 3241 1356 3262 cum

356 3288 412 3320 illa
438 3285 562 3327 insuper
584 3294 682 3327 quam
716 3278 784 3323 post
827 3277 1011 3310 Riverianas
1056 3275 1321 3308 consideravimus
1345 3296 1357 3312 ,

357 3329 442 3364 haud
465 3329 557 3361 aliter
579 3329 646 3364 egit
666 3337 674 3358 .·
699 3334 736 3357 ut
759 3321 847 3354 valde
872 3319 1032 3362 suspicer,
1056 3329 1119 3351 non
1143 3328 1208 3350 uno
1229 3316 1303 3348 loco
1326 3318 1357 3348 δε

355 3375 501 3412 Bonero,
524 3375 555 3404 δι
580 3364 736 3413 plerisque
761 3366 858 3404 aliis,
885 3365 915 3394 &
950 3362 1032 3395 mihi
1078 3359 1207 3393 fortasse
1252 3361 1359 3401 impo-

354 3416 467 3449 suisse.
492 3418 605 3456 Itaque
629 3412 781 3449 homine,
807 3417 842 3441 nt
868 3408 981 3441 veteris
1007 3407 1111 3437 Poetae
1135 3405 1192 3446 (z
1214 3405 1227 3441 )
1263 3401 1359 3434 verbo

357 3458 669 3499 utar,ve1·sutiloquo
682 3451 822 3491 dimisso,
834 3451 984 3483 certiores
996 3449 1152 3483 Austores
1162 3457 1356 3489 quaeramus.

918 122 1074 176 Liber
1109 121 1176 174 Π.
1210 121 1294 174 De
1330 122 1538 176 Morbis
1571 119 1828 186 Thoracis

1391 3444 1488 3486 ‘tigit
1521 3467 1534 3484 ,
1580 3453 1615 3477 ut
1647 3467 1660 3484 ‚
1708 3445 1951 3487 Sepulchretum
1995 3447 2116 3481 versans
2151 3472 2160 3488 ,
2207 3450 2380 3485 inciderem

1453 211 1503 233 22.
1529 199 1586 234 Est
1606 202 1709 244 igitur
1731 202 1765 234 in
1788 198 1990 243 Sepulchreti
2013 198 2097 233 libro
2120 198 2166 234 Π.
2192 200 2339 235 Seffione
2375 196 2402 229 I.

1410 243 1608 277 Observatio
1630 245 1816 278 LXXXVI.
1841 255 1911 287 quae
1934 242 2025 285 supra
2058 246 2071 282 <
2093 243 2146 285 a)
2174 252 2407 276 commemora—

1410 297 1442 319 ta
1463 287 1504 320 est
1527 311 1539 327 ,
1570 287 1648 320 Olai
1673 286 1839 320 Borrichii
1863 289 1896 320 in
1921 298 1958 318 eo
1980 286 2033 319 cui
2057 287 2163 319 cordis
2185 288 2321 320 exterior
2353 296 2406 317 ca-

1409 341 1446 363 ro
1461 328 1615 373 profunde
1638 331 1747 373 exesa,
1769 331 1802 364 in
1824 330 1956 363 lacinias
1980 329 2022 361 &
2044 328 2140 362 villos
2181 340 2305 364 carneos
2345 337 2406 369 pu-

1409 373 1574 414 trescentes
1618 373 1740 407 abierat
1763 397 1770 403 .
1816 372 1913 407 Haud
1945 375 1991 406 ita
2036 371 2190 405 absimilia
2234 368 2405 405 observasse

1409 415 1513 458 postea
1535 417 1688 458 Peyerum
1712 415 1802 457 (b),
1825 416 1919 449 video
1933 442 1942 456 ,
1967 418 1998 449 δε
2013 416 2196 449 Graetzium
2217 418 2231 454 (
2252 427 2268 448 c
2288 419 2324 455 ),
2347 414 2405 457 qui

1409 457 1449 491 ab
1471 458 1499 491 se
1522 459 1688 502 conspeeta
1712 469 1777 492 non
1806 459 1979 501 ineleganti
2011 460 2106 491 Icone
2140 458 2371 501 repraesentavit
2395 480 2406 490 .

1410 501 1471 536 Sed
1514 501 1568 535 hic
1613 502 1747 536 striffim
1789 501 1966 545 significans
2020 512 2091 543 quae
2148 500 2360 543 praecesserant
2392 524 2406 541 ,

1401 543 1616 587 symptomata
1637 569 1650 586 ,
1695 545 1802 586 inquit
1826 566 1835 582 ,
1867 545 2034 588 hydropem
2058 543 2196 578 thoracis
2218 544 2404 584 innuentia,

1407 588 1461 622 diu
1480 596 1672 622 vexaverant
1695 613 1702 619 .
1739 590 1874 630 Peyerus
1896 599 1961 622 non
1986 588 2076 631 plura
2099 588 2253 620 indicavit
2278 610 2287 625 ,
2310 595 2406 629 quarn

1407 629 1623 672 adolescentem
1643 629 1832 673 phthisicum
1854 631 1944 665 fuisse
1967 655 1982 671 ‚
2012 631 2053 665 esd*
2076 629 2296 672 hydropicum.
2324 631 2405 663 Bor-

1408 673 1528 707 richius
1553 684 1658 708 autem
1680 685 1754 708 cum
1778 674 1884 708 multo
1909 675 1999 716 plura
2022 674 2211 716 singillatim
2233 697 2245 713 ,
2291 675 2337 706 &e
2355 673 2405 706 di-

1408 716 1519 750 stinSte
1543 716 1683 759 proferat
1706 740 1718 757 ,
1748 716 1830 750 nihil
1855 716 1893 751 de
1916 718 2014 750 animi
2038 716 2189 759 deliquiis
2214 740 2223 756 ‚
2259 715 2343 750 nihil
2366 715 2405 750 de

1408 761 1643 794 intermittente
1668 760 1761 803 pulsu
1784 761 1938 802 attingit.
1965 760 2066 802 Qd
2088 771 2142 793 nec
2168 761 2308 793 Bonetus
2341 760 2407 802 ipse

1406 802 1507 841 facit,
1530 814 1604 837 cum
1627 813 1738 837 caetera
1760 813 1919 838 enumeret
1963 803 2196 841 Observatioue
2220 805 2406 837 CXXXIV.

1404 859 1475 890 quae
1496 846 1624 880 videtur
1648 846 1711 881 huc
1734 847 1869 881 attinere
1902 854 2030 889 propter
2074 846 2181 880 cordis
2228 847 2404 881 auriculam

1405 892 1566 924 dexteram
1588 900 1665 932 pure
1688 887 1836 932 refertam
1858 913 1871 931 ‚
1915 890 1993 931 quod
2024 902 2039 924 e
2070 889 2254 924 ventriculis
2299 901 2407 924 mana-

1404 933 1460 967 bat
1484 958 1493 967 .
1527 933 1638 967 Minus
1660 933 1694 966 id
1732 935 1831 966 miror
1877 933 2021 966 Sec‘tione
2066 934 2128 966 VI.
2174 934 2407 968 Observatione

1405 978 1480 1010 XV.
1503 979 1534 1010 &
1558 977 1705 1010 Sestione
1729 978 1809 1010 VII.
1837 975 2072 1010 Observatione
2095 977 2184 1008 CIX.
2209 978 2235 1015 ἕ.
2266 987 2291 1009 1.
2317 978 2349 1009 ὃς
2373 989 2404 1010 2.

1408 1019 1497 1052 Nam
1520 1020 1608 1054 Rota
1630 1043 1643 1061 ,
1674 1020 1838 1060 fernelius
1861 1045 1871 1060 ‚
1916 1018 2154 1053 Trincavellius
2185 1018 2240 1052 etsi
2274 1020 2406 1063 antiqua

1407 1062 1442 1095 hi
1465 1062 1573 1095 cordis
1595 1062 1698 1097 ulcera
1720 1088 1733 1104 ,
1768 1063 1821 1096 ille
1841 1062 1988 1104 majorem
2012 1061 2108 1105 ipsius
2127 1070 2251 1104 partem
2272 1074 2285 1103 ,·
2318 1065 2407 1106 quod

1406 1104 1448 1138 fic
1473 1106 1608 1148 accipies
1628 1130 1641 1147 ,
1673 1117 1707 1140 ut
1733 1108 1766 1139 in
1789 1104 1961 1140 Viennensi
1983 1105 2038 1139 illa
2062 1104 2192 1140 historia
2215 1105 2305 1148 supra
2330 1113 2340 1147 (
2364 1110 2410 1152 d)

1407 1148 1600 1182 declaratum
1624 1148 1666 1183 est
1687 1162 1698 1187 5
1731 1148 2063 1191 exesantpi·oposuere
2089 1161 2099 1187 5
2133 1158 2237 1182 tamen
2261 1159 2296 1183 ut
2319 1152 2407 1187 casus

1402 1191 1644 1230 memorabant,
1668 1202 1731 1224 non
1753 1191 2000 1233 describebant,
2037 1193 2116 1225 alius
2139 1203 2305 1235 empyema
2327 1197 2407 1238 aegri

1400 1235 1590 1270 diuturnum
1611 1259 1622 1276 ,
1655 1235 1738 1268 alius
1760 1235 2039 1278 consumptionem
2063 1236 2220 1277 paulatim
2253 1235 2372 1272 faetam
2395 1261 2407 1278 ,

1402 1280 1483 1313 alius
1506 1279 1656 1312 morbum
1678 1278 1839 1322 longum,
1864 1290 1919 1311 nec
1946 1279 2058 1321 plura,
2082 1277 2286 1312 indicarunt:
2308 1292 2409 1323 quan-

1398 1322 1540 1366 quamsi
1567 1322 1672 1365 pulsus
1702 1321 1940 1356 intermififfent
1962 1345 1976 1362 ,
2008 1331 2062 1356 aut
2109 1323 2232 1357 animus
2276 1322 2407 1359 deficere

1402 1364 1597 1406 consuesset,
1618 1364 1767 1413 credibile
1790 1365 1854 1406 est,
1876 1377 1987 1400 eorum
2012 1366 2150 1409 aliquem
2173 1365 2207 1399 id
2230 1366 2326 1400 verbo
2350 1368 2410 1402 sal-

1404 1419 1469 1443 tem
1493 1407 1585 1444 fuisse
1609 1407 1860 1451 significaturum
1885 1434 1893 1442 .
1930 1408 2031 1445 Quod
2055 1409 2105 1441 vel
2130 1409 2233 1453 magis
2257 1409 2295 1444 de
2319 1412 2410 1445 Mar-

1403 1452 1515 1486 chetto
1537 1451 1644 1486 nostro
1666 1452 1784 1493 credo,
1816 1463 1880 1486 non
1902 1453 2085 1491 Dominiw,
2110 1452 2162 1487 sed
2188 1456 2282 1487 Petro
2304 1456 2410 1498 Equi-

1401 1506 1432 1529 te
1456 1521 1464 1536 ,
1507 1495 1573 1538 ejus
1622 1497 1753 1529 Parente
1776 1508 1788 1535 3
1833 1506 1906 1529 nam
1949 1497 2145 1530 Dominicus
2177 1519 2190 1537 ,
2236 1496 2291 1531 etfi
2337 1498 2406 1542 ejus

1401 1544 1499 1582 Opera
1523 1539 1704 1582 chirurgica
1728 1551 1744 1572 a
1768 1550 1886 1582 magno
1909 1539 2072 1581 Scriptore
2095 1540 2216 1575 laudari
2240 1564 2253 1581 ,
2285 1541 2405 1586 video,

1402 1586 1433 1616 ἅτ
1458 1583 1521 1617 fuit
1547 1583 1616 1616 sane
1641 1583 1807 1620 Medicus,
1833 1586 1863 1616 δε
1887 1581 2070 1626 Chirurgus
2093 1583 2323 1626 nobiliffimus,
2346 1588 2409 1619 'ni-

1399 1625 1447 1660 hil
1470 1636 1576 1660 tamen
1601 1625 1658 1658 nili
1681 1627 1893 1660 Anatomiam
1917 1624 2020 1659 edidit
2048 1625 2134 1660 suain
2159 1652 2166 1658 .
2203 1630 2315 1671 Itaque
2351 1631 2409 1663 Pe-

1399 1670 1442 1702 tri
1468 1670 1539 1704 sunt
1564 1668 1803 1710 Observationes
1827 1669 2173 1712 Medico-chirurgica,
2208 1683 2344 1713 quarum
2368 1674 2410 1706 il-

1400 1713 1430 1745 la
1454 1713 1496 1746 est
1518 1712 1642 1746 XLVI.
1668 1722 1739 1755 quae
1763 1713 1851 1746 ulcus
1874 1714 2031 1754 proponit
2058 1713 2097 1746 ad
2121 1712 2277 1748 sinistram
2312 1715 2409 1760 usque

1399 1755 1508 1790 cordis
1532 1766 1659 1789 caveam
1682 1756 1864 1798 perveniens
1888 1778 1901 1794 ,
1943 1759 1973 1787 ὅτ.
2001 1755 2098 1789 modo
2121 1756 2271 1792 indicatis
2297 1760 2410 1793 Ferue-

1400 1800 1459 1840 lii,
1482 1802 1512 1833 δε
1537 1798 1751 1832 Trincavellii
1775 1797 2064 1832 observationibus
2088 1802 2244 1835 continuo
2277 1801 2411 1845 subjici-

1399 1851 1452 1877 tur
1476 1844 1550 1885 §.3;
1574 1841 1626 1876 sed
1651 1842 1742 1875 aliter
1766 1851 1860 1884 atque
1883 1841 1921 1874 ab
1944 1843 2091 1876 Austore
2115 1842 2235 1886 scripta
2260 1845 2321 1879 est.
2339 1849 2410 1891 Qi

1400 1897 1474 1919 cum
1498 1895 1613 1927 praeter
1637 1886 1790 1924 maciem,
1804 1883 1925 1927 febrim
1948 1896 2100 1928 quoque,
2124 1889 2157 1920 <Sc
2177 1889 2298 1923 virium
2345 1891 2409 1925 im-

1400 1928 1606 1963 becillitatem
1628 1927 1831 1962 enumerasset
1854 1950 1866 1967 ,
1897 1937 1933 1962 ut
1957 1931 2115 1964 rationein
2138 1931 2282 1966 redderet
2307 1956 2321 1974 ,
2353 1946 2411 1968 cur

1400 1970 1529 2005 fistulosi
1553 1971 1641 2005 illius
1665 1972 1798 2012 ulceris,
1822 1971 1915 2005 sterni
1939 1973 2050 2006 vulnus
2075 1973 2179 2007 secuti
2199 1998 2211 2015 ,
2245 1976 2332 2010 nulla
2349 1978 2411 2020 spe

1395 2014 1515 2056 salutis
1539 2023 1716 2048 tentaretur
1738 2017 1885 2053 curati05
1913 2026 1975 2048 non
2000 2015 2128 2051 videtur
2152 2017 2294 2062 deliquia
2319 2045 2330 2062 ,
2376 2023 2410 2054 &

1401 2056 1510 2100 pulsus
1534 2058 1817 2098 intermiffionem,
1839 2057 1875 2091 —rsi
1908 2057 2037 2093 fuissent
2059 2083 2072 2100 ,
2112 2060 2375 2103 praetermissurus
2398 2076 2413 2100 .’

1401 2100 1475 2135 Nec
1498 2098 1635 2141 dubito,
1658 2101 1925 2144 quinHollerius
1948 2113 2096 2146 quoque,
2119 2103 2141 2137 fi
2165 2105 2220 2138 illa
2231 2106 2410 2141 Archidia-

1400 2154 1519 2182 conum
1543 2144 1721 2185 vexassent,
1744 2146 1801 2188 qui
1823 2142 1986 2187 abscessum
2030 2147 2062 2179 in
2107 2149 2211 2182 cordis
2235 2148 2410 2192 substantia

1403 2187 1543 2236 habebat
1563 2210 1576 2228 ,
1608 2190 1641 2221 &
1665 2188 1851 2227 mulierem,
1875 2199 1946 2231 quae
1979 2188 2104 2223 multos
2118 2213 2131 2230 ,
2164 2190 2204 2225 fic
2231 2191 2410 2238 *utrumque

1404 2231 1510 2264 fuisset
1533 2241 1567 2263 in
1592 2230 1731 2269 Scholiis
1756 2231 1793 2266 ad
1817 2231 1906 2266 suum
1928 2242 2025 2274 caput
2049 2234 2084 2266 de
2110 2237 2245 2277 syncope
2267 2247 2412 2271 comme—

1409 2282 1609 2312 moraturus,
1635 2284 1669 2308 ut
1693 2274 1730 2309 ad
1753 2276 1940 2317 proximum
1964 2286 2191 2310 memoraverat
2214 2289 2310 2323 caput
2344 2284 2410 2323 (e)

1407 2318 1442 2351 de
1465 2316 1566 2349 cordis
1586 2317 1815 2360 palpitatione,
1837 2330 1907 2361 quae
1932 2318 2006 2352 illos
2039 2318 2199 2354 afflixerat
2227 2336 2235 2353 τ
2270 2326 2304 2357 &
2346 2326 2413 2359 Bo-

1408 2368 1499 2393 netus
1525 2362 1641 2401 pariter
1662 2360 1749 2404 quod
1773 2362 1811 2396 ad
1833 2360 2108 2397 Archidiaconum
2129 2364 2223 2399 illum
2258 2365 2376 2409 spestat
2401 2394 2411 2409 ,

1404 2403 1447 2453 ad¹
1488 2403 1588 2437 VIII.
1638 2416 1708 2447 quae
1754 2404 1791 2438 de
1836 2405 1951 2448 eadem*
1987 2405 2205 2449 Palpitatione
2251 2411 2319 2451 est,
2356 2413 2412 2445 Se-

1403 2447 1545 2479 &cionem
1567 2448 1677 2481 retulit
1702 2450 1730 2488 §.
1754 2459 1782 2479 2.
1810 2448 2055 2482 Observationis
2079 2451 2179 2485 VIII.
2206 2452 2259 2486 etsi
2281 2455 2413 2496 nescio,

1404 2500 1462 2523 cur
1484 2489 1646 2524 Forestum
1668 2492 1802 2533 potius,
1823 2491 1907 2534 quasi
1939 2493 2117 2527 Auerorem
2140 2518 2153 2535 ‚
2198 2495 2374 2532 laudaverit
2397 2523 2411 2540 ,

1407 2543 1503 2574 quam
1549 2533 1733 2568 Hollerium
1757 2556 1767 2573 ,
1813 2545 1851 2567 ex
1894 2547 1959 2577 quo
2002 2538 2197 2571 nominatim
2241 2540 2276 2574 id
2312 2543 2413 2574 Fore-

1407 2576 1470 2610 stus
1493 2600 1503 2616 ,
1549 2578 1581 2608 δε
1627 2577 1715 2619 plura
1760 2577 1820 2610 alia
1848 2579 1935 2625 ‘quae
1981 2576 2152 2620 sequuntur
2174 2605 2186 2621 ,
2231 2581 2413 2628 descripsit.

1409 2620 1572 2654 Caeterum
1616 2620 1703 2662 quod
1748 2621 1782 2653 in
1826 2619 1964 2664 ejusdem
1983 2621 2232 2659 Observationis
2255 2622 2283 2663 §-
2314 2638 2343 2662 1,
2368 2628 2408 2662 de

1409 2662 1514 2696 cordis
1560 2663 1661 2696 ulcere
1705 2666 1740 2696 in
1786 2663 1921 2697 foemina
1966 2664 2010 2697 ita
2057 2665 2209 2711 scripturn
2255 2670 2297 2704 est
2318 2693 2329 2708 ‚
2373 2681 2414 2706 ut

1410 2706 1449 2739 de
1493 2705 1551 2739 hac
1596 2707 1676 2740 illud
1722 2717 1849 2741 tantum
1882 2708 2013 2741 sciamus
2037 2731 2046 2745 ‚
2093 2711 2181 2752 quod
2205 2713 2250 2747 ob
2274 2715 2412 2749 scabiem

1410 2749 1448 2783 ad
1472 2748 1610 2783 thermas
1633 2749 1719 2783 missa
1743 2776 1752 2792 ,
1786 2751 1860 2785 inde
1885 2751 2060 2794 hydropica
2086 2753 2241 2798 redierit,
2265 2768 2329 2791 non
2354 2760 2411 2793 hic

1410 2796 1512 2843 magis
1557 2795 1655 2827 utile'
1679 2794 1720 2827 est
1764 2794 1856 2828 nobis
1878 2817 1887 2832 ,
1912 2806 2006 2837 quam
2028 2796 2116 2838 quod
2138 2797 2176 2832 de
2199 2801 2294 2834 corde
2319 2802 2412 2835 eroso

1409 2848 1443 2869 in
1467 2837 1607 2879 quodam
1631 2838 1675 2870 ob
1697 2838 1884 2872 diuturnum
1909 2838 1998 2871 usum
2032 2840 2230 2875 acidularum
2265 2846 2412 2878 vitriola-

1410 2890 1517 2913 tarum
1539 2904 1552 2921 ,
1595 2881 1828 2914 Observatione
1873 2883 1996 2924 pariter
2028 2883 2126 2918 VIII.
2173 2881 2305 2928 legimu's
2329 2889 2413 2922 Se&-

1409 2925 1494 2973 XII:
1512 2923 1588 2957 libri
1613 2926 1674 2957 IV.
1809 2924 1866 2958 Sed
1889 2935 2001 2958 contra
2023 2949 2036 2966 ,
2070 2929 2222 2970 perutiles
2246 2930 2319 2965 sunt
2341 2943 2412 2975 quae

1411 2966 1559 3016 Sec'tione
1591 2967 1700 3000 eadem
1743 2968 1892 3011 leguntur
1937 2968 2019 3001 inter
2063 2971 2243 3013 postliumas
2269 2974 2413 3008 'Obser-

1409 3020 1554 3059 vationes
1571 3012 1627 3056 Jo.
1652 3011 1743 3058 Baptt.
1765 3013 1928 3051 Pantoni,
1951 3013 2046 3047 XVI.
2069 3018 2101 3047 δε
2115 3016 2282 3055 XXVIII.
2295 3019 2412 3062 Neque

1410 3064 1494 3103 enim
1518 3054 1588 3088 sunt
1612 3056 1656 3086 ita
1679 3064 1812 3096 Jejunae3
1836 3054 1885 3088 sed
1909 3067 1978 3098 quae
2000 3067 2102 3099 aegros
2124 3059 2412 3105 malehabuerant‚

1409 3096 1524 3130 diserte
1549 3107 1681 3139 utraque
1706 3119 1715 3135 ‚
1762 3101 1792 3131 δε
1817 3098 1992 3140 praesertim
2015 3101 2120 3143 prima
2141 3126 2152 3142 ,
2181 3114 2241 3137 nos
2263 3099 2380 3138 docent
2401 3132 2408 3138 .

1410 3143 1496 3173 Cum
1522 3142 1623 3183 igitur
1642 3151 1700 3172 cor
1722 3141 1816 3173 alteri
1841 3140 1914 3175 esset
1937 3144 2076 3177 exterius
2094 3140 2302 3186 purulentum*
2321 3172 2334 3189 ,
2378 3150 2414 3184 id

1411 3183 1453 3216 est
1475 3207 1501 3234 ‚·
1519 3193 1553 3217 ut
1575 3184 1627 3217 Cl.
1653 3185 1915 3233 FautoninFilius
1938 3185 2041 3229 postea
2063 3187 2187 3228 edidit,
2210 3200 2414 3234 corruptum,

1411 3227 1501 3260 alteri
1526 3224 1713 3277 absceffuqin
1735 3239 1772 3260 eo
1788 3238 1857 3270 jam
1881 3231 2020 3272 disrupto
2041 3230 2212 3266 alteratum
2235 3246 2245 3272 3
2282 3236 2315 3268 in
2338 3246 2413 3269 neu-

1412 3280 1589 3347 trosfiamen
1613 3270 1757 3304 deiecisse
1782 3273 1904 3306 animus
1927 3273 2066 3313 dicitur,
2089 3285 2143 3308 aut
2176 3276 2282 3317 pulsus
2314 3280 2413 3313 inter-

1411 3325 1480 3346 mii
1509 3326 1523 3346 e
1549 3339 1555 3345 .

1455 3368 1504 3404 23.
1529 3359 1636 3399 Atque
1660 3356 1709 3389 bae
1732 3356 1803 3391 sunt
1828 3359 2073 3394 Observationes
2097 3361 2260 3404 ulcerum,
2283 3373 2337 3399 aut
2360 3365 2415 3397 ab-

1412 3399 1519 3434 scessus
1542 3401 1575 3433 in
1598 3400 1695 3433 corde
1719 3403 1844 3443 aperti,
1867 3405 1900 3436 in
1924 3415 2000 3446 quas
2022 3405 2105 3437 mihi
2140 3404 2288 3441 haetenus
2335 3419 2415 3441 con-

2326 3496 2374 3527 vel
2405 3478 2415 3493 ³

373 3580 2416 3602 m

552 3657 585 3678 14·
663 3646 731 3676 (s)
761 3645 822 3669 Sess.
853 3653 876 3672 4.
908 3642 965 3666 ΟΜ.
998 3652 1020 3671 4.
1053 3643 1070 3666 1.
1103 3650 1124 3666 ι.

522 3680 569 3737 ριίιῗί
585 3709 662 3733 Cicer.
680 3709 707 3730 de
724 3708 793 3730 Orat,
812 3708 827 3729 1.
847 3713 868 3732 3-

507 3717 518 3732 a
930 3705 944 3732 (
960 3712 973 3726 a
992 3705 1000 3731 )
1016 3712 1040 3727 n.
1061 3704 1096 3727 18.

504 3747 541 3768 29.
558 3739 612 3763 libri
630 3746 652 3763 2.
668 3738 696 3762 de
712 3736 794 3761 Morb.
815 3737 906 3760 Interii.

1187 3640 1200 3668 (
1216 3645 1225 3662 t
1241 3638 1255 3666 )
1288 3639 1398 3663 Μυῐὴοά.
1430 3637 1492 3662 nist.
1525 3639 1597 3661 Anat.
1629 3645 1649 3661 c.
1666 3641 1690 3662 6.
1723 3638 1748 3662 in
1780 3639 1860 3664 δεξιοὶ.

589 3680 620 3702 N.
638 3678 667 3701 C.
686 3678 744 3701 Dec.
762 3683 780 3700 ι.
798 3678 825 3699 Α.
843 3678 866 3698 6.
883 3672 943 3697 obs.
961 3682 994 3702 ις.
1013 3675 1033 3696 Sc
1052 3673 1075 3696 in
1094 3671 1213 3701 Sepulchr.
1231 3672 1250 3703 ¹:
1268 3677 1287 3691 2.
1306 3671 1330 3692 S.
1349 3678 1381 3693 ιι.
1399 3670 1457 3692 Obs.
1476 3675 1513 3702 ai.
1576 3669 1583 3697 (
1601 3676 1615 3691 x
1630 3669 1643 3696 )
1660 3677 1683 3695 n.
1701 3677 1740 3692 20.
1802 3670 1809 3698 (

1163 3702 1177 3730 ζ
1190 3701 1202 3723 l-
1213 3700 1228 3728 )
1245 3707 1269 3723 in
1286 3699 1364 3723 Schol.
1382 3699 1449 3728 supra
1465 3705 1505 3723 eit.
1515 3698 1543 3722 ad
1557 3706 1579 3722 n.
1598 3706 1633 3722 21.
1696 3701 1709 3728 (
1726 3708 1736 3723 c
1753 3700 1766 3727 )
1783 3677 1874 3729 Diditur.
1885 3703 1912 3724 de
1929 3702 2195 3733 Hydr.1’ericard,§.3.

1858 3669 1866 3698 )
1884 3672 1956 3694 Anat.
1977 3656 2129 3696 erastJObs.
2149 3682 2187 3699 ao.

2258 3706 2265 3736 (
2284 3705 2299 3728 d
2314 3708 2326 3736 3
2343 3716 2357 3731 n
2379 3717 2414 3738 ιι).
